4048 6192
573 325 730 382 XLIII
2020 292 2409 352 PREFATIO.
3658 281 3812 342 XLIV

573 444 805 501 simum
845 437 1081 504 virum,
1130 425 1560 504 Marchionem
1607 417 1980 504 Scipionem.
2011 409 2379 504 Maffejurn,
2417 404 2748 504 singulare
2788 401 3008 504 patriLte
3050 409 3284 460 nostra:
3330 399 3815 504 ornamentum:

573 473 976 593 Zi'ééuiiigriiu
1020 476 1217 569 δίιίωί
1248 502 1436 578 culpa
1464 516 1597 558 non
1625 473 2414 593 iacream.‘NempeL'totum
2438 473 2558 593 ille
2595 473 2885 593 laborem
2932 480 3106 593 hulr'ic
3148 495 3382 593 inclusit}l
3404 480 3469 535 et
3500 473 3817 593 prognovit

1134 585 1192 593 -.-
1463 578 1546 593 ..σο
1681 580 1699 593 ι
1731 574 1873 593 ne-‘
1935 587 2087 593 _.__-
2127 584 2156 593 ..
2210 583 2354 593 ...ι-..-
2401 584 2430 593 ,ι
2527 563 2615 593 ηοξ
2664 562 2865 593 ηαξ-ιη-
2888 559 2986 593 οιιί
3065 559 3127 593 in
3156 557 3220 593 in
3273 571 3334 593 ..α
3392 553 3466 593 iis:
3489 569 3609 593 nrn
3635 567 3817 593 sal-ann

574 551 1294 672 ξ’)’ἒξῗηῖἰῖιῗίξὲξεξεῖὶἱῖιιὲ
1325 551 1610 669 anulus,
1632 551 1878 635 Et'iiéet
1895 551 2380 672 ignge‘absens,
2397 569 2461 658 et
2482 561 2868 621 desiderium
2888 559 2988 618 sui
3020 558 3132 618 diu
3156 557 3222 615 in
3243 553 3467 614 Galliis
3489 551 3817 630 proferens

576 645 1171 732 conﬁne-nfifavore
1195 659 1630 738 prosequitur,
1664 669 1870 712 novus
1895 645 2174 723 Hierony

1044 679 1171 722 tore
1195 659 1630 738 prosequitur,
1664 669 1870 712 novus
1895 645 2276 723 Hieronymi
2305 647 2642 713 ἐργοδιὼκτης.

1857 918 2482 1104 ἣβταίαιίο

1520 1183 2175 1313 επσπε
2295 1187 2872 1301 τυπι-

2029 1381 2399 1435 «WB

2071 799 2094 802 _
2185 798 2250 803 -__
2321 796 2432 800 .._._
2485 795 2516 798 _.
2723 793 2763 797 κ-
2842 792 2904 795 τ--η
2981 790 2990 793 _
3021 789 3045 793 .ι
3067 787 3264 792 ..-ν-η*
3305 781 3820 832 -η-ρ-ορῇι

999 849 1005 852 .
1030 848 1094 852 ..-,
1491 845 1530 849 λ.
1578 839 1648 847 ...ι-
1715 837 1802 846 σ-ο-ε
1877 841 1886 843 _
2034 827 2938 844 -_——-m_——___———_-————-_.-g——_

650 1567 706 1630 1,.
739 1558 1084 1633 Epistolarum
1128 1557 1190 1610 S.
1223 1554 1522 1621 Hieronymi
1553 1551 1712 1603 dotes.
1731 1547 1900 1600 -—'Ex
1929 1547 2213 1600 illustrium
2242 1549 2478 1602 virorum
2503 1549 2714 1616 scriptis
2740 1546 2993 1614 Epistolas
3022 1546 3178 1616 longe
3204 1545 3414 1598 caeteris
3440 1540 3839 1612 prmstantiores

581 1654 900 1727 prudentum
959 1649 1236 1703 hominum
1282 1643 1484 1713 judicio
1526 1639 1904 1693 existimantur
1946 1652 2007 1691 ea
2053 1637 2390 1704 potissimum
2425 1637 2493 1691 de
2522 1653 2680 1691 causa
2709 1677 2724 1700 ,
2761 1636 2903 1705 quod
2952 1637 3062 1705 ipsa
3092 1637 3145 1688 in
3177 1635 3281 1688 illis
3309 1633 3587 1687 scribentis
3613 1642 3841 1700 persona

585 1750 654 1800 ita
685 1744 904 1814 propius
929 1741 998 1794 ob
1029 1737 1251 1806 legentis
1274 1734 1459 1786 oculos
1487 1739 1752 1790 versetur,
1779 1737 1836 1780 ut
1863 1727 2011 1795 quasi
2044 1725 2339 1780 redivivum
2370 1725 2638 1779 hominem
2668 1725 2948 1794 complecti
2974 1765 2988 1786 ,
3021 1726 3316 1794 faciemque
3346 1723 3513 1792 ipsam
3536 1721 3730 1775 intueri
3758 1719 3840 1772 vi-

587 1838 831 1891 deamur.
889 1831 1036 1894 Hac,
1082 1828 1125 1880 si
1166 1824 1383 1878 alterius
1423 1821 1758 1889 cujusquam,
1807 1826 1890 1872 est
1925 1826 2071 1870 certe
2113 1816 2474 1885 Epistolarum
2514 1815 2825 1886 Hieronymi
2866 1817 3236 1885 praerogativa,
3262 1828 3484 1884 quarum
3513 1811 3644 1865 muti
3665 1809 3842 1879 apices

589 1933 810 2004 ingenii,
859 1930 1217 1994 virtutumque
1258 1921 1375 1989 ejus
1413 1917 1641 1986 efligiem
1685 1914 1925 1969 referunt
1945 1951 1961 1976 ,
1991 1925 2354 1980 arcanumque
2391 1909 2877 1972 mentishabitum,
2907 1910 3188 1978 ignemque
3218 1908 3365 1961 illum
3393 1905 3622 1974 pectoris
3647 1917 3843 1970 repue—

588 1991 822 2084 seittant',
863 2033 1021 2088 quem
1059 1991 1227 2083 ipsum
1269 2013 1446 2065 vivum
1485 2021 1699 2074 corpus,
1746 2004 1794 2060 si
1816 2002 2049 2066 adesset,
2092 2014 2198 2055 non
2243 2000 2539 2055 exhiberet.
2577 1999 2683 2054 Sed
2725 2001 2812 2053 illa
2853 1999 3049 2068 Oppido
3089 2000 3260 2068 major
3287 2007 3370 2053 est
3412 1997 3660 2066 dignitas,
3704 1991 3844 2064 quod

589 2111 970 2167 Sanctissimus
1007 2105 1196 2158 doctor
1235 2097 1488 2153 maximis
1535 2093 1858 2162 Reipublicze
1884 2091 2202 2145 Christianae
2242 2090 2552 2143 muneribus
2597 2105 2723 2143 usus
2746 2129 2761 2152 ,
2791 2089 2930 2142 sicut
2959 2091 3070 2158 ipsa
3103 2105 3238 2158 pene
3265 2090 3317 2143 in
3346 2087 3702 2142 adolescentia
3735 2084 3847 2137 Da-

589 2219 787 2256 masum
829 2199 1074 2254 Romanas
1115 2193 1262 2247 Urbis
1317 2188 1630 2256 Epismpnm
1677 2185 1730 2236 in
1781 2181 1983 2236 Chartis
2031 2180 2403 2234 Ecclesiastict's
2440 2181 2669 2249 juverat,
2708 2192 2755 2234 et
2802 2180 3024 2235 Orientis
3067 2192 3217 2251 atque
3237 2179 3537 2235 Occidentis
3577 2178 3846 2249 Synodt'cis

595 2285 1047 2346 consultationibus
1071 2277 1406 2350 respondebat
1433 2274 1626 2348 (Epist.
1655 2270 1922 2342 CXXIII):
1957 2271 2029 2324 ita
2067 2270 2324 2340 deinceps
2356 2271 2520 2323 veluti
2549 2285 2833 2326 commune
2857 2273 3041 2326 saeculi
3071 2272 3347 2326 oraculum
3389 2271 3758 2326 consuleretur
3784 2269 3851 2323 do

592 2379 924 2451 gravissimis
946 2377 1105 2430 rebus
1131 2388 1194 2426 ac
1218 2367 1569 2431 dil‘licillimis,
1599 2363 1848 2435 quodque
1871 2364 1947 2416 rei
1973 2371 2132 2430 caput
2151 2371 2256 2426 est,
2283 2363 2352 2416 ab
2373 2362 2499 2426 illis,
2532 2363 2620 2431 qui
2648 2363 2733 2416 vel
2760 2365 3062 2428 sanctitate,
3093 2366 3174 2420 vel
3198 2365 3438 2428 scientia,
3462 2365 3543 2417 vel
3573 2362 3850 2431 dignitate,

593 2475 795 2543 primas
825 2481 935 2523 tum
967 2465 1224 2532 temporis
1253 2463 1304 2514 in
1338 2461 1492 2526 longe
1521 2459 1680 2511 etiam
1711 2455 1914 2543 dissitis
1939 2453 2246 2522 regionibus
2271 2453 2602 2507 obtinebant.
2633 2453 2898 2524 Exemplo
2919 2464 3043 2509 sunt
3071 2470 3294 2523 magnus
3321 2455 3666 2524 Augustinus,
3696 2465 3854 2520 quem

604 2562 883 2616 nominare
911 2570 1069 2609 unum
1101 2553 1228 2604 satis
1253 2556 1416 2611 esset,
1445 2561 1511 2598 cx
1544 2544 1754 2597 Africa:
1783 2542 2054 2604 Lucinius,
2085 2542 2410 2608 Exsuperius
2429 2558 2494 2595 ex
2526 2542 2774 2610 lliSpania
2802 2563 2816 2598 :
2847 2560 2877 2598 e
2903 2546 3086 2600 Galliis
3116 2545 3419 2606 Minervius,
3447 2553 3605 2611 atque
3630 2543 3856 2596 Alexan-

597 2659 717 2714 tler,
751 2649 1020 2718 Riparius,
1048 2660 1110 2698 ac
1139 2641 1382 2693 Rusticus
1407 2651 1502 2689 :ex
1533 2635 1820 2688 remotiore
1835 2632 2115 2686 Germania
2141 2631 2362 2693 Sunnia,
2389 2646 2452 2685 ac
2480 2629 2707 2686 Fretella
2735 2651 2748 2686 :
2778 2649 2845 2686 ex
2870 2634 3088 2688 Oriente
3113 2634 3443 2702 Epiphanius
3467 2652 3480 2686 :
3515 2648 3579 2686 ex
3604 2629 3856 2701 Egypto,

601 2749 822 2814 ipsaque
854 2736 1210 2794 Alexandrina
1232 2731 1358 2785 sede
1388 2726 1737 2795 TlteOphilus,
1767 2733 1823 2777 ut
1844 2725 2111 2778 neminem
2143 2724 2342 2776 interea
2375 2737 2439 2776 ex
2471 2722 2638 2789 Italia,
2679 2741 2742 2778 ac
2771 2725 3022 2779 Romanze
3054 2727 3344 2780 nobilitatis
3365 2723 3703 2795 principibus
3735 2721 3859 2774 viris

605 2839 894 2907 proteram,
915 2845 1135 2899 quorum
1157 2827 1433 2878 innumera
1454 2826 1578 2872 sunt
1595 2833 1652 2872 ac
1673 2817 1867 2887 sa-pius
1895 2814 2200 2884 augustiora
2229 2817 2463 2869 nomina.
2482 2816 2836 2882 Quamobrem
2871 2833 2974 2870 non
3008 2817 3194 2885 privati
3228 2817 3457 2870 hominis
3480 2814 3636 2868 modo
3657 2812 3860 2867 erudita

603 2928 813 2995 negotia
835 2923 950 2989 ejus
981 2919 1230 2988 Epistula:
1253 2912 1697 2981 complectuntur,
1726 2907 1820 2960 sed
1852 2906 2168 2974 insigniores
2198 2903 2308 2959 fere
2333 2907 2688 2974 quaestiones:
2719 2907 2911 2960 eximia
2935 2906 3002 2960 ad
3025 2906 3414 2974 Scripturarum
3436 2903 3861 2972 explanationem

604 3025 966 3076 tmnnnnenta,
1003 3014 1108 3064 imo
1161 3009 1319 3062 etiam
1360 3013 1523 3057 totam
1565 3001 1734 3055 ferme
1777 2999 1893 3067 ejus
1937 2997 2116 3052 saeculi
2155 2997 2582 3052 Ecclesiasticam
2629 2997 2926 3063 historiam,
2967 2999 3238 3069 dogmata,
3282 3011 3474 3066 resque
3511 3003 3708 3065 gestas,
3746 3007 3862 3062 qua:

603 3109 919 3165 eruditionis
979 3105 1137 3157 homo
1191 3095 1417 3168 cupidus
1481 3092 1525 3147 si
1569 3107 1636 3145 ex
1703 3087 2002 3159 purissimis
2050 3086 2284 3142 fontibus
2337 3088 2462 3142 velit
2509 3088 2792 3156 ediscere,
2859 3089 2978 3143 illas
3032 3087 3221 3143 sedulo
3263 3085 3592 3156 perscrutari
3645 3095 3864 3137 necesse

602 3205 812 3258 habeat.

673 3299 729 3350 *2.
778 3296 1006 3347 Veterum
1051 3287 1345 3340 Etlitionum
1387 3281 1440 3334 in
1484 3279 1547 3332 iis
1586 3273 1903 3330 recensendis
1944 3274 2200 3344 confusio.
2235 3303 2307 3313 --
2356 3273 2454 3326 Hic
2493 3274 2656 3342 igitur
2691 3272 2895 3327 fructus
2935 3272 3392 3327 cumulatissimus
3435 3269 3501 3322 ad
3533 3267 3785 3320 lectorem
3811 3272 3866 3318 ut

605 3390 807 3448 redeat,
858 3401 960 3438 non
989 3381 1159 3433 solum
1188 3379 1239 3428 in
1271 3375 1335 3426 iis
1374 3368 1708 3439 praestandis,
1751 3383 1866 3434 quzc
1913 3367 1963 3419 in
1995 3366 2273 3433 superiore
2315 3364 2634 3419 Prtefatioue
2662 3365 2904 3432 esposui,
2948 3378 3131 3416 verum
3175 3362 3334 3414 etiam
3368 3361 3419 3412 in
3448 3359 3710 3426 cujusque
3740 3357 3866 3425 Epi-

603 3482 760 3536 stula:
800 3473 1132 3535 recensione,
1184 3477 1242 3520 ut
1289 3466 1338 3517 in
1389 3471 1590 3515 rectum
1633 3458 1874 3511 ordinem
1922 3474 2017 3524 pro
2061 3467 2356 3524 temporum
2397 3455 2603 3508 ratione
2637 3455 3070 3522 disponerentur,
3099 3464 3318 3518 operam
3358 3435 3615 3516 impendi.
3649 3448 3869 3502 Veteres

610 3585 799 3640 nempe
830 3567 1074 3622 liditores
1104 3574 1218 3612 eam
1245 3554 1495 3610 exhibent
1537 3550 1896 3618 Epistolarum
1928 3548 2120 3600 seriem
2155 3561 2274 3616 qua:
2307 3559 2410 3597 non
2441 3543 2507 3596 atl
2533 3543 2813 3611 temporis,
2837 3541 2931 3594 sed
2959 3541 3025 3595 ad
3058 3539 3402 3592 materiarum
3428 3538 3688 3590 rationem
3719 3543 3870 3604 aptea

607 3680 698 3721 tur
731 3663 929 3730 magis;
963 3668 1188 3723 cumque
1219 3649 1345 3702 varii
1391 3644 1524 3699 adeo
1568 3642 1864 3710 argumenti
1909 3639 2178 3708 Epistolas
2207 3637 2271 3690 ad
2306 3649 2413 3689 tres
2457 3646 2659 3688 tantum
2687 3635 2907 3695 clasSes,
2947 3647 3045 3685 nec
3075 3631 3203 3683 satis
3233 3637 3480 3683 accurate
3511 3626 3775 3695 redigant,
3808 3639 3869 3678 ea

611 3763 723 3828 ipsa
753 3758 803 3810 in
830 3748 1122 3808 mtronomia
1155 3737 1567 3814 perturbationis
1595 3734 1720 3788 vitio
1749 3734 2008 3795 laborant,
2040 3741 2095 3783 ut
2129 3744 2273 3798 saepe
2325 3728 2598 3797 polemicis
2649 3725 2977 3789 laudatoriae,
3021 3721 3310 3776 moralibus
3359 3720 3579 3784 criticaa,
3611 3717 3871 3785 theologi-

609 3808 690 3907 eris
731 3844 1016 3903 familiares
1061 3808 1496 3907 periniscctmtur.
1549 3825 1724 3880 Editio
1767 3838 1895 3878 vero
1943 3820 2282 3876 Benetlictina
2332 3817 2456 3872 dum
2505 3816 2628 3868 huic
2683 3815 2823 3869 malo
2852 3813 3049 3868 mederi
3081 3811 3257 3866 studet
3283 3811 3444 3879 (absit
3469 3809 3630 3863 verbo
3651 3808 3872 3872 invidia)

611 3940 788 3997 omnia
834 3933 1003 4003 magis
1049 3924 1346 3988 confundit,
1392 3935 1516 3975 nam
1554 3926 1608 3972 et
1647 3915 1952 3983 complures
1997 3912 2281 3981 Epistolas,
2320 3924 2453 3979 quas
2478 3907 2690 3961 criticas
2731 3915 2904 3971 vocat,
2936 3921 2968 3960 e
2992 3904 3155 3958 natali
3185 3903 3302 3957 solo
3334 3917 3429 3971 per
3456 3901 3561 3953 vim
3582 3899 3792 3952 avulsas
3819 3898 3872 3951 in

513 4047 554 4096 1,,
614 4032 846 4086 alienum
877 4018 1162 4079 transtulit,
1187 4023 1240 4068 et
1267 4028 1358 4083 per
1389 4020 1558 4064 totum
1590 4005 1895 4075 Hieronymi
1923 4018 2144 4072 operum
2175 4016 2369 4069 corpus
2394 4001 2516 4053 hinc
2545 3997 2668 4053 inde
2689 3998 2741 4051 in
2770 4011 3091 4066 unoquoque
3121 4003 3264 4049 tomo
3293 3990 3688 4047 commentariis
3713 3990 3875 4042 inter.

516 4084 554 4140 θ’
615 4123 802 4184 seruit,
833 4127 990 4186 atque
1015 4078 1284 4178 diSpersit;
1314 4103 1482 4172 Hujus
1513 4097 1864 4154 intolerandae
1895 4093 2222 4149 confusionis
2263 4094 2306 4145 si
2341 4090 2408 4144 ab
2429 4090 2631 4158 aliquot
2658 4087 2852 4142 litteris
2879 4102 2998 4156 qua:
3027 4086 3092 4139 ad
3118 4100 3278 4138 unum
3303 4081 3654 4149 eumdemque
3684 4078 3876 4132 Dama—

617 4167 802 4184 πη.-.
1105 4167 1116 4178 ,
1396 4167 1410 4172 _

617 4230 734 4270 sum
767 4205 1125 4265 inscribuntur
1145 4239 1158 4264 ,
1186 4193 1488 4260 exemplum
1513 4191 1649 4243 sumi
1684 4189 1813 4241 velis
1841 4227 1854 4249 ,
1884 4201 2002 4254 qua:
2031 4184 2161 4237 Cain
2183 4180 2470 4235 vindictam
2499 4179 2768 4248 explanat,
2811 4179 2862 4231 in
2885 4176 3121 4232 secundo
3143 4184 3289 4228 tomo
3316 4180 3435 4240 post
3461 4170 3797 4236 Quaestioues
3821 4167 3874 4221 in

618 4303 888 4364 Genesim,
925 4308 1045 4365 qua:
1083 4289 1151 4344 de
1189 4284 1469 4353 Seraphim
1514 4279 1641 4346 agit,
1691 4279 1743 4332 in
1796 4278 1954 4331 tertio
1999 4284 2118 4344 post
2143 4273 2568 4328 Commentarios
2597 4271 2647 4323 in
2679 4270 2890 4334 Isaiam,
2941 4282 3063 4337 quae
3097 4279 3282 4320 vocem
3306 4263 3517 4317 Osanna
3543 4261 3790 4329 explicat,
3825 4259 3877 4312 in

619 4401 802 4464 quarta
845 4387 1022 4458 priore
1047 4391 1216 4451 parte,
1245 4386 1299 4432 et
1326 4373 1552 4429 Matthmi
1593 4368 1910 4438 expositioni
1950 4366 2249 4420 subduutur
2279 4379 2294 4426 ;
2341 4372 2451 4416 tum
2476 4362 2595 4414 alia:
2623 4359 2672 4413 id
2705 4375 2873 4427 genus
2901 4359 3115 4412 omissa:
3138 4397 3153 4420 ,
3181 4356 3301 4409 alim
3331 4368 3489 4407 suum
3517 4361 3666 4406 extra
3699 4350 3880 4403 locum

1598 4463 1601 4464 ,
1689 4461 1720 4464 __
1911 4457 1923 4464 .
2164 4457 2173 4464 .
2463 4453 2536 4464 --ιι
2567 4450 2589 4464 ρ
2620 4450 2653 4464 μ
2696 4451 2728 4464 ι.
2896 4449 2929 4464 γ’
2954 4447 2983 4464 ι·
3024 4462 3037 4464 _
3059 4462 3069 4464 _
3106 4445 3441 4464 A-___!--_-__.-
3463 4440 3527 4464 ..2.
3580 4440 3635 4464 1..
3662 4438 3878 4464 -ΑὶΞι-..ἶρ

626 4438 920 4556 ιζοδὶιω,ἶιι
944 4438 1102 4529 etiam
1132 4473 1185 4525 in
1212 4467 1424 4538 proprio
1447 4463 1645 4534 judicio
1671 4457 1960 4528 digerenda
1988 4457 2209 4511 materia
2239 4469 2428 4524 parum
2461 4453 2538 4505 illi
2564 4450 2799 4506 feliciter
2817 4447 3078 4502 accidisse
3106 4445 3443 4514 perspicuum
3462 4440 3550 4496 sit.
3580 4440 3638 4494 ln
3662 4438 3880 4506 reliquis

1496 4555 1501 4556 ,
1650 4553 1660 4556 _
1911 4549 1922 4556 .
2076 4545 2090 4556 .
2435 4542 2468 4556 ιι
2543 4543 2574 4556 ι-
2677 4555 2685 4556 ,
2714 4539 2846 4556 ,_os-,
2895 4537 3096 4556 ,,,,-1__-
3139 4536 3343 4556 -__-__:-
3378 4548 3503 4556 -...-.-
3534 4540 3608 4556 --ι
3667 4545 3785 4556 Δις-ιιι
3816 4527 3878 4556 ...Ι

628 4527 787 4645 lporro
812 4566 1080 4626 omnibus,
1107 4573 1238 4627 quas
1265 4559 1318 4610 in
1336 4555 1508 4624 quarti
1538 4553 1664 4606 tomi
1698 4560 1848 4618 parte
1877 4549 2044 4602 altera
2076 4545 2128 4600 in
2174 4559 2337 4598 unum
2367 4542 2600 4611 collegit,
2631 4539 2857 4601 consilio
2885 4537 3102 4608 quidem
3132 4536 3348 4605 egregio
3378 4548 3506 4589 usus
3531 4540 3634 4593 est,
3666 4545 3787 4584 cum
3815 4527 3882 4582 ad

630 4623 891 4732 :mnptu‘is
923 4656 1066 4720 leges
1098 4647 1332 4716 singulas
1351 4645 1584 4712 exigeret
1604 4683 1617 4704 ,
1653 4654 1902 4694 successu
1927 4648 2103 4691 tamen
2133 4650 2237 4689 non
2267 4634 2463 4701 pariter
2494 4632 2668 4694 felici,
2699 4629 3127 4699 quandoquidem
3159 4643 3276 4696 qua:
3305 4625 3470 4694 prima
3491 4623 3666 4676 statim
3696 4633 3883 4673 occur-

1761 4726 1774 4732 -
1903 4728 1912 4732 -
2175 4724 2186 4732 .
2433 4723 2442 4732 .
2643 4720 2654 4731 ο
2772 4719 2825 4732 .-ο
2935 4719 2945 4728 ι
3132 4716 3193 4732 ο.-
3223 4730 3248 4732 γ,
3286 4713 3605 4732 ιιε---..-....,.
3636 4707 3859 4732 ..-μιιηζι

627 4757 698 4814 rit
723 4707 788 4808 ard
813 4744 1078 4804 Bullinum
1109 4735 1371 4804 septennii
1398 4731 1604 4785 laborat
1626 4726 2060 4792 attachronismo,
2091 4736 2146 4777 et
2174 4723 2532 4785 Innocentius,
2567 4720 2656 4789 qui
2685 4734 2744 4773 se
2772 4719 2978 4772 itineris
3006 4716 3256 4772 comitem
3285 4713 3607 4781 Hieronymo
3636 4707 3884 4777 prebuit,

629 4848 756 4905 huic
770 4845 884 4898 .fato
908 4837 1120 4892 functus
1145 4827 1336 4882 dicitur
1363 4864 1378 4887 ,
1411 4829 1527 4889 post
1552 4818 1819 4872 sexdecim
1851 4817 1981 4869 alias
2011 4815 2389 4882 iuterjacentes
2417 4812 2679 4881 Epistolas
2706 4810 2856 4862 vivus
2883 4807 3258 4875 compellatur.
3306 4804 3475 4869 Quem
3499 4813 3738 4856 errorem
3762 4811 3886 4853 cum

628 4939 795 4995 volvit
817 4935 869 4989 in
898 4918 1288 5001 prolegomeuis
1329 4915 1502 4970 editor
1530 4909 1816 4965 emendare
1835 4948 1850 4972 ,
1898 4920 2123 4972 eamque
2166 4902 2234 4956 ad
2258 4902 2622 4956 Innocentium
2655 4900 2934 4970 epistolam
2959 4898 3025 4952 ad
3051 4912 3247 4950 annum
3275 4895 3380 4950 564
3421 4891 3718 4953 retrahere,
3746 4902 3888 4944 novo

633 5042 820 5085 errore
863 4988 1170 5077 cumulavit.
1221 5005 1424 5062 Exinde
1477 5010 1654 5054 autem
1698 4998 1929 5066 reliquas
1956 4995 2113 5062 hujus
2155 4995 2336 5062 prima!
2381 4990 2578 5046 Classis
2622 4991 2688 5045 ad
2717 4990 3059 5061 hypothesin,
3091 5003 3247 5058 quam
3273 4988 3452 5041 animo
3476 4989 3890 5050 conceperatex

641 5114 980 5192 prcjudcha
1000 5105 1249 5177 Opinione
1273 5091 1714 5152 accomnmtlavit.
1745 5088 1852 5140 Nec
1878 5085 2056 5138 minus
2085 5083 2204 5135 alia:
2225 5079 2438 5134 Classes
2465 5089 2705 5148 peccant,
2733 5079 2996 5148 siquidem
3027 5092 3170 5146 εει»ρο
3196 5079 3401 5146 priores
3430 5071 3682 5142 Epistolas
3701 5076 3890 5138 poste-

1414 5187 1423 5192 .
1773 5179 1802 5192 ..
1923 5175 1933 5192 ι
1964 5190 1993 5192 ,_
2016 5176 2025 5192 I
2070 5191 2103 5192 η
2202 5181 2286 5192 -__.
2338 5173 2501 5192 ._:s____
2556 5171 2705 5192 .--.--:-
2797 5169 3109 5192 -_..-_-s-.._-...
3156 5170 3311 5192 λαμ...
3361 5163 3598 5192 ..ιη-,ζιυιρ
3702 5169 3885 5192 anuli")

630 5163 864 5266 stioribus
915 5163 1226 5257 succedunt,
1272 5187 1516 5260 quaulam
1567 5197 1690 5242 uno,
1737 5179 1856 5231 alia:
1903 5175 2146 5237 duobus,
2198 5181 2291 5226 aut
2338 5173 2504 5224 tribus
2555 5171 2744 5233 atuiis,
2794 5169 3112 5239 quandoque
3152 5170 3312 5224 etiam
3361 5163 3640 5236 pluribus,
3701 5169 3889 5216 contra

635 5314 796 5370 quam
827 5310 922 5366 par
950 5299 1052 5356 est,
1084 5252 1458 5358 prteferuntur,
1493 5275 1574 5329 vel
1604 5269 2008 5342 posthaheutur,
2039 5280 2143 5318 non
2179 5263 2294 5317 sine
2333 5261 2529 5332 ingenti
2561 5259 2776 5315 lectoris
2813 5259 3150 5314 incommodo
3169 5298 3185 5325 ,
3211 5271 3371 5328 quem
3397 5255 3506 5320 ille,
3537 5252 3748 5324 quoties
3772 5263 3899 5321 per-

641 5351 865 5443 t'urbati's
901 5351 1113 5435 calculis
1144 5385 1441 5443 temporum
1471 5371 1707 5421 ratioites
1732 5358 2028 5419 confundit,
2057 5357 2219 5410 toties
2247 5368 2428 5409 secum
2456 5368 2558 5406 una
2590 5361 2951 5406 transversum
2979 5351 3136 5420 rapit.

720 5479 775 5530 ‘5.
833 5471 962 5526 Novi
987 5467 1176 5520 ordinis
1203 5463 1493 5531 necessitas,
1523 5468 1567 5510 et
1595 5456 1744 5509 ratio.
1772 5482 1842 5495 -
1861 5449 2220 5518 Quamobrem
2246 5459 2365 5500 eum
2395 5459 2571 5514 neque
2594 5442 2988 5500 incommodam
3008 5451 3247 5496 veterum
3269 5435 3603 5494 sortitionem
3630 5441 3903 5504 repetere,

647 5580 749 5622 nec
778 5573 920 5629 szepe
948 5555 1114 5609 deviis
1138 5523 1378 5606 Monach“:
1428 5544 1755 5601 Benedictini
1785 5542 2021 5612 vestigiis
2049 5539 2234 5593 liceret
2285 5536 2535 5600 insistere
2558 5549 2892 5607 :quanquam
2916 5533 2970 5588 in
2994 5532 3136 5589 votis
3160 5527 3402 5588 essetab
3425 5526 3686 5582 alterutro
3713 5523 3906 5594 vulga-

651 5667 826 5714 torum
855 5613 1100 5703 ordinum
1131 5656 1234 5698 non
1262 5638 1558 5696 discedere,
1581 5649 1646 5689 ue
1671 5627 1879 5688 inducta
1910 5632 2130 5689 mutatio
2157 5627 2413 5690 studiosis
2434 5629 2628 5698 negotii
2651 5623 2847 5699 aliquid
2869 5624 3194 5682 lacesseret:
3233 5619 3516 5678 meliorem
3544 5627 3726 5684 tamen
3756 5613 3909 5675 ordia
