4048 6192
264 300 406 357 XLV
572 313 574 315 '
919 347 928 356 .
1672 293 2056 351 PlirEFA'l'lO.
3358 293 3521 354 XLVI

195 403 202 500 ὲ
265 431 385 471 nem
411 415 672 486 auspicari
702 455 718 478 ,
761 414 872 470 sive
899 415 1067 484 ipsum
1111 415 1549 485 chronologicum
1575 430 1638 469 ex
1665 415 1871 484 integro
1918 415 2232 480 reformare,
2264 414 2442 484 quoad
2473 414 2588 470 fieri
2620 415 2788 483 potuit
2811 414 3206 470 accuratissima
3231 456 3246 478 ,
3277 416 3500 467 omnino

268 520 481 561 necesse
509 505 624 559 fuit.
653 504 784 559 Nam
815 514 868 560 et
891 507 1054 560 multa
1079 521 1110 561 e
1137 508 1366 577 vulgatis
1395 506 1746 576 Epistolarum
1781 506 2189 562 collectionibus
2214 507 2526 573 exturbare,
2554 507 2827 576 multaque
2845 505 2970 568 alia,
2996 520 3111 575 qute
3135 504 3518 560 desideraban-

219 597 222 601 ’
269 608 369 661 tur,
401 596 645 652 sufficere
667 599 900 666 Oportuit
929 597 982 651 in
1009 598 1108 653 hac
1132 609 1347 662 nostra;
1379 608 1573 653 etcum
1603 598 1771 652 semel
1799 609 2034 652 veterem
2063 614 2343 653 numerum
2374 599 2458 653 vel
2481 612 2698 667 augere,
2729 597 2814 652 vel
2845 596 3179 660 imminuere,
3206 609 3420 650 movere
3449 607 3518 646 eo

265 687 378 754 ipso
425 699 646 739 necesse
680 685 810 749 fuit;
843 700 944 740 nec
984 686 1085 739 nisi
1113 688 1343 755 graviori
1377 687 1659 754 legentium
1705 687 1960 742 cessisset
2011 688 2352 742 incommodo
2397 702 2616 742 servare
2655 687 2843 741 alicubi
2901 685 3261 754 pra‘scriptam
3295 685 3510 746 seriem,

261 774 448 829 alicubi
474 774 804 830 diverticulis
837 789 933 844 pro
958 791 1016 829 re
1041 777 1203 841 natis,
1231 777 1517 832 invertere.
1545 776 1720 830 Satius
1749 779 1907 846 igitur
1933 777 2158 831 aliorum
2195 793 2404 845 quoque
2432 777 2709 830 Editorum
2744 775 3006 844 exemplis
3026 774 3197 827 edocti
3226 813 3241 835 ,
3272 787 3389 826 esse
3417 789 3504 826 ar-

259 867 483 921 bitratus
517 883 663 933 sum,
695 867 739 921 si
770 869 978 921 usitatis
1004 869 1341 937 superiorum
1368 879 1661 937 temporum
1685 869 2026 922 citationibus
2046 868 2272 921 studiosi
2297 868 2371 920 uti
2400 880 2634 936 possent.
2667 878 2720 920 et
2747 882 2812 920 ne
2835 866 2949 934 ejus
2969 863 3508 932 ordiuis,_quodcum-

257 972 358 1026 que
385 959 598 1012 tandem
623 966 709 1012 est
742 999 757 1022 ,
790 957 1074 1011 commodo
1119 957 1523 1022 fraudareutur,
1564 969 1870 1012 annotarem
1901 958 1969 1012 ad
2003 957 2420 1025 uniuscujusque
2449 957 2703 1024 Epistula:
2730 956 2960 1020 initium,
2984 969 3141 1023 quem
3163 955 3214 1008 in
3246 952 3407 1007 veteri
3437 947 3524 1006 reo'

255 1050 512 1104 censione
561 1063 846 1103 numerum
896 1048 1220 1103 obtinerent.
1273 1048 1504 1102 Proinde
1554 1049 1786 1103 tabulam
1832 1064 2042 1118 quoque
2088 1049 2278 1102 instrui
2331 1049 2384 1101 in
2416 1047 2587 1101 fronte
2625 1047 2826 1116 operis,
2849 1060 2952 1114 qua
2980 1059 3148 1098 novus
3186 1042 3319 1098 ordo
3350 1048 3517 1099 veteri

253 1153 621 1210 comparatur,
675 1143 894 1210 ipsaque
939 1141 1283 1194 Benedictina
1332 1140 1585 1205 editione,
1627 1141 1782 1209 cujus
1821 1142 2015 1194 seriem
2059 1157 2090 1194 e
2130 1140 2348 1208 regione
2386 1138 2632 1207 apposui,
2688 1147 2742 1190 ut
2779 1152 2936 1206 quem
2962 1137 3099 1191 inter
3119 1151 3178 1190 se
3217 1145 3524 1204 respectum

248 1231 516 1295 habeant,
542 1247 720 1302 quove
768 1233 955 1285 ordine
995 1247 1218 1301 qumque
1255 1232 1600 1300 processerit,
1640 1231 1937 1300 intelligere
1989 1246 2095 1284 uno
2121 1239 2412 1298 conSpectu
2441 1231 2615 1283 liceat.
2669 1229 2936 1282 Czeterum
2959 1244 3025 1283 ne
3049 1243 3246 1282 novum
3274 1226 3524 1281 ordinem

245 1321 446 1375 iniisse
468 1331 671 1376 temere
705 1330 758 1374 et
792 1320 995 1373 levibus
1027 1319 1352 1388 argumentis
1382 1319 1581 1380 videar,
1609 1328 1877 1372 momenta
1908 1320 2169 1372 rationum
2201 1359 2215 1381 ,
2263 1319 2453 1387 quibus
2484 1317 2742 1371 adductus
2771 1333 2886 1371 sum
2908 1318 2972 1371 ad
2997 1333 3113 1371 eam
3144 1317 3340 1372 seriem
3369 1315 3518 1369 desi—

247 1412 548 1483 gnandam,
581 1420 636 1465 ut
657 1411 708 1463 in
736 1411 1166 1463 accuratioribus.
1180 1411 1394 1464 Patrum
1424 1410 1822 1464 recensionibus
1852 1411 1966 1463 lieri
1991 1419 2152 1469 amat,
2185 1410 2410 1462 seorsim
2443 1409 2576 1462 infra
2601 1410 2879 1475 subnecto,
2910 1409 3136 1462 maxime
3164 1423 3283 1463 cum
3330 1408 3526 1460 multas

252 1520 377 1575 qua:
410 1518 654 1573 pcrzegre
683 1504 1032 1570 vagabantur,
1053 1503 1216 1556 certis
1245 1503 1378 1557 locis
1406 1513 1569 1571 atque
1596 1503 1768 1566 annis,
1796 1502 2080 1570 plerasque
2106 1501 2226 1554 aliis
2250 1502 2316 1554 ab
2342 1501 2444 1565 his,
2475 1500 2663 1568 quibus
2694 1501 3013 1570 Chronologi
3047 1503 3201 1570 vulgo
3225 1499 3526 1560 aflixemut,

252 1595 602 1651 asseruerim.
651 1593 786 1647 Tres
823 1609 964 1646 enim
1004 1602 1129 1647 sunt
1178 1602 1380 1646 tantum
1429 1593 1698 1661 Epistolm,
1728 1607 1845 1659 qua:
1889 1607 1991 1644 non
2046 1606 2216 1659 usque
2244 1591 2376 1644 adeo
2401 1601 2598 1644 certam
2630 1593 2884 1660 temporis
2913 1604 3110 1652 notam,
3149 1599 3241 1644 aut
3277 1589 3515 1643 historici

254 1684 482 1754 alicujus
524 1682 645 1736 facti
693 1685 1006 1736 memoriam
1053 1674 1302 1746 servant;
1346 1693 1402 1736 ut
1424 1683 1492 1735 ad
1538 1692 1738 1735 certum
1768 1697 1963 1733 annum
1998 1682 2235 1736 revocari
2266 1683 2491 1750 possint,
2524 1697 2722 1751 easque
2749 1682 2812 1734 ad
2851 1683 3073 1734 aliarum
3105 1683 3306 1736 ealceui
3338 1682 3523 1749 rejeci,

255 1777 478 1843 prtelixo
519 1772 586 1825 ad
633 1772 839 1840 pagina:
883 1772 1058 1824 album
1114 1771 1214 1824 hoc
1242 1773 1510 1832 lemmate,
1553 1771 1727 1824 incerti
1758 1772 2013 1840 temporis,
2069 1787 2134 1825 ne
2159 1773 2490 1826 recentiores
2544 1775 2662 1840 quis
2692 1782 2868 1841 putet,
2898 1788 2963 1825 ex
2995 1788 3061 1826 eo
3112 1772 3254 1842 quod
3309 1774 3521 1826 caeteris

254 1871 674 1933 postponantur.
697 1866 946 1916 Attamen
987 1862 1154 1916 ferme
1182 1861 1311 1914 nihil
1340 1862 1404 1914 ad
1436 1863 1710 1914 historiam
1735 1860 1953 1926 faciunt,
1995 1872 2050 1915 ut
2073 1863 2285 1916 illarum
2317 1863 2488 1915 uitatis
2511 1862 2775 1931 ignoratio
2802 1863 2996 1931 aegrius
3019 1861 3238 1916 ferenda
3270 1861 3360 1914 sit.
3523 1922 3527 1928 ι

329 1957 382 2010 ι.
407 1955 677 2009 Tractatus
697 1963 743 2007 et
765 1954 1008 2023 opuscula
1032 1969 1147 2007 cum
1177 1949 1566 2020 Prcfationibns
1593 1951 1809 2005 aliorum
1838 1969 2044 2021 operum
2070 1951 2618 2007 excluduntur.—Jam
2643 1969 2788 2016 vero,
2823 1962 2880 2006 ut
2906 1953 3116 2022 proprie
3143 1951 3525 2020 Epistolarum.

259 2047 407 2117 quod
434 2047 635 2102 nemini
660 2045 919 2100 hactenus
956 2047 1008 2099 in
1040 2055 1274 2098 mentem
1305 2044 1474 2108 venit,
1504 2045 1873 2098 collectionem
1899 2044 2238 2110 adornarent,
2275 2046 2504 2114 primum
2533 2044 2818 2098 Tractatus
2837 2054 2893 2099 et
2929 2045 3215 2113 prolixiora
3244 2045 3526 2114 opuscula,

259 2154 379 2209 quae
420 2139 490 2193 ab
522 2139 640 2207 ipso
687 2137 1012 2208 Hieronymo
1039 2137 1088 2188 in
1116 2136 1394 2206 Catalogo,
1415 2132 1599 2204 atque
1624 2135 1769 2198 alibi,
1803 2135 1846 2189 si
1872 2135 2086 2205 quando
2114 2151 2301 2190 eorum
2328 2138 2529 2190 mentio
2559 2137 2812 2200 occurrit,
2857 2136 2996 2188 inter
3021 2135 3188 2189 libros
3212 2144 3525 2197 censentur,

259 2230 386 2284 hinc
415 2232 535 2283 loco
557 2229 719 2292 movi,
743 2237 912 2296 .atquc
942 2227 1096 2281 alteri
1142 2238 1287 2280 lOIHO
1347 2226 1637 2280 reservavi.
1686 2228 1822 2294 Quid
1869 2228 2145 2281 enimvero
2183 2241 2306 2280 cum
2351 2226 2606 2295 Epistolis
2633 2240 2918 2280 couunune
2945 2224 3159 2289 habent,
3186 2236 3243 2278 ut
3267 2227 3317 2279 in
3343 2240 3528 2280 earum

258 2321 504 2375 ordinem
548 2319 862 2383 referantur,
912 2318 1069 2371 trium
1114 2318 1491 2372 Monachorum
1530 2318 1699 2379 Pauli,
1745 2317 2053 2383 Hilarionis,
2097 2326 2154 2370 et
2183 2316 2374 2370 Malchi
2405 2316 2562 2383 Vitae,
2593 2317 2751 2371 Liber
2779 2316 2848 2371 de
2870 2315 3169 2370 lllustribus
3202 2316 3359 2380 Viris,
3391 2316 3529 2371 alius

258 2423 448 2468 eontra
480 2411 800 2475 Helvidium,
829 2409 1041 2478 duoque
1071 2410 1244 2464 multo
1270 2409 1586 2478 prolixiores
1625 2418 1809 2463 contra
1841 2408 2180 2463 Joviniauum
2206 2449 2222 2474 ,
2255 2407 2545 2463 Orthoduxi
2573 2418 2627 2462 et
2655 2407 2976 2462 Luciferiani
3009 2407 3273 2477 Dialogus,
3309 2417 3529 2477 tresque

260 2503 611 2574 cognomines
645 2511 826 2556 contra
869 2500 1138 2569 Pelagium
1192 2500 1331 2565 libri,
1373 2500 1582 2568 aliaque
1627 2501 1677 2552 id
1704 2515 1867 2569 genus
1900 2499 2037 2554 haud
2082 2516 2265 2570 pauca,
2297 2517 2414 2569 qua:
2443 2500 2709 2554 diversam
2732 2501 2912 2554 sedem
2940 2516 3007 2558 ex
3036 2501 3149 2570 ipso
3174 2501 3526 2572 syntagmatis

259 2593 477 2662 ingenio
517 2591 791 2661 postulant
816 2592 840 2642 ?
871 2589 1085 2643 Exclusi
1113 2591 1309 2657 pariter
1330 2605 1396 2644 ex
1428 2590 1524 2643 hac
1551 2590 1690 2644 sci-ie
1735 2590 2000 2659 Epistolas
2031 2591 2177 2658 illas,
2209 2607 2326 2661 quae
2356 2591 2476 2645 aliis
2499 2579 2648 2647 libris
2675 2592 3009 2647 Praifationis
3037 2593 3153 2646 loco
3179 2601 3323 2658 sunt,
3355 2607 3531 2662 neque

260 2685 499 2739 indolem
530 2692 846 2736 caeterarum
883 2690 1198 2747 servant,et
1238 2681 1451 2736 diverso
1479 2682 1581 2736 line
1609 2693 1961 2736 exornantur.
2009 2682 2090 2737 Ex
2115 2699 2182 2738 eo
2208 2699 2402 2754 genere
2427 2694 2550 2738 sunt
2590 2685 2774 2756 viginti
2799 2686 2924 2749 illa},
2953 2701 3086 2755 quas
3115 2686 3166 2740 in
3191 2684 3413 2740 totidem
3441 2704 3530 2739 sa-

260 2794 473 2834 crarum
504 2777 900 2846 Scripturarum
927 2775 1090 2831 libros
1117 2775 1173 2830 S.
1207 2777 1398 2830 Doctor
1426 2777 1776 2841 elucubravit,
1817 2777 1989 2847 iisque
2021 2779 2264 2847 przelixjt,
2297 2795 2416 2834 cum
2446 2780 2513 2834 de
2541 2795 2637 2833 sua
2684 2782 3140 2850 interpretatione,
3175 2791 3334 2850 atque
3371 2796 3537 2849 opere

260 2885 600 2939 prmmonere
632 2869 890 2923 lectorem
918 2867 1086 2920 voluit
1114 2885 1128 2922 :
1176 2868 1428 2921 Erasmus
1459 2883 1586 2920 vero
1614 2877 1668 2921 et
1709 2869 1974 2922 Victorius
2009 2870 2226 2939 reliquis
2253 2871 2304 2924 in
2352 2871 2464 2925 suis
2491 2871 2818 2925 editionibus
2839 2880 3248 2934 aecensueruut,
3279 2871 3420 2939 quod
3453 2875 3537 2926 vel

262 2961 385 3012 illos
429 2959 596 3012 libros
634 2958 899 3013 excudere
921 2958 972 3012 in
995 2959 1174 3011 animo
1195 2973 1299 3010 non
1326 2956 1620 3023 baberent,
1664 2957 1747 3011 vel
1773 2958 1933 3012 etiam
1957 2971 2139 3012 extare
2163 2960 2400 3028 integros
2439 2974 2548 3013 non
2601 2969 2869 3028 putarent.
2928 2960 3098 3027 Hujus
3161 2973 3372 3027 quoque
3398 2962 3542 3017 modi

265 3063 408 3117 sunt,
435 3067 573 3122 quas
603 3053 871 3107 recensuit
894 3053 1228 3106 Martiauaius
1257 3053 1308 3104 in
1333 3062 1520 3104 octava
1547 3051 1750 3115 Classe,
1781 3051 2132 3118 praefationes
2176 3050 2432 3104 librorum
2476 3055 2700 3122 aliquot,
2732 3070 2866 3121 quos
2890 3056 2940 3109 iu
2968 3073 3188 3126 operum
3223 3061 3544 3118 collectione

266 3142 634 3212 prteterntisil,
665 3143 716 3194 in
746 3157 968 3211 quarum
1002 3141 1315 3194 recensione
1340 3139 1442 3192 hoc
1471 3140 1690 3206 insuper
1715 3141 1842 3191 vitio
1871 3151 2150 3210 peccatum
2177 3148 2280 3204 est,
2313 3139 2454 3207 quod
2486 3157 2590 3194 una
2611 3142 2854 3210 quaedam
2879 3160 2975 3213 pro
2999 3145 3408 3217 llieronymiana
3437 3151 3540 3206 ob-

267 3233 522 3296 truditur,
550 3247 670 3286 cum
699 3232 981 3286 manifesto
1007 3231 1075 3285 sit
1107 3231 1303 3286 Bullini
1325 3231 1379 3284 in
1409 3231 1655 3300 Origeuis
1675 3229 1932 3286 Homilias
1960 3233 2012 3285 in
2042 3231 2198 3300 epist.
2228 3231 2375 3286 Pauli
2404 3233 2469 3287 ad
2501 3233 2771 3290 Romanos
2795 3236 3067 3304 Prmfatio,
3095 3247 3153 3292 ut
3177 3255 3242 3296 ex
3269 3240 3382 3311 ipsa
3407 3258 3542 3298 con-

265 3336 378 3380 stat
421 3326 758 3393 peroratione
797 3325 1130 3379 translatoris
1157 3325 1208 3378 in
1241 3339 1426 3378 earum
1463 3323 1895 3390 explanationum
1938 3324 2062 3380 fine.
2092 3324 2198 3377 Has
2241 3324 2418 3394 itaque
2447 3341 2636 3382 omnes
2656 3328 2766 3381 suis
2793 3344 2824 3382 e
2862 3327 3079 3384 sedibus
3104 3345 3202 3399 per
3227 3333 3331 3386 vim
3359 3333 3546 3389 divelli

265 3423 438 3478 ratus,
467 3416 513 3469 si
545 3415 649 3468 huc
678 3415 1085 3478 transferantur,
1113 3413 1228 3468 suis
1261 3428 1500 3482 quasque
1530 3413 1681 3467 libris
1703 3411 1844 3482 attigi
1869 3414 2068 3470 debere
2101 3415 2424 3479 existimavi,
2455 3427 2508 3471 et
2536 3418 2985 3487 quemadmodum
3013 3437 3147 3492 quas
3175 3433 3390 3482 veteres
3413 3426 3535 3482 edi-

268 3517 418 3561 tores
463 3507 516 3560 iu
563 3507 887 3576 Scripturam
927 3505 1274 3561 Praefationes
1312 3516 1708 3568 recensueraul,
1743 3506 2084 3562 Martianieus
2119 3510 2464 3579 nonrecepit,
2503 3511 2644 3580 quod
2673 3511 2841 3582 ipsam
2880 3514 3210 3588 Scripturam
3237 3519 3536 3587 excutiens,

268 3598 388 3654 suis
437 3598 555 3651 illas
597 3597 729 3652 locis
771 3597 1256 3666 repraasentaverit,
1313 3597 1383 3650 ita
1420 3611 1554 3666 quas
1598 3596 1944 3653 Martianaius
1985 3600 2100 3670 ipse
2150 3601 2201 3653 in
2251 3599 2496 3655 diversos
2542 3602 2709 3658 libros
2760 3605 2894 3659 alios
2939 3618 3228 3678 utcumque
3272 3608 3541 3677 exhibuit,

267 3688 518 3743 exclusas
548 3687 687 3740 volui
719 3702 784 3740 ex
814 3687 912 3740 hac
939 3686 1110 3751 serie,
1151 3685 1292 3756 quod
1319 3686 1482 3740 libros
1505 3687 1648 3754 ipsos
1676 3687 2032 3754 exhibiturus,
2060 3690 2222 3744 veluti
2245 3691 2419 3760 capita
2443 3692 2555 3746 suis
2585 3693 2808 3750 reddam
2830 3701 3170 3766 corporibus.

352 3779 405 3833 5.
449 3777 693 3849 Episton
718 3780 937 3848 quinque
963 3778 1186 3832 nondum
1213 3788 1362 3831 antea
1397 3776 1626 3848 Vulgata:
1646 3779 2016 3840 adduntur.v—
2038 3780 2232 3835 Verum
2267 3796 2298 3836 e
2326 3783 2598 3837 contrario
2633 3786 2845 3852 multas,
2874 3804 2994 3857 quae
3023 3791 3076 3842 in
3103 3790 3328 3860 vulgatis
3349 3791 3538 3846 hacte-

269 3885 380 3926 nus
406 3870 730 3925 editiouibus
755 3871 1216 3934 desiderabantur,
1247 3869 1440 3939 adjeci,
1470 3879 1525 3924 et
1548 3870 1738 3926 fecisse
1770 3886 1947 3940 opera:
1971 3873 2197 3940 pretium
2226 3873 2358 3927 mihi
2391 3875 2542 3930 visus
2575 3892 2712 3932 sum.
2745 3878 2881 3934 Sunt
2905 3881 3007 3936 illa:
3032 3880 3086 3935 in
3113 3883 3423 3937 universum
3447 3900 3548 3938 un-

271 3964 474 4027 decim,
507 3977 539 4017 e
569 3963 760 4032 quibus
788 3963 1023 4031 quinque
1054 3978 1157 4015 non
1197 3971 1351 4016 antea
1382 3961 1554 4028 lucem
1596 3975 1933 4032 aspexerant,
1967 3966 2185 4036 reliquae
2211 3967 2440 4024 diversis
2483 3984 2514 4024 e
2548 3970 2698 4027 libris
2735 3974 3123 4030 adsciscuntur.
3161 3977 3408 4032 Dicamus
3439 3979 3548 4046 pri-

273 4071 426 4113 mum
454 4056 520 4109 de
549 4059 830 4115 ἀναδότοις.
861 4055 1097 4121 Quatuor
1123 4070 1241 4123 qua:
1270 4054 1368 4107 sub
1394 4056 1629 4110 numeris
1652 4055 1809 4110 XCII.
1841 4057 1908 4111 ad
1946 4057 2104 4112 XCV.
2140 4060 2500 4127 continentur,
2531 4078 2597 4118 ex
2627 4065 2992 4120 Ambrosianie
3020 4068 3387 4133 Bibliothecre,
3430 4085 3552 4138 qua:

273 4145 566 4202 Mediolani
595 4153 698 4210 est,
730 4144 914 4199 codice
941 4145 1324 4212 manuscripto,
1351 4144 1478 4197 olim
1518 4143 1575 4198 S.
1607 4145 2016 4200 Columbanide
2044 4147 2233 4212 Bobio,
2268 4165 2416 4204 num.
2447 4151 2536 4207 59.
2576 4163 2631 4208 et
2662 4155 2702 4207 H
2729 4155 2904 4209 littera
2935 4169 3228 4224 praenotato
3265 4160 3552 4228 descripsi,

274 4247 596 4307 tantumque
623 4251 690 4290 ex
723 4234 1012 4304 illisipretii
1042 4243 1238 4289 nostrae
1262 4233 1485 4289 editioni
1514 4237 1806 4291 accessisse
1839 4237 2072 4303 conﬁdo,
2107 4232 2243 4296 ut‘si
2279 4249 2536 4311 praeterea
2573 4244 2706 4298 nihil
2738 4247 3031 4314 prmstitum
3061 4264 3090 4302 a
3118 4265 3204 4304 me
3231 4261 3394 4316 esset,
3421 4267 3543 4308 esse

276 4337 457 4382 tamen
489 4337 692 4396 putem,
722 4339 818 4379 cur
843 4325 974 4378 satis
1001 4324 1139 4380 bene
1173 4322 1240 4379 de
1281 4323 1816 4397 Hieronymianorum
1845 4343 2064 4397 operum
2094 4333 2437 4388 amatoribus.
2461 4348 2692 4387 merear.
2735 4335 2912 4390 Prima
2959 4350 3042 4394 est
3080 4342 3430 4399 celeberrima
3463 4346 3549 4402 illa

272 4417 568 4486 ‘l‘JieOphili
595 4426 782 4471 contra
814 4415 1665 4508 Origenemejusqueisectatores
1690 4418 1956 4490 Synodica
1992 4421 2245 4487 Epistola,
2279 4439 2343 4478 ex
2371 4435 2663 4494 qua-totam
2694 4425 2885 4491 ferme,
2917 4445 3141 4503 eamque
3171 4437 3365 4505 passim
3399 4438 3550 4508 igno-

277 4523 390 4566 tam
422 4509 762 4577 Origenianac
796 4521 972 4561 causa».
1001 4506 1277 4562 historiam
1307 4507 1593 4562 ediscimus
1619 4529 1632 4564 :
1667 4519 1776 4562 tum
1804 4509 2008 4566 lsidoro
2032 4512 2236 4567 afﬁcias
2264 4515 2606 4584 gravissimus
2634 4521 3017 4583 accusationes,
3057 4525 3402 4584 Nilriensium
3424 4506 3551 4583 Μο-

272 4602 581 4657 nachorum
616 4599 819 4661 turbas,
850 4609 906 4652 et
930 4598 1199 4662 Fratrum,
1231 4599 1321 4668 qui
1348 4599 1514 4669 Longi
1540 4602 1700 4669 vulgo
1727 4602 1967 4667 audiunt,
1997 4605 2174 4671 exilia,
2205 4607 2412 4678 aliaque
2441 4608 2763 4677 hujusmodi,
2793 4629 2896 4683 qua
2929 4614 3302 4674 hirreticorum
3334 4629 3554 4675 senten-
3617 4620 3621 4624 ”

275 4693 372 4746 liis
393 4689 566 4759 probe
589 4688 974 4757 intelligendis,
1003 4703 1105 4757 qua
1130 4689 1294 4743 rebus
1321 4693 1568 4758 utrinque
1595 4690 1758 4759 gestis
1784 4706 1882 4746 suo
1910 4695 2010 4748 rite
2038 4698 2264 4765 tempori
2294 4700 2688 4768 consignaudis,
2714 4705 2944 4758 maxime
2973 4712 3294 4770 necessaria,
3321 4725 3547 4778 quorum
3577 4683 3581 4688 ἡ

270 4783 628 4854 ignoratione
656 4795 688 4834 a
714 4780 887 4835 doctis
925 4781 1227 4836 hominibus
1254 4783 1308 4836 in
1348 4783 1452 4838 illis
1496 4783 1857 4841 edisserendis
1886 4789 2111 4846 subinde
2140 4804 2414 4862 peccatum
2464 4807 2568 4851 est.
2612 4799 2792 4854 Altera
2830 4801 2895 4852 ad
2925 4801 3374 4869 'l‘lieopliileusem
3406 4801 3558 4856 istam

273 4873 757 4945 Jerosolymitaua:
787 4873 985 4944 Synodi
1029 4875 1310 4941 responsio
1349 4883 1451 4940 est,
1492 4875 1680 4930 iisdem
1724 4877 1892 4934 ferme
1930 4881 2180 4938 insistens
2214 4889 2450 4957 vestigiis
2479 4906 2492 4940 :
2523 4891 2970 4957 quemadmodum
3003 4902 3055 4943 et
3084 4905 3203 4954 qua:
3241 4891 3401 4944 tertio
3437 4894 3560 4949 loco

273 4962 567 5027 ευδάῖωτν
594 4962 828 5032 bimis“
859 4962 1136 5017 Ῑιίάἀθηδῖε
1163 4963 1236 5018 ad
1261 4964 1432 5032 iPsum
1461 4965 1838 5035 Theophilum,
1884 4984 1952 5025 ex
1993 4975 2184 5042 quibus
2212 4987 2467 5044 quantum
2509 4977 2611 5032 sibi
2651 4980 2950 5032 animorum
2994 4987 3268 5033 sumerent
3309 4981 3556 5050 Origeui-

279 5067 412 5121 sue,
443 5067 652 5125 quasve
677 5055 918 5120 regiones
956 5065 1389 5126 pervagarentur,
1418 5057 1609 5126 quibus
1639 5059 1854 5114 tandem
1881 5063 2083 5118 artibus
2112 5065 2472 5134 imponerent,
2500 5067 2775 5122 discimus.
2809 5070 2883 5122 Ea
2919 5084 3048 5122 vero
3075 5069 3141 5125 de
3167 5084 3332 5125 causa.
3355 5072 3407 5126 in
3440 5071 3564 5129 Hie-

274 5148 736 5220 ronymianarum
766 5146 1185 5203 lucubrationum
1211 5163 1429 5203 censum
1450 5151 1691 5214 veniunt,
1724 5155 1866 5222 quod
1901 5157 1998 5210 abs
2025 5157 2347 5228 Hieronymo
2374 5159 2660 5214 Latinitate
2683 5161 2912 5224 donat-.0,
2941 5162 3059 5230 ejus
3090 5164 3302 5232 proprie
3331 5165 3438 5218 sint
3464 5167 3557 5235 ju-

273 5241 385 5296 ris.
413 5239 470 5294 ld
501 5251 686 5293 autem
717 5245 778 5291 ut
814 5252 972 5292 nemo
1007 5238 1524 5307 ullus,_qui.tantum
1557 5257 1651 5296 eas
1677 5243 1884 5311 legerit,
1914 5243 1965 5296 in
1997 5245 2214 5298 dubium
2247 5262 2438 5299 vocare
2467 5249 2677 5309 audeat,
2711 5259 2870 5318 utque
2910 5249 3018 5316 ipsa
3048 5253 3170 5322 styli
3191 5254 3457 5325 elegantia
3497 5277 3556 5312 ευ

273 5333 462 5387 statim
490 5329 706 5399 prodat,
750 5339 1013 5383 consonet
1054 5344 1234 5384 rerum
1279 5331 1465 5395 series,
1509 5348 1627 5401 qua:
1671 5333 2059 5398 edisseruntur,
2104 5335 2303 5388 codicis
2329 5349 2540 5402 quoque
2577 5337 2701 5390 Mss.
2748 5340 3034 5396 auclOI'ilaS
3077 5345 3329 5410 accedat.
3361 5359 3559 5417 pmslu

279 5421 449 5476 etiam
481 5430 564 5477 est
593 5435 707 5474 suze
737 5419 853 5488 ipse
887 5419 1008 5474 ﬁdei
1027 5419 1208 5489 jussor
1237 5419 1618 5489 Hieronymus,
1648 5424 1738 5491 qui
1771 5431 1957 5478 contra
1985 5424 2256 5478 Rufﬁuum
2285 5424 2586 5490 disputans,
2635 5428 2750 5484 illas
2778 5445 2838 5484 se
2863 5431 3050 5489 Latine
3077 5435 3375 5491 reddidisse
3403 5437 3560 5493 lucu-

271 5513 578 5570 lentissime
604 5510 897 5582 profitetur
926 5511 1009 5564 his
1039 5513 1218 5587 verbis
1253 5510 1349 5564 lib.
1378 5511 1432 5574 5,
1467 5510 1608 5564 Duas
1642 5513 1976 5580 Synodicam,
2011 5526 2071 5569 et.
2092 5515 2395 5569 Pasc/mlem
2435 5513 2724 5586 Theophili,
2745 5521 3005 5589 Epistolas
3045 5536 3223 5580 contra
3266 5505 3558 5597 Origenem,

273 5605 516 5675 illiusque
539 5603 826 5672 discipulos
853 5618 944 5672 per
967 5603 1060 5655 Itoc
1088 5605 1244 5670 ferme
1272 5600 1535 5653 biennium
1555 5602 1912 5670 interpretatus
1936 5622 2068 5669 sum,
2111 5617 2156 5658 et
2196 5608 2248 5659 in
2283 5606 2668 5672 ludiﬁcationem
2702 5610 2945 5665 Ecclesia:
2982 5614 3219 5684 legendas
3255 5625 3438 5668 unum
3461 5616 3562 5666 lin-

285 5713 407 5770 gnc
425 5698 713 5754 hominibus
746 5695 887 5750 dedi.
918 5693 988 5750 Et
1014 5693 1080 5750 dc
1102 5693 1222 5748 aliis
1248 5705 1459 5762 quoque
1490 5690 1584 5747 lib.
1617 5693 1665 5748 l.
1696 5692 1796 5749 sub
1823 5693 2049 5767 initium,
2081 5699 2186 5766 ubi,
2223 5698 2304 5766 Si,
2337 5697 2526 5765 inquit,
2551 5701 2794 5772 quidquid
2822 5713 2997 5757 contra
3030 5705 3297 5775 Origenem
3323 5709 3372 5756 et
3394 5706 3561 5752 secta:
