4048 6192
559 387 745 443 XLV"
1979 388 2362 446 PRIEFATIO.
3603 395 3810 454 XLVIII

558 512 692 556 tores
716 503 821 571 ejus
836 501 1037 567 dicitur,
1058 501 1111 554 in
1125 507 1171 554 te
1191 500 1382 554 dictant
1398 508 1564 569 putas,
1585 517 1704 571 ergo
1724 511 1771 556 et
1793 500 2038 572 Epistolas
2058 501 2222 567 Papa
2252 501 2542 572 Theophili,
2567 511 2612 556 et
2631 501 2932 573 Epiphauii,
2955 513 3001 557 et
3027 503 3247 559 aliorum
3274 503 3663 575 Episcoporum,
3688 527 3808 578 quas

556 607 719 661 nuper
737 592 860 661 ipsis
878 591 1155 657 iubentibus
1175 592 1430 651 transtuli.
1454 601 1501 646 te
1515 601 1708 662 petunt,
1737 603 1783 646 te
1804 594 2046 649 lacerant.
2073 595 2358 652 Enimvero
2381 610 2501 650 cum
2521 605 2715 664 praeter
2734 596 3086 666 Epiphanium
3109 598 3242 653 alios
3265 598 3557 669 Episc0pos
3574 601 3738 668 addit,
3762 606 3806 659 si

555 677 1012 752 Jerosolymitanae
1037 681 1238 752 Synodi
1263 681 1468 748 Patres,
1494 691 1548 738 et
1569 683 1876 753 Dionysium
1904 685 2244 754 Liddensem,
2265 703 2490 759 quorum
2508 687 2761 752 epistolas
2791 688 2857 742 ad
2878 688 3227 758 Theophilum
3249 700 3432 745 contra
3455 690 3736 760 Origenem
3757 681 3818 746 in

555 768 733 825 lucem
746 769 968 836 edimus,
988 769 1341 842 Hieronymus
1354 787 1459 826 non
1474 772 1750 838 intellexit,
1765 773 1906 828 aliud
1921 777 2222 846 excogitare
2235 787 2664 848 argumentorum
2680 792 2846 847 genus
2859 777 2925 832 ad
2941 792 3122 832 earum
3136 778 3431 834 litterarum
3445 796 3565 835 cum
3588 781 3667 836 his
3681 799 3810 853 quas

553 861 909 930 Hieronymus
933 860 1152 926 indicat,
1174 864 1500 932 probandam
1521 878 1813 929 ταυτότητα,
1841 867 2069 921 otiosum
2097 871 2181 924 sit.
2207 870 2336 936 Quae
2361 885 2521 939 porro
2542 869 2627 924 his
2653 870 2894 924 succedit
2920 869 3074 925 XCV.
3102 872 3368 926 Anastasii
3400 873 3557 943 Papae
3579 875 3644 928 ad
3671 875 3809 929 Sim~

555 952 857 1023 plieianum,
881 953 1022 1022 quod
1043 963 1190 1008 arcto
1215 970 1334 1009 cum
1364 958 1725 1025 superioribus
1747 975 1885 1015 nexu
1902 961 2083 1030 juncta
2105 963 2175 1015 sit
2193 970 2529 1027 etconserta,
2551 961 2726 1016 locum
2747 962 2869 1030 jure
2897 976 2995 1016 suo
3016 963 3154 1017 inter
3181 963 3618 1034 Hieronymianas
3639 981 3810 1034 expo-

559 1056 710 1096 scere
731 1043 842 1097 visa
865 1052 965 1098 est.
988 1045 1062 1100 De
1085 1045 1222 1100 illius
1243 1048 1614 1115 germanitate,
1638 1059 1796 1118 atque
1816 1051 2025 1120 ingenio
2049 1052 2164 1120 plus
2183 1052 2410 1105 fortasse
2437 1065 2593 1120 quam
2622 1052 2751 1104 satis
2773 1051 2822 1105 in
2845 1049 2994 1105 Notis
3019 1051 3301 1120 disputavi.
3337 1053 3430 1106 llis
3457 1053 3613 1106 aliam
3642 1053 3810 1122 adjeci

552 1134 608 1187 in
642 1133 702 1189 V.
731 1133 915 1190 Classe
942 1136 1042 1190 sub
1081 1153 1228 1190 num.
1256 1137 1484 1194 CXLIX.
1518 1141 1838 1210 exscriptam
1868 1157 1932 1196 ex
1972 1141 2142 1196 Vatic.
2173 1141 2304 1197 Cod.
2339 1142 2462 1197 652.
2500 1141 2640 1195 haud
2669 1144 2847 1212 magni
2891 1141 3102 1212 quidem
3143 1143 3285 1197 illam
3328 1146 3500 1213 pretii,
3540 1145 3634 1200 sed
3674 1145 3815 1214 quod

539 1222 954 1296 _llieronymiani
979 1228 1226 1292 nominis,
1253 1230 1458 1282 tametsi
1478 1231 1738 1294 ementiti,
1759 1233 2101 1300 prterogativa
2127 1233 2488 1299 insigniretur,
2523 1241 2641 1300 post
2657 1232 2789 1286 duas
2809 1233 2940 1287 alias
2956 1236 3288 1304 apocryphas
3310 1251 3411 1289 non
3438 1236 3805 1291 omittendam.

625 1315 678 1367 6.
723 1315 828 1368 Sea:
852 1317 970 1369 alite
993 1318 1091 1370 huc
1117 1319 1332 1386 primunt
1361 1319 1584 1372 adscitur.
1607 1349 1678 1358 ——
1699 1319 1742 1372 Ε
1769 1335 1862 1374 sex
1892 1321 2029 1382 aliis,
2059 1337 2190 1390 quas
2224 1323 2440 1376 aliunde
2483 1322 2714 1375 adscitas
2741 1321 3171 1393 Hieronymianis
3201 1339 3641 1391 annumeramus,
3672 1326 3817 1396 quod

553 1404 639 1457 vel
671 1404 738 1458 ad
767 1404 1144 1476 Hieronymum
1169 1409 1362 1476 ipsum,
1395 1412 1508 1463 sive
1537 1409 1604 1464 de
1632 1411 1916 1478 propositis
1946 1411 2010 1464 ad
2038 1427 2160 1465 eum
2186 1412 2572 1481 quaestionibus
2602 1412 2814 1480 scripta:
2869 1413 2997 1479 sint,
3029 1414 3112 1468 vel
3139 1413 3204 1467 ad
3243 1414 3358 1484 ejus
3389 1416 3659 1471 historiam
3694 1427 3813 1471 tota:

554 1493 872 1562 pertineant,
903 1505 1010 1551 tres
1038 1497 1342 1552 Innocentio
1368 1499 1628 1553 debentur
1660 1499 1921 1554 CXXXV.
1955 1511 2006 1555 et
2036 1502 2154 1556 duae
2191 1513 2496 1572 sequentes,
2547 1501 2875 1570 totidemque
2916 1503 3230 1574 Augustino,
3277 1506 3480 1560 scilicet
3516 1510 3816 1563 centesima

557 1586 823 1654 trigesima
854 1589 1019 1656 prima
1051 1600 1104 1642 et
1133 1590 1388 1653 secunda,
1421 1599 1474 1642 et
1501 1589 1726 1642 CXLIV.
1775 1590 1850 1643 De
1875 1600 2142 1659 postrema
2187 1593 2289 1644 ista
2315 1591 2526 1660 praefari
2568 1590 2826 1644 nonnulla
2867 1593 3106 1656 interest,
3149 1593 3365 1662 reliqua:
3403 1595 3542 1648 enim
3575 1598 3816 1650 notiores

553 1687 700 1739 sunt,
731 1693 888 1745 quam
918 1693 1079 1747 opera
1109 1691 1286 1734 nostra
1315 1691 1369 1733 ut
1397 1680 1684 1750 indigeant.
1710 1679 2019 1735 lnscribitur
2045 1681 2131 1734 illa
2162 1682 2227 1733 ad
2258 1681 2499 1751 Optatum
2535 1683 2598 1736 de
2621 1693 2804 1739 natura
2829 1692 2876 1737 et
2906 1685 3099 1754 origine
3139 1684 3321 1737 anima:
3347 1701 3366 1737 :
3391 1684 3457 1738 de
3485 1684 3812 1756 Hieronymo

553 1775 732 1821 autem
767 1770 1076 1837 qtnestionis
1101 1771 1217 1840 ejus
1242 1771 1440 1826 arbitro
1472 1773 1704 1842 loquitur
1726 1773 1792 1826 ad
1826 1773 1936 1828 lere
1973 1774 2224 1827 medium.
2265 1772 2399 1827 Cum
2433 1776 2872 1844 Augustinianam
2899 1777 3186 1831 editionem
3226 1777 3550 1831 Benedictini
3583 1780 3810 1833 adorna-

555 1865 694 1920 rent,
725 1859 961 1912 nondnm
1001 1859 1091 1912 illa
1130 1861 1399 1929 prodierat
1425 1863 1475 1914 in
1507 1863 1700 1927 lucem,
1733 1879 1850 1932 qua:
1890 1878 1996 1915 non
2036 1864 2105 1915 ita
2137 1862 2337 1930 pridem
2372 1864 2423 1916 in
2471 1863 2792 1919 Monasterio
2836 1866 3184 1922 Gottwicensi
3225 1880 3431 1937 reperta
3467 1869 3516 1920 in
3549 1885 3649 1922 ms.
3684 1871 3808 1923 cod.

555 1947 746 2002 decimi
775 1950 913 2003 tertii
945 1951 1157 2006 circiter
1184 1953 1375 2006 ususculi
1405 1967 1507 2006 una
1534 1966 1654 2006 cum
1686 1953 1788 2005 alia
1815 1967 1932 2021 qua:
1959 1953 2026 2004 ad
2057 1951 2264 2005 Petrum
2290 1962 2336 2005 at
2363 1951 2618 2006 Abraham
2655 1953 2983 2019 inscribitur,
3019 1956 3236 2011 Vienna:
3267 1958 3498 2011 Austriat
3540 1960 3803 2026 superiori

555 2055 696 2095 anno
733 2041 889 2096 1732.
922 2044 1145 2112 primum
1178 2043 1316 2114 typis
1349 2053 1430 2097 est
1469 2043 1736 2113 evulgata.
1778 2043 1909 2113 Ejus
1935 2052 2237 2109 γνησιὸτητα,
2268 2043 2335 2098 de
2366 2059 2468 2113 qua
2497 2044 2636 2099 datis
2665 2045 2734 2100 ad
2776 2061 2863 2101 me
2902 2047 3097 2102 litteris
3130 2047 3272 2102 docti
3313 2048 3515 2118 aliquot
3542 2049 3638 2103 viri
3675 2049 3816 2103 haud

555 2133 716 2202 plane
746 2133 936 2186 merito
960 2133 1384 2202 suspicabantur,
1419 2135 1528 2204 ipSe
1557 2134 1800 2203 inprimis
1830 2131 2164 2186 monumenti
2195 2141 2477 2187 contextus
2507 2134 2712 2203 probat,
2739 2136 2823 2189 cui
2853 2137 3046 2190 mirum
3089 2137 3140 2190 in
3172 2137 3386 2191 modum
3416 2138 3648 2191 concinit
3673 2155 3811 2207 quat!-

555 2224 744 2276 stion's
783 2223 899 2293 ejus
928 2217 1166 2289 historia,
1213 2233 1268 2278 et
1296 2226 1638 2293 scriptionum
1682 2239 1742 2278 ea
1769 2223 1837 2277 de
1880 2239 1936 2277 re
1973 2223 2297 2292 Hieronymi,
2329 2225 2628 2293 Augustini,
2660 2234 2820 2295 atque
2863 2224 3039 2295 Optati
3083 2227 3272 2292 series,
3317 2237 3426 2280 turn
3459 2223 3703 2289 Pas-sithi,
3751 2241 3815 2279 ac

561 2311 821 2381 Fulgentii
854 2314 1154 2368 testimonia
1177 2314 1483 2384 planissime
1507 2317 1779 2369 evincunt.
1805 2313 1935 2367 Nam
1962 2331 2081 2368 cum
2112 2328 2212 2367 una
2253 2316 2620 2369 tantummodo
2645 2317 2928 2386 Augustini
2958 2317 3023 2372 ad
3051 2318 3302 2386 Optatum
3332 2318 3551 2385 epistola
3587 2321 3817 2386 supersit

555 2403 610 2455 in
641 2402 800 2457 editis
839 2403 1006 2469 libris,
1036 2420 1156 2474 qua:
1199 2421 1475 2459 numerum
1507 2407 1710 2460 obtinet
1737 2403 1890 2460 CXC.
1933 2404 2067 2459 duas
2095 2404 2365 2460 Possidius
2411 2407 2464 2459 in
2495 2405 2728 2462 lndicula
2766 2419 3064 2473 enumerat,
3108 2408 3417 2477 Fulgentius
3449 2425 3572 2464 vero
3615 2410 3713 2463 lib.
3757 2410 3811 2462 5.

556 2493 628 2548 de
657 2490 876 2547 Veritate
909 2492 1378 2549 Prwdestinationis
1404 2511 1522 2565 cap.
1551 2497 1638 2551 18.
1671 2505 1777 2550 tres
1803 2497 2001 2551 laudat.
2035 2496 2142 2550 Nec
2171 2497 2405 2566 disputo,
2435 2497 2520 2552 cui
2563 2498 2734 2565 potior
2771 2498 3068 2553 adhibenda
3109 2498 3178 2551 sit
3210 2497 3376 2562 ﬁdes;
3405 2498 3498 2552 sed
3526 2498 3664 2568 quod
3691 2513 3816 2568 pru-

558 2586 792 2653 positum
817 2594 1042 2655 spectat,
1067 2603 1229 2641 unum
1257 2603 1442 2657 urgeo,
1480 2605 1583 2641 non
1619 2589 1787 2642 solum
1810 2590 2110 2661 Fulgentio,
2139 2592 2233 2646 sed
2259 2589 2358 2660 ipsi
2382 2590 2540 2644 etiam
2565 2588 2825 2655 Possidio,
2847 2604 3004 2659 quem
3035 2602 3200 2658 penes
3227 2589 3400 2642 minor
3421 2602 3501 2643 est
3537 2605 3813 2649 numeros,

557 2677 700 2732 hanc
727 2677 891 2731 fuisse
914 2678 1202 2748 cognitam,
1235 2694 1354 2734 cum
1381 2680 1499 2732 illas
1535 2679 1676 2735 dicat
1701 2690 1876 2734 contra
1906 2679 2350 2744 Priscillianistas,
2391 2681 2505 2734 sive
2543 2679 2612 2734 de
2654 2680 2952 2733 animarum
2978 2681 3269 2749 quaestione
3308 2690 3574 2733 exaratas.
3609 2678 3714 2733 Sed
3761 2691 3813 2732 ut

558 2767 704 2821 nulla
732 2767 958 2836 amplius
983 2769 1255 2824 dubitandi
1283 2769 1514 2839 supersit
1543 2771 1696 2833 ratio,
1730 2769 1856 2825 facit
1899 2769 2124 2840 Eugypii
2166 2771 2386 2825 Abbatis
2416 2771 2722 2834 auctoritas,
2764 2769 2881 2838 ejus
2927 2784 3140 2837 nempe,
3168 2768 3258 2838 qui
3288 2768 3387 2822 sub
3413 2768 3584 2838 quinti
3633 2771 3814 2823 sa-culi

559 2860 745 2924 linem,
774 2875 838 2914 ex
863 2859 1096 2928 operibus
1125 2860 1186 2915 S.
1217 2861 1505 2931 Augustini,
1536 2870 1594 2914 ut
1618 2860 1921 2916 Cassiodori
1968 2861 2144 2916 verbis
2174 2869 2311 2927 utar,
2339 2861 2656 2929 quastioues,
2683 2875 2744 2912 ac
2780 2860 3073 2922 sententias,
3101 2875 3160 2911 ac
3187 2859 3408 2912 diversas
3434 2875 3512 2912 res
3538 2859 3809 2927 tle/larens,

556 2953 611 3006 in
657 2967 760 3005 uno
799 2966 1008 3022 corpore
1047 2953 1265 3023 collegit.
1318 2953 1480 3021 Cujus
1523 2955 1723 3023 operis,
1765 2953 1879 3008 sive
1925 2963 1981 3007 ut
2024 2954 2074 3007 in
2125 2952 2446 3008 editionibus
2489 2950 2799 3014 Basileensi,
2847 2966 2911 3004 ac
2947 2949 3148 3004 Veneta
3196 2950 3521 3016 inscribitur,
3571 2949 3820 3004 Thesauri

558 3055 678 3109 cap.
711 3041 834 3096 345.
865 3041 1096 3113 (tametsi
1129 3043 1286 3098 modo
1319 3042 1563 3098 laudatus
1590 3041 1941 3098 Cassiodorus
1981 3043 2192 3097 nonnisi
2238 3041 2468 3095 trecentis
2497 3040 2704 3109 triginta
2746 3049 2858 3093 octo
2888 3047 3056 3093 totum
3087 3054 3222 3108 opus
3248 3040 3693 3107 comprehensum
3731 3038 3813 3092 di-

565 3131 674 3203 cat)
701 3131 770 3188 de
797 3149 862 3188 eo
890 3133 1183 3205 diSputans,
1223 3134 1405 3190 Utrum
1433 3134 1731 3206 singillatim
1755 3150 1786 3188 a
1818 3131 1928 3188 Deo
1949 3143 2172 3188 creatore
2192 3132 2495 3186 lineamenta
2525 3133 2824 3201 formentur,
2851 3139 2899 3182 et
2921 3122 3192 3182 de‘animee
3219 3128 3512 3198 quwstione,
3546 3132 3820 3198 ingentem

565 3236 632 3276 ex
670 3221 770 3276 hac
800 3223 908 3292 ipsa
938 3225 1161 3294 epistola
1185 3225 1425 3280 laciniam
1452 3226 1519 3279 ab
1545 3233 1734 3280 octavo
1760 3239 1984 3279 numero
2017 3222 2084 3278 ad
2112 3222 2270 3278 linem
2295 3235 2462 3290 usque
2489 3220 2708 3275 totidem
2736 3219 2913 3275 verbis
2942 3220 3013 3274 ita
3040 3217 3312 3284 describit,
3349 3230 3406 3272 ut
3429 3220 3565 3273 hanc
3592 3219 3820 3274 Gottvvi-

566 3317 743 3369 censis
764 3315 862 3370 bis.
886 3317 1028 3370 illam
1058 3318 1225 3386 ipsam
1248 3332 1432 3370 revera
1453 3331 1593 3381 esse,
1615 3330 1775 3383 quam
1803 3315 2122 3384 lliponensis
2145 3315 2425 3383 episcopus
2444 3313 2510 3367 ad
2531 3311 2781 3383 Optatum
2805 3311 2974 3376 dedit,
3005 3312 3432 3366 manifestissime
3449 3311 3816 3366 concludatur.

567 3404 705 3470 Quin
724 3405 882 3459 etiam
907 3406 1015 3459 duo
1035 3397 1125 3458 aut
1147 3416 1254 3459 tres
1283 3406 1382 3457 loci
1409 3415 1533 3458 sunt
1559 3407 1610 3457 in
1633 3403 1924 3471 archetypo
1945 3403 2058 3465 illo,
2085 3412 2140 3455 et
2164 3402 2558 3455 Viudobonensi
2579 3402 2812 3455 editione
2837 3401 3080 3455 nonnihil
3101 3402 3336 3468 corrupti
3357 3401 3649 3455 scribarum
3670 3403 3821 3456 iucu-

565 3496 664 3558 ria,
698 3495 787 3565 qui
813 3511 877 3549 ex
910 3497 1216 3564 Eugypiano
1242 3509 1406 3562 opere
1438 3493 1590 3547 facile
1615 3493 1822 3547 restitui
1851 3491 2075 3559 possint,
2108 3499 2266 3560 atque
2294 3490 2412 3543 heic
2437 3490 2652 3558 quidem
2678 3499 2866 3543 auctor
2885 3504 3003 3543 sum
3029 3499 3084 3541 ut
3107 3490 3488 3553 restituantur;
3519 3503 3640 3544 eum
3671 3495 3820 3546 enim

561 3587 709 3640 illam
748 3585 1025 3653 epistolam
1057 3583 1396 3654 typographis
1421 3582 1540 3636 dedi
1583 3580 1971 3645 excutiendam,
2003 3579 2235 3634 nondum
2266 3578 2488 3648 Eugypii
2518 3578 2710 3632 librum
2737 3578 2872 3632 meis
2901 3579 3015 3647 ipse
3058 3577 3224 3631 oculis
3251 3579 3645 3634 consulueram.
3682 3579 3820 3636 Sunt

561 3685 741 3731 autem
761 3675 1179 3744 hujusmodicol.
1205 3673 1362 3729 l070.
1389 3688 1530 3726 vers.
1552 3673 1612 3728 ll
1627 3711 1640 3725 .
1661 3686 1757 3743 pro
1778 3671 1958 3726 Utrum
1980 3672 2159 3724 harant
2173 3671 2253 3724 vis
2273 3668 2691 3724 utconllrmem?
2709 3667 2887 3722 malim
2906 3667 3268 3739 Eugypianum
3291 3684 3446 3722 unum
3464 3669 3662 3735 horum,
3685 3681 3818 3734 ete.,

562 3769 766 3838 absque
794 3766 1156 3837 interrogandi
1181 3775 1302 3821 nota
1332 3786 1346 3822 ;
1370 3764 1502 3819 infra
1535 3779 1692 3821 versu
1719 3773 1908 3834 quarto
1927 3778 1957 3817 a
1979 3762 2105 3827 line,
2135 3762 2312 3816 verbis
2337 3761 2538 3814 initium
2564 3775 2746 3842 meum,
2773 3757 2896 3812 addi
2922 3768 3041 3827 post
3067 3757 3404 3826 parenthesin
3432 3760 3628 3812 utinam
3649 3769 3821 3813 tamen

559 3877 666 3916 non
699 3861 922 3926 initium,
957 3861 1163 3914 tametsi
1197 3875 1291 3928 pro
1321 3876 1420 3912 non
1463 3857 1640 3912 Abbas
1669 3857 1760 3911 ille
1785 3856 1976 3910 vitiose
1997 3871 2129 3909 nunc
2151 3854 2286 3924 legat
2312 3870 2327 3919 ;
2351 3853 2580 3922 denique
2603 3851 2707 3906 col.
2733 3851 2891 3906 4072.
2917 3865 3058 3906 vers.
3085 3850 3171 3906 10.
3200 3851 3318 3906 loco
3343 3852 3542 3906 intuens
3561 3853 3814 3908 substitui

563 3959 788 4007 metuens
813 3971 826 4007 :
851 3960 1044 4006 caetera
1077 3952 1128 4006 in
1153 3951 1346 4020 quibus
1380 3966 1409 4003 a
1444 3958 1648 4015 nostra,
1672 3955 1832 4018 atque
1855 3945 1989 4001 adeo
2027 3945 2125 4000 Ms.
2159 3945 2388 3999 lectione
2415 3942 2597 3997 ditfert
2621 3940 2910 4012 Eugypius,
2943 3950 3035 3995 aut
3061 3939 3131 3995 de
3168 3940 3336 3996 nihilo
3359 3950 3504 4009 sunt,
3531 3950 3622 3996 aut
3660 3941 3822 3996 libra-

562 4050 768 4103 riorum
792 4057 936 4112 sunt,
960 4054 1237 4120 σφάλματα.

633 4142 688 4195 7.
733 4141 962 4210 Quinque
999 4141 1326 4210 epistolarum
1360 4139 1578 4204 Classes,
1610 4137 1939 4205 Argumenta,
1968 4130 2387 4202 Capitulationes,
2419 4137 2524 4183 etc.
2549 4157 2618 4169 -
2643 4125 2761 4182 Jam
2790 4139 2920 4180 vero
2948 4123 3089 4196 quod
3114 4134 3196 4180 est
3225 4135 3480 4196 prteterea
3508 4139 3538 4178 a
3567 4139 3651 4180 me
3682 4140 3822 4194 pra:-

571 4237 778 4301 stitum,
811 4235 993 4290 dicere
1017 4234 1314 4304 expediam.
1343 4232 1631 4289 Universos
1653 4229 1920 4301 Epistolas
1950 4228 2019 4282 ita
2047 4225 2302 4281 collectas
2332 4223 2383 4277 in
2411 4222 2643 4291 quinque
2663 4219 2874 4274 Classes
2901 4218 3144 4280 distinxi,
3169 4233 3301 4288 quas
3325 4233 3356 4272 e
3381 4217 3664 4288 praecipuis
3690 4217 3825 4272 llic-

562 4332 773 4401 ronymi
808 4331 937 4386 Vita:
963 4330 1273 4395 momentis,
1307 4341 1575 4397 nunquam
1606 4325 1897 4394 interrupta
1940 4335 2119 4376 rerum
2151 4317 2311 4382 serie,
2342 4329 2458 4368 sum
2489 4312 2815 4381 auspicatus.
2849 4309 3026 4363 Prima
3059 4309 3174 4363 illas
3194 4309 3438 4401 exhibet,
3467 4307 3824 4401 quas-ihero-

569 4398 765 4493 nymus
793 4423 859 4476 ab
884 4438 1022 4476 anno
1051 4422 1177 4488 570,
1213 4430 1496 4489 antequam
1523 4431 1758 4474 eremum
1787 4422 2011 4485 peteret,
2045 4408 2377 4481 potissimum
2413 4419 2542 4458 vero
2573 4403 2625 4456 in
2664 4401 2778 4471 ipsa
2807 4415 2990 4493 eremo
3018 4398 3320 4493 scripsitad
3355 4413 3521 4493 usque
3549 4398 3688 4493 ἱ
3713 4412 3825 4493 quo

571 4488 770 4567 dudum
813 4513 995 4567 relicta
1037 4488 1366 4576 solitudine,
1387 4511 1660 4564 contendit
1688 4508 1933 4561 Romam.
1976 4504 2032 4558 In
2075 4503 2241 4556 altera
2293 4498 2396 4552 illae
2427 4493 2742 4557 succedunt,
2769 4505 2902 4561 quas
2931 4490 3117 4545 Romae
3144 4489 3291 4545 dedit
3329 4491 3397 4544 ab
3424 4505 3563 4543 anno
3591 4489 3716 4544 382.
3755 4488 3827 4544 ad

567 4603 706 4656 ultra
737 4601 968 4656 medium
999 4602 1122 4656 385.
1153 4617 1259 4671 quo
1296 4600 1520 4654 Romani
1549 4608 1808 4667 pertwsus
1835 4595 2116 4656 ineolatus,
2145 4588 2414 4653 discessit,
2451 4595 2506 4640 et
2531 4583 2919 4654 Jerosolymam
2949 4582 3232 4651 navigavit.
3267 4579 3474 4635 Exinde
3505 4580 3658 4634 tertia
3686 4579 3829 4671 illas

565 4694 961 4765 complectitur,
992 4709 1122 4763 quas
1150 4669 1186 4746 e
1203 4692 1498 4748 Betltleetui
1527 4689 1849 4743 monasterio
1876 4687 1943 4740 ab
1968 4699 2109 4740 anno
2137 4681 2259 4738 386.
2291 4679 2526 4748 scripsit,
2555 4690 2722 4744 usque
2747 4673 2811 4728 ad
2827 4673 2962 4765 ‘400.
2997 4687 3105 4765 quo
3129 4671 3346 4765 demum
3368 4671 3426 4765 in
3455 4669 3826 4765 eleuattdrina

565 4758 786 4860 Synodo
813 4758 1070 4854 Origenes
1096 4784 1377 4838 damnatus
1403 4789 1504 4835 est.
1536 4780 1608 4833 Ea
1639 4792 1830 4845 netnpe
1860 4776 2113 4842 temporis
2150 4771 2351 4826 nutatio
2383 4767 2550 4823 ferme
2581 4774 2662 4860 est
2695 4763 2934 4860 omnium
2962 4759 3433 4860 utilissima-probe
3464 4758 3830 4828 intelligendis

567 4851 999 4948 Hieronymianis
1028 4873 1302 4943 Epistolis,
1329 4887 1449 4944 qua:
1479 4871 1532 4924 in
1561 4867 1882 4930 Adamantii,
1911 4865 2130 4935 ejusque
2161 4866 2420 4916 lautorum
2453 4856 2728 4912 erroribus
2763 4852 3094 4948 exagitandis
3123 4862 3179 4905 ut
3207 4851 3829 4948 plurimum-versantur.

567 4944 914 5035 Quarta‘illas
958 4973 1324 5034 reprzesentat,
1353 4978 1484 5034 quas
1523 4960 1592 5014 ab
1635 4975 1703 5014 eo
1742 4969 1997 5025 tempore.
2041 4957 2154 5010 sive
2195 4969 2336 5008 anno
2361 4953 2456 5007 tOl
2491 4951 2549 5006 S.
2591 4948 2777 5002 doctor
2812 4944 2877 4998 ad
2903 4945 3216 5012 vinetisque
3246 4945 3426 5009 linem,
3470 4944 3580 4998 sive
3622 4956 3829 4998 annum

589 5061 716 5116 420.
757 5061 1013 5114 exaravit.
1060 5058 1114 5112 lu
1164 5057 1399 5126 quintam
1439 5054 1671 5124 denique
1713 5053 1941 5106 classem
1991 5059 2097 5102 tres
2139 5049 2187 5102 ill

2235 5062 2255 5100 s
2293 5046 2504 5114 redegi,
2555 5054 2776 5110 quarutn
2821 5049 3030 5106 tempus
3085 5037 3262 5090 minus
3301 5045 3668 5105 compertum,
3726 5037 3833 5092 iis~

567 5168 673 5222 que
713 5160 822 5205 tres
869 5152 1022 5211 alias,
1065 5148 1259 5203 minori
1301 5157 1473 5202 tamen
1515 5146 1826 5200 charactere
1870 5143 2144 5196 distinctas
2191 5139 2419 5198 subdidi,
2465 5151 2690 5206 quarum
2735 5137 2934 5188 Auctor
2979 5131 3213 5184 incertus
3249 5137 3350 5222 est.
3394 5128 3670 5181 Postremo
3709 5130 3834 5184 sin-

568 5221 810 5312 guarum
852 5255 1196 5313 argumenta,
1237 5256 1355 5310 qua:
1403 5239 1622 5308 plurima
1661 5252 1728 5291 ex
1775 5235 2000 5289 Erasmo
2040 5233 2222 5287 Editur
2270 5231 2642 5286 Benedictinus
2689 5227 3081 5294 descripserat,
3123 5221 3396 5276 erroribus
3434 5228 3610 5313 autem
3648 5230 3838 5313 sca—te.

573 5310 720 5398 bant,
754 5310 1171 5403 atque—Itistorim
1201 5335 1395 5401 smpitts
1419 5329 1855 5389 adversabantur,
1899 5335 1989 5379 aut
2013 5341 2077 5379 ex
2112 5327 2314 5392 integro
2346 5321 2557 5385 excudi,
2605 5328 2696 5372 aut
2723 5327 2868 5372 certe
2896 5315 3080 5385 majori
3111 5328 3177 5366 ex
3209 5321 3360 5380 parte
3402 5310 3682 5403 eaStigavi.
3720 5311 3838 5368 Ca-

572 5425 918 5498 pitulationes
940 5439 1104 5478 novas
1122 5425 1232 5479 fere
1258 5436 1445 5478 omnes
1473 5422 1651 5476 induxi
1678 5437 1690 5472 :
1719 5419 1950 5487 przrlixis
1979 5418 2138 5470 etiam
2163 5412 2449 5468 uumcricis
2475 5411 2637 5478 notis,
2660 5423 2884 5480 quarum
2910 5421 3015 5476 ape
3041 5413 3095 5458 et
3117 5403 3340 5472 legentis
3365 5402 3622 5498 memoria
3651 5406 3833 5498 susti-

573 5494 756 5583 netur,
785 5525 840 5572 et
883 5517 1191 5570 citationum
1213 5532 1339 5569 usus
1363 5517 1518 5583 lange
1540 5523 1622 5568 est
1650 5511 2230 5583 cxpeditior..Deniqne
2267 5525 2332 5564 ne
2357 5508 2592 5564 laborem
2621 5509 2734 5578 ipse
2762 5521 2937 5561 meum
2964 5508 3278 5572 arroganter
3307 5496 3582 5598 venditare
3608 5494 3834 5598 .videar,

576 5609 786 5664 Indices
811 5604 1229 5672 Scripturarum.
1261 5617 1323 5654 ac
1347 5617 1526 5656 rerum
1555 5603 1659 5657 duo
1684 5617 1750 5658 ex
1776 5603 1961 5658 amicis
1985 5603 2182 5658 nostris
2202 5601 2446 5660 studiose
2480 5599 2944 5669 comparaverunt.
2973 5595 3253 5663 Superest,
3282 5589 3423 5660 quod
3450 5589 3697 5659 promisi,
3733 5601 3836 5642 ra-

575 5702 750 5756 tiones
772 5694 1172 5764 chronologicas
1197 5692 1465 5748 exhibere.
