4048 6192
229 343 364 403 sua
383 418 385 420 η

848 520 1595 599 EPISTOLARUM

230 445 1566 483 ________________._____—

1631 321 2014 380 PRAEFATIO.
3414 327 3454 379 ι

1635 517 1927 591 ORDO
1970 512 2857 588 CHRONOLOGICUS

1236 669 1749 733 ARGUMENTIS
1791 666 2466 728 DEMONSTRATUR.

872 823 1785 942 EPISTOLE

1910 821 1983 929 l.
2069 817 2771 932 CLASSIS

437 1041 601 1094 quas
646 1032 1054 1080 uteuoamus
1097 1028 1480 1073 portssnmnt
1523 1028 1561 1068 Ε
1601 1023 1881 1069 CALCIDIS
1926 1019 2144 1063 annuo
2185 1019 2461 1062 scatrsrr
2489 1019 2570 1060 an
2611 1015 2778 1059 anno
2820 997 2943 1056 370
2990 1015 3070 1056 an
3110 996 3247 1057 380.

289 1165 322 1218 I.
350 1165 560 1231 Scﬁpta
587 1161 712 1212 circ.
745 1173 828 1208 an.
857 1152 980 1207 570.
1021 1160 1108 1203 aut
1147 1151 1272 1203 571.
1303 1177 1372 1187 —-
1393 1147 1527 1200 lIuic
1553 1146 1782 1214 primum

225 1255 271 1307 in
319 1251 676 1321 epistularum
704 1245 841 1300 serie
867 1242 1040 1296 locum
1067 1239 1377 1301 asserimus,
1403 1251 1520 1306 qum
1542 1234 1786 1288 eumdem

215 1345 316 1396 sibi
358 1341 576 1395 videtur
607 1336 878 1390 vindicare
920 1332 972 1384 in
1018 1329 1239 1396 reliquis
1276 1327 1437 1381 etiam
1482 1323 1790 1392 Hieronymi

217 1430 455 1499 scriptis,
491 1429 556 1482 iis
583 1427 778 1480 saltem
806 1437 922 1492 quae
950 1420 1050 1489 legi
1079 1428 1264 1472 auctor
1292 1432 1320 1469 a
1349 1417 1580 1484 posteris
1608 1412 1793 1474 voluit,

221 1532 271 1581 et
294 1522 357 1577 ad
387 1536 490 1573 nos
520 1533 693 1586 usque
721 1517 1064 1569 devenerunt.
1097 1508 1384 1563 Proﬁtetur
1412 1506 1591 1560 statim
1626 1504 1792 1563 initio,

223 1618 368 1669 otium
393 1611 544 1679 quasi
571 1608 844 1676 quamdam
870 1602 1054 1673 ingenii
1084 1601 1364 1669 rubiginem
1389 1597 1655 1666 parvulam
1686 1595 1796 1646 licet

227 1705 416 1777 pristini
450 1701 639 1773 eloquii
663 1701 745 1754 sui
768 1698 1059 1766 facultatem
1099 1694 1350 1746 siccasse:
1378 1698 1432 1742 et
1463 1688 1620 1756 paulo
1661 1685 1790 1737 infra

226 1815 278 1855 se
303 1799 542 1868 queritur
586 1792 858 1852 hominem,
889 1786 975 1856 qui
1007 1799 1096 1837 nec
1135 1782 1256 1834 dum
1299 1778 1543 1831 scalmum
1583 1777 1634 1826 in
1677 1774 1790 1826 lacu

228 1862 419 1950 rexerit,
463 1884 654 1940 Euxini
698 1882 852 1935 maris
882 1877 1017 1932 credi
1046 1873 1359 1946 fragoribus;
1398 1867 1589 1936 quibtm
1619 1862 1793 1933 profe-

227 1992 304 2034 cto
330 1978 493 2032 otium
527 1982 649 2043 post
692 1982 910 2024 romana
960 1963 1152 2023 studia,
1198 1958 1571 2025 inductamque
1632 1967 1789 2022 pere-

230 2064 533 2140 grinationis
563 2061 913 2117 diuturnitate
957 2053 1252 2122 rubiginem
1301 2062 1406 2101 non
1453 2046 1679 2099 obscure
1714 2042 1794 2094 in-

230 2131 362 2223 nuit;
394 2168 447 2212 et
476 2155 606 2224 quia
660 2148 891 2204 necdum
922 2146 974 2199 in
1001 2143 1108 2196 alio
1134 2152 1296 2208 opere
1322 2135 1516 2205 ingenii
1547 2133 1628 2186 sui
1657 2131 1793 2200 peri-

230 2251 392 2305 culum
435 2244 652 2308 fecerit,
695 2243 746 2296 in
790 2239 888 2292 hoc
929 2233 1240 2290 exornando
1267 2227 1479 2283 difﬁdit.
1523 2227 1639 2281 Jam
1667 2237 1795 2277 vero

228 2355 382 2393 annus
410 2351 518 2406 quo
567 2335 682 2401 ipsa
721 2325 946 2396 epistola
971 2330 1183 2378 exarata
1211 2327 1313 2382 est,
1347 2316 1446 2370 hac
1474 2315 1685 2369 ratione
1717 2312 1798 2364 in-

226 2401 520 2498 vestigatur.
561 2420 909 2480 Auxentium,
948 2413 1048 2468 sub
1085 2411 1245 2479 epist.
1275 2407 1458 2468 linem,
1497 2401 1798 2456 Mediolanis

224 2521 532 2574 incubantem
577 2508 785 2580 Evagrii
815 2504 1034 2560 excubiis
1072 2500 1321 2568 sepultum
1362 2509 1487 2564 pene
1529 2503 1797 2555 antequam

227 2623 462 2665 mortuum
495 2615 709 2669 narrat,
733 2603 925 2672 quibus
949 2595 1168 2651 omnino
1195 2592 1488 2646 Romanam
1521 2584 1794 2656 Synodmn

228 2703 419 2774 Evagrii
466 2697 658 2754 studio
698 2694 962 2764 praecipue
1013 2694 1387 2753 congregatum
1434 2678 1696 2744 designat,
1745 2674 1796 2724 in

227 2767 642 2861 qua'nonaginta
675 2784 830 2838 trium
854 2795 922 2835 ex
957 2775 1103 2832 Italia
1131 2783 1184 2828 et
1207 2771 1378 2827 Gallia
1404 2767 1794 2836 Episcoporum

223 2884 407 2952 judicio
431 2854 746 2935 Auxentius
781 2873 1060 2926 damnatus
1101 2871 1206 2919 est.
1245 2861 1390 2915 Hanc
1431 2867 1606 2909 autem
1636 2854 1797 2906 Baro-

232 2944 357 3040 nius,
387 2983 546 3041 atque
586 2964 894 3023 Holstenius
915 2961 981 3014 ad
1007 2971 1204 3011 annum
1228 2953 1462 3008 referunt
1487 2947 1611 3003 369..
1638 2944 1792 2998 Vale-

227 3064 326 3118 sius
345 3034 409 3117 ad
441 3034 574 3118 570.
614 3058 702 3112 cui
735 3053 1025 3110 concinunt
1065 3047 1166 3102 Cll.
1199 3040 1438 3099 Monachi
1467 3034 1798 3093 Benedictini

229 3153 411 3206 iuVita
449 3151 508 3206 S.
548 3142 866 3206 Athanasii,
914 3136 1122 3193 tametsi
1168 3147 1288 3187 cum
1334 3127 1496 3198 Pugio
1533 3124 1800 3186 dubitent,

227 3244 482 3299 dill‘crrinc
527 3240 715 3296 serius
751 3231 937 3305 possit.
985 3227 1091 3282 Sed
1148 3223 1296 3277 nulla
1332 3231 1520 3273 revera
1566 3223 1647 3268 est
1689 3211 1809 3279 ejus

227 3332 607 3405 protrahenda:
628 3301 944 3386 necessitas,
967 3330 1141 3386 neque
1162 3312 1474 3366 dilationem
1500 3301 1804 3373 hujusmodi

229 3389 404 3494 probat
453 3423 512 3476 Β.
569 3415 765 3475 Basilii
815 3410 1038 3480 epistola
1087 3403 1216 3458 220.
1287 3399 1352 3453 ad
1409 3398 1686 3451 Damasum
1737 3389 1807 3444 de

227 3481 428 3585 'Synodo
470 3519 678 3567 contra
721 3507 950 3560 Ariauos
1003 3491 1276 3565 cogenda,
1324 3501 1444 3559 quae
1487 3483 1553 3539 ad
1605 3481 1804 3536 exitum

228 3574 342 3658 anui
369 3605 494 3659 571.
525 3597 731 3656 referri
757 3593 895 3649 solet
922 3608 935 3642 :
961 3585 1222 3657 siquidem
1252 3580 1346 3635 ille
1371 3577 1496 3632 dum
1526 3574 1804 3636 scriberet,

228 3710 488 3750 romanam
515 3697 832 3746 anteactam
872 3677 1138 3752 synodum
1166 3669 1459 3743 ignorabat.
1487 3665 1646 3735 Igitur
1685 3677 1806 3716 cum

230 3800 360 3838 anno
387 3783 515 3847 570,
557 3751 926 3833 adscribenda
973 3768 1064 3830 sit,
1110 3767 1222 3833 ipsa
1269 3759 1454 3814 isthacc
1499 3751 1805 3821 Hieronymi

229 3875 442 3944 epistola
488 3843 631 3926 ante
676 3868 827 3921 illum
875 3874 1072 3914 annum
1103 3849 1404 3920 consignari
1450 3853 1698 3916 nequeat.
1733 3843 1808 3895 Ex

235 3967 574 4035 sequentibus
614 3974 746 4014 vero
775 3953 904 4008 nulli
936 3951 1065 4003 satis
1090 3940 1368 4000 commode
1396 3945 1569 4008 potest
1601 3934 1809 4002 illigari,

237 4033 330 4111 nisi
374 4056 418 4109 si
446 4055 582 4108 VL‘IIS
611 4049 742 4106 37L
774 4044 960 4105 initio;
1007 4040 1073 4092 ab
1117 4036 1221 4090 hoc
1251 4033 1392 4086 enim
1440 4042 1579 4080 anno
1611 4040 1702 4093 per
1733 4033 1813 4075 to-

241 4155 537 4210 turnusque
564 4141 698 4195 575.
749 4138 799 4187 in
829 4129 1065 4187 Orientis
1109 4123 1414 4191 regionibus
1452 4115 1814 4186 peregrinatus

239 4244 333 4299 est,
378 4201 592 4302 ditique,
621 4237 684 4283 ut
723 4225 839 4292 ejus
878 4218 1053 4274 verbis
1101 4215 1155 4268 in
1187 4211 1359 4280 Epist.
1393 4204 1482 4270 III,
1513 4217 1724 4258 utamur
1762 4201 1841 4256 in.

240 4329 418 4377 incerto
462 4293 669 4384 errans,
704 4314 995 4374 Thraciam,
1027 4306 1270 4363 Pontum,
1313 4308 1462 4367 atque
1501 4293 1814 4362 Bithyniam,

238 4424 486 4482 totumque
512 4407 760 4470 Galatia’,
783 4412 828 4456 et
852 4395 1190 4467 Cappadocia:
1215 4393 1308 4444 iter
1343 4397 1390 4441 et
1419 4385 1631 4440 Cilicum
1661 4393 1819 4433 terras

241 4474 557 4572 peragravit,
591 4499 765 4553 donec
796 4497 848 4545 in
877 4488 1028 4559 Syria
1052 4497 1288 4550 tanquam
1314 4481 1366 4530 in
1397 4474 1640 4538 ﬁdissimo
1671 4479 1817 4541 portu

238 4561 494 4646 consiitit.
526 4587 612 4642 Ad
643 4587 756 4639 lucc
785 4578 1144 4636 Innocentius,
1187 4571 1270 4624 cui
1318 4565 1539 4634 epistola
1572 4561 1818 4616 inscribi-

239 4691 339 4743 tur,
359 4682 475 4750 jam
516 4680 666 4733 circa
694 4672 924 4729 medium
962 4665 1085 4720 anni
1111 4663 1236 4716 574.
1285 4655 1564 4726 repentino
1591 4650 1816 4705 febrium

236 4739 430 4825 ardore
451 4767 704 4822 sublatus
724 4779 755 4817 e
773 4761 909 4814 vivis
931 4757 1048 4821 fuit,
1072 4751 1213 4822 quod
1235 4765 1299 4803 ex
1321 4746 1507 4802 eadem
1537 4743 1709 4812 Epist.
1732 4739 1817 4793 Ill.

236 4861 398 4930 paulo
442 4855 592 4911 intra
643 4850 1001 4907 ostendemus.
1047 4843 1234 4912 Neque
1275 4851 1401 4892 vero
1432 4834 1543 4888 ﬁeri
1588 4847 1690 4886 non
1723 4847 1821 4900 po-

237 4952 409 5004 tuisse
428 4949 579 5009 dico,
606 4944 738 4998 utin
765 4944 878 5011 ipsa
895 4933 1320 5008 peregrinatione
1341 4927 1517 4983 brevis
1540 4923 1818 4979 bistoriola

235 5057 338 5112 per
366 5037 664 5106 epistolam
699 5031 1004 5088 Innocentio
1033 5026 1240 5082 itineris
1267 5021 1448 5077 comiti
1475 5017 1818 5082 scriberetur,

234 5110 329 5187 sed
379 5127 569 5183 multo
617 5123 966 5177 verosimilius
1011 5129 1140 5190 puto
1175 5123 1447 5171 exaratam
1488 5112 1583 5166 abs
1631 5110 1823 5164 Hiero-

235 5236 420 5293 nymo,
450 5231 588 5272 cum
612 5213 779 5268 otium
812 5212 863 5266 in
893 5212 1054 5276 Italia,
1087 5209 1154 5262 ab
1181 5205 1485 5262 Occidentis
1515 5205 1824 5272 pcregrina-

236 5313 378 5365 tione
409 5307 591 5363 redux
636 5303 949 5364 invenisset,
980 5310 1137 5369 atque
1161 5298 1294 5352 adeo
1327 5296 1426 5366 ipsi
1452 5293 1575 5350 570.
1607 5293 1691 5349 vel
1721 5293 1822 5346 iui-

235 5403 307 5456 tio
333 5395 690 5468 insequentis
715 5392 1036 5460 consignari.
1069 5439 1079 5448 ,

301 5492 395 5546 His
425 5492 498 5543 ita
540 5482 857 5541 constitutis
886 5521 901 5544 ,
943 5479 1276 5534 dissimulare
1315 5489 1644 5543 nequaquam
1692 5473 1823 5526 licet

232 5583 540 5642 doctorum,
560 5569 928 5644 quorumdam
950 5568 1222 5621 hominum
1251 5564 1578 5634 opinionem,
1601 5564 1689 5630 qui
1715 5577 1824 5613 ver-

236 5675 313 5728 bis
343 5672 449 5726 illis
475 5669 548 5724 de
579 5660 862 5721 Auxentio
883 5700 898 5727 ,
929 5659 1180 5728 sepultum
1220 5673 1343 5726 pene
1371 5663 1636 5723 antequam
1685 5667 1821 5702 mor-

1890 1153 2049 1205 tuum,
2081 1142 2245 1209 ipsam
2280 1139 2528 1193 Auxentii
2561 1147 2785 1190 mortem
2818 1135 3042 1188 iudicari
3065 1135 3283 1198 volunt;
3313 1149 3462 1186 cum-

1892 1247 1996 1299 quc
2037 1231 2171 1283 adeo
2218 1231 2303 1283 ille
2343 1244 2483 1281 anno
2529 1228 2652 1281 574.
2699 1226 2837 1279 diem
2884 1224 3118 1292 denique
3157 1221 3464 1290 appetierit,

1898 1331 2018 1389 post
2046 1322 2181 1374 hanc
2209 1321 2464 1388 temporis
2493 1328 2667 1370 notam
2694 1316 2890 1370 dill‘erri
2917 1316 3118 1369 debere
3159 1315 3461 1382 epistolam.

1900 1416 2075 1482 Atque
2104 1410 2215 1464 lure
2235 1410 2446 1478 quidem
2477 1409 2735 1462 sententia
2762 1406 2842 1460 CI.
2877 1421 3091 1475 quoque
3119 1404 3464 1458 Tiltemontio

1902 1513 2256 1574 persuaserat,
2279 1513 2332 1557 et
2354 1502 2591 1558 veritatis
2613 1517 2721 1570 prm
2750 1516 2807 1556 se
2831 1502 2932 1555 fert
2962 1502 3193 1566 Speciem
3218 1516 3234 1563 ;
3267 1500 3359 1554 sed
3401 1514 3467 1552 ne

1901 1606 2072 1646 tamen
2103 1593 2177 1645 illi
2206 1592 2595 1644 subscribercm
2617 1631 2632 1652 ,
2665 1589 2778 1643 haec
2814 1590 2865 1642 in
2897 1591 3086 1658 primis
3111 1590 3246 1642 ratio
3275 1588 3460 1642 vetuit.

1900 1683 2112 1736 Minime
2137 1681 2438 1735 verosiniile
2468 1680 2637 1733 visum
2665 1689 2744 1733 est
2769 1681 2907 1731 inter
2935 1679 3183 1731 Auxentii
3214 1688 3462 1738 mortem,

1899 1781 1952 1826 et
1977 1773 2032 1826 S.
2067 1771 2352 1836 Ambrosii,
2384 1771 2473 1840 qui
2515 1770 2562 1822 ei
2591 1771 2640 1822 in
2671 1768 2978 1836 episc0patu
3038 1768 3319 1829 successit,
3349 1767 3464 1818 ele-

1895 1864 2149 1928 ctionem,
2177 1873 2379 1929 septem
2407 1869 2495 1913 aut
2515 1869 2637 1914 oeto
2664 1873 2874 1912 menses
2900 1858 3288 1924 intercessisse,
3318 1856 3460 1926 quod

1895 1960 2132 2004 veterum
2153 1964 2309 2004 nemo
2339 1949 2576 2011 tradidit,
2599 1949 2688 2018 qui
2709 1950 2826 2017 eius
2852 1947 3090 2000 historiae
3114 1947 3464 2001 circumstan-

1898 2041 1995 2094 tias
2021 2039 2205 2094 sedulo
2246 2050 2653 2108 persequuntur.
2692 2040 2940 2090 Attamen
2966 2045 3020 2090 et
3046 2035 3271 2089 fortasse
3300 2035 3458 2088 latius

1901 2133 2155 2201 temporis
2198 2132 2532 2185 intervallum
2593 2129 2880 2195 putandum
2925 2132 3034 2190 sit,
3074 2127 3117 2180 si
3169 2126 3466 2180 Antiocliize

1899 2223 2076 2276 datam
2098 2222 2232 2273 hanc
2259 2220 2538 2287 epistolam
2560 2234 2686 2272 anu.
2709 2218 2833 2270 574.
2858 2216 3107 2278 velimus,
3130 2229 3301 2280 neque
3322 2215 3466 2266 enim

1901 2311 2150 2365 Auxentii
2202 2322 2428 2362 mortem
2489 2309 2644 2360 citius
2697 2305 2897 2358 rescire
2953 2304 3184 2371 potuerit
3249 2302 3469 2356 Ilieron.

1903 2419 2061 2472 quam
2091 2409 2209 2469 post
2235 2400 2368 2452 duos
2394 2399 2579 2451 saltent
2608 2411 2818 2450 menses
2837 2435 2850 2453 .
2874 2403 3131 2463 quantum
3161 2403 3309 2446 certe
3337 2401 3472 2446 tem-

1903 2495 2048 2563 poris
2075 2533 2088 2556 ,
2120 2501 2176 2544 ut
2217 2491 2512 2545 Mediolano
2556 2487 2889 2540 Antiochiam
2937 2484 3122 2538 notitia
3166 2484 3469 2545 deferatur,

1901 2584 2092 2635 insumi
2133 2595 2352 2634 necesse
2381 2589 2494 2632 erat
2526 2595 2540 2630 :
2571 2580 2684 2646 ipse
2716 2586 2892 2629 autem
2921 2589 3042 2628 cmn
3067 2573 3328 2627 scriberet
3355 2613 3370 2636 ,
3414 2583 3472 2624 ut

1899 2671 2071 2726 Serius
2103 2681 2287 2738 putes,
2319 2669 2495 2734 maio,
2541 2677 2632 2720 aut
2669 2665 2734 2718 ad
2783 2679 3048 2720 summum
3092 2663 3244 2732 junio
3286 2676 3471 2715 mense

1898 2775 2035 2829 erat,
2066 2779 2186 2818 nam
2214 2763 2345 2832 julio
2373 2759 2667 2830 insequenti
2695 2758 2833 2812 idem
2880 2757 2967 2810 ille
2997 2754 3356 2817 Innocentius,
3380 2753 3467 2806 cui

1900 2856 2123 2924 epistola
2171 2853 2498 2914 inscribitur,
2537 2849 2642 2917 jam
2679 2849 2810 2901 satis
2847 2853 3125 2905 cesserat,
3158 2842 3474 2897 Ambrosius

1898 2946 2125 3013 denique
2167 2944 2392 3012 septimo
2436 2941 2556 2994 Idus
2609 2937 2908 2991 decembris
2957 2935 3234 3002 episcopus
3292 2932 3473 2999 jussus

1902 3047 2019 3099 est;
2052 3034 2193 3088 unde
2220 3035 2264 3085 si
2302 3033 2559 3085 rationem
2602 3029 2751 3081 ineas
2780 3040 2886 3077 non
2918 3031 3122 3076 tantum
3161 3031 3281 3073 oeto
3305 3059 3321 3082 ,
3367 3019 3458 3072 sed

1905 3129 2088 3182 decem
2119 3125 2283 3178 ferme
2313 3134 2526 3174 menses
2551 3119 2617 3170 ab
2640 3115 2886 3170 Auxentii
2915 3113 3081 3176 exitu,
3113 3111 3179 3164 ad
3209 3110 3474 3164 Ambrosii

1909 3218 2227 3271 electionem
2261 3209 2661 3265 intercesserint
2687 3247 2702 3269 ,
2735 3203 2873 3274 quod
2905 3216 3077 3273 neque
3099 3215 3279 3257 rerum
3309 3199 3478 3254 series

1913 3322 2009 3362 nec
2033 3323 2097 3360 ex
2120 3303 2392 3360 veteribus
2425 3300 2614 3354 indicia
2647 3298 2958 3366 permittere
2986 3292 3234 3356 videntur
3259 3291 3434 3346 nobis.

1982 3396 2046 3451 ll.
2077 3397 2284 3465 Scripta
2313 3395 2434 3446 circ.
2467 3408 2552 3444 an.
2578 3391 2700 3444 574.
2724 3418 2795 3428 ——
2821 3386 2900 3442 Ad
2929 3401 3125 3441 annum
3151 3387 3276 3441 574.
3301 3384 3482 3439 γεῖθι-ῖς

1909 3497 2028 3536 mus
2070 3494 2187 3549 quae
2215 3477 2555 3546 subsequitur
2579 3474 2643 3527 ad
2687 3470 3050 3527 Theodosium
3096 3470 3289 3538 epist.,
3335 3468 3477 3538 quod

1911 3585 2102 3640 nempe
2124 3567 2414 3622 Antiochiae
2440 3565 2634 3634 scripta
2654 3563 2742 3626 sit,
2765 3570 2956 3616 etcum
2979 3573 3084 3614 non
3107 3558 3267 3613 modo
3288 3557 3477 3612 solitu-

1910 3660 2050 3715 dinis
2072 3655 2389 3728 arripiendae
2419 3653 2744 3723 propositum
2785 3666 2889 3704 non
2920 3647 3318 3717 adimplevisset
3359 3643 3484 3699 Ilie-

1912 3761 2163 3818 ronymus
2184 3786 2200 3812 ,
2226 3745 2320 3801 sed
2349 3743 2526 3798 adhuc
2553 3743 2606 3795 in
2638 3743 2844 3795 incerto
2873 3739 3120 3792 haereret.

1959 3838 2044 3892 lll.
2060 3836 2266 3904 Scripta
2284 3842 2456 3889 aestate
2479 3849 2565 3885 an.
2587 3830 2915 3894 374.—Qu:e
2938 3828 3024 3881 hic
3041 3827 3092 3880 in
3115 3826 3302 3880 ordine
3320 3824 3476 3878 tertia

1913 3939 1995 3984 est
2013 3927 2079 3982 ad
2107 3926 2376 3982 Bullinum
2403 3939 2510 3978 non
2542 3931 2666 3976 ante
2693 3920 2832 3974 hunc
2857 3916 3106 3973 eumdem
3134 3927 3330 3968 annum
3351 3912 3476 3966 57ι.

1916 4020 2082 4088 potuit
2106 4018 2365 4088 prodiisse
2388 4057 2402 4079 ,
2424 4012 2854 4084 quandoquidem
2885 4007 3254 4063 Innocentimn
3283 4047 3298 4069 ,
3326 3985 3481 4074 quem

1919 4112 1970 4165 in
1997 4111 2166 4180 prima
2193 4108 2412 4176 epistola
2441 4107 2616 4159 vivum
2639 4101 2946 4172 compellari
2972 4099 3344 4167 intelligimus,
3367 4093 3486 4148 heic

1922 4217 2069 4257 num.
2093 4201 2148 4253 5.
2179 4199 2456 4267 repentino
2483 4195 2705 4249 febrium
2733 4191 2924 4245 ardore
2948 4189 3273 4242 abstractum
3296 4199 3328 4238 e
3354 4183 3489 4234 viris

1921 4291 2096 4346 deﬂet.
2130 4289 2185 4342 Id
2217 4291 2429 4355 quoque
2455 4283 2783 4337 manifestius
2803 4278 3004 4332 evincit
3026 4290 3174 4330 num.
3197 4273 3254 4327 2.
3286 4269 3490 4325 mentio

1922 4378 2263 4436 Alexandrini
2291 4373 2533 4430 Monachi
2563 4372 2651 4441 qui
2691 4370 2756 4424 ad
2797 4366 3077 4438 zEgyptios
3104 4366 3414 4434 confessores
3443 4371 3491 4415 et

1921 4473 2174 4526 voluntate
2213 4469 2325 4538 jam
2356 4474 2601 4534 martyres
2627 4463 2708 4534 pio
2744 4459 2902 4532 plebis
2923 4457 3155 4526 obsequio
3183 4452 3492 4528 jamdudum

1924 4563 2245 4618 transmissus
2295 4557 2526 4619 dicitur;
2575 4567 2743 4622 neque
2782 4551 2923 4606 enim
2954 4549 3044 4603 alii
3091 4545 3333 4619 Egyptii
3360 4558 3492 4599 con-

1926 4658 2152 4709 fesspres
2171 4648 2388 4716 intelligi
2422 4645 2639 4699 omnino
2668 4650 2912 4713 possunt,
2941 4653 3100 4708 quam
3133 4639 3193 4702 ii,
3225 4647 3361 4706 quos
3387 4634 3489 4688 hoc

1926 4746 2040 4815 ipso
2057 4757 2195 4795 anno
2211 4741 2483 4795 574.certe
2505 4745 2622 4805 post
2639 4732 2810 4801 magni
2826 4729 3101 4785 Athanasii
3120 4736 3493 4789 mortem.qun

1926 4835 2100 4890 medio
2127 4833 2249 4886 575.
2285 4828 2502 4896 contigit
2521 4869 2535 4892 ,
2565 4834 2779 4896 propter
2806 4821 3004 4876 Christi
3033 4815 3321 4872 divinitatis
3347 4826 3480 4864 con-

1926 4925 2206 4980 fessionem
2233 4921 2424 4974 Valens
2455 4919 2743 4987 imperator
2764 4919 2944 4981 egerat
2968 4908 3020 4961 in
3041 4905 3258 4959 exilium
3290 4917 3303 4954 :
3326 4915 3493 4969 quare

1928 4997 2026 5070 nec
2046 5014 2216 5067 serius
2241 5008 2463 5079 epistola
2494 5005 2712 5075 produci
2741 5002 2850 5054 ullo
2876 4996 3035 5051 modo
3061 4999 3258 5062 potest,
3287 5005 3407 5044 cum
3433 5004 3492 5044 sc

1929 5103 2161 5159 nondum
2179 5113 2415 5154 eremum
2436 5096 2687 5156 subiisse,
2713 5103 2896 5144 verum
2918 5081 3214 5139 Antiochiae
3238 5082 3498 5132 hactenus

1925 5196 2121 5262 degere
2149 5200 2314 5252 notet,
2343 5187 2468 5240 dum
2499 5185 2796 5245 scriberet,
2821 5176 3155 5241 mediamque
3184 5170 3391 5224 fervere
3415 5168 3496 5220 di-

1927 5257 2269 5341 caiaetatem,
2293 5290 2448 5344 quam
2473 5289 2578 5326 non
2606 5273 2764 5324 aliam
2791 5268 2858 5320 ab
2885 5264 3050 5333 hujus
3075 5263 3200 5314 anni
3226 5260 3352 5314 57b.
3376 5257 3503 5314 licet

1929 5373 2254 5439 intelligere,
2308 5377 2428 5416 nam
2470 5361 2732 5430 superiori
2779 5355 3015 5410 nondum
3065 5350 3172 5406 acti
3201 5349 3256 5404 in
3282 5345 3501 5401 exilium

1931 5467 2141 5522 fuerant
2179 5453 2516 5512 confessores
2547 5447 2776 5522 Egyptii
2799 5488 2814 5512 ,
2851 5446 2904 5498 in
2949 5441 3199 5514 sequenti
3227 5452 3355 5493 vero
3390 5451 3500 5490 non

1933 5557 2159 5622 amplius
2183 5550 2297 5618 ipsc
2325 5541 2676 5616 Hieronymus
2714 5536 3011 5596 Antiochia:
3052 5531 3385 5594 versabatur,
3413 5526 3509 5580 sed

1935 5648 1988 5700 in
2014 5655 2216 5698 eremo.
