4048 6192
595 261 662 333 ’u
2042 265 2170 321 pun

2277 265 2420 320 ,TIO.
3757 277 3840 334 LII

672 388 760 444 IV.
789 387 997 457 Scripta
1034 385 1207 440 eodem
1233 380 1472 452 tempore.
1500 411 1570 421 —
1600 381 1724 435 llzec
1762 379 2024 450 superiori
2069 393 2164 434 co-

599 481 898 550 pulabatur,
929 477 1190 545 simulque
1217 483 1429 528 exarata
1457 482 1560 537 est,
1588 487 1651 526 ac
1671 473 1857 526 missa.

675 571 736 623 V.
769 570 974 637 Scripta
1007 575 1118 635 post
1138 566 1329 632 aliquot
1365 581 1556 616 menses
1586 582 1616 617 a
1643 564 1920 632 superiore.
1947 591 2019 603 --
2043 562 2169 616 Post

599 663 781 730 plures
820 677 848 709 τι
901 655 1179 723 superiore
1227 669 1443 709 menses
1481 655 1582 706 hoc
1625 662 1800 706 tamen
1851 665 1993 705 anno
2037 651 2160 705 37l.

600 751 792 818 scripta
820 761 882 800 ex
917 754 1027 799 toto
1055 752 1308 798 contextu
1337 742 1602 797 evincitur
1627 758 1642 806 ;
1674 755 1845 808 neque
1874 741 2014 793 enim
2043 754 2161 791 am-

596 839 736 906 plius
760 835 1054 888 Antiochia:
1074 834 1266 902 agebat
1291 831 1666 900 Hieronymus,
1689 829 1786 883 sed
1812 829 1863 881 in
1891 843 1952 880 ea
1979 827 2157 880 Eremi

599 938 761 998 parte,
782 941 896 994 qute
908 929 1064 994 juxta
1087 923 1295 993 Syriam
1317 922 1588 976 Saracenis
1598 921 1855 990 jungitur.
1882 917 2004 971 Vid.
2031 917 2171 970 Prm-

596 1019 693 1071 fat.
725 1017 777 1070 in
812 1015 1070 1068 Abadiam
1101 1027 1286 1066 versus
1315 1011 1498 1064 finem.

667 1106 752 1161 VI.
775 1106 885 1160 VII.
915 1103 1047 1158 VIII.
1074 1102 1255 1157 IX.X.
1281 1101 1374 1156 XI.
1409 1099 1524 1154 XII.
1555 1099 1695 1153 XIII.
1727 1097 1934 1166 Scripta
1959 1097 2051 1150 cir.
2079 1114 2167 1149 an.

594 1200 722 1253 374.
751 1228 818 1236 —
850 1200 1074 1264 Arrepta
1098 1194 1208 1263 jam
1236 1191 1524 1245 solitudine
1564 1204 1658 1258 per
1689 1189 1844 1256 hujus
1869 1189 1994 1240 anni
2037 1187 2163 1240 574.

595 1301 651 1341 et
676 1288 817 1356 quod
850 1287 1089 1340 cst-urrit
1130 1285 1399 1354 spatium,
1452 1282 1611 1334 hasce
1658 1291 1781 1334 octo
1825 1279 2080 1349 epistolas
2106 1277 2170 1330 ad

594 1378 819 1439 amicus,
841 1385 893 1428 et
915 1376 1248 1444 potissimum
1270 1372 1646 1442 Aquileienses
1675 1369 1824 1423 Hier.
1859 1367 2026 1422 dedit.
2052 1367 2169 1422 Una

598 1477 742 1520 certe
771 1465 1063 1535 eademque
1094 1476 1174 1518 est
1202 1464 1456 1532 temporis
1503 1461 1773 1514 adnotatio
1794 1501 1808 1523 ,
1847 1474 1968 1526 quze
1997 1458 2172 1512 elucet

598 1560 651 1610 in
692 1556 915 1625 singulis
939 1597 953 1618 ,
982 1554 1063 1609 vel
1105 1554 1304 1608 duduut
1339 1553 1481 1605 inita:
1507 1549 1809 1602 solitudinis
1835 1590 1849 1611 ,
1881 1548 1966 1601 vel
1993 1547 2170 1601 Helio-

598 1647 716 1701 dori
748 1650 1007 1713 adventus
1054 1647 1106 1698 in
1136 1645 1383 1713 patriam.
1431 1641 1479 1695 Is
1517 1641 1677 1694 etiam
1719 1639 1853 1693 ordo
1882 1652 2039 1708 quem
2085 1637 2173 1691 hic

599 1739 739 1790 inter
755 1753 813 1789 se
831 1744 1032 1797 tenent,
1059 1751 1124 1787 ex
1147 1749 1213 1788 eo
1241 1747 1400 1803 quem
1429 1733 1569 1785 inter
1589 1746 1647 1785 se
1677 1729 1873 1784 habent
1902 1739 2168 1798 respectu,

600 1827 758 1881 facile
787 1826 1150 1879 constituitur.
1178 1824 1406 1878 Tantum
1438 1824 1582 1876 illam
1612 1823 1676 1875 ad
1710 1823 1995 1874 Antonium
2016 1863 2030 1884 ,
2057 1837 2174 1882 qtae

601 1919 914 1970 duodecima
965 1926 1048 1971 est
1094 1931 1318 1970 numero
1343 1954 1357 1977 ,
1399 1916 1517 1968 loco
1546 1914 1814 1967 movimus
1837 1953 1851 1975 ,
1906 1913 2044 1979 quod
2075 1912 2172 1963 etsi

600 2011 858 2077 temporis
886 2008 1168 2062 articulum
1191 2021 1298 2074 quo
1321 2005 1441 2059 data
1469 2014 1576 2068 est,
1606 2002 1743 2056 haud
1773 2000 2076 2071 expeditum
2105 2003 2176 2053 sit

602 2101 899 2168 assignare,
935 2114 1039 2151 non
1071 2111 1358 2165 paucorum
1394 2105 1570 2149 tamen
1600 2093 1863 2148 mensium
1891 2092 2171 2146 interstitio

601 2207 695 2257 pur
735 2192 805 2243 sit
849 2189 1068 2243 credere
1114 2188 1514 2249 intercessisse;
1547 2199 1668 2239 cum
1715 2183 1898 2252 plures
1945 2181 2079 2234 alias
2106 2182 2173 2234 ad

598 2281 844 2334 «itindem
872 2277 1188 2332 monachum
1214 2288 1367 2330 antea
1395 2275 1701 2344 scripserit,
1733 2288 1852 2342 qua:
1879 2271 2166 2326 intercide-

599 2378 742 2423 lqu.

675 2459 813 2512 XIV.
849 2461 1058 2528 Scripta
1087 2475 1172 2511 an.
1207 2458 1329 2511 576.
1361 2486 1428 2496 —-
1451 2455 1601 2523 Quod
1630 2455 1768 2508 hanc
1797 2454 2072 2523 epistolam
2096 2452 2172 2503 uti

609 2549 751 2602 hunc
791 2548 1038 2605 eumdem
1079 2564 1170 2601 an.
1214 2547 1341 2599 574.
1369 2545 1660 2599 referamus
1703 2560 1808 2597 non
1854 2544 1924 2596 ita
1971 2543 2172 2612 pridem

601 2643 748 2694 inita:
776 2642 941 2695 eremi
977 2638 1270 2707 descriptio
1296 2637 1421 2692 facit
1443 2678 1459 2702 ,
1489 2644 1542 2690 et
1574 2644 1715 2690 totus
1741 2643 2044 2699 contextus,
2069 2649 2175 2702 quo

602 2730 670 2783 ad
702 2731 954 2784 solitaria:
986 2729 1111 2782 vita:
1137 2728 1443 2782 societatem
1473 2720 1818 2780 Heliodorum
1845 2733 2069 2778 conatur
2093 2725 2174 2776 al-

598 2822 784 2880 licere.
814 2822 968 2875 sicuti
1000 2821 1046 2873 ei
1076 2834 1135 2874 se
1166 2818 1426 2874 facturum
1459 2818 1814 2886 promiserat,
1845 2830 1965 2869 cum
1993 2814 2174 2869 disce.

599 2910 734 2964 deus
767 2910 852 2962 ille
877 2909 943 2961 ab
976 2909 1299 2978 Hieronymo
1326 2906 1730 2976 postulavisset,
1761 2913 1816 2958 ut
1845 2912 2168 2973 posteaquam

598 3001 666 3052 ad
687 3001 881 3052 deserta
901 3000 1183 3069 migrasset,
1221 2997 1508 3051 invitatoria
1529 2996 1597 3048 ad
1617 3011 1669 3049 se
1695 2994 1885 3064 scripta
1904 2995 2166 3046 transmit-

601 3099 742 3143 teret.
774 3089 926 3156 Quod
948 3103 1076 3144 vero
1103 3096 1224 3158 post
1255 3087 1550 3143 recen~itas
1587 3085 1893 3154 superiores
1920 3085 2174 3154 epistolas

602 3183 791 3235 ultimo
822 3195 1080 3250 ponamus
1112 3181 1250 3244 loco,
1281 3180 1420 3248 cogit
1450 3176 1863 3247 chronologicus
1889 3176 2045 3242 ordo,
2069 3191 2174 3243 quo

603 3275 717 3341 ipse
749 3273 1102 3342 Hieronymus
1124 3285 1254 3324 suas
1274 3270 1670 3324 lucubrationes
1701 3273 1752 3322 in
1777 3269 2016 3336 catalogo
2043 3282 2172 3320 euit-

600 3377 833 3424 nterans,
866 3363 1067 3430 scripsi,
1095 3361 1285 3428 inquit.
1315 3361 1468 3411 vitam
1496 3358 1650 3410 Pauli
1673 3357 1935 3421 Monachi,
1969 3357 2173 3425 Epistoo

601 3456 772 3505 larunt
791 3453 856 3504 ad
880 3453 1102 3504 diversos
1123 3448 1305 3502 librum
1327 3464 1504 3509 unum,
1530 3449 1597 3500 ad
1624 3446 1959 3499 Heliodorum
1985 3446 2172 3500 exhor-

601 3540 857 3594 tatoriam.
881 3539 1082 3608 Nempe
1109 3553 1174 3592 ex
1202 3536 1566 3605 superioribus
1594 3535 1788 3589 litteris
1816 3535 2007 3588 librum
2029 3533 2173 3587 vidc-

599 3643 686 3686 tur
709 3629 974 3684 conficere
1000 3669 1015 3694 ,
1056 3642 1215 3698 quem
1246 3627 1372 3680 huic
1401 3625 1553 3680 alteri
1591 3624 1828 3694 epistolae
1873 3632 2167 3693 temporum

596 3720 804 3774 ratione
829 3718 1124 3788 anteponit.

675 3809 787 3864 XV.
811 3809 951 3864 XVI.
975 3809 1140 3864 XVII.
1165 3809 1384 3878 Scripta
1408 3807 1469 3861 ab
1501 3818 1708 3861 exeunte
1736 3823 1822 3859 an.
1853 3806 1977 3860 476.
2000 3806 2068 3857 ad
2097 3807 2172 3857 iu-

599 3909 800 3954 euntem
837 3900 963 3955 379.
994 3929 1063 3942 -ο
1093 3899 1225 3953 Tres
1251 3899 1409 3952 simul
1435 3897 1688 3966 epistolas
1709 3896 1998 3965 jungimus,
2029 3895 2169 3963 quod

598 3993 664 4045 ad
713 3991 970 4060 temporis
1020 3991 1282 4044 rationem
1327 3988 1754 4058 investigandum
1796 3988 1894 4042 sibi
1947 3988 2169 4042 invicem

596 4081 973 4150 suﬂ'ragentur.
1009 4096 1183 4150 neque
1233 4081 1372 4134 inter
1415 4094 1475 4134 se
1507 4079 1606 4132 nisi
1638 4077 1992 4147 quorumdam
2023 4092 2173 4130 men-

597 4171 736 4223 sium
766 4169 1045 4223 intervallo
1075 4168 1388 4223 dissideant.
1421 4168 1724 4236 Scripserat
1751 4166 1947 4235 quippe
1979 4165 2167 4220 Hiero-

599 4276 791 4331 nymus
819 4261 884 4314 ad
919 4261 1208 4314 Damasum
1231 4301 1247 4327 ,
1280 4269 1336 4313 tit
1359 4275 1481 4314 cum
1508 4274 1614 4327 quo
1641 4274 1672 4313 e
1700 4259 1870 4312 tribus
1900 4273 2006 4312 uno
2035 4267 2170 4311 temo

597 4364 730 4417 pore
757 4351 1056 4404 Antiochia:
1083 4349 1354 4418 episcopis
1398 4348 1796 4403 communicare
1822 4347 2043 4402 deberet
2071 4364 2084 4398 :
2119 4355 2174 4400 et

598 4453 665 4490 an
695 4446 804 4490 tres
832 4438 885 4492 in
919 4439 1029 4493 Deo
1058 4439 1371 4510 bypostases
1399 4439 1642 4494 dicendae
1671 4447 1850 4493 essent
1873 4439 1973 4493 sibi
1999 4437 2168 4507 signi-

601 4525 829 4578 fICaret:
870 4527 955 4579 cui
1005 4529 1241 4595 petitioni
1289 4543 1409 4580 cum
1456 4529 1729 4582 Romanus
1775 4526 2023 4582 Pontifex
2064 4541 2171 4581 non

601 4614 984 4684 respondisset,
1011 4615 1254 4669 eumdem
1282 4616 1469 4670 iterum
1493 4612 1594 4668 alia
1612 4617 1835 4683 epistola
1860 4625 1984 4685 post
2011 4616 2170 4670 trium

603 4706 793 4762 saltem
820 4706 904 4760 vel
930 4715 1160 4775 quatuor
1177 4704 1441 4759 mensium
1464 4705 1965 4773 intercarpedinem,
1990 4716 2050 4759 ut
2079 4721 2174 4774 par

604 4807 687 4853 est
713 4798 956 4861 credere,
980 4797 1274 4851 obtestatus
1297 4806 1398 4850 est.
1421 4795 1525 4850 Sed
1553 4811 1672 4848 cum
1701 4797 1802 4848 alia
1823 4811 1884 4850 ex
1908 4805 2054 4864 parte
2081 4813 2168 4850 ur-

601 4899 789 4958 gerent
819 4887 1026 4941 factiosi
1056 4887 1297 4940 homines
1321 4924 1338 4950 ,
1381 4894 1437 4938 ut
1465 4895 1574 4939 trcs
1607 4885 1920 4955 hypostases
1940 4926 1955 4950 ,
1987 4901 2170 4939 novum

599 4981 793 5034 homini
819 4979 1052 5032 Romano
1074 4993 1255 5032 nomen
1282 5019 1298 5045 ,
1344 4977 1678 5041 admitteret,
1711 4979 1878 5031 satius
1905 4977 2052 5032 duxit
2079 4994 2171 5032 eo-

599 5085 716 5124 rum
745 5083 803 5123 se
829 5069 1097 5124 violentiis
1137 5069 1343 5137 eripere
1365 5107 1381 5132 ,
1412 5077 1464 5121 et
1493 5067 1557 5120 ad
1587 5067 1820 5121 Marcum
1841 5067 2079 5121 scribens
2105 5071 2170 5122 ad

601 5174 866 5213 summum
908 5169 1093 5215 exacta
1139 5159 1330 5230 hyeme
1372 5157 1732 5212 discessurum
1763 5172 1823 5212 se
1871 5158 1938 5211 ab
1981 5159 2172 5213 Eremo

604 5252 900 5315 profitetur.
953 5250 1118 5303 Porro
1164 5263 1336 5304 annus
1385 5247 1797 5318 uniuscujusque
1848 5247 1969 5301 hinc
2018 5247 2171 5302 facile

604 5339 826 5402 eruitur,
849 5339 989 5406 quod
1016 5338 1239 5394 Vitalem
1261 5340 1312 5393 in
1335 5339 1664 5393 Antiocheua
1692 5337 1818 5391 sede
1838 5339 1948 5408 jam
1975 5339 2173 5394 consti-

605 5435 798 5491 tutum,
831 5428 882 5481 in
906 5436 1126 5494 utraque
1154 5431 1219 5483 ad
1250 5431 1531 5483 Damasum
1554 5430 1862 5498 planissime
1891 5429 2122 5484 affirmet
2155 5447 2168 5482 :

609 5515 661 5568 in
693 5517 866 5582 priore
891 5527 1067 5569 autem
1097 5531 1154 5570 se
1190 5518 1334 5572 dicat
1362 5519 1412 5569 in
1438 5518 1589 5586 Syria
1621 5560 1636 5584 ,
1685 5535 1804 5573 cum
1835 5528 1912 5574 tot
1954 5520 2171 5589 interja-

606 5603 846 5660 centibus
883 5605 1066 5674 spatiis
1101 5604 1239 5659 haud
1281 5605 1440 5674 possit
1473 5605 1540 5659 ab
1571 5607 1684 5676 ipso
1712 5607 1952 5667 Romano
1983 5609 2165 5668 Ponti-

2278 378 2376 432 ﬁce
2402 388 2645 432 sanctum
2675 379 2880 434 Domini
2903 389 3176 450 expetere,
3198 382 3383 439 exules
3406 383 3469 438 iis
3490 385 3548 441 in
3572 385 3706 443 locis
3733 393 3837 445 col-

2273 465 2418 535 legas
2438 467 2768 538 cjus,£gypt
2780 471 2857 524 ios
2873 474 3207 526 confessores
3222 474 3334 527 sive
3357 475 3652 545 Episcopos
3665 481 3826 548 sequi,

2275 570 2567 626 eorumque
2609 573 2669 611 se
2700 559 2819 612 fidei
2864 560 3159 615 adhrercre.
3194 561 3456 618 Nimirum
3485 565 3672 621 Vitalis
3708 583 3840 623 anno

2277 648 2402 702 576.
2452 651 2594 717 quod
2642 665 2800 704 nemo
2853 650 2973 718 jure
3027 651 3362 721 diffiteatur,
3406 655 3475 710 ab
3516 657 3842 725 Apollinario

2279 742 2531 809 magistro
2558 755 2655 793 suo
2683 741 3017 798 antiochenae
3046 743 3290 798 ecclesia:
3336 746 3620 816 episcopus
3667 748 3840 818 jussus

2278 842 2392 898 est,
2420 833 2532 885 sive
2557 831 2766 885 duobus
2795 833 2914 886 aliis
2944 833 3162 887 Meletio
3186 849 3249 890 ac
3277 835 3500 891 Paulino
3528 839 3838 907 superaddi-

2280 931 2382 973 tus.
2438 919 2674 990 [Egyptii
2712 929 2888 974 autem
2955 924 3291 978 confessores
3352 925 3463 994 jam
3511 926 3582 980 ab
3633 928 3842 982 ineunte

2280 1025 2420 1063 anno
2448 1011 2569 1064 379.
2599 1009 2835 1064 Gratiani
2858 1011 3074 1066 decreto
3092 1013 3160 1066 ab
3181 1013 3349 1068 exilio
3379 1017 3616 1070 revocati
3636 1017 3844 1088 suisque

2278 1102 2516 1155 ecclesiis
2548 1102 2744 1156 redditi
2777 1113 2935 1168 sunt;
2978 1119 3148 1174 neque
3189 1106 3382 1162 exinde
3413 1111 3585 1178 potuit
3613 1111 3841 1172 .Hierou.

2279 1207 2466 1246 eorum
2505 1193 2879 1246 communione
2914 1194 3030 1257 uti,
3073 1197 3186 1249 sive
3223 1197 3292 1250 ab
3322 1197 3425 1251 illis
3453 1211 3693 1254 sanctum
3741 1202 3843 1256 Do-

2281 1282 2406 1334 mini
2438 1283 2701 1351 accipere.
2745 1283 2972 1338 Biennio
2997 1286 3158 1354 igitur
3187 1288 3280 1340 illo
3300 1330 3316 1352 ,
3344 1291 3486 1358 quod
3515 1292 3831 1356 intercedit,

2279 1373 2390 1425 sive
2414 1373 2568 1426 annis
2597 1374 2700 1426 377
2727 1385 2778 1426 et
2815 1374 2941 1428 378.
2971 1377 3346 1444 consignanda:
3374 1389 3499 1432 sunt
3518 1421 3534 1444 ,
3583 1382 3734 1451 isque
3759 1397 3846 1436 ea-

2281 1477 2399 1545 rum
2443 1463 2576 1515 ordo
2619 1465 3023 1519 constituendus
3045 1507 3058 1529 ,
3110 1477 3166 1520 ut
3198 1469 3342 1536 prior
3365 1470 3432 1523 ad
3462 1471 3740 1527 Damasum
3768 1474 3846 1526 vel

2281 1554 2472 1606 labenti
2502 1555 2625 1609 376.
2658 1555 2740 1609 vel
2786 1557 3029 1624 proxime
3080 1558 3408 1628 insequentis
3455 1561 3635 1626 initio,
3683 1564 3845 1617 altera

2280 1645 2378 1712 ipsi
2406 1647 2530 1699 377.
2561 1662 2678 1714 qua:
2705 1657 2825 1715 post
2852 1649 3057 1717 aliquot
3084 1664 3114 1702 a
3138 1651 3314 1718 priore
3339 1666 3549 1706 menses
3568 1652 3698 1708 data.
3719 1665 3802 1708 est
3826 1696 3843 1720 ,

2283 1735 2669 1800 consignetur:
2712 1736 2863 1788 tertia
2908 1736 3138 1806 denique
3183 1739 3248 1791 ad
3300 1739 3530 1794 Marcum
3558 1782 3574 1805 ,
3624 1757 3745 1811 qua:
3795 1751 3846 1796 et

2280 1821 2472 1891 hyeme
2500 1825 2696 1890 scripta
2724 1835 2826 1888 est,
2852 1835 2907 1880 et
2935 1843 3056 1880 cum
3085 1828 3151 1882 de
3176 1840 3395 1898 accepta
3419 1830 3642 1885 Romani
3669 1831 3848 1885 Ponti-

2278 1912 2391 1966 ficis
2404 1915 2662 1966 sententia
2686 1914 2955 1969 videretur
2973 1932 3216 1981 securus,
3237 1920 3319 1972 vel
3345 1919 3410 1972 ad
3433 1919 3590 1974 finem
3612 1921 3736 1993 378.
3761 1938 3846 1990 pu-

2280 2014 2329 2058 ta
2377 2005 2738 2070 decembrem,
2781 2008 2864 2059 vel
2895 2008 2960 2060 ad
2993 2009 3320 2077 insequentis
3339 2011 3544 2063 initium
3567 2010 3844 2066 referatur.

2277 2095 2654 2162 Campensium
2679 2112 2891 2166 quoque
2915 2112 3251 2169 nomen,quo
3275 2101 3582 2156 Meletianos
3602 2103 3651 2156 in
3672 2105 3848 2172 priore

2277 2197 2344 2236 ex
2375 2183 2519 2238 hisce
2551 2185 2721 2239 tribus
2748 2187 2990 2255 epistolis
3018 2201 3172 2242 vocat
3199 2205 3347 2244 num.
3379 2192 3432 2244 3.
3461 2192 3600 2260 quod
3627 2195 3849 2263 expulso

2278 2273 2344 2325 ab
2372 2275 2610 2328 ecclesiis
2653 2275 2990 2330 antiochenis
3029 2277 3263 2345 Heletio,
3295 2292 3589 2335 conventus
3621 2283 3670 2336 in
3705 2299 3848 2336 cam-

2280 2363 2360 2430 pis
2384 2377 2542 2432 agere
2562 2375 2904 2434 cogerentur,
2927 2381 3019 2420 eas
3043 2367 3245 2422 diutius
3265 2369 3465 2424 diﬂ’erri
3496 2387 3600 2424 non
3631 2375 3846 2441 patitur.

2278 2451 2479 2519 Nempe
2522 2463 2709 2507 auctor
2735 2467 2820 2508 est
2857 2455 2898 2508 Τ
2903 2456 3225 2512 heodoretus
3274 2459 3368 2512 lib.
3399 2459 3464 2514 V.
3508 2476 3556 2514 c.
3589 2463 3642 2515 3.
3669 2464 3848 2516 statim

2278 2549 2399 2606 post
2428 2540 2586 2594 latam
2612 2557 2641 2594 a
2666 2542 2920 2597 Gratiano
2948 2546 3116 2615 legem
3142 2587 3159 2612 ,
3190 2556 3244 2600 ut
3268 2550 3354 2617 qui
3379 2551 3432 2602 in
3455 2551 3661 2604 exilium
3706 2554 3852 2621 ejecti

2276 2632 2497 2698 fuerant,
2527 2634 2767 2697 redirent,
2789 2636 2994 2704 suisque
3013 2639 3243 2707 gregibus
3265 2642 3663 2708 restituerentur,
3698 2654 3846 2709 atque

2276 2721 2412 2774 a’u'es
2433 2737 2592 2775 sacrm
2616 2725 2678 2777 iis
2704 2726 3042 2792 traderentur,
3068 2730 3155 2797 qui
3174 2744 3290 2784 cum
3316 2731 3541 2785 Damaso
3564 2736 3850 2787 communi-

2277 2820 2450 2864 carent
2470 2825 2496 2876 ;
2531 2814 2750 2867 missum
2773 2815 3028 2885 Saporem
3058 2821 3370 2889 magistrutn
3403 2824 3628 2878 militum
3657 2826 3849 2880 Antio-

2274 2903 2448 2958 chiam
2476 2947 2490 2970 ,
2525 2915 2582 2959 ut
2604 2905 2670 2959 de
2701 2909 2928 2974 partium
2956 2908 3182 2964 ducibus
3208 2915 3524 2968 sententiam
3552 2914 3722 2970 ferret
3748 2958 3761 2977 ,
3798 2925 3850 2969 et

2275 3009 2394 3046 cum
2425 2996 2615 3064 singuli
2654 2995 2876 3051 Damaso
2922 2999 3110 3053 luerere
3151 3018 3204 3055 se
3248 3003 3504 3069 dicereut,
3545 3008 3629 3060 cui
3663 3022 3848 3061 veram

2276 3081 2498 3137 Romani
2516 3085 2787 3140 Pontificis
2803 3090 3236 3144 communionem
3258 3109 3364 3160 prze
3378 3108 3435 3147 se
3457 3093 3648 3148 ferenti
3671 3096 3854 3151 Eccle-

2280 3173 2373 3226 sia:
2394 3185 2576 3228 essent
2591 3174 2979 3244 adjudicandze.
2996 3178 3125 3243 Quae
3146 3196 3232 3235 res
3257 3180 3482 3238 feliciter
3495 3183 3708 3240 Meletio
3729 3201 3850 3241 ces-

2285 3262 2379 3328 sit,
2407 3265 2612 3333 sibique
2631 3265 2831 3334 judicio
2857 3269 3156 3339 assignatas
3180 3272 3433 3326 ecclesias
3461 3276 3767 3343 occupavit,
3798 3285 3855 3330 ut

2275 3353 2362 3418 qui
2381 3368 2502 3406 eum
2529 3357 2908 3423 sequebantur,
2935 3374 3040 3411 non
3061 3360 3288 3428 amplius
3317 3370 3468 3413 extra
3498 3365 3772 3420 civitatem
3801 3367 3851 3420 in

2275 3442 2417 3509 agris
2456 3455 2747 3498 conventus
2785 3457 3046 3514 agerent,
3087 3459 3178 3502 aut
3220 3451 3546 3519 Campenses
3587 3453 3695 3508 dici
3745 3459 3853 3512 ullo

2276 3532 2434 3586 tundo
2461 3545 2715 3600 possent,
2748 3537 2889 3604 quod
2920 3539 2972 3592 in
3018 3540 3166 3594 urbis
3197 3542 3314 3596 luce
3351 3542 3463 3612 jam
3487 3544 3555 3599 ab
3581 3545 3673 3601 illo
3709 3564 3854 3604 anno

2273 3622 2395 3676 379.
2434 3622 2686 3677 Ecclesiis
2711 3627 2978 3683 ommibus
3009 3629 3327 3697 potirentur.

2343 3711 2530 3764 XVIII.
2586 3713 2793 3783 Scripta
2842 3731 2931 3769 au.
2982 3717 3507 3790 38L—Postquam
3542 3739 3574 3778 e
3613 3724 3852 3782 Calcidis

2272 3801 2484 3854 deserto
2505 3805 2750 3873 migravit
2776 3805 3155 3878 Hieronymus,
3180 3809 3334 3865 facile
3355 3814 3700 3870 Antiochiam
3728 3834 3849 3887 per-

2274 3891 2408 3942 rexit
2433 3931 2446 3953 ,
2492 3906 2591 3959 qua
2640 3892 2690 3946 itt
2728 3893 2938 3948 civitate
2967 3897 3102 3966 apud
3135 3898 3412 3953 Paulinum
3434 3943 3450 3962 ,
3495 3918 3602 3972 quo
3627 3919 3755 3959 cum
3784 3922 3849 3960 ex

2277 3981 2500 4033 Ilantaso
2519 3983 3021 4039 communicandum
3044 3987 3142 4040 sibi
3167 3988 3520 4055 intellexerat,
3549 3993 3688 4047 haud
3721 4010 3852 4064 pau-

2272 4086 2364 4124 cos
2395 4087 2606 4127 menses
2632 4074 2931 4130 diversatus
2957 4089 3059 4132 est.
3092 4077 3167 4133 Ibi
3198 4083 3348 4134 enim
3379 4091 3435 4136 et
3457 4083 3845 4152 Apollinarium

2273 4159 2619 4214 Laodicenum
2642 4203 2658 4227 ,
2685 4165 2812 4216 etin
2841 4167 3062 4233 epistola
3093 4167 3159 4220 ad
3188 4168 3497 4224 Pantmach.
3528 4181 3581 4224 et
3607 4171 3845 4228 Occean.

2280 4261 2524 4317 testatur,
2555 4255 2750 4307 audivit
2774 4293 2789 4319 ,
2817 4258 3104 4325 frequenter
3129 4266 3176 4311 et
3214 4259 3367 4312 coluit
3391 4300 3406 4326 ,
3448 4271 3503 4314 et
3545 4276 3667 4316 cum
3719 4265 3849 4317 miro

2277 4342 2503 4394 discendi
2549 4344 2730 4396 ardore
2753 4343 3002 4409 ferretur,
3035 4355 3144 4399 tum
3195 4347 3470 4412 doctrinae,
3496 4359 3606 4404 tum
3634 4367 3848 4407 morum

2277 4433 2539 4500 probitate
2568 4432 2784 4498 eximia,
2815 4449 2921 4487 non
2951 4435 3051 4488 levi
3081 4441 3453 4506 experimento
3477 4439 3699 4497 Paulino
3727 4442 3847 4507 fuit,

2277 4534 2332 4576 ut
2359 4539 2478 4577 eum
2510 4524 2623 4592 ipse
2650 4526 2944 4584 Antloebia:
2983 4528 3350 4601 presbyterum
3379 4531 3668 4587 ordinaret.
3707 4533 3847 4588 Nam

2277 4613 2376 4667 etsi
2402 4613 2490 4667 alii
2512 4613 2770 4680 dubitant,
2798 4633 2925 4672 num
2949 4634 3132 4674 revera
3173 4619 3534 4675 Antiochenus
3558 4621 3846 4693 episcopus

2279 4701 2454 4766 fuerit,
2474 4703 2561 4772 qui
2579 4719 2699 4758 eum
2722 4706 2973 4762 Paulinus
2989 4710 3355 4780 presbyterum
3369 4712 3548 4780 jussit,
3565 4727 3671 4781 quo
3685 4713 3740 4767 id
3766 4723 3844 4767 ta-

2277 4807 2394 4846 men
2423 4792 2542 4860 jure
2563 4793 2758 4850 faciant
2784 4812 2887 4851 non
2918 4799 3105 4863 video;
3129 4815 3254 4854 cum
3277 4815 3340 4855 ex
3364 4801 3670 4873 Hieronymi
3695 4805 3846 4873 epis-

2277 4885 2381 4937 tola
2411 4885 2474 4938 ad
2503 4887 2901 4943 Pammachium
2923 4889 3178 4944 adversus
3195 4905 3408 4946 errores
3420 4891 3638 4947 Joannis
3659 4891 3848 4948 Hiero-

2274 4977 2374 5029 sol.
2408 4976 2576 5044 palam
2601 4986 2828 5042 constet,
2844 4988 2898 5031 et
2919 4979 3236 5044 Antiochiae,
3252 4989 3305 5034 et
3331 4996 3425 5050 per
3448 4982 3562 5036 haec
3580 4990 3845 5050 tempora,

2275 5075 2328 5119 et
2356 5080 2387 5119 a
2415 5066 2636 5119 Paulino
2683 5067 3008 5120 ordinatum.
3040 5069 3281 5134 Sanctw,
3330 5069 3541 5140 inquit,
3590 5073 3851 5126 memoria

2274 5157 2541 5224 episcopus
2574 5154 2824 5208 Paulinus
2851 5157 3061 5222 audivit,
3096 5157 3237 5212 Num
3259 5160 3433 5229 rogavi
3457 5167 3505 5212 te
3529 5200 3544 5225 ,
3592 5168 3647 5212 ut
3699 5158 3853 5214 ordi-

2275 5246 2470 5298 narer?
2507 5254 2664 5311 atque
2691 5245 2793 5297 alia
2820 5286 2834 5309 ,
2879 5262 2998 5316 qua:
3044 5249 3095 5302 in
3128 5248 3246 5301 Vita
3285 5247 3456 5303 fusius
3483 5248 3846 5318 disputantur.

2277 5334 2489 5387 Interim
2520 5333 2602 5386 vel
2633 5335 2877 5401 sequenti
2921 5352 3007 5389 an.
3050 5335 3172 5391 580.
3209 5335 3296 5389 vel
3325 5337 3537 5391 ineunte
3561 5338 3684 5394 531.
3719 5337 3849 5394 inde

2276 5424 2554 5478 coniicitur
2575 5424 2906 5492 discessisse,
2937 5417 3525 5494 et'Constantinopolim
3550 5441 3644 5495 per
3665 5424 3855 5481 Orien-

2277 5515 2346 5568 tis
2373 5513 2528 5568 urbes
2554 5514 2894 5569 contendisse
2922 5556 2936 5581 ,
2964 5515 3105 5585 quod
3129 5514 3446 5584 Gregorium
3476 5529 3542 5570 eo
3569 5524 3838 5584 tempore,
3880 5549 3886 5554 ν

2277 5623 2382 5678 quo
2421 5605 2577 5675 regize
2605 5607 2747 5661 urbis
2778 5607 2945 5662 tenuit
2973 5607 3359 5677 episcOpatum,
3388 5619 3419 5661 a
3448 5605 3590 5664 maio
3635 5605 3858 5664 scilicet
