4048 6192
203 286 309 344 LIII

207 407 324 471 post
344 398 674 468 abrogatum
696 394 974 451 Maximum
995 390 1280 463 Cynicum,
1304 387 1370 442 ad
1399 385 1592 441 Iulium
1623 400 1779 439 men-

213 505 346 556 sem,
366 503 473 560 quo
501 503 627 543 sese
648 488 759 556 ipse
787 487 840 538 in
865 484 1198 539 tecumenico
1223 479 1452 534 concilio
1475 486 1667 546 sponte
1695 476 1779 528 ab-

218 581 428 644 dicavit,
450 579 670 641 audivit,
696 586 750 632 ct
773 576 956 629 coluit.
981 574 1075 628 His
1095 575 1166 626 ita
1188 569 1492 625 constitutis
1514 575 1782 636 postrema

221 671 373 740 hujus
401 669 588 723 classis
617 669 840 737 epistola
868 666 934 720 ad
963 667 1243 718 Damasum
1273 662 1336 713 de
1360 659 1632 728 Serapliim
1663 657 1784 709 huic

218 777 354 815 anno
391 761 515 815 581.
552 759 798 828 illiganda
828 766 932 817 est,
977 755 1119 825 quod
1161 757 1273 822 ipse
1305 754 1355 805 in
1392 767 1513 818 cap.
1545 750 1696 802 Isaia:
1728 752 1781 802 (i.

215 850 549 918 apertissime
579 858 746 902 notat.
781 846 854 900 De
880 846 976 898 hac
1001 847 1210 906 visione,
1239 842 1445 910 inquit,
1486 849 1602 892 ante
1628 853 1786 890 annos

213 942 405 993 circiter
431 941 638 1010 triginta
676 955 790 992 cum
821 953 974 991 essent
1021 933 1505 1002 Constantinopoli,
1553 941 1597 984 et
1644 927 1786 999 apud

213 1030 372 1082 cirum
401 1031 862 1099 eloquentissimum
906 1026 1203 1096 Gregorium
1236 1023 1623 1077 Nazianzenum
1671 1033 1789 1073 tunc

213 1122 445 1190 ejusdem
470 1121 610 1174 urbis
639 1123 927 1190 episcOpum
951 1129 1242 1171 sanctarum
1274 1117 1656 1184 Scripturarum
1677 1120 1787 1166 stu-

215 1211 318 1263 diis
369 1213 624 1272 erudirer,
656 1211 759 1263 scio
806 1226 884 1262 me
925 1209 1118 1262 brevem
1169 1207 1423 1266 dictasse,
1479 1205 1794 1271 subitumque

199 1309 508 1366 tractatum,
540 1311 594 1352 ut
645 1300 1035 1368 experimentum
1081 1312 1308 1366 caperem
1335 1293 1578 1363 ingenioli
1607 1293 1724 1354 mei,
1749 1298 1795 1343 et

1667 260 2047 329 ρηίειιᾎτιο.
2137 223 2142 225 ’

3366 270 3470 326 uv

1886 381 2063 435 amicis
2091 379 2384 449 jubentibus
2423 380 2700 434 obedirem.
2749 381 2942 436 Iterum
2994 383 3220 450 Epistol.
3272 385 3361 440 84.
3398 388 3466 440 sd

1886 472 2191 527 Pammach.
2237 483 2290 526 et
2333 473 2565 526 Occcau.
2611 472 2676 526 In
2705 474 2912 528 lectione
2935 518 2950 540 ,
2987 477 3193 546 inquit,
3220 477 3378 534 Isaias
3405 481 3458 535 in

1884 580 1984 627 qua
2013 565 2114 616 duo
2145 563 2426 623 Serapltim.
2445 564 2722 616 clamantia
2763 565 3129 630 describuntur,
3159 569 3247 623 illo
3275 570 3293 637 ί
3313 569 3455 624 0τὶ-

1885 654 2060 723 gone)
2113 655 2473 720 interpretante
2527 654 2722 708 Filium
2776 664 2822 706 et
2878 655 3129 723 Spiritum
3185 659 3450 724 Sanctum,

1887 763 2053 799 nonne
2078 763 2168 815 ego
2196 747 2545 798 detestandam
2567 747 2933 814 expositionem
2960 748 3014 799 in
3044 747 3144 800 duo
3171 757 3465 804 testamenta

1887 837 2115 890 mutavi?
2163 835 2393 890 [labetur
2437 837 2564 889 liber
2609 838 2660 889 in
2715 837 2949 888 manibus
2996 845 3115 890 ante
3144 837 3319 906 viginti
3370 854 3468 891 an-

1893 944 1983 980 nos
2011 927 2195 980 editus.
2248 926 2415 980 Porro
2465 928 2626 980 etiam
2678 941 2742 978 cx
2787 925 2978 992 majori
3027 925 3302 994 sequentis
3349 926 3470 981 anni

1890 1028 2038 1086 parte
2087 1027 2272 1072 nactus
2320 1018 2656 1071 commodam
2705 1016 2896 1070 studiis
2947 1016 3062 1070 suis
3123 1019 3462 1071 occasionem

1891 1107 2347 1176 Constantinopoli
2397 1109 2651 1169 steterit,
2684 1121 2963 1175 quousque
2990 1121 3113 1160 cum
3142 1121 3306 1175 supra
3347 1106 3464 1159 lau-

1892 1199 2018 1254 dato
2044 1199 2266 1253 Paulino
2314 1209 2470 1268 atque
2516 1198 2802 1268 epipbauio
2828 1197 3099 1266 episcopis
3139 1197 3364 1251 Romam
3394 1195 3466 1250 ad

1897 1289 2178 1342 concilium
2204 1289 2557 1358 adnavigavit.

857 1511 1770 1624 EPISTOLE
1846 1471 2038 1618 II.
2115 1507 2820 1621 cnnssss

203 1722 369 1774 QUAS
408 1721 822 1764 ﬂlERONYMUS
854 1721 974 1761 PER
1019 1719 1236 1764 FERMB
1278 1717 1639 1760 TRIENNIUM
1684 1715 1866 1758 ROMB
1911 1714 2189 1757 SCRIPSIT
2230 1717 2312 1757 ΔΒ
2358 1717 2656 1759 EXEUNTB
2700 1718 2868 1762 ANNO
2904 1719 3163 1764 CHRISTI
3204 1703 3346 1763 382.
3395 1723 3480 1764 ΔΙ)

1503 1855 1704 1898 unus
1749 1853 2003 1897 MEDIUM
2045 1835 2182 1897 385.

261 1988 389 2044 XIX
404 1999 456 2043 ct
468 1987 586 2044 XX.
603 1987 913 2056 Scriptasan.
925 1984 1254 2041 585.-—-Cum
1269 1979 1614 2036 Antiochense
1630 1976 1792 2031 ecclc-

210 2081 299 2134 sia:
313 2081 528 2149 negotia
544 2079 594 2132 iu
614 2092 917 2146 perversum
931 2085 1110 2144 ageret
1129 2074 1379 2131 schisma,
1393 2079 1554 2137 atque
1568 2083 1630 2121 ex
1648 2065 1792 2119 ordi-

211 2170 433 2223 natione
465 2167 700 2222 Flaviani
737 2166 790 2219 in
820 2164 1387 2231 constantinopolitana
1420 2159 1628 2228 synodo
1657 2159 1790 2210 facta

211 2257 546 2328 perturbatio
567 2266 877 2327 augeretur,
912 2255 1131 2308 Orientis
1151 2262 1297 2321 atque
1327 2249 1615 2304 Occidentis
1663 2245 1792 2311 Epi-

209 2365 392 2417 scopos
419 2348 638 2401 Romam
661 2345 959 2415 Imperiales
981 2345 1160 2396 littera:
1181 2348 1540 2395 contraxerunt
1563 2380 1578 2403 ,
1609 2351 1714 2406 quo
1732 2350 1793 2389 se

211 2453 411 2507 nempe
437 2439 506 2490 ad
549 2436 819 2489 maximam
870 2434 1136 2504 Sgnodum
1175 2447 1288 2502 qua:
1333 2431 1439 2483 illic
1487 2427 1791 2497 parabatur,

210 2535 534 2600 conferrent,
561 2526 1000 2581 utTheodoretus
1023 2524 1264 2593 exponit.
1293 2522 1409 2590 Ipse
1437 2520 1795 2588 Hieronymus

211 2624 553 2678 ecclesiastica
595 2619 886 2678 necessitate
905 2617 1216 2684 compulsus
1236 2655 1251 2676 ,
1275 2612 1418 2683 quod
1449 2613 1500 2666 in
1530 2608 1793 2664 Marcella:

214 2712 511 2783 Epitaphio
529 2709 597 2764 ad
629 2709 949 2776 Principiam
976 2706 1170 2771 tradit,
1199 2705 1422 2758 Romam
1444 2700 1659 2754 advertit
1677 2714 1793 2750 cum

213 2801 426 2861 Sanctis
455 2800 788 2869 Pontiﬁcibtts
819 2796 1070 2861 Paulino,
1100 2805 1148 2849 et
1199 2793 1491 2864 Epiphanio
1511 2833 1527 2857 ,
1578 2805 1794 2860 quarunt

212 2898 342 2952 alter
363 2892 768 2954 Antiochenam,
793 2890 921 2944 alter
938 2887 1276 2942 Salaminiam
1295 2884 1451 2954 Cypri
1478 2883 1606 2936 rexit
1648 2881 1799 2934 eccle-

215 2992 365 3044 siam.
400 2989 570 3042 Porro
599 3001 704 3039 non
727 2984 826 3038 nisi
851 2983 950 3038 sub
971 2981 1129 3036 ﬁnem
1152 2980 1276 3034 anni
1301 2977 1424 3032 382.
1443 2987 1496 3031 et
1513 2975 1796 3029 advenisse

215 3096 344 3147 eos,
391 3089 445 3134 et
471 3076 747 3148 hynodum
795 3074 1027 3127 habitam
1071 3086 1222 3135 esse,
1256 3070 1396 3123 idem
1439 3067 1798 3135 Hieronymus

215 3187 320 3226 non
347 3172 584 3226 obscure
608 3167 764 3222 docet
805 3165 978 3236 Epist.
1010 3163 1132 3220 108.
1164 3162 1251 3215 ubi
1282 3159 1580 3227 Episcopus
1606 3156 1797 3208 Orien-

216 3263 374 3326 tales.
397 3259 490 3329 qui
515 3258 582 3312 ad
611 3257 757 3311 illam
779 3259 1172 3314 convenerant,
1193 3264 1299 3304 non
1321 3255 1446 3302 ante
1471 3242 1803 3312 insequentis

215 3353 380 3414 anni,
415 3349 619 3404 scilicet
640 3347 767 3404 585.
795 3355 1020 3399 exactam
1047 3343 1274 3412 hyemem
1291 3379 1306 3404 ,
1341 3346 1390 3393 et
1413 3345 1641 3405 apertum
1667 3345 1806 3384 mare

217 3438 503 3495 discedere
532 3436 770 3488 valuisse
806 3433 994 3488 scribit
1025 3449 1038 3483 :
1066 3428 1206 3499 quod
1237 3440 1425 3482 rursus
1469 3439 1534 3478 ex
1563 3420 1801 3490 Epistola

218 3532 283 3584 ad
338 3528 582 3584 Asellam
616 3524 875 3580 subducta
903 3522 1107 3576 ratione
1133 3519 1330 3573 clarius
1351 3515 1634 3571 constabit.
1661 3510 1803 3566 Inte-

219 3622 320 3675 rim
344 3619 737 3688 Hieronymum
761 3629 919 3684 quem
947 3610 1410 3667 instructissimum
1431 3607 1804 3675 esperimento

217 3720 469 3771 noverat,
490 3719 546 3762 ut
566 3708 664 3762 sibi
694 3708 745 3761 in
765 3703 1156 3760 Ecclesiasticis
1198 3701 1377 3755 causis
1415 3699 1726 3760 inserviret,
1751 3705 1806 3750 et

219 3804 376 3855 totius
402 3800 539 3854 orbis
560 3795 1017 3850 consultationibus
1045 3807 1145 3846 suo
1185 3791 1400 3845 nomine
1430 3787 1798 3856 responderet,

219 3890 490 3944 Damasus
540 3889 750 3950 tenuit;
795 3886 950 3953 eique
995 3881 1222 3938 subinde
1264 3882 1439 3934 varias
1481 3878 1804 3948 quastiones

219 3979 524 4050 pr0posuit.
555 3977 794 4033 Primum
821 3975 890 4030 de
917 3975 1129 4028 Osanna
1160 3971 1546 4037 interrogavit,
1577 3981 1672 4035 per
1693 3965 1808 4034 epi-

221 4070 426 4125 stolam
454 4066 596 4122 XIX.
622 4067 706 4120 cui
729 4065 909 4120 statim
934 4062 1054 4117 XX.
1090 4066 1188 4115 hac
1217 4060 1308 4113 ille
1333 4056 1588 4112 satisfecit
1608 4097 1622 4120 ,
1647 4071 1806 4124 quam

222 4162 396 4215 etiam
439 4161 492 4213 in
539 4158 794 4225 Catalogo
821 4155 922 4208 hoc
950 4153 1138 4207 ordine
1184 4159 1490 4212 enumerat,
1541 4159 1699 4215 atque
1740 4145 1806 4199 ad

221 4250 372 4305 hunc
394 4263 602 4304 annum
618 4247 739 4301 383.
775 4245 1040 4315 pertinere
1065 4257 1133 4297 ex
1155 4253 1331 4296 rerum
1352 4276 1368 4304 ,
1395 4251 1527 4308 quas
1555 4236 1811 4304 exposui-

220 4357 348 4396 mus
371 4340 546 4403 scrie,
575 4336 975 4404 comprobatur.

293 4429 448 4484 XXl.
477 4427 683 4496 Scripta
707 4424 880 4479 eodem
910 4438 1143 4477 anno.—
1166 4421 1424 4475 Damasus
1455 4417 1595 4472 haud
1643 4416 1812 4471 multo

219 4530 354 4590 post
390 4517 703 4588 Hieronymi
750 4514 1052 4570 eruditione
1097 4513 1300 4568 utiliter
1343 4526 1471 4566 usus
1514 4508 1811 4565 enodandis

217 4626 510 4667 sacrarum
559 4609 854 4662 litterarum
901 4605 1336 4664 difﬁcultatibus.
1384 4602 1696 4657 l’arabolam
1745 4599 1812 4654 de

217 4705 448 4759 duobus
476 4701 627 4766 ﬁliis,
653 4699 845 4768 Frugi,
879 4713 943 4752 ac
965 4697 1238 4751 luxurioso
1282 4695 1383 4749 sibi
1413 4693 1610 4762 exponi
1639 4692 1810 4762 petiit;

214 4809 395 4865 quam
422 4792 514 4846 ille
537 4792 668 4845 satis
691 4789 922 4858 eleganti
950 4803 1013 4842 ac
1043 4787 1199 4855 longa
1233 4784 1456 4854 epistola
1486 4791 1814 4837 commenta-
1851 4835 1857 4841 ,

213 4893 331 4939 tur.
376 4881 507 4935 Haec
534 4879 793 4947 superiori
822 4877 1000 4932 statim
1031 4877 1276 4930 subditur
1302 4874 1355 4928 in
1385 4874 1658 4942 catalogo,
1692 4887 1812 4937 nec,

207 4973 364 5028 licet
383 4971 650 5038 peoitiora
671 4969 845 5024 desint
863 4969 1001 5023 circa
1026 4966 1268 5036 ejusdem
1294 4974 1504 5034 tempus
1530 4979 1814 5032 argumen-

207 5073 266 5118 ta
285 5103 305 5128 ,
346 5058 428 5112 ad
454 5056 817 5125 insequentem
843 5069 1015 5112 tamen
1047 5073 1242 5112 annum
1288 5057 1397 5110 ullo
1426 5065 1582 5124 pacto
1607 5054 1816 5109 videtur

210 5147 636 5209 transferenda.

289 5238 476 5297 XXII.
504 5239 714 5309 Scripta
737 5253 823 5290 an.
847 5237 967 5292 584.
991 5268 1063 5278 -
1085 5238 1301 5292 Librum
1329 5237 1588 5291 adversus
1632 5235 1812 5289 Helvi-

209 5335 412 5394 dium,
472 5331 611 5385 unde
661 5329 820 5397 hujus
856 5329 921 5382 ad
955 5328 1304 5383 Eustochium
1355 5327 1598 5396 epistola:
1617 5327 1816 5381 certior

207 5424 453 5496 Epocha
498 5425 711 5484 elucet,
765 5431 823 5474 ut
870 5421 1030 5475 citius
1078 5420 1294 5474 Hieron.
1325 5419 1634 5486 scripserit,
1667 5427 1814 5471 certe

208 5532 326 5574 non
361 5524 496 5572 ante
520 5515 648 5570 anni
677 5513 808 5569 385.
830 5512 1027 5578 linem;
1059 5511 1317 5580 ejusmodi
1347 5510 1490 5564 enim
1513 5509 1690 5563 verbis
1714 5507 1816 5560 uti-

207 5621 319 5680 tur,
353 5606 554 5678 quibus
573 5621 686 5662 non
711 5603 784 5658 ita
811 5602 1018 5673 pridem
1047 5601 1269 5655 Romam
1298 5599 1608 5662 advenisse,
1637 5612 1700 5652 ac
1723 5597 1814 5653 diu

213 5700 506 5758 distulisse
527 5715 596 5757 ne
625 5695 922 5761 scriberet,
952 5693 1248 5763 prohtetur.
1280 5691 1413 5748 Eum
1438 5701 1615 5748 tamen
1644 5689 1694 5744 in
1717 5688 1812 5746 hac

1895 1979 2120 2046 epistola
2167 1979 2237 2034 ita
2285 1981 2397 2050 jam
2430 1984 2698 2053 vulgatum
2729 1985 2892 2048 dicit,
2928 1995 2983 2040 ut
3034 1987 3236 2058 aliquot
3283 1989 3476 2045 saltem

1897 2085 2109 2125 menses
2134 2072 2326 2141 quibus
2350 2075 2417 2128 ad
2446 2077 2587 2146 vulgi
2617 2092 2804 2130 manus
2835 2077 3145 2142 devenerit,
3174 2079 3478 2134 subintelli-

1898 2174 1992 2229 gas
2019 2164 2376 2229 praecessisse.
2403 2164 2518 2218 Jam
2549 2169 2725 2234 itaque
2753 2167 2882 2221 ὅθι.
2912 2183 3087 2222 annus
3115 2168 3472 2234 decurrebat,

1899 2263 2019 2303 cum
2040 2251 2382 2306 Eusmchium
2405 2255 2595 2324 insigni
2617 2255 2718 2309 hac
2738 2256 3106 2309 lucubratione
3125 2257 3191 2308 de
3209 2258 3472 2311 servanda

1901 2339 2216 2409 Virginitate
2264 2358 2483 2397 monere
2535 2345 2732 2406 voluit,
2801 2345 3062 2414 siquidem
3114 2360 3214 2400 nec
3261 2325 3479 2400 domum

1901 2429 1956 2485 S.
1987 2431 2196 2496 Paula},
2226 2434 2378 2500 cujus
2407 2435 2490 2488 illa
2521 2445 2636 2489 erat
2663 2435 2768 2488 lilia
2792 2477 2807 2502 ,
2843 2452 2962 2491 cum
3012 2437 3193 2488 Romae
3231 2437 3479 2506 degeret,

1901 2523 2077 2576 statim
2097 2525 2260 2588 novit,
2285 2529 2390 2579 imo
2413 2537 2529 2593 post
2547 2536 2746 2581 tantum
2772 2530 3024 2595 temporis
3045 2526 3400 2592 intervallum,
3425 2536 3482 2582 ut

1864 2612 1874 2620 “
1901 2624 2183 2683 antequam
2204 2627 2467 2679 nosceret,
2499 2619 2722 2672 omnium
2735 2635 2859 2689 pene
2868 2619 3067 2690 judicio
3088 2620 3270 2688 dignus
3285 2635 3482 2674 summa

1901 2708 2184 2761 sacerdotio
2208 2709 2408 2764 decerni
2425 2712 2675 2766 virtutum
2703 2713 3071 2781 experimento
3090 2721 3274 2780 posset
3289 2727 3483 2780 quem-

1899 2798 2184 2854 admodum
2233 2803 2346 2870 ipse
2389 2804 2444 2858 in
2471 2805 2701 2874 epistola
2747 2805 2812 2858 ad
2859 2805 3090 2859 Asellam
3123 2805 3303 2859 tradit.
3335 2805 3485 2858 lusu-

1902 2904 1997 2957 per
2015 2899 2069 2944 et
2097 2891 2381 2946 Blzesillam
2438 2895 2707 2948 Eustocbii
2751 2908 2992 2948 sororem
3021 2895 3290 2955 nominat,
3323 2907 3483 2961 quam

1903 2983 2128 3048 septimo
2147 2983 2256 3051 jam
2285 2997 2470 3037 mense
2500 2984 2770 3036 viduatam
2796 2983 2914 3050 ejus
2942 2983 3066 3035 vita:
3099 2980 3482 3050 perfectionem

1905 3085 2147 3138 quaerere
2171 3087 2273 3124 non
2300 3073 2526 3126 obscure
2547 3073 2766 3124 indiczit.
2801 3071 2890 3123 Illa
2914 3079 3098 3122 autem
3120 3069 3185 3122 ad
3207 3070 3330 3121 anui
3362 3083 3486 3136 pro-

1905 3161 2048 3213 xime
2074 3162 2449 3228 subsequentis
2479 3161 2686 3214 initium
2719 3160 2858 3213 l‘acto
2887 3161 3065 3212 iuncta
3093 3167 3176 3212 est
3195 3200 3210 3222 ,
3241 3167 3296 3211 ut
3326 3158 3486 3226 paulo

1909 3251 2046 3306 intra
2073 3252 2435 3314 ostendemus.
2481 3252 2558 3306 Ad
2601 3252 2714 3306 ha-c
2743 3265 2863 3305 cum
2891 3266 2979 3304 an.
3008 3249 3132 3305 ³594.
3157 3259 3210 3302 ut
3237 3263 3335 3302 suo
3367 3251 3485 3303 loco

1909 3341 2066 3412 plane
2091 3341 2387 3403 constabit,
2412 3341 2671 3396 scriberet
2689 3340 2752 3394 ad
2781 3339 3152 3408 Nepotianum,
3172 3337 3489 3394 decennium

1907 3430 2098 3485 exinde
2124 3441 2408 3500 supputat,
2430 3445 2592 3500 seque
2615 3430 2744 3487 dicit
2769 3429 2998 3499 lapidato
3017 3430 3133 3500 jam
3167 3427 3487 3499 Virginitatis

1909 3523 2111 3590 libello,
2150 3539 2295 3591 quem
2341 3523 2401 3578 S.
2450 3521 2728 3577 Eustochio
2777 3523 2957 3577 Romae
3000 3523 3314 3591 scripserat,
3369 3531 3488 3590 post

1908 3629 2068 3666 annos
2119 3613 2287 3666 decem
2324 3630 2498 3667 rursus
2541 3613 2793 3668 Bethleem
2843 3631 2932 3667 ora
2975 3629 3201 3668 reserare
3238 3629 3255 3666 :
3285 3628 3350 3667 ex
3381 3628 3490 3681 quo

1909 3704 2163 3758 subducta
2218 3705 2424 3758 ratione
2473 3703 2541 3757 de
2567 3719 2633 3758 eo
2683 3703 2824 3773 quod
2873 3704 3120 3771 epistolae
3161 3704 3491 3773 prtuiixittttls

1912 3806 2186 3866 tempore,
2241 3794 2488 3848 dubitare
2531 3810 2634 3848 non
2685 3795 2830 3848 licet.
2861 3793 2964 3850 Sed
3012 3797 3188 3863 potius
3217 3811 3281 3848 ex
3312 3811 3490 3849 rerum

1911 3888 2047 3943 serie
2073 3894 2231 3955 atque
2273 3886 2387 3954 ipso
2421 3885 2659 3954 Catalogi
2706 3884 2893 3939 ordine
2935 3885 3186 3952 proxime
3234 3885 3479 3950 sequenti

1914 3976 2275 4047 postponenda
2309 3977 2570 4029 videatur.

1986 4069 2173 4123 XXIII.
2195 4069 2400 4138 Scripta
2419 4068 2596 4121 eodeni
2623 4084 2710 4120 an.
2742 4068 2960 4123 58L—
2981 4067 3058 4121 Ex
3091 4067 3331 4137 pluribus
3357 4059 3492 4136 quas

1915 4158 1979 4210 ad
2007 4159 2308 4212 Marcellam
2330 4158 2567 4211 exaravit
2594 4156 2866 4225 epistolis,
2901 4166 2955 4209 et
2977 4173 3202 4225 quarum
3226 4157 3487 4224 integrum

1916 4246 2108 4300 librum
2141 4247 2193 4299 in
2213 4245 2467 4315 Catalogo
2491 4247 2648 4309 citat,
2673 4245 3100 4314 quandoquidem
3126 4247 3192 4300 de
3220 4261 3362 4299 anno
3381 4261 3491 4316 quo

1917 4339 2137 4408 singulae
2171 4338 2308 4392 data
2347 4348 2504 4400 sunt,
2531 4337 2775 4392 dubitare
2803 4338 2960 4392 nobis
3008 4341 3093 4392 vix
3144 4340 3300 4404 licet,
3356 4339 3494 4395 hanc

1917 4445 2036 4498 qua:
2064 4429 2126 4483 de
2145 4429 2282 4483 exitu
2307 4428 2424 4482 Lm
2449 4429 2774 4493 inscribitur,
2810 4430 2982 4497 primo
3023 4430 3143 4485 loco
3167 4433 3488 4487 ccusendam

1917 4537 2038 4576 esse
2065 4521 2303 4576 arbitrati
2327 4535 2513 4575 sumus
2531 4561 2545 4585 ,
2580 4519 2718 4574 haud
2743 4520 2957 4591 quidem
2979 4563 2995 4586 ,
3027 4532 3085 4578 ut
3109 4539 3290 4579 vermu
3323 4525 3490 4581 latea-

1919 4628 2038 4666 mur
2063 4611 2261 4682 liquido
2285 4613 2413 4666 satis
2438 4622 2781 4680 argumento,
2827 4627 2890 4667 ea
2930 4623 3108 4669 tamen
3149 4615 3452 4684 conjectura
3478 4656 3493 4680 ,

1918 4701 2005 4756 cui
2051 4717 2227 4756 rerum
2257 4702 2388 4756 ordo
2415 4701 2754 4772 suffragatur.
2805 4701 3100 4770 Marcellas,
3161 4705 3498 4771 aliarumque

1921 4791 2234 4847 Sanctarum
2251 4792 2528 4863 Virginum
2553 4793 2749 4859 choro,
2773 4810 2930 4862 quam
2960 4794 3284 4847 domesticam
3313 4792 3496 4846 Paula:

1921 4882 2204 4940 Ecclesium
2228 4893 2408 4951 vocat,
2438 4900 2557 4940 cum
2583 4885 2720 4954 apud
2747 4899 2840 4940 eas
2867 4893 3012 4939 esset
3057 4885 3200 4938 Hier.
3246 4883 3491 4938 Psalino-

1922 4990 2036 5028 rum
2068 4975 2258 5029 librum
2290 4975 2388 5028 sibi
2407 4982 2707 5042 sumpserat
2726 4973 2793 5026 de
2819 4988 2914 5026 ore
2937 4971 3329 5039 exponendum.
3365 4974 3498 5029 Ilinc

1923 5065 2118 5136 passim
2146 5064 2399 5132 Epistolas
2425 5071 2746 5126 occurrunt,
2777 5077 2911 5128 quas
2940 5077 3004 5113 ex
3044 5061 3269 5129 alicujus
3296 5062 3496 5117 Psalmi

1923 5156 2203 5209 occasione
2231 5152 2412 5214 dedit,
2461 5153 2546 5204 vel
2583 5160 2637 5202 ut
2682 5151 2842 5202 altius
2893 5149 3221 5216 insiderent,
3255 5167 3374 5220 quae
3405 5169 3501 5209 ore

1927 5257 2076 5300 tenus
2101 5243 2428 5305 tradiderat,
2461 5241 2625 5294 fusius
2654 5241 2887 5308 exponit.
2919 5241 3173 5308 Exemplo
3224 5252 3377 5296 erunt
3423 5245 3501 5298 in-

1927 5337 2114 5405 primis
2143 5335 2259 5388 haec
2288 5332 2397 5398 ipsa
2425 5345 2582 5397 quam
2634 5344 2743 5393 pra:
2783 5331 3028 5385 manibus
3077 5331 3360 5400 habemus,
3390 5342 3500 5388 tum

1926 5425 2026 5478 alia
2049 5424 2114 5477 de
2136 5423 2307 5475 decem
2332 5416 2424 5468 Dei
2445 5417 2730 5471 nominibus
2747 5460 2760 5483 ,
2789 5420 2914 5472 item
2943 5419 3012 5474 de
3056 5420 3290 5475 ltebraico
3311 5421 3502 5489 Alplta-

1926 5513 2036 5567 beta
2053 5555 2066 5577 ,
2091 5522 2140 5566 ct
2159 5525 2278 5578 quae
2302 5503 2492 5558 I’salmi
2515 5509 2789 5562 ccntesimi
2814 5510 3050 5577 \‘igcsinii
3073 5511 3206 5564 sexti
3224 5511 3336 5564 loca
3355 5527 3503 5580 qum-

1927 5604 2046 5659 dam
2079 5601 2345 5671 explanat.
2377 5595 2541 5648 Porro
2589 5599 2805 5656 minimc
2841 5603 2910 5656 sit
2935 5600 3238 5657 vcrosimile
3263 5642 3276 5665 ,
3311 5601 3500 5655 Hier-oo

1927 5707 2142 5768 nymum
2195 5690 2404 5744 inverso
2449 5684 2633 5742 ordine
2663 5701 2750 5746 aut
2800 5693 3058 5758 confuso,
3100 5698 3256 5759 prout
3285 5689 3502 5760 quisque
