4048 6192
564 355 647 413 ιν
1996 327 2369 388 νηλεελτια

562 466 804 524 Psalmus
833 476 963 516 casu
988 461 1316 515 occurreret,
1368 449 1425 504 id
1444 448 1813 518 quodcumque
1839 451 1920 497 est
1946 440 2126 511 cperis

563 558 835 625 exegisse,
867 551 958 606 sed
989 548 1137 604 initio
1165 560 1196 599 a
1233 542 1495 612 prioribus
1521 539 1661 593 facto
1680 579 1697 603 ,
1728 535 2132 625 processissent

563 622 802 714 parverat
827 641 891 695 ad
923 637 1243 706 posteriores
1266 675 1281 695 ,
1306 633 1537 687 maxime
1558 643 1679 683 cum
1710 628 1762 680 in
1784 625 1912 695 ipsis
1942 622 2135 714 litteris

564 713 696 790 nihil
728 733 834 787 fere
861 736 1105 783 occurrat
1130 724 1272 795 quod
1317 724 1628 793 refragetur.
1659 716 1885 773 Proinde
1914 715 2030 769 lucc
2053 713 2127 767 ad

564 821 861 878 Marcellam
888 832 1011 872 cum
1035 832 1066 871 c
1097 815 1289 870 Psalmi
1318 812 1507 867 ordine
1534 826 1597 864 ac
1622 824 1844 863 numero
1862 846 1878 872 ,
1911 814 2134 862 canens

559 915 889 973 antevertat,
933 905 1127 962 iisdem
1148 905 1306 957 etiam
1336 904 1455 957 loco
1477 899 1710 969 priel'erri
1738 894 2019 950 commode
2048 893 2130 945 vi-

559 1019 677 1059 sum
727 1008 810 1055 est
841 998 1067 1054 :eodem
1117 997 1168 1049 in
1211 994 1426 1059 reliquis
1454 997 1698 1058 respectu
1746 987 1963 1052 habito,
2010 999 2132 1052 qua:

558 1092 781 1163 integris
808 1086 1182 1153 Chronologia:
1210 1082 1428 1138 calculis
1454 1090 1507 1134 et
1534 1095 1766 1149 congrue
1814 1077 1979 1144 magis
2024 1076 2139 1127 suis

561 1198 790 1254 qumque
814 1183 944 1236 locis
961 1178 1271 1233 succedunt.
1289 1176 1473 1229 Annus
1492 1172 1633 1226 enim
1654 1186 1790 1223 unus
1808 1180 1967 1236 atque
1990 1167 2128 1219 idem

562 1278 675 1331 fere
702 1273 938 1327 orantium
969 1281 1081 1331 est,
1131 1267 1375 1320 nimirum
1419 1263 1542 1319 584.
1588 1261 1674 1331 qui
1703 1259 2036 1328 apertissime
2066 1272 2129 1309 ex

566 1365 664 1417 bac
708 1362 865 1429 priori
895 1360 1157 1419 statuitur,
1195 1356 1246 1408 in
1276 1369 1376 1422 qua
1405 1353 1525 1406 Lezc
1570 1357 1796 1403 mortem
1855 1362 1979 1399 cum
2030 1344 2131 1397 de-

564 1455 753 1523 signati
785 1451 1033 1505 Consulis
1053 1490 1067 1512 ,
1118 1446 1321 1500 scilicet
1350 1442 1643 1496 Prwtextati
1665 1482 1680 1503 ,
1711 1439 1801 1508 qui
1844 1437 1943 1490 sub
1991 1436 2130 1488 idem

568 1554 777 1612 tempus
805 1542 1006 1594 obierat
1028 1578 1044 1603 ,
1078 1548 1247 1590 morte
1287 1532 1559 1601 componit
1579 1525 1605 1611 ξ
1634 1542 1825 1595 nempe
1853 1526 2000 1579 illum
2034 1525 2135 1578 hoc

565 1653 705 1691 anno
729 1651 761 1689 e
786 1633 916 1687 vivis
937 1631 1231 1685 excessisse
1251 1633 1458 1681 constat
1478 1639 1538 1674 ex
1562 1617 1864 1691 Symmachi
1887 1618 2130 1685 cpistola,

563 1741 664 1794 qua
686 1724 1038 1792 Imperatores
1056 1719 1387 1785 depreettur,
1408 1721 1463 1765 ut
1483 1721 1708 1765 statuam
1731 1705 1968 1760 defuncti
1986 1706 2134 1770 ejus~

563 1816 684 1869 dem
715 1812 987 1865 Senatoris
1010 1807 1277 1861 memoria:
1299 1802 1540 1859 Collocari
1570 1799 1897 1868 permittant.

637 1900 824 1958 XXIV.
858 1900 1063 1964 Scripta
1093 1896 1244 1949 biduo
1275 1903 1382 1962 post
1411 1892 1735 1960 superiorem.
1758 1917 1831 1928 —
1851 1886 1980 1953 Qum
2004 1884 2132 1940 sub-

564 1997 803 2064 sequitur
831 1991 899 2045 de
944 1987 1178 2043 laudibus
1220 1985 1405 2040 Asella:
1462 1982 1620 2035 biduo
1652 1988 1771 2050 post
1800 1978 2133 2048 superiorem

565 2086 684 2138 data
713 2092 814 2137 est.
850 2080 1060 2134 Nudius
1086 2079 1292 2141 tertius,
1342 2075 1509 2143 inquit
1532 2115 1547 2135 ,
1592 2072 1657 2126 de
1685 2073 1839 2125 beata:
1881 2070 2136 2123 memoria

564 2175 668 2229 Lea
693 2174 865 2243 aliqua
894 2173 1198 2224 dixeramus.
1230 2166 1379 2221 Illico
1413 2164 1624 2234 pupugit
1653 2162 1878 2214 animant
1919 2170 1967 2212 et
2009 2159 2134 2241 milii

563 2265 691 2318 venit
717 2265 769 2315 in
798 2272 1008 2315 mentem
1035 2276 1133 2312 non
1163 2257 1341 2310 debere
1367 2271 1458 2308 nos
1497 2264 1663 2306 tacere
1683 2253 1745 2304 de
1783 2251 1985 2320 Virgine
2003 2289 2019 2315 ,
2045 2250 2131 2318 qui

567 2356 631 2408 de
660 2353 879 2408 secundo
904 2350 1079 2403 ordine
1105 2348 1348 2402 castitatis
1371 2345 1522 2399 locuti
1551 2358 1747 2396 sumus.

632 2442 801 2497 XXV.
825 2439 1014 2495 XXVI.
1063 2435 1276 2491 XXVII.
1322 2432 1556 2489 XXVIII.
1603 2440 1658 2487 et
1685 2429 1879 2486 XXIX.
1911 2429 2133 2498 Scriptus

563 2553 650 2590 an.
680 2533 803 2589 εει.
834 2559 905 2571 -
923 2530 1165 2596 Quinque
1192 2542 1292 2581 una
1319 2525 1701 2593 subsequentes
1735 2520 1802 2574 ad
1829 2519 2133 2575 Marcellam

563 2624 803 2693 epistola:
828 2631 1038 2686 tempus
1061 2627 1219 2687 atque
1234 2616 1472 2670 ordinem
1494 2628 1646 2668 suum
1663 2626 1692 2665 a
1716 2612 1890 2680 priore
1905 2610 1996 2665 25.
2017 2625 2136 2664 mu-

566 2724 799 2767 tuantur.
829 2711 1043 2766 Scilicet
1078 2707 1314 2777 proxima
1336 2720 1454 2774 quae
1479 2704 1541 2757 de
1559 2702 1859 2773 quibusdam
1886 2700 2135 2755 hebraicis

566 2805 722 2857 verbis
776 2802 1098 2863 inscribitur,
1149 2798 1236 2851 ubi
1290 2810 1473 2850 vocem
1511 2794 1732 2847 Alleluia
1774 2792 2039 2859 explicat,
2069 2789 2135 2844 la

567 2896 657 2947 Dei
698 2908 889 2945 nomen
912 2932 927 2949 .
957 2905 1064 2959 quo
1114 2903 1215 2940 Vox
1265 2888 1352 2940 illa
1383 2885 1720 2949 componitur
1741 2922 1757 2943 .
1789 2884 2039 2950 supponit
2067 2897 2132 2935 ex

564 2984 835 3049 superiore
864 2981 1060 3032 dudum
1103 2976 1411 3030 iutiotuisse.
1445 2974 1622 3028 Altera
1656 2974 1707 3025 in
1735 2971 1892 3039 hujus
1934 2969 2125 3023 defen-

563 3074 767 3127 sionem
797 3071 1044 3123 scribitur
1069 3064 1254 3121 Contra
1279 3066 1632 3119 obtrectatores
1655 3103 1670 3123 ,
1702 3059 1961 3127 siquidem
1979 3099 1998 3125 ,
2041 3059 2128 3113 in-

564 3166 712 3232 quit,
742 3140 853 3233 p‘ost
880 3166 1096 3233 priorem
1119 3157 1400 3227 Epistolant
1428 3158 1481 3211 in
1504 3172 1603 3224 qua
1630 3154 1693 3207 de
1710 3152 1941 3207 Hebr-teis
1972 3151 2137 3206 verbis

566 3268 728 3326 pauca
755 3252 1139 3319 perstrinxerain
1161 3247 1229 3301 ad
1259 3264 1336 3301 me
1356 3256 1557 3313 repente
1584 3246 1832 3312 perlatum
1857 3254 1963 3309 est,
1982 3258 2136 3310 quos-

567 3344 687 3397 dam
707 3342 1035 3396 homunculos
1052 3340 1176 3392 mihi
1204 3338 1425 3391 studiose
1445 3336 1724 3388 detrahere.
1753 3334 1890 3386 Duas
1906 3333 2139 3400 reliquas

567 3449 661 3488 seu
686 3432 774 3486 28.
797 3443 853 3485 et
874 3432 967 3487 29.
999 3442 1221 3498 quarum
1265 3426 1352 3480 illa
1392 3426 1455 3479 de
1482 3423 1861 3493 Diapsalmate,
1908 3422 2024 3475 lucc
2069 3420 2139 3474 de

570 3521 754 3592 Ephod
772 3530 819 3576 et
854 3520 1123 3587 Terap/n'm
1142 3518 1276 3585 agit,
1309 3517 1360 3569 in
1387 3515 1571 3569 eadem
1598 3513 1661 3565 de
1685 3510 1914 3565 Hebraeis
1932 3508 2137 3563 vocibus

568 3614 886 3682 scripturum
926 3624 985 3663 se
1010 3608 1122 3663 fore
1164 3607 1512 3675 promiserat,
1542 3602 1682 3674 quod
1731 3600 1908 3656 statim
1951 3601 2140 3669 imple-

568 3702 709 3756 vis-e
726 3715 789 3754 ex
815 3698 1087 3768 utriusque
1105 3704 1355 3752 contextu
1370 3705 1609 3765 apparet.
1628 3693 1934 3751 Succedunt
1958 3692 2139 3762 itaque

569 3793 669 3847 sibi
697 3791 916 3862 singulae
946 3804 1230 3861 paucorum
1274 3788 1385 3843 fere
1430 3789 1636 3844 dierum
1680 3785 2022 3841 interstitiis:
2058 3784 2138 3840 sic

571 3892 749 3939 tamen
775 3891 832 3937 ut
859 3883 1023 3948 scias,
1078 3882 1310 3951 priorem
1341 3880 1488 3936 illam
1530 3896 1651 3949 quia
1681 3878 1748 3934 X.
1779 3877 1873 3932 Dei
1925 3877 2139 3932 nomina

571 3975 969 4044 interpretatur,
998 3989 1063 4029 ex
1093 3988 1193 4044 qua
1224 3973 1444 4042 reliqua:
1468 3972 1734 4043 pendent,
1763 3970 1903 4041 quod
1928 3985 1998 4026 es
2029 3984 2130 4025 no-

572 4064 825 4135 nagesimi
851 4062 1041 4117 Psalmi
1060 4062 1338 4118 occisione
1352 4070 1564 4117 exarata
1584 4065 1674 4125 sit,
1699 4060 1848 4130 juxta
1866 4074 2023 4131 quam
2043 4075 2139 4114 su-

571 4172 663 4228 pra
675 4155 1017 4227 exposuimus
1027 4155 1385 4221 conjecturam
1404 4162 1660 4218 nostram,
1677 4151 1885 4227 caeteris
1900 4150 2143 4221 apprime

568 4246 1025 4304 consentientibus
1065 4245 1422 4315 cbrouologia:
1474 4244 1636 4310 notis,
1681 4243 1748 4298 ad
1800 4257 1921 4299 eum
1966 4242 2143 4297 locum

570 4350 869 4395 revocatam
908 4353 938 4391 a
982 4338 1134 4393 nobis
1174 4352 1333 4401 esse,
1362 4349 1564 4406 suoque
1588 4334 1760 4390 ordini
1809 4333 2132 4389 restitutam.

643 4425 814 4480 XXX.
837 4425 1032 4482 XXXI.
1058 4426 1272 4482 XXXII.
1297 4426 1518 4497 Scripta
1535 4442 1670 4480 anno
1688 4425 1813 4481 584.
1830 4424 1907 4478 vel
1932 4423 2142 4479 385.—

577 4514 779 4570 Eodem
815 4526 1160 4583 argumento,
1190 4532 1308 4586 quae
1335 4516 1403 4571 de
1455 4516 1706 4572 Hebraieo
1750 4514 2032 4586 Alphabeto
2060 4522 2145 4569 est

576 4604 644 4658 ad
699 4602 950 4671 Paulam,
1001 4604 1278 4660 subdimus
1328 4605 1430 4661 hoc
1469 4606 1620 4670 loco,
1649 4605 1846 4675 quippe
1871 4618 1992 4674 qua:
2027 4620 2144 4659 cum

575 4694 898 4750 centesimum
926 4704 1155 4749 octavum
1200 4695 1446 4749 decimum
1474 4696 1725 4766 psalmum
1770 4694 2032 4749 insinuare
2052 4709 2145 4748 co-

577 4792 785 4839 naretur
824 4781 1212 4854 Hieronymus,
1243 4783 1437 4839 dictata
1489 4790 1588 4837 est.
1618 4782 1747 4851 Quae
1792 4784 2035 4850 sequitur
2077 4782 2146 4838 ad

578 4871 912 4930 Eustochium
940 4875 1004 4928 de
1031 4872 1351 4927 Munusculis
1380 4874 1586 4929 labente
1614 4873 1764 4943 junio
1812 4872 1972 4941 hujus
1996 4872 2145 4939 anni,

580 4962 719 5020 festo
745 4964 834 5019 die
860 4963 1062 5019 Natalis
1091 4962 1236 5019 Beati
1284 4963 1426 5019 Petri
1464 4964 1839 5033 Apostolorum
1892 4963 2150 5034 principis

588 5053 712 5111 data
735 5062 839 5110 est.
865 5054 1000 5110 Cum
1027 5070 1154 5110 vero
1181 5054 1320 5108 hunc
1347 5054 1504 5109 simul
1546 5061 1707 5123 atque
1730 5054 1873 5109 illam
1892 5094 1909 5119 ,
1936 5069 2005 5110 ne
2040 5054 2153 5111 fru-

592 5154 705 5201 stra
720 5161 752 5201 a
768 5159 828 5201 se
846 5146 1050 5217 litteras
1064 5147 1379 5217 postulasset
1398 5145 1638 5201 Marcella
1647 5146 1881 5203 breviori
1899 5146 1971 5202 illi
1992 5163 2150 5218 quam

589 5236 659 5292 ad
688 5251 809 5292 eam
834 5237 985 5300 fecit,
1014 5237 1313 5300 addiderit,
1342 5246 1450 5291 tres
1493 5252 1595 5291 una
1619 5237 1871 5306 epistolas
1894 5240 2152 5308 paucissi-

590 5326 696 5380 mis
738 5326 878 5381 inter
925 5341 984 5382 se
1030 5326 1217 5383 diebus
1262 5326 1460 5382 distare
1496 5327 1774 5399 intelligis;
1806 5344 1982 5400 neque
2007 5330 2151 5385 enim

586 5414 690 5470 nisi
715 5414 761 5469 si
787 5416 1151 5472 recentissima
1189 5428 1397 5483 essent,
1421 5434 1542 5489 quae
1568 5419 1691 5475 aliis
1718 5420 1773 5476 in
1802 5435 1907 5475 una
1938 5430 2149 5486 tamen,

587 5513 747 5573 atque
765 5501 954 5559 eadem
980 5503 1141 5559 domo
1165 5508 1504 5564 manentibus
1524 5512 1720 5580 scripta
1743 5511 1987 5580 fuerant,
2012 5513 2149 5568 Mar-

590 5592 742 5647 cella:
765 5588 1020 5645 mittenda
1042 5601 1194 5647 erant
1211 5632 1228 5659 ,
1252 5595 1404 5663 quasi
1428 5612 1533 5650 non
1560 5600 1707 5668 prius
1724 5601 1902 5657 audita
1925 5643 1942 5668 ,
1973 5612 2029 5656 ut
2050 5602 2152 5657 sibi

591 5695 803 5755 quoque
828 5688 1016 5751 putare
1038 5692 1212 5752 posset
1243 5683 1406 5743 fuisse
1429 5699 1664 5744 exarata.
1693 5692 1807 5747 Alia
1839 5692 2141 5763 lmjusmodi

2244 434 2553 509 argumenta
2584 443 2638 497 in
2664 458 2723 500 re
2763 460 3015 516 perquam
3045 455 3188 503 certa
3215 446 3493 505 brevitatis
3521 468 3648 523 ergo
3675 469 3811 523 pra:-

2239 532 2478 586 terimus.

2310 624 2546 680 XXXIII.
2594 628 2801 699 Scripta
2836 633 2968 702 forte
2994 631 3168 685 eodem
3194 643 3435 702 tempore.
3464 665 3534 676 —
3555 637 3805 707 Ejusdem

2241 717 2499 784 temporis
2528 718 2736 773 videtur
2768 721 3032 790 trigesima
3078 724 3230 778 tertia
3273 725 3343 778 ad
3383 726 3624 794 Paulam,
3661 732 3809 800 cujus

2240 813 2418 861 tamen
2446 823 2552 863 non
2584 810 2682 863 nisi
2710 810 3061 880 fragmentum
3106 826 3374 883 superest,
3403 819 3543 887 quod
3584 820 3688 876 huc
3716 823 3831 877 ad-.

2239 898 2429 952 scitum
2459 909 2542 952 est
2566 915 2630 953 ex
2657 900 2852 955 Bullini
2882 903 3273 960 lnvectivarum
3297 909 3537 964 secundo
3567 911 3725 965 libro.

2310 985 2549 1041 XXXIV.
2574 988 2782 1057 Scripta
2798 996 2918 1044 circ.
2941 992 3079 1045 idem
3096 1003 3251 1063 temp.
3276 1025 3349 1035 —
3372 997 3537 1066 Hujus
3558 1001 3809 1068 temporis

2238 1093 2358 1132 esse
2384 1078 2520 1133 hanc
2545 1082 2610 1134 ad
2644 1081 2942 1136 Marcellam
2963 1083 3032 1138 de
3062 1084 3276 1139 Psalmo
3303 1086 3423 1141 126.
3457 1104 3616 1143 nemo
3654 1090 3808 1144 facile

2238 1167 2752 1237 dubitaverit.Quod
2770 1182 2949 1227 autem
2968 1173 3067 1228 boc
3084 1175 3272 1230 ordine
3289 1189 3592 1245 censeatur,
3613 1179 3807 1234 Psalmi

2237 1258 2369 1311 ordo
2395 1258 2537 1313 facit.
3028 1262 3039 1281 '

2309 1346 2459 1411 Quod
2503 1352 2547 1401 si
2594 1348 2859 1416 Bullinus,
2907 1361 2962 1405 ut
3002 1356 3305 1411 verosimile
3342 1364 3443 1420 est,
3485 1358 3805 1412 examussim

2240 1438 2496 1505 temporis
2535 1439 2779 1493 ordinem
2807 1442 2859 1493 iu
2900 1441 2989 1496 IIIS.
3010 1446 3351 1499 recensendis
3379 1446 3819 1518 llieronymianis

2237 1528 2477 1594 epistolis
2507 1528 2744 1584 XXXIII.
2771 1530 3010 1587 XXXIV.
3039 1545 3096 1588 et
3121 1535 3296 1590 VLllI.
3325 1540 3554 1591 servavit
3579 1538 3631 1592 in
3660 1541 3807 1607 Apo-

2239 1616 2344 1684 log.
2392 1617 2464 1670 lib
2504 1619 2567 1674 II.
2606 1635 2723 1688 cap.
2761 1622 2848 1675 17.
2888 1633 2939 1677 et
2970 1624 3055 1679 18,
3098 1641 3413 1696 quamquam
3454 1627 3518 1681 ad
3560 1629 3806 1683 eumdem

2238 1721 2424 1759 oumes
2448 1722 2645 1760 annum
2678 1712 2998 1778 pertineant,
3023 1716 3211 1768 ordine
3240 1726 3411 1769 tamen
3445 1718 3658 1770 inverso
3688 1734 3811 1785 pro-

2238 1799 2459 1850 cesserit
2500 1798 2684 1856 isdm-c
2729 1803 3069 1869 praecedenti,
3102 1815 3160 1860 et
3197 1808 3431 1878 utrisque
3478 1810 3588 1877 ipsa
3621 1810 3803 1865 XLIII.

2239 1889 2594 1956 pra-ponenda
2623 1893 2745 1945 erit.

2311 1975 2527 2031 XXXV.
2556 1991 2613 2035 et
2646 1980 2884 2038 XXXVI.
2912 1985 3131 2053 Scripta!
3154 1988 3275 2041 circ.
3306 2005 3391 2042 an.
3424 1989 3550 2043 585.
3577 2019 3649 2030 -—
3674 1990 3815 2044 Cum

2238 2067 2448 2122 Damasi
2496 2073 2772 2140 epistolam
2816 2078 3022 2144 accepit
3070 2077 3443 2148 Hieronymus,
3488 2080 3677 2134 librum
3719 2080 3806 2134 Di-

2237 2157 2381 2229 dymi
2406 2159 2470 2214 ds
2493 2160 2693 2230 Spiritu
2722 2166 2920 2219 Sancto
2948 2166 3135 2221 Latine
3164 2169 3533 2236 explicandum
3559 2186 3806 2239 suscepe-

2239 2259 2343 2313 rat,
2368 2267 2523 2317 quem
2546 2253 2785 2319 ejusdcm
2813 2254 3085 2309 Pontificis
3107 2259 3306 2310 nemini
3327 2260 3535 2312 volebat
3558 2261 3771 2315 inscribi
3788 2276 3815 2323 ι

2237 2341 2683 2408 quemadmodum
2713 2345 2824 2413 ipse
2850 2345 2904 2398 in
2929 2347 3047 2413 ejus
3069 2347 3188 2400 libri
3212 2347 3530 2403 Przeﬁttione
3559 2359 3801 2405 testatur.

2236 2432 2340 2487 Sed
2369 2433 2481 2499 ille,
2509 2435 2600 2504 qui
2626 2434 2683 2488 S.
2716 2436 2996 2490 Doctorem
3025 2438 3228 2505 primus
3256 2439 3558 2508 impulerat,
3588 2452 3646 2496 ut
3674 2443 3813 2498 illud

2238 2525 2548 2593 opusculum
2591 2526 2643 2580 in
2672 2526 2915 2582 Latinam
2956 2529 3189 2595 linguam
3232 2532 3563 2597 transferret,
3608 2534 3808 2591 Roma-

2237 2628 2340 2669 nus
2366 2613 2626 2678 Pontifex,
2655 2616 3074 2685 interpretationi
3105 2634 3223 2688 quae
3252 2622 3553 2687 parabatur,
3583 2623 3807 2677 immor-

2239 2713 2359 2759 tnus
2391 2715 2501 2768 est;
2546 2722 2613 2761 ex
2658 2723 2766 2775 quo
2812 2709 2942 2763 satis
2986 2718 3133 2765 recte
3178 2712 3447 2781 colligitur
3491 2714 3645 2781 paulo
3681 2723 3820 2769 ante

2240 2796 2358 2862 ejus
2393 2797 2593 2849 obitum
2622 2812 2835 2851 manum
2865 2800 3014 2867 operi
3042 2800 3420 2873 Hieronymum
3461 2803 3761 2859 admovisse
3787 2823 3805 2858 :

2239 2888 2326 2955 qui
2355 2887 2505 2940 labor
2540 2887 2641 2940 sibi
2689 2888 2740 2941 iu
2771 2890 3041 2944 vertendis
3083 2906 3115 2946 e
3157 2891 3346 2946 Graeco
3376 2893 3526 2946 libris
3567 2893 3821 2963 apprime

2241 2977 2497 3031 instructo
2536 2986 2591 3031 et
2618 2977 2685 3033 de
2724 2994 2873 3034 more
2901 2981 3209 3050 properanti
3241 2996 3346 3037 non
3388 2984 3486 3037 nisi
3515 2997 3821 3053 paucorum.

2237 3066 2443 3120 dierum
2473 3065 2686 3135 fuisset,
2730 3068 2830 3122 nisi
2875 3070 3008 3124 forte
3042 3071 3163 3125 aliis
3190 3072 3674 3126 elucubrationibus
3703 3072 3804 3131 im-

2241 3158 2469 3227 peditus,
2502 3160 2639 3214 hanc
2666 3161 3038 3219 intermiserit:
3069 3171 3177 3215 tum
3202 3176 3321 3232 quas
3344 3162 3551 3216 Damasr
3581 3173 3825 3216 mortem.

2241 3252 2513 3320 praecessit
2555 3250 2925 3320 mgritudinem
2969 3262 3237 3317 causatus,
3285 3267 3397 3306 rem
3439 3257 3709 3306 αιειυιετιι
3753 3251 3828 3305 in.

2242 3341 2497 3394 futurum.
2526 3341 2693 3394 Porro
2727 3340 3008 3395 defunctus
3036 3351 3121 3396 est
3159 3343 3417 3395 Damasus
3442 3341 3547 3397 hoc
3572 3357 3714 3396 anno
3740 3358 3811 3397 ex

2240 3428 2721 3482 vetustissimorum
2743 3429 3236 3499 Martyrologiorum
3260 3432 3363 3484 fide
3392 3431 3698 3486 Decembris
3717 3434 3810 3490 ID:

2240 3516 2323 3569 vel
2364 3517 2450 3571 ll.
2497 3515 2619 3580 die;
2662 3527 2822 3586 atque
2866 3519 3001 3572 adeo
3041 3519 3159 3586 ejus
3196 3535 3349 3589 asque
3385 3534 3450 3574 ac
3497 3519 3812 3592 Hieronymi

2240 3607 2488 3675 epistola,
2529 3622 2632 3675 qua
2670 3605 2902 3677 Didymi,
2945 3608 3135 3677 inquit,
3172 3608 3237 3663 de
3275 3608 3477 3679 Spiritu
3514 3608 3707 3665 Sancto
3749 3613 3821 3666 li-

2241 3697 2385 3752 brum
2423 3699 2477 3751 in
2523 3688 2753 3753 manibus
2794 3699 2973 3763 habeo,
3017 3714 3165 3770 quem
3204 3700 3502 3753 translatum
3541 3700 3629 3755 tibi
3657 3704 3827 3772 cupio.

2241 3788 2493 3856 dedicare,
2532 3787 2690 3844 facile
2719 3802 2944 3844 mortem
2975 3804 3081 3843 uno
3124 3798 3217 3844 aut
3253 3790 3425 3844 altero
3455 3806 3641 3847 mense
3666 3807 3813 3861 prae-

2241 3882 2487 3938 cesserit.
2510 3881 2567 3938 Si
2592 3892 2770 3938 tamen
2791 3881 2953 3936 latius
2973 3882 3312 3936 intervallum
3334 3882 3666 3939 comminisci
3692 3884 3832 3953 quis

2242 3974 2393 4035 velit.
2423 3983 2582 4043 atque
2618 3972 2685 4027 ad
2722 3988 2850 4027 ann.
2891 3972 3015 4029 εει.
3046 3973 3345 4040 retrahere,
3375 3972 3634 4044 probabili
3659 3989 3829 4044 inque

2242 4074 2557 4134 argumento
2584 4072 2783 4119 utatur.

2318 4154 2580 4210 XXXVII.
2632 4155 2846 4225 Scripta
2890 4156 3012 4208 circ.
3062 4156 3198 4209 idem
3245 4165 3458 4223 tempus.
3486 4154 3831 4211 -—theticii.

2244 4244 2658 4300 commentarios
2688 4245 2740 4299 in
2778 4245 2993 4300 Cantica
3047 4243 3231 4312 Nuper
3265 4246 3483 4314 legerat,
3526 4260 3647 4298 cum
3677 4245 3825 4300 banc

2247 4335 2529 4404 epistolam
2549 4350 2670 4404 qua:
2689 4334 2759 4390 de
2784 4334 2975 4389 iisdem
2998 4334 3326 4400 inscribitur,
3354 4333 3617 4389 Marcellae
3640 4333 3819 4389 dedit.

2247 4425 2425 4481 Facile
2444 4434 2622 4479 autem
2647 4424 2837 4495 legerit
2855 4426 2955 4480 sub
2980 4424 3119 4480 idem
3144 4435 3373 4494 tempus,
3407 4440 3513 4495 quo
3539 4425 3672 4479 duas
3690 4423 3849 4480 Ori--

2246 4518 2398 4586 genis
2446 4515 2693 4570 homilias
2719 4515 2771 4570 in
2797 4515 3075 4571 Canticum
3116 4515 3445 4570 canticorum
3477 4514 3638 4569 latine
3658 4516 3835 4569 vertis

2249 4614 2307 4661 et
2352 4605 2579 4659 Damaso
2622 4604 2911 4669 dedicavit,
2952 4605 3205 4661 nimirum
3247 4613 3304 4659 ut
3347 4618 3536 4659 sensus
3587 4603 3829 4659 invicem

2252 4694 2525 4763 utriusque
2566 4694 2818 4749 Auctoris
2866 4693 3243 4758 eruditionem,
3271 4700 3429 4762 atque
3465 4693 3517 4745 in
3549 4692 3831 4760 interpre-

2254 4784 2428 4839 tandis
2454 4783 2743 4854 Scripturis
2771 4784 3039 4854 ingenium
3064 4783 3354 4839 conferret.
3386 4782 3545 4838 Certe
3569 4798 3661 4838 an.
3688 4783 3830 4843 εει.

2254 4875 2510 4930 llomilias
2534 4876 2653 4930 illas
2679 4875 2881 4951 latinas.
2895 4874 3038 4939 fecit,
3063 4888 3195 4939 quas
3221 4874 3275 4929 in
3296 4874 3537 4943 catalogo
3557 4873 3838 4943 superiori

2253 4966 2318 5021 ad
2376 4968 2658 5022 Damasum
2701 4965 2942 5036 epistola:
2984 4966 3164 5020 statim
3205 4964 3385 5021 subdit
3418 4982 3433 5019 :
3462 4978 3562 5018 nec
3601 4963 3707 5018 alia
3760 4980 3838 5024 ex

2253 5068 2407 5129 parte
2431 5059 2545 5115 hinc
2570 5059 2684 5128 ipsa
2725 5057 2792 5113 ad
2833 5055 3134 5110 Marcellam
3160 5056 3384 5125 epistola
3406 5053 3475 5111 ad
3519 5054 3680 5110 alium
3718 5069 3841 5112 an-

2257 5166 2384 5204 num
2408 5149 2688 5205 commode
2718 5144 2909 5202 referri
2950 5154 3147 5216 potest,
3185 5146 3444 5216 siquidem
3486 5144 3672 5201 Roma
3697 5145 3844 5204 data

2254 5250 2359 5305 est,
2382 5252 2485 5308 qua
2513 5237 2582 5292 da
2607 5252 2666 5291 re
2692 5251 2848 5290 nemo
2883 5251 3116 5306 unquam
3144 5235 3484 5291 dubitaverit.
3509 5233 3682 5292 Unius
3709 5235 3846 5294 ita-

2256 5343 2360 5398 que
2398 5326 2523 5381 anni
2561 5335 2786 5394 utraque
2822 5326 3116 5382 lucubratio
3142 5340 3263 5380 cum
3288 5326 3378 5391 sit,
3414 5334 3849 5395 respectumque

2259 5418 2397 5471 inter
2433 5428 2494 5469 se
2535 5414 2678 5471 lnmc
2710 5414 2959 5482 habeant,
3000 5425 3059 5470 ut
3097 5428 3201 5469 una
3229 5414 3381 5470 alteri
3419 5414 3851 5473 conscribendas

2259 5507 2594 5563 occasionem
2638 5509 2878 5578 praebere
2913 5508 3165 5579 potuerit,
3208 5508 3276 5564 ad
3320 5514 3654 5579 postremam
3700 5514 3852 5568 anni

2262 5608 2484 5667 partem,
2525 5599 2612 5654 cui
2636 5599 2782 5669 prior
2814 5600 3099 5656 ascribitur
3128 5638 3143 5663 ,
3174 5597 3289 5655 haec
3340 5598 3538 5667 pariter
3566 5595 3857 5669 probabili

2263 5692 2568 5768 conjectura
2594 5691 2778 5748 referri
2803 5692 2987 5764 possit.
