4048 6192
207 359 272 417 ιι
288 355 321 413 Il

267 465 521 528 XXXVIII.
577 466 782 534 Scripta
822 463 948 516 'circ.
995 475 1081 513 an.
1126 457 1252 513 385.
1285 484 1355 495 —
1382 451 1736 522 Trigesimam

208 550 418 619 oet-want
441 559 500 613 uti
519 557 759 613 eamdem
779 553 1102 617 Marcellam,
1125 548 1267 620 quod
1287 547 1464 603 serius
1488 557 1739 600 recense-

208 670 334 716 mus.
372 663 418 707 et
452 649 567 704 anni
592 649 726 703 585..
750 647 902 700 initio
930 643 1274 714 praeﬁgimus,
1301 638 1418 692 lucc
1459 638 1511 690 in
1551 633 1738 704 primis

206 747 397 806 faciunt,
421 757 531 810 qua:
561 740 611 792 in
645 736 952 803 [mulatione
1007 730 1512 785 commentariorum
1560 726 1614 778 in
1646 723 1738 776 Ec-

202 835 470 890 clesiastem
496 830 562 884 de
590 827 818 882 Blaesilla
854 828 968 894 ipse
996 823 1142 876 Ilier.
1168 826 1370 873 narrat.
1400 815 1610 870 Memini
1637 828 1737 877 me,

199 925 366 993 inquit,
397 932 509 974 ante
536 921 628 972 hoc
647 920 806 986 ferme
824 913 1216 986 quinquennium
1236 925 1348 963 cum
1376 906 1543 960 adduc
1567 905 1740 958 Ruina:

195 1032 348 1077 essem,
371 1023 413 1067 et
434 1011 788 1065 Ecclesiastem
815 1017 1004 1060 sancta:
1036 1003 1275 1057 Βιωειιιω
1299 1001 1530 1069 legerem.
1557 1007 1608 1050 ut
1629 1011 1741 1047 eam

192 1105 252 1157 ad
281 1114 609 1171 contemptum
651 1100 795 1152 istius
831 1097 1000 1152 seculi
1032 1107 1469 1164 provocarem.....
1492 1096 1742 1155 rogatum

189 1195 242 1245 ab
267 1211 340 1254 ea.
372 1202 424 1245 ut
452 1196 505 1244 in
529 1207 712 1243 morem
737 1185 1138 1240 commentarioli
1167 1183 1379 1234 obscura
1401 1193 1608 1248 quotque
1631 1175 1736 1228 dis-

188 1301 407 1345 sererem,
457 1294 510 1334 ut
545 1287 725 1348 absque
766 1295 844 1330 me
873 1287 1034 1346 posset
1076 1277 1351 1342 intelligere
1375 1287 1487 1338 qua:
1527 1267 1738 1338 legebat.

185 1372 356 1441 itaque
383 1373 621 1442 quoniam
649 1371 700 1422 in
732 1369 992 1438 procinctu
1020 1365 1177 1418 nostri
1201 1365 1365 1432 aperis
1402 1362 1564 1414 subita
1591 1366 1750 1411 morte

187 1465 430 1517 subtracta
455 1472 550 1523 est,
575 1471 703 1522 ete.,
729 1460 919 1526 quibus
943 1466 999 1511 et
1021 1466 1349 1523 postremum
1375 1451 1636 1504 incolatus
1666 1446 1746 1499 sui

187 1554 356 1608 Roma:
381 1562 617 1618 tempus,
649 1549 791 1616 quod
821 1549 989 1600 adhuc
1017 1545 1272 1599 adverbio
1292 1543 1421 1596 satis
1447 1548 1627 1610 aperte
1653 1552 1749 1591 ex-

191 1643 418 1711 plicatur,
451 1650 505 1692 ct
549 1638 795 1691 Βιωείιιω
834 1636 1070 1689 nondum
1105 1635 1284 1686 initam
1316 1629 1649 1699 perfectioris
1671 1626 1747 1677 vi-

193 1745 250 1788 ta:
285 1733 544 1786 rationem
577 1729 730 1796 plane
756 1726 1012 1780 declarat.
1041 1724 1211 1777 Porro
1247 1720 1461 1773 aliunde
1504 1731 1748 1782 comper-

191 1836 288 1878 tutu
322 1833 401 1877 est
435 1822 536 1876 sub
562 1820 684 1873 anni
712 1817 838 1872 389.
871 1816 1050 1876 linem,
1081 1813 1164 1866 vel
1206 1808 1476 1878 sequentis
1509 1807 1740 1869 initium,

190 1915 315 1984 quod
357 1928 455 1967 suo
481 1913 602 1966 loco
639 1911 800 1965 certis
837 1905 1167 1976 argumentis
1207 1900 1494 1963 constabit,
1538 1899 1651 1951 lucc
1689 1897 1741 1950 in

191 2003 548 2058 Ecclesiastem
602 1998 984 2055 commentaria
1040 1995 1420 2063 Hieronymum
1473 1989 1740 2050 edidisse;

191 2104 330 2164 atque
351 2093 485 2147 adeo
509 2092 760 2146 Βιιιξείηω
801 2086 1227 2156 ing-rotationem,
1270 2097 1429 2152 quam
1459 2079 1742 2134 conversio

191 2185 351 2239 statim
370 2185 656 2238 subsecuta
687 2189 790 2244 est,
822 2190 934 2234 tum
963 2192 1064 2246 qua
1098 2176 1253 2230 beato
1279 2175 1385 2226 Ilnc
1403 2170 1625 2232 devixit,
1658 2182 1747 2220 su-

191 2276 334 2328 bitam
377 2283 605 2327 mortem
643 2273 784 2341 (quae
826 2268 1002 2323 omnia
1043 2279 1150 2319 non
1193 2262 1293 2318 nisi
1323 2261 1550 2315 duorum
1591 2271 1748 2311 men-

192 2363 310 2415 sium
357 2363 651 2417 intervallo
695 2359 1055 2428 contigerunt,
1111 2362 1270 2422 atque
1321 2351 1392 2405 ibi
1442 2359 1552 2419 post
1595 2349 1751 2416 ferme

191 2453 554 2521 quinquennium
607 2452 998 2516 memorantur)
1045 2445 1112 2499 ad
1153 2443 1393 2512 ejusdem
1443 2441 1570 2496 585.
1621 2437 1749 2491 anni

194 2543 484 2621 principiu‘m
526 2543 845 2596 censuimus
882 2552 1004 2592 esse
1045 2534 1376 2589 referendus.
1405 2531 1513 2585 Nec
1545 2530 1748 2582 inlicia-

194 2648 297 2685 mur
316 2635 546 2700 quidem,
567 2634 617 2686 si
649 2633 782 2684 alias
813 2631 1046 2684 rationes
1073 2627 1207 2681 inire
1234 2625 1355 2694 quis
1387 2623 1554 2684 malit,
1578 2635 1748 2688 argro-

191 2727 420 2779 tationem
465 2727 616 2778 illam
670 2724 825 2791 paulo
870 2722 1038 2790 prius,
1083 2728 1138 2773 et
1185 2717 1248 2770 ad
1294 2714 1585 2785 superioris
1623 2710 1746 2765 anui

193 2815 365 2866 exitum
386 2814 583 2868 retrahi
616 2827 783 2882 posse
804 2827 817 2870 ;
841 2811 965 2879 quin
996 2810 1103 2862 imo
1123 2817 1173 2860 et
1192 2820 1444 2876 perquam
1468 2802 1748 2856 commode

193 2904 290 2958 tieri
328 2906 608 2968 sentimus,
647 2905 725 2959 ita
767 2913 942 2956 tamen
991 2910 1047 2954 ut
1092 2899 1314 2967 epistola
1359 2897 1492 2966 ipsa,
1522 2910 1640 2962 quzc
1679 2893 1747 2946 de

193 2994 292 3060 ejus
323 2997 655 3064 agrotatione
695 2992 1020 3052 inscribitur,
1065 3005 1169 3043 non
1206 2988 1364 3042 modo
1401 2987 1607 3054 triginta
1640 2991 1752 3050 post

192 3083 299 3147 dies,
325 3086 496 3153 quibus
519 3085 720 3138 ardore
741 3082 954 3151 febrium
976 3080 1169 3150 jugiter
1193 3076 1442 3135 wstuarit,
1471 3073 1562 3127 sed
1587 3075 1748 3126 etiam

193 3185 383 3243 recepta
404 3175 513 3244 jam
556 3173 876 3228 valetudine
907 3182 1026 3240 post
1073 3171 1254 3223 initam
1304 3164 1589 3220 strictioris
1629 3168 1752 3214 vitae

193 3266 428 3320 rationem
449 3275 679 3321 exarata
699 3263 790 3327 sit,
815 3271 868 3316 ut
886 3263 996 3330 jam
1013 3276 1132 3328 qua:
1155 3258 1290 3311 alios
1312 3255 1753 3315 scandalizarent,

191 3356 398 3421 asperior
418 3357 596 3421 victus,
631 3355 781 3426 pulla
802 3354 993 3416 tunica,
1017 3367 1190 3405 soccus
1216 3349 1382 3413 vilior,
1407 3347 1543 3417 apud
1566 3345 1744 3399 stcculi

193 3442 415 3500 homines
441 3458 716 3500 excusare
745 3457 880 3511 Opus
904 3450 1067 3496 esset.

253 3533 482 3591 XXXIX.
508 3536 731 3604 Scripta
754 3533 908 3603 paulo
932 3542 1043 3600 post
1064 3531 1397 3600 superiorem.
1421 3557 1491 3568 --
1515 3527 1646 3582 Huic
1673 3527 1753 3580 iti-

193 3621 299 3677 dem
345 3628 606 3694 epistola,
659 3638 784 3694 qua:
825 3623 893 3677 de
931 3621 1078 3675 obitu
1123 3619 1368 3674 Blassillte
1405 3617 1757 3672 Consolatoria

198 3717 352 3770 estad
391 3719 642 3781 Paulam,
678 3731 778 3769 suo
803 3715 922 3768 loco
948 3713 1274 3774 asserendm,
1315 3711 1606 3780 superioris
1642 3711 1755 3778 ipsa

193 3818 481 3874 argumenta
506 3807 844 3863 inserviunt.
873 3803 1133 3858 Nimirum
1157 3803 1353 3870 scripta
1382 3812 1463 3854 est
1493 3809 1606 3872 post
1630 3816 1758 3868 qua-

194 3906 294 3949 tuor
313 3901 464 3967 ferme
489 3913 714 3960 menses,
743 3911 808 3950 ex
835 3908 941 3963 quo
966 3893 1218 3956 Blaesilla,
1255 3893 1476 3945 secundo
1512 3891 1758 3960 quodam-

194 3986 328 4039 inodo
360 3990 608 4057 propositi
655 4003 715 4042 se
742 3985 990 4053 baptismo
1028 3985 1238 4047 laverat,
1287 3983 1338 4036 id
1378 3992 1461 4036 est
1500 3997 1531 4034 a
1575 3981 1755 4034 smculi

192 4077 319 4131 cultu
340 4080 402 4132 ad
435 4081 728 4134 Dominum
762 4093 881 4138 sese
906 4084 1258 4132 converterat.
1291 4075 1420 4142 Quae
1446 4088 1629 4128 rursus
1658 4073 1758 4126 sub

194 4168 414 4234 epistolae
443 4170 605 4230 linem
639 4184 765 4222 cum
807 4167 875 4222 de
913 4181 972 4222 se
1011 4167 1232 4236 loquens
1260 4165 1549 4224 inducitur,
1583 4174 1755 4216 tanto-

190 4272 310 4322 rum,
355 4259 546 4330 inquit,
588 4275 848 4313 annorum
887 4259 1080 4312 labores
1123 4257 1362 4327 (reternze
1402 4255 1606 4308 scilicet
1634 4254 1757 4306 vitte

193 4350 471 4419 prtemium)
495 4368 592 4423 ego
616 4356 673 4405 in
702 4351 860 4404 tribus
881 4349 1128 4403 mensibus
1156 4357 1421 4403 consecuta
1448 4363 1579 4401 sum.
1602 4345 1757 4402 Unde

189 4439 440 4512 intelligas
465 4443 752 4498 subductis
780 4441 1095 4506 rationibus,
1126 4456 1286 4494 unum
1320 4440 1486 4495 ferme
1517 4451 1759 4493 mensem

188 4528 250 4582 ab
265 4531 374 4598 ejus
393 4534 546 4588 obitu
566 4533 636 4588 ad
655 4533 896 4601 epistola:
915 4541 1125 4599 tempus
1147 4531 1514 4586 intercessisse
1533 4547 1547 4594 ;
1574 4529 1763 4584 simul-

186 4635 280 4688 que
304 4622 442 4679 hanc
469 4639 502 4679 a
541 4627 822 4693 superiore
850 4639 958 4676 non
1004 4623 1114 4677 nisi
1151 4624 1308 4676 trium
1349 4623 1637 4685 mensium,
1673 4628 1764 4674 aut

185 4713 379 4782 aliquot
399 4718 568 4771 etiam
593 4717 802 4770 dierum
828 4716 1000 4785 spatio
1030 4715 1378 4784 posteriorem
1406 4728 1546 4768 esse.

250 4803 361 4859 XL.
387 4805 532 4860 XLI.
557 4815 616 4860 et
634 4806 790 4860 XLII.
821 4806 1041 4877 Scripta:
1054 4807 1177 4862 circ.
1201 4822 1289 4859 an.
1311 4805 1437 4860 385.
1464 4835 1534 4845 —
1557 4805 1760 4867 Romtc,

183 4906 352 4961 eoque
389 4904 662 4963 tempore,
707 4913 812 4965 quo
857 4896 1085 4950 maxima
1113 4895 1431 4964 jampridem
1460 4894 1762 4949 Marcellam

182 4985 330 5040 inter
357 4995 414 5038 et
435 4985 820 5057 Hieronymum
860 4987 1200 5043 necessitudo
1241 4987 1623 5050 intercedebat,
1657 4995 1764 5041 tres

185 5076 299 5128 ista:
346 5075 609 5144 epistola:
651 5078 780 5132 data:
833 5087 977 5145 sunt,
1009 5094 1129 5148 qua:
1178 5092 1277 5132 nec
1314 5092 1494 5133 secum
1537 5079 1762 5134 invicem

183 5174 614 5228 connectuntur,
645 5183 738 5222 nec
779 5170 844 5222 ad
878 5172 1180 5240 superiores
1208 5177 1510 5237 respectum
1539 5170 1758 5235 habent,

183 5270 247 5310 ex
272 5274 378 5326 quo
418 5258 697 5323 ordinem,
740 5262 1171 5332 singularemque
1224 5262 1483 5331 epocham
1523 5272 1760 5318 statuere

184 5349 297 5417 quis
324 5350 517 5418 possit.
552 5349 688 5404 Cum
719 5355 893 5421 itaque
919 5368 1025 5406 non
1056 5354 1232 5407 minus
1269 5353 1548 5407 commode
1574 5355 1638 5406 ad
1670 5370 1761 5407 su-

185 5439 463 5503 periorem,
497 5457 666 5510 quam
701 5443 766 5496 ad
797 5443 936 5497 [tunc
969 5459 1163 5497 annum
1195 5442 1385 5498 referri
1419 5447 1643 5514 possint,
1686 5447 1763 5496 vi-

180 5543 285 5583 sum
325 5540 632 5586 esttamen
673 5532 795 5588 huic
837 5534 1003 5587 satius
1043 5535 1255 5603 illigari,
1291 5544 1400 5586 lunt
1449 5549 1514 5585 nc
1551 5533 1756 5588 illarum

178 5635 282 5685 qua!
321 5624 424 5678 sibi
468 5623 707 5678 invicem
754 5625 1048 5678 succedunt
1089 5624 1257 5680 series
1295 5622 1755 5686 intermitteretur,

181 5715 274 5766 tum
306 5716 425 5786 quia
459 5715 540 5770 illi
576 5717 746 5784 magis
772 5715 1052 5771 vidcantur
1083 5716 1306 5784 tempori
1338 5712 1620 5779 acccdct'c,
1653 5729 1757 5781 quo

1590 339 1676 394 PII
1685 336 1972 392 ᾸΞΓΑΤΙΟ.

3257 342 3415 398 LVIII

1844 462 2084 520 magnam
2115 451 2214 506 sibi
2246 451 2500 507 invidiam
2529 452 2732 508 creavit
2755 451 3126 526 Hieronymus,
3158 465 3216 511 ut
3245 458 3408 513 etiam

1847 543 2019 597 Roma
2066 543 2346 599 discedere
2395 543 2712 613 compulsus
2748 543 2836 608 sit,
2879 545 3021 614 quod
3063 545 3216 601 Urbis
3257 545 3438 613 vitia,

1844 650 2136 705 pravasque
2164 636 2438 690 hominum
2467 635 2821 705 quorumdam
2863 638 3152 691 sententias
3187 653 3406 708 carpere

1841 726 2090 793 cepisset,
2117 736 2274 794 atque
2303 725 2641 795 impugnare.

1913 814 2098 868 XLIII.
2128 814 2334 884 Scripta
2361 833 2448 868 an.
2481 816 2608 870 585.
2633 845 2706 857 ——
2733 815 3145 884 Quadragesima
3171 818 3320 871 tertia
3345 817 3413 873 ad

1842 905 2149 960 Marcellam
2189 906 2384 961 ascribi
2437 908 2502 960 iis
2531 907 2863 975 temporibus
2887 909 3047 974 solet,
3077 908 3267 977 quibus
3295 909 3418 963 Hie-

1844 1012 2099 1067 ronymus
2125 1013 2244 1051 cum
2267 1000 2377 1065 jam
2409 999 2578 1052 Roma
2609 999 2891 1060 evasisset,
2926 998 3168 1066 plurimis
3195 999 3297 1052 late
3325 1015 3414 1053 re-

1844 1089 2091 1158 gionibus
2133 1090 2451 1159 peragratis,
2501 1106 2607 1144 non
2660 1091 2729 1143 ita
2768 1090 2972 1158 pridem
3027 1091 3077 1143 in
3126 1089 3418 1145 Betblcemi

1848 1193 2010 1246 specu
2046 1181 2379 1233 constiterat.
2413 1180 2543 1246 Quae
2600 1179 2752 1232 nobis
2797 1180 3017 1233 minime
3060 1179 3259 1234 arridet
3297 1195 3420 1233 seu-

1852 1269 2014 1321 tentia
2044 1287 2056 1321 :
2087 1269 2512 1337 quandoquidem
2551 1268 2642 1321 ille
2686 1269 2822 1321 ruris
2863 1270 3094 1337 quietem
3121 1285 3240 1321 cum
3271 1271 3419 1324 urbis

1853 1359 2168 1412 tumultibus
2215 1369 2376 1428 atque
2415 1360 2766 1413 incommodis
2799 1375 3133 1428 comparans,
3171 1376 3273 1414 non
3306 1371 3432 1414 tam'

1855 1447 2174 1508 Marcellam.
2201 1464 2358 1516 quant
2398 1449 2745 1515 semetipsum
2775 1451 3015 1502 hortatur
3043 1451 3108 1504 ad
3153 1464 3414 1505 secretam

1852 1540 2081 1607 aliquam
2108 1541 2444 1594 solitudinem
2475 1543 2854 1608 arripiendam,
2888 1553 2944 1595 ut
2981 1559 3009 1594 a
3044 1545 3418 1610 [II'JBSCIIIIIDIIS,

1850 1645 1968 1698 qua:
2005 1631 2076 1681 ob
2114 1631 2295 1682 ocuIOs
2337 1631 2486 1697 ponit.
2514 1631 2679 1683 Roma
2711 1634 2957 1699 negotiis.
2997 1642 3156 1700 atque
3195 1633 3425 1703 impudi-

1848 1720 2042 1773 mentis
2064 1731 2335 1776 vacarent.
2364 1721 2488 1775 Hmc
2524 1737 2652 1774 vero
2676 1724 3010 1776 commodius
3039 1739 3143 1777 non
3175 1725 3424 1779 videntur

1847 1810 2071 1880 intelligi
2103 1828 2282 1882 posse,
2311 1829 2468 1881 quam
2493 1828 2611 1866 cum
2641 1813 2863 1866 Romani
2893 1830 3014 1867 eum
3046 1814 3304 1868 incolatus
3327 1826 3420 1867 tte-

1846 1903 2015 1966 deret.
2047 1905 2186 1975 quod
2216 1917 2374 1960 etiam
2414 1921 2478 1958 ex
2520 1906 2724 1973 reliquo
2753 1914 3003 1960 contextu
3047 1906 3228 1974 liquet,
3257 1916 3420 1972 atque

1849 1995 1969 2049 inde
1994 1995 2288 2049 discessum
2313 2011 2467 2049 suum
2497 1997 2676 2050 animo
2701 1997 2808 2064 jam
2841 2006 3054 2063 pararet
3083 2014 3096 2049 :
3128 2012 3246 2064 quae
3276 2006 3416 2049 nota:

1851 2087 2007 2155 hujus
2045 2089 2166 2140 anni
2198 2097 2323 2141 sunt
2367 2104 2472 2140 non
2521 2089 2784 2140 obscum'.
2830 2086 3013 2156 Neque
3052 2103 3179 2141 vero
3219 2087 3318 2139 alia
3351 2086 3417 2139 de

1849 2193 2006 2232 causa
2052 2179 2302 2242 arbitror,
2338 2178 2524 2232 doctos
2569 2179 2713 2231 viros
2761 2178 2898 2231 lianc
2944 2179 3225 2246 epistolam
3276 2190 3418 2245 post.

1851 2283 1940 2320 an.
1969 2267 2094 2321 588.
2125 2267 2418 2329 distulisse,
2445 2282 2601 2334 quam
2635 2269 2771 2333 quod
2802 2268 3039 2335 Elogiutn
3064 2267 3270 2329 BetheI,
3296 2267 3424 2318 toti-

1853 2356 1976 2411 dem
2023 2356 2202 2411 verbis
2231 2372 2295 2410 ex
2331 2357 2554 2423 epistola
2593 2357 2770 2410 Paula:
2803 2367 2857 2411 et
2886 2357 3156 2410 Eustochii
3184 2357 3248 2409 ad
3280 2357 3421 2410 Mar-

1854 2447 2044 2501 cellam
2084 2447 2432 2514 descriptum,
2477 2447 2600 2500 huic
2643 2447 2802 2501 etiam
2833 2462 3108 2515 perperam
3149 2458 3200 2500 et
3230 2456 3415 2500 contra

1852 2535 1977 2590 Mss.
2010 2536 2165 2591 Iidem
2198 2538 2248 2590 in
2273 2538 2501 2605 antiquis
2526 2538 2850 2592 editionibus
2879 2537 3308 2606 subjungcretur.

1924 2626 2105 2687 XLIV.
2140 2629 2310 2698 Scrip.
2356 2632 2476 2681 circ.
2517 2630 2647 2681 idem
2693 2641 2904 2699 tempus.
2929 2659 3000 2670 —
3028 2630 3171 2684 Ilanc
3210 2646 3426 2700 quoque

1853 2722 2088 2774 omnium
2126 2737 2244 2791 quae
2269 2722 2336 2774 ab
2363 2722 2684 2791 Hieronymo
2725 2726 2936 2788 scripta:
2982 2733 3127 2785 sunt,
3172 2724 3392 2778 brevis~i

1853 2827 2016 2874 mam,
2058 2828 2156 2866 nec
2197 2813 2296 2866 nisi
2343 2829 2627 2881 paucorum
2671 2830 2941 2875 versuum,
2986 2829 3144 2870 nemo
3189 2832 3425 2882 unquam

1854 2902 2014 2956 modo
2064 2902 2109 2956 si
2159 2913 2362 2958 attente
2417 2905 2792 2975 perpenderit,
2843 2906 2942 2958 sibi
2995 2908 3306 2972 persuadeat
3358 2921 3423 2958 ex

1854 3010 2036 3049 eremo
2057 3037 2071 3058 ,
2103 3005 2209 3048 tam
2239 2996 2423 3048 dissita
2449 2977 2668 3062 regione
2696 2997 2911 3048 missam
2941 2994 3124 3057 fuisse,
3168 3004 3224 3046 ut
3252 2995 3429 3047 absen-

1857 3084 1928 3136 tia
1953 3099 2221 3153 corporum
2253 3083 2417 3151 (quod
2445 3084 2622 3136 statim
2652 3083 2803 3135 initio
2841 3093 3026 3134 auctor
3052 3085 3293 3151 testatur)
3320 3085 3429 3152 spi-

1857 3175 1984 3227 ritus
2013 3173 2422 3237 confabulatione
2453 3172 2738 3232 levaretur;
2766 3170 3026 3239 siquidem
3049 3186 3221 3240 neque
3250 3187 3430 3240 operas

1861 3265 2094 3334 pretium
2120 3274 2235 3318 erat
2266 3263 2318 3316 in
2346 3277 2467 3316 eum
2500 3263 2658 3316 linem
2699 3272 2804 3316 tam
2835 3262 3020 3332 exigua
3050 3264 3347 3331 scripsisse,
3378 3274 3434 3319 et

1865 3355 2057 3424 quibus
2087 3368 2191 3407 non
2219 3353 2318 3406 nisi
2346 3365 2505 3421 parva
2533 3351 2772 3422 quaedam
2796 3353 3105 3406 munuscula
3131 3369 3227 3422 per
3249 3353 3431 3422 jot-um

1861 3443 2152 3515 allegorice
2175 3444 2578 3514 interpretatur.
2612 3441 2828 3496 Accedit
2853 3457 2919 3496 ex
2948 3442 3028 3496 his
3051 3459 3173 3498 esse
3198 3447 3434 3499 numeri-

1858 3535 1959 3589 bus
1988 3534 2157 3597 sellas,
2184 3549 2303 3604 qua:
2327 3534 2468 3587 dono
2489 3533 2702 3604 quidem
2734 3533 2846 3587 dari
2877 3549 2907 3588 a
2933 3536 3284 3604 prtesentibus
3307 3552 3435 3607 pos-

1859 3625 1987 3690 sint,
2017 3624 2225 3694 longius
2263 3634 2442 3678 autem
2471 3640 2499 3677 a
2527 3623 2773 3679 Marcella
2804 3626 2940 3679 mitti
2969 3626 3224 3691 voluisse.
3261 3627 3428 3682 Roma

1859 3716 2064 3770 scilicet
2103 3715 2478 3780 Paltcslinam,
2532 3724 2585 3769 et
2637 3715 2986 3784 graviSStmo,
3030 3731 3202 3787 eoque
3247 3731 3435 3772 rursus

1862 3807 2034 3862 inutili
2061 3806 2361 3876 dispendio,
2387 3823 2484 3877 par
2515 3816 2725 3860 nonest
2751 3807 2991 3862 credere.
3019 3807 3246 3877 Reliqua
3270 3811 3432 3862 etiam

1861 3897 2017 3967 bujus
2043 3897 2290 3952 litterulas
2313 3906 2576 3952 commata
2601 3897 2796 3951 indicio
2821 3897 2974 3951 nobis
3005 3907 3127 3951 sunt
3147 3898 3212 3951 ad
3241 3897 3438 3952 absen~

1862 3996 1941 4043 tes
1965 3988 2177 4057 quidem
2206 3991 2388 4041 m’utuo
2414 3997 2726 4054 conspectu,
2754 3987 2848 4042 sed
2880 4002 2982 4041 una
3011 3996 3186 4043 tamen
3219 3988 3270 4041 in
3301 3989 3437 4044 civi-

1863 4088 1990 4142 tate,
2035 4079 2240 4133 scilicet
2274 4079 2459 4132 Romae
2498 4087 2902 4134 commanentes
2937 4079 3099 4134 fuisse
3135 4090 3435 4136 exaratam.

1862 4171 2092 4226 Proinde
2122 4172 2312 4238 ipsam,
2344 4179 2403 4224 ut
2437 4180 2492 4223 et
2519 4170 2873 4240 superiorem.
2913 4185 3048 4239 quas
3077 4170 3435 4236 Martianteus,

1862 4261 2060 4330 aliique
2085 4259 2225 4314 docti
2251 4259 2493 4313 homines
2519 4260 2785 4312 immerito
2807 4260 2918 4313 suis
2945 4260 3076 4314 locis
3097 4261 3436 4328 expulerant,

1865 4369 1963 4408 nos
1988 4353 2219 4422 propria:
2248 4351 2430 4414 classi,
2460 4343 2522 4404 a'c
2548 4349 2768 4404 sedibus
2795 4350 3103 4420 postliminii
3129 4351 3252 4421 jure
3281 4353 3441 4408 resti-

1865 4445 2083 4497 tuimus.

1936 4534 2097 4590 XLV.
2142 4534 2349 4604 Scripta
2393 4549 2561 4586 mense
2602 4530 2831 4602 Augusto
2869 4549 2955 4589 an.
2985 4535 3108 4591 385.
3131 4535 3439 4593 —Po.stre-

1867 4643 2011 4682 mum
2039 4625 2288 4681 secundm
2313 4623 2506 4679 classis
2538 4623 2712 4678 locum
2742 4625 2947 4680 obtinet
2972 4627 3037 4680 ad
3063 4627 3298 4682 Asellam
3330 4630 3445 4696 epi-

1865 4717 1999 4772 stola
2030 4714 2190 4771 XLV.
2223 4716 2376 4785 cujus
2407 4713 2576 4770 ferme
2603 4714 2840 4769 omnium
2874 4717 3172 4772 certissima
3201 4718 3442 4785 Epocha,

1821 4869 1826 4873 _
1865 4817 2027 4878 atque
2062 4805 2460 4876 expeditissima
2486 4806 2625 4860 ratio
2651 4814 2752 4861 est.
2782 4807 2910 4861 Eam
2944 4807 3298 4878 Hieronymus
3327 4823 3441 4860 cum

1859 4901 1974 4970 jam
2015 4913 2190 4952 navem
2220 4896 2574 4951 conscenderet
2601 4897 2664 4949 de
2687 4895 2967 4965 Babylone,
3006 4905 3064 4948 ut
3100 4895 3244 4962 loqui
3275 4906 3442 4959 amat.

1865 4991 2238 5060 Jerosolymam
2269 4987 2461 5058 (Roma
2485 4987 2691 5042 scilicet
2709 4986 2774 5039 ad
2804 4985 3074 5054 Eremum)
3099 5001 3442 5053 regressurus,

1866 5088 2051 5154 raptim
2070 5083 2198 5151 [lens
2227 5079 2500 5148 dolensque
2528 5077 2846 5141 conscripsit.
2885 5077 3046 5128 I’orru
3077 5087 3132 5127 ιιι
3160 5088 3228 5128 ex
3252 5077 3441 5133 ordine

1867 5175 2007 5228 idem
2051 5181 2264 5228 enarrat
2307 5179 2493 5222 contra
2529 5165 2742 5235 Altuilln.
2792 5166 2828 5219 Ι.
2869 5166 2922 5218 5.
2972 5161 3150 5218 Mense
3200 5175 3441 5236 augusto.

1868 5263 2107 5330 flantibus
2141 5258 2349 5318 Etesiis,
2377 5271 2492 5307 cum
2536 5243 2709 5307 sancto
2742 5252 3005 5307 Vincentio
3049 5253 3353 5324 presbytero,
3397 5265 3444 5310 et

1867 5353 2182 5406 adolescente
2206 5349 2364 5415 fratre
2394 5344 2754 5412 (Pauliniano)
2788 5345 3001 5414 aliisque
3034 5345 3316 5412 monac/tis,
3348 5363 3444 5401 na-

1868 5461 1973 5498 vem
2017 5443 2070 5494 in
2106 5441 2338 5494 Iloutano
2367 5443 2512 5492 portu
2551 5452 2756 5492 securus
2794 5437 3038 5491 ascendit.
3069 5437 3238 5496 Unius
3286 5443 3445 5510 Igitur

1870 5534 2220 5605 ejusdemque
2251 5527 2472 5592 Augusti
2498 5530 2700 5584 mensis
2728 5529 3007 5600 epistolam
3039 5531 3176 5587 banc
3201 5545 3321 5588 esse
3350 5548 3447 5586 mt-

1871 5629 2013 5680 ttintc
2055 5621 2302 5676 dubitare
2340 5615 2532 5684 liceat;
2577 5621 2745 5691 ipsum
2776 5636 2905 5677 vero
2950 5623 3243 5693 Augustum
3291 5622 3448 5689 hujus

1873 5719 1994 5772 anui
2036 5715 2160 5773 335.
2211 5707 2535 5768 censendum
2582 5712 2888 5782 planissime
2935 5728 3000 5770 ex
3045 5715 3165 5769 aliis
3207 5711 3446 5780 epistola:
