4048 6192
599 290 715 362 nix

598 423 779 481 verbis
817 418 1116 476 coniicitur.
1157 414 1311 468 Enim
1354 423 1488 463 vero
1521 404 1796 475 superiori
1826 406 1951 460 ast.
1999 405 2160 457 tribui

602 494 942 584 nequaquam.
976 512 1164 577 potest,
1207 500 1470 569 siquidem
1508 505 1716 552 constat
1753 485 1857 549 non
1895 495 1996 548 nisi
2046 502 2187 575 post
2220 561 2229 565 _

605 572 819 655 Damasi
848 572 1091 656 mortem,
1122 604 1281 659 quem
1309 588 1394 641 hic
1422 585 1594 639 Beata:
1621 585 1872 638 memoria:
1899 592 2073 649 vocat,
2102 572 2187 637 ac

604 688 810 752 laudat,
828 685 1022 754 quique
1053 694 1155 732 non
1196 685 1320 731 ante
1351 674 1697 730 Decembrem
1726 673 1841 743 ejus
1871 673 1994 727 anni
2020 672 2165 727 diem

2014 290 2389 345 I‘liEb’ATlO-

2270 404 2420 470 obiit,
2455 405 3191 477 Hieronymum-discessisse.
3235 405 3340 463 Sed
3381 407 3708 475 nequelicet
3737 422 3836 476 po-

2270 494 2483 548 steriori
2527 495 2654 549 586.
2693 497 2984 562 ascribere,
3032 498 3173 567 quod
3203 500 3474 567 expressis
3512 499 3692 553 verbis
3735 498 3846 569 ipse

3752 287 3857 347 ΕΙ

2274 593 2494 640 testetur
2533 601 2637 639 non
2676 587 2777 640 nisi
2817 602 2942 657 pene
2969 589 3240 642 triennium
3266 604 3379 641 cum
3411 590 3485 643 eis
3519 588 3593 658 (id
3620 597 3705 644 est
3732 587 3841 642 Ro-

2274 675 2467 746 manis)
2494 677 2695 731 vixisse.

601 812 3825 852 ﬂ

1196 917 2122 1035 EPISTOLE

2276 915 2486 1026 ιι...
2550 915 3274 1032 πείθεις,

596 1130 756 1182 quas
788 1130 1200 1174 uteaommus
1234 1128 1313 1170 an
1345 1124 1511 1168 ANNO
1539 1105 1678 1165 386.
1711 1123 1746 1164 ις
1790 1121 2173 1164 permeant
2204 1119 2609 1164 MONASTERIO
2643 1123 2920 1167 SCRIPSIT
2961 1125 3161 1178 usque
3203 1129 3288 1170 an
3332 1129 3583 1172 saecuu'
3613 1129 3865 1182 ρωιιτι

1034 1229 1259 1281 FINEM,
1305 1224 1788 1275 DAMNATUMQUE
1831 1223 1895 1264 IN
1940 1220 2389 1264 anexmnutna
2431 1224 2674 1267 erono
2716 1224 3046 1269 ORIGENEM
3087 1228 3254 1272 ANNO
3297 1210 3440 1273 ῐιοῡ.
3480 1284 3481 1287 η

669 1350 852 1406 XLVI.
881 1351 1087 1421 Scripta
1112 1366 1199 1405 an.
1228 1346 1691 1404 586.—Tertiam
1704 1347 1929 1400 classem
1959 1344 2028 1398 ab
2046 1344 2183 1397 alie-

598 1458 668 1497 ne
696 1441 906 1511 quidem
934 1440 1154 1509 epistola
1178 1480 1194 1505 ,
1225 1438 1400 1493 Paulae
1427 1436 1626 1492 scilicet
1650 1476 1666 1501 ,
1697 1444 1853 1505 atque
1903 1433 2173 1489 Eustachii

597 1530 879 1598 incipimus
902 1570 917 1595 ,
953 1528 1045 1583 sed
1085 1543 1204 1598 qua:
1245 1537 1419 1581 tamen
1448 1533 1505 1580 et
1530 1526 1580 1579 in
1607 1525 1829 1593 vulgatis
1855 1522 2174 1577 editionibus

597 1634 663 1672 ac
691 1619 817 1673 Mss.
845 1629 1058 1686 recepta
1087 1617 1191 1680 sit,
1216 1625 1271 1670 et
1294 1617 1378 1669 cui
1405 1613 1799 1671 conscribendas
1824 1626 2027 1667 sensus
2040 1627 2175 1680 pne-

597 1709 797 1763 stitisse
819 1708 1173 1777 Hieronymus
1198 1704 1363 1758 videri
1390 1704 1573 1772 possit.
1601 1703 1676 1757 Ea
1702 1716 1829 1758 vero
1856 1716 2029 1771 neque
2049 1709 2177 1754 ante

599 1797 742 1850 hunc
765 1811 960 1850 annum
985 1796 1113 1850 586.
1137 1794 1245 1848 ullo
1267 1793 1423 1847 modo
1443 1794 1647 1848 censeri
1676 1802 1870 1862 potest,
1893 1806 2013 1845 cum
2034 1805 2176 1844 anns

598 1886 871 1956 superiore
900 1887 1060 1941 Paula
1081 1883 1466 1955 Ierosolymam
1500 1884 1753 1953 uavigarit
1777 1923 1794 1948 ,
1826 1897 1998 1950 neque
2024 1889 2174 1950 post-

598 1976 726 2046 poni
753 1975 1069 2039 commode,
1095 1990 1213 2029 cum
1252 1990 1317 2029 ex
1358 1974 1523 2043 ipsius
1563 1974 1799 2043 epistola:
1838 1973 1986 2026 initio
2019 1972 2173 2028 facile

597 2074 825 2129 constet,
856 2064 1077 2133 primam
1107 2064 1283 2117 statim
1309 2063 1572 2117 scribendi
1597 2064 1933 2117 occasionem
1959 2072 2171 2116 sanctas

597 2152 851 2208 mulieres
873 2154 1181 2221 arripuisse,
1206 2162 1262 2204 ut
1283 2168 1388 2221 quo
1407 2152 1561 2205 citius
1585 2151 1697 2206 fieri
1724 2151 2001 2222 potuisset,
2029 2151 2170 2205 Mar-

596 2244 781 2297 cellam
808 2243 1083 2299 allicerent
1113 2243 1178 2296 ad
1209 2250 1387 2296 sancta
1419 2242 1566 2307 loca,
1592 2256 1710 2311 qum
1740 2240 1900 2294 modo
1928 2242 2056 2310 ipsa:
2084 2241 2169 2295 lu-

595 2340 893 2385 straverant
913 2372 930 2398 ,
960 2340 1015 2386 ct
1056 2331 1119 2385 ad
1167 2330 1478 2386 Solitudincs
1512 2332 1563 2382 in
1590 2344 1720 2398 quas
1747 2344 1806 2384 se
1835 2338 2168 2397 receperant.

598 2421 913 2484 Meusurmu,
946 2423 1188 2490 inquiunt
1206 2461 1220 2482 ,
1251 2423 1437 2491 caritas
1464 2436 1563 2472 nou
1589 2419 1755 2482 habet,
1782 2428 1827 2472 et
1856 2417 2182 2486 impatientia

596 2514 751 2567 nescit
779 2513 985 2566 modum
1012 2553 1026 2577 ,
1055 2522 1102 2565 et
1132 2511 1435 2565 desiderium
1461 2526 1560 2564 nou
1587 2510 1820 2563 sustinet.

666 2601 871 2659 XLVII.
904 2601 1109 2670 Scripta
1130 2605 1257 2671 forte
1276 2618 1364 2655 an.
1388 2601 1511 2657 595.
1546 2630 1618 2639 —
1642 2600 1723 2655 Ab
1748 2599 2008 2671 superiori
2028 2614 2174 2654 anno

595 2692 665 2746 ad
704 2693 845 2747 hunc
886 2707 1054 2762 usque
1096 2693 1222 2747 595.
1254 2691 1426 2745 nullas
1467 2692 1703 2746 invenire
1746 2700 1827 2746 est
1866 2691 2177 2762 Hieronymi

597 2782 848 2849 epistulas
868 2823 884 2849 ,
911 2799 1027 2851 qua:
1058 2782 1213 2851 hujus
1243 2781 1407 2836 I'crme
1431 2782 1689 2851 septennii
1717 2782 1957 2836 lacunam
1986 2782 2173 2850 imple-

595 2883 710 2930 ant.
740 2873 989 2929 Fortasse
1030 2873 1442 2935 commentariis,
1472 2873 1693 2941 aliisque
1722 2872 2174 2926 lucubratiumbns

600 2962 856 3017 cudendis
888 2963 937 3017 in
969 2963 1225 3018 Bethlemi
1255 2978 1414 3032 Specu
1443 2971 1749 3031 occupatus,
1776 2963 1866 3016 diu
1892 2964 2173 3031 epistulare

596 3052 829 3107 ofﬁcium
857 3051 913 3108 S.
934 3054 1142 3129 (Ductor
1166 3054 1477 3118 intermisit;
1509 3053 1646 3107 unde
1671 3069 1843 3123 neque
1873 3054 1923 3107 in
1952 3069 2168 3108 Stl0lulll

595 3159 816 3215 operum
843 3134 1119 3214 Catalogo,
1141 3161 1295 3213 quem
1325 3145 1392 3200 ad
1421 3160 1619 3199 annum
1648 3160 1814 3215 usque
1842 3144 1967 3200 592.
2000 3138 2186 3199 Theo?

597 3234 730 3289 desii
780 3236 1038 3306 Principis
1081 3237 1344 3292 decimum
1390 3248 1633 3306 quartum
1679 3237 1936 3307 digessit,
1983 3233 2078 3305 per
2120 3236 2183 3291 id

596 3329 851 3396 temporis
875 3328 1068 3398 aliquid
1094 3329 1432 3395 epistularum
1461 3337 1743 3389 recenset,
1760 3328 1896 3395 quod
1931 3328 2047 3381 aliis
2074 3327 2171 3381 de-

597 3416 771 3481 derit,
800 3418 843 3469 si
877 3432 1007 3486 quas
1057 3416 1122 3468 ad
1177 3416 1429 3478 Paulam,
1462 3424 1516 3468 et
1546 3415 1891 3468 Eustochium
1938 3415 2173 3483 quotidie

598 3506 758 3561 scribi
796 3506 962 3570 dicit,
995 3506 1247 3574 excipias.
1285 3507 1353 3559 At
1395 3504 1498 3558 illa:
1538 3504 1620 3557 vel
1656 3520 1722 3558 ex
1762 3504 1831 3558 iis
1859 3514 2029 3569 sunt,
2055 3520 2174 3573 qua:

599 3598 998 3653 commentariis
1039 3596 1379 3665 praeligantur
1397 3594 1618 3664 aliisque
1637 3595 1885 3664 operibus
1911 3593 2176 3664 praefatio-

600 3689 685 3743 nis
713 3688 847 3747 loco,
876 3687 960 3739 vel
986 3686 1030 3741 si
1057 3685 1280 3739 diversa:
1305 3685 1371 3739 ab
1401 3683 1464 3739 iis
1492 3684 1810 3751 indicantur,
1838 3684 1904 3738 ad
1932 3692 2171 3751 nostram

598 3792 768 3847 usque
790 3785 999 3831 :rtatem
1029 3792 1133 3831 non
1162 3777 1506 3831 devenerunt.
1536 3776 1697 3846 Igitur
1720 3791 1838 3845 qua:
1861 3790 1927 3831 ex
1952 3789 2018 3830 eo
2042 3784 2174 3829 tent-

602 3886 730 3941 pore
757 3870 920 3940 prima
948 3870 1199 3934 occurrit,
1223 3870 1340 3923 hzrc
1362 3878 1445 3923 est
1470 3867 1535 3921 ad
1566 3866 1888 3921 Desiderium
1912 3864 2134 3935 epistola
2153 3905 2171 3933 ,

605 3961 755 4029 cujus
785 3971 912 4014 tetas
941 3974 1096 4029 quam
1119 3960 1430 4025 asserimus,
1462 3958 1559 4013 hac
1588 3958 1801 4012 ratione
1815 3973 1920 4012 non
1947 3956 2174 4013 obscure

600 4050 886 4121 colligitur.
920 4050 1148 4104 Pctierat
1188 4050 1255 4103 ab
1296 4048 1621 4120 Hieronymo
1647 4047 1966 4111 Desiderius,
1990 4056 2047 4102 ut
2074 4047 2170 4103 sibi

599 4157 720 4215 quae
742 4140 1099 4194 eluculirassct
1122 4155 1281 4207 Opera
1309 4139 1537 4193 describi
1566 4138 1761 4194 faceret
1784 4156 1797 4191 :
1817 4139 1881 4191 ad
1903 4153 2061 4208 quem
2087 4138 2173 4193 ille

599 4245 720 4286 cum
764 4231 1298 4300 pleraquctcmerario
1319 4229 1554 4283 editionis
1591 4230 1779 4283 [tonare
1814 4229 2024 4299 vulgata
2061 4228 2171 4298 jam

599 4332 776 4377 essent
796 4361 813 4386 ,
843 4320 973 4375 nihil
1003 4322 1144 4375 misit
1162 4363 1177 4384 ,
1205 4337 1273 4377 ne
1295 4323 1479 4375 eadem
1511 4320 1735 4376 fortasse
1761 4320 2028 4383 mitteret,
2053 4335 2173 4389 quae

596 4411 705 4481 jam
728 4408 942 4465 haberet
963 4429 978 4475 ;
1001 4411 1093 4466 sed
1117 4412 1302 4466 librum
1323 4411 1388 4465 de
1409 4410 1764 4478 Scriptorihus
1785 4409 2172 4465 Ecclesiasticis

600 4509 804 4569 monet,
827 4511 886 4555 ut
912 4501 1050 4571 apud
1077 4502 1394 4565 Marcellam,
1420 4512 1512 4559 aut
1536 4502 1885 4557 Domnionem
1912 4502 2054 4571 legat
2073 4541 2087 4565 ,
2119 4501 2171 4555 in

600 4591 755 4661 cujus
791 4592 1073 4661 voluminis
1114 4593 1293 4656 calce,
1339 4608 1456 4648 cum
1498 4607 1618 4662 qua;
1661 4606 1829 4661 usque
1870 4591 1943 4650 ad
1974 4606 2170 4645 annum

598 4681 882 4738 Theodosii
913 4682 1165 4753 principis
1193 4681 1452 4735 decinmm
1488 4690 1732 4750 quartum
1758 4681 2170 4749 conscripserat,

599 4773 831 4830 breviter
856 4782 1258 4837 annotarentur,
1284 4771 1534 4840 quidquid
1562 4771 1630 4826 de
1661 4770 1840 4825 Indice
1869 4771 2043 4824 minus
2072 4770 2172 4824 ha-

598 4863 802 4920 buisset
823 4905 840 4929 ,
866 4872 925 4918 ut
947 4862 1393 4926 describerentur,
1421 4870 1681 4915 moneret.
1714 4861 1998 4915 Enimvero
2042 4861 2169 4916 Ilic-

596 4970 853 5027 ronymus
886 4971 1009 5026 quae
1040 4956 1105 5009 ad
1152 4954 1298 5009 illum
1340 4969 1507 5023 usque
1541 4953 1680 5008 diem
1719 4954 2019 5024 scripsisset
2054 4954 2173 5024 plus

598 5044 776 5100 minus
810 5046 986 5100 omnia
1034 5060 1100 5101 eo
1138 5044 1191 5099 in
1229 5044 1469 5114 catalogo
1513 5044 1772 5099 contineri
1812 5045 2094 5115 supponit;
2124 5046 2170 5100 si

596 5149 700 5204 qua
730 5134 868 5189 enim
897 5144 1150 5205 praetcrea
1176 5136 1473 5190 extitissent
1503 5135 1717 5203 scripta,
1747 5136 1833 5189 illa
1866 5136 2172 5209 proculdu—

596 5221 686 5279 bio
704 5222 957 5293 adjicere,
984 5240 1234 5281 eorumve
1255 5227 1576 5281 mentionem
1605 5226 1845 5296 ingerere
1866 5226 2168 5293 debuisset;

595 5312 736 5382 quod
780 5316 901 5368 cuni
942 5313 1159 5369 minime
1200 5324 1458 5385 prmstet,
1496 5315 1691 5371 indicio
1728 5325 1810 5372 est
1845 5318 1933 5371 vix
1971 5318 2190 5389 aliquid~

596 5416 756 5472 supra
778 5402 1041 5468 habuisse,
1059 5405 1197 5473 quod
1217 5408 1373 5463 anxie
1392 5408 1675 5478 postulanti
1698 5408 1870 5464 amico
1886 5408 2163 5464 indicaret.

595 5490 961 5562 Assignandus
988 5492 1164 5561 itaque
1188 5498 1428 5565 epistola:
1466 5512 1572 5553 non
1601 5498 1868 5554 immerito
1889 5508 1973 5554 est
1996 5513 2168 5554 annus

593 5583 689 5639 ille
713 5621 727 5645 ,
756 5581 845 5649 qui
869 5582 1167 5652 conscripto
1193 5586 1327 5642 libro
1349 5588 1417 5644 de
1442 5588 1583 5642 Viris
1609 5589 1901 5646 illustribus
1927 5592 2167 5661 proxime

596 5668 853 5738 succedit,
880 5668 1122 5727 nimirum
1148 5673 1272 5730 595.
1304 5678 1508 5733 tametsi
1538 5678 1645 5733 tirri
1673 5679 1915 5755 potuisse
1932 5696 2037 5739 non
2060 5682 2163 5737 dill

2281 1343 2511 1409 ﬁtemnr,
2539 1358 2597 1402 ut
2624 1352 2918 1405 recentium
2939 1354 3188 1421 upuscula
3216 1354 3413 1411 habere
3435 1372 3494 1413 se
3518 1373 3868 1428 prarmonuem

2278 1435 2348 1488 rit
2377 1437 2700 1503 Desiderins,
2722 1456 2944 1508 quorum
2973 1444 3253 1498 occasione
3275 1446 3375 1499 alia
3404 1446 3499 1501 abs
3528 1448 3871 1520 Hieronymo:

2278 1534 2501 1592 peteret.
2529 1528 2770 1598 Sed'ejus
2795 1533 2869 1584 rei
2895 1532 3092 1586 nullum
3121 1534 3170 1587 in
3198 1536 3417 1603 epistola
3442 1539 3723 1608 vestigium
3745 1549 3870 1607 est,.

2278 1613 2427 1683 isque
2453 1628 2706 1685 prmterea
2738 1620 2831 1674 fuit
2862 1622 3186 1689 Desiderius,
3220 1626 3317 1680 nisi
3350 1624 3599 1694 fallimur,
3626 1631 3714 1698 qui
3744 1646 3851 1686 non

2277 1705 2376 1758 nisi
2415 1723 2510 1774 per
2545 1708 2603 1762 id
2631 1712 2886 1779 temporis
2915 1713 3095 1767 80mm
3122 1714 3418 1771 d-iversatus
3444 1719 3726 1774 commode
3755 1721 3870 1775 in-n

2278 1794 2435 1864 telligi
2466 1798 2630 1865 possit
2658 1817 2671 1851 :
2695 1801 2953 1869 siquidem
2979 1820 3114 1859 unus
3138 1805 3381 1875 idemque
3403 1816 3484 1861 est
3508 1823 3628 1862 cum
3653 1808 3871 1866 celebri.

2276 1884 2567 1954 Aquitano,
2587 1890 2673 1957 qui
2708 1889 2846 1944 haud
2884 1893 3049 1947 multo
3082 1903 3202 1962 post
3226 1895 3278 1949 in
3300 1896 3631 1952 Palaestinam
3651 1900 3873 1969 migra-.

2274 1975 2369 2037 vit,
2395 1975 2531 2031 unde
2554 1977 2838 2035 discedens
2859 1997 2945 2036 an.
2970 1982 3093 2038 598.
3122 1984 3261 2039 dona
3281 1986 3522 2055 quaedam
3549 1989 3869 2061 Hieronymi-

2277 2066 2491 2121 nomine
2526 2068 2592 2122 ad
2635 2068 2860 2125 Vitalem
2894 2073 3115 2139 detulit;
3161 2085 3269 2130 tum
3312 2079 3595 2150 Presbyter
3631 2080 3848 2149 jussus,

2278 2153 2653 2226 Hieronymum
2696 2158 2937 2215 hortatus
2975 2174 3095 2230 est,
3128 2173 3197 2219 us
3212 2167 3469 2222 scriberet
3497 2176 3681 2224 contra
3707 2169 3871 2240 Vigi~

2277 2244 2495 2299 lantiunt
2520 2263 2533 2300 :
2554 2248 2605 2300 in
2626 2264 2783 2318 quam
2809 2255 3123 2307 sententiam
3148 2256 3272 2309 alibi
3299 2272 3396 2310 suo
3423 2258 3540 2312 loco
3561 2275 3666 2313 non
3694 2260 3849 2327 levia,

2280 2341 2345 2387 ιιι
2364 2334 2516 2389 nobis
2546 2336 2820 2404 videntur,
2847 2353 3156 2408 argtnnenta
3185 2332 3568 2413 congessimus.

2345 2423 2575 2480 XLVIII.
2622 2426 2827 2497 Scripta
2863 2448 2950 2488 an.
2996 2434 3120 2488 595.
3164 2436 3239 2489 uel
3282 2440 3533 2506 sequentis
3573 2440 3737 2494 initio.
3780 2472 3854 2484 —

2274 2513 2496 2582 Scriptis
2519 2527 2701 2571 contra
2726 2520 3062 2577 Iovinianum
3089 2526 3237 2579 libris
3264 2567 3276 2590 ,
3308 2528 3493 2584 isthmc
3519 2532 3756 2588 succedit
3783 2534 3850 2589 ad

2275 2600 2669 2660 Pammachium
2698 2608 2954 2677 Epistula,
2985 2613 3069 2665 cui
3087 2653 3104 2678 ,
3134 2622 3190 2666 ut
3220 2614 3332 2684 ipse
3360 2616 3503 2670 Ilier.
3532 2590 3639 2684 ait',
3670 2624 3867 2677 ἄπιλοο-

2274 2701 2487 2760 νησάμην
2509 2706 2564 2749 ut
2589 2699 2747 2767 potui,
2771 2709 2819 2752 et
2843 2699 3072 2771 Epistula
3094 2703 3310 2759 disserui
3335 2707 3578 2778 longiore.
3609 2710 3662 2764 Id
3694 2728 3874 2781 porro-

2275 2794 2601 2851 compertum
2637 2797 2720 2841 est
2741 2827 2757 2852 ,
2788 2800 2975 2843 contra
3004 2791 3341 2849 Iovinianum
3368 2839 3382 2863 ,
3411 2813 3565 2866 quem
3594 2800 3711 2855 heic
3738 2801 3875 2871 jam.

2278 2873 2598 2932 Pammachii
2624 2894 2784 2947 opera
2812 2879 3117 2938 damnatum
3154 2897 3339 2951 notat,
3362 2891 3444 2943 vel
3470 2890 3534 2944 ad
3561 2894 3873 2960 superioris-

2275 2965 2396 3017 anni
2423 2968 2643 3029 exitum,
2674 2969 2997 3026 velincunte
3023 2973 3122 3027 hoc
3146 2990 3287 3030 anno
3315 2977 3438 3033 595:
3473 2980 3873 3054 Hieronymum.

2275 3057 2470 3127 stylum
2515 3060 2720 3114 acuisse
2747 3076 2763 3116 :
2793 3063 3067 3131 epistolam
3106 3081 3233 3120 vero
3272 3069 3438 3137 ipsam
3479 3072 3651 3127 serius
3693 3089 3874 3142 quam‘

2276 3157 2396 3215 post
2420 3163 2614 3203 annum
2642 3158 2847 3219 putare,
2875 3153 2947 3208 nil
2976 3157 3137 3225 cogit.
3164 3156 3312 3223 Quod
3340 3170 3398 3215 ut
3422 3163 3581 3219 etiam
3609 3164 3729 3218 aliis
3758 3181 3850 3220 ar-

2274 3240 2536 3307 gumentis
2558 3240 2765 3308 probari
2790 3245 2974 3311 possit,
2998 3246 3124 3300 illud
3150 3249 3199 3299 in
3244 3250 3427 3316 primis
3447 3252 3636 3309 all‘erre
3656 3256 3851 3325 placet;

2275 3326 2414 3392 quod
2439 3342 2504 3380 ex
2548 3329 2853 3397 prmratione
2893 3338 3394 3392 commentariorum
3421 3340 3472 3392 in
3500 3341 3688 3398 Ionam
3713 3347 3877 3401 erui--

2278 3421 2383 3505 tur,
2411 3415 2835 3505 quandoquidem
2863 3420 3087 3474 aliarum
3112 3423 3311 3491 aliquot
3336 3426 3700 3497 epistularum,
3733 3447 3871 3505 quae

2278 3500 2401 3555 hinc
2429 3503 2826 3572 subsequuntur
2843 3547 2857 3570 ,
2881 3524 2946 3562 ex
2973 3509 3160 3563 ordine
3184 3526 3290 3579 quo
3317 3514 3537 3583 singulas
3562 3500 3853 3578 recensen-

2278 3598 2382 3657 tur,
2413 3600 2623 3662 tempus
2650 3594 3046 3651 determinatur.
3079 3597 3351 3654 Trieunmu
3375 3642 3391 3669 ,
3420 3603 3626 3675 inquit,
3652 3612 3873 3669 circiter:

2275 3683 2425 3752 ﬂuxit
2459 3695 2724 3755 postquam
2749 3689 2971 3759 quinque
3016 3694 3290 3760 prophetas
3315 3697 3673 3768 interpretatus
3698 3720 3814 3759 sum
3836 3745 3853 3771 ,

2278 3774 2532 3829 .lliclteaut
2553 3817 2569 3841 ,
2594 3776 2767 3832 Naum
2789 3820 2806 3848 ,
2829 3781 3031 3837 Abacuc
3052 3823 3069 3849 ,
3098 3784 3453 3856 Sophoniam‘,
3486 3790 3736 3862 [logicum
3760 3836 3776 3859 ,
3804 3807 3873 3850 et.

2276 3863 2382 3917 alio
2415 3881 2567 3934 opere
2601 3869 2861 3932 detentus.
2901 3889 3001 3926 non
3041 3876 3179 3944 potui
3209 3876 3418 3946 implere
3443 3881 3852 3951 quod'cepcram.

2278 3956 2476 4024 Scripsi
2516 3962 2651 4015 enim
2687 3963 2869 4017 librant
2897 3970 2960 4020 de
2987 3967 3291 4025 “lauribus:
3322 3971 3476 4038 Viris,
3504 3985 3550 4028 et
3586 3976 3867 4034 adversatus

2276 4048 2605 4106 Iovinianum
2629 4053 2732 4107 duo
2758 4055 3050 4122 volumina;
3081 4060 3462 4131 Apologeticuut
3485 4082 3699 4136 quoque,
3723 4079 3770 4123 et
3792 4071 3859 4125 de

2278 4144 2470 4207 optimo
2510 4159 2689 4212 genere
2732 4144 3097 4214 interpretandi
3134 4150 3203 4203 ad
3250 4149 3633 4207 Parumne/tium
3654 4195 3669 4217 ,
3701 4166 3749 4211 et
3785 4159 3865 4213 ad

2282 4231 2648 4302 Nepotianum,
2678 4237 2756 4290 uel
2783 4236 2846 4290 de
2868 4238 3164 4307 Nepotiane
3187 4240 3314 4297 duos
3340 4243 3513 4310 libros,
3546 4254 3592 4299 et
3613 4246 3722 4300 alia
3740 4264 3861 4318 quas

2277 4340 2567 4379 enumerare
2591 4326 2799 4396 Iungunt
2816 4336 2909 4381 est.
2940 4328 3051 4384 Hoc
3077 4345 3236 4400 porro
3260 4332 3472 4387 circiter
3493 4334 3765 4389 triennium
3784 4338 3860 4392 ab

2277 4430 2417 4470 anno
2453 4416 2578 4471 592.
2613 4416 2681 4469 ad
2715 4418 2867 4486 cujus
2909 4418 3065 4474 linem
3093 4432 3146 4475 et
3176 4422 3368 4476 librum
3398 4423 3464 4478 de
3493 4423 3860 4495 Scriptoribus

2277 4507 2675 4572 ecclesiasticis,
2696 4517 2750 4563 et
2775 4519 2958 4565 contra
2975 4511 3309 4568 Iovinianum
3328 4515 3541 4583 scripsit
3557 4515 3623 4570 ad
3642 4516 3862 4575 initium

2278 4615 2443 4671 usque
2468 4601 2592 4656 596.
2621 4603 3013 4670 supputandum
3038 4614 3141 4660 est.
3170 4605 3302 4660 Nam
3325 4607 3464 4674 quod
3485 4607 3862 4668 Tillemontius

2278 4690 2582 4762 Hieronymi
2611 4691 2781 4747 locum
2804 4694 3071 4758 sollicitat,
3094 4703 3148 4749 et
3166 4695 3551 4764 quadriennium
3572 4712 3666 4766 pro
3688 4699 3861 4754 trien-

2278 4781 2366 4833 nio
2389 4781 2635 4833 substitul
2663 4780 2862 4836 debere
2888 4790 3035 4850 putat
3055 4823 3067 4844 .
3092 4783 3141 4836 id
3164 4784 3232 4838 ab
3252 4785 3396 4838 omni
3416 4786 3653 4840 veritatis
3672 4789 3862 4855 specie

2279 4877 2383 4923 tam
2413 4869 2699 4925 abhorrere
2724 4871 3222 4934 demonstrabimus.
3247 4888 3403 4943 quam
3428 4874 3568 4943 quod
3594 4874 3880 4932 maxime.-

2278 4957 2491 5013 Interim
2531 4976 2651 5013 cum
2693 4959 2875 5013 isthme
2916 4960 3134 5027 epistula
3179 4978 3335 5029 quam
3368 4962 3437 5017 ibi
3465 4962 3859 5033 Apologeticstm

2276 5058 2448 5113 vocat,
2476 5059 2530 5104 et
2554 5064 2672 5119 quas
2699 5049 2796 5118 ipsi
2821 5050 2984 5103 altera
3009 5049 3188 5117 juncta
3217 5060 3320 5116 est,
3352 5050 3539 5106 XLIX.
3568 5060 3690 5121 post
3719 5056 3860 5110 tanti

2277 5140 2528 5209 temporis
2557 5140 2886 5194 intervallum
2913 5140 3050 5195 data:
3071 5142 3196 5204 sint,
3222 5150 3280 5198 ut
3300 5143 3388 5195 diu
3413 5143 3859 5200 adversariorum

2274 5232 2520 5302 querelas
2544 5216 2738 5286 dixisse
2764 5233 2988 5300 potuerit
3011 5232 3362 5304 Hieronymus
3384 5235 3771 5301 dissimulasse,
3800 5247 3862 5294 et

2276 5331 2381 5375 tam
2422 5323 2575 5391 longe
2628 5321 2823 5390 vulgati
2879 5324 2987 5377 sint
3023 5324 3141 5378 libri
3166 5365 3179 5387 ,
3210 5334 3267 5379 ut
3319 5326 3569 5395 aliquanti
3612 5342 3678 5380 ex
3717 5324 3879 5386 Urbe.

2274 5412 2521 5465 uenientes
2545 5410 2641 5465 sibi
2677 5410 2952 5466 lectitarent
2970 5452 2985 5476 ,
3024 5428 3138 5482 qua
3168 5412 3346 5467 Romae
3378 5414 3633 5484 excepisse
3658 5417 3859 5487 refere-
3929 5447 3942 5459 ο

2274 5500 2433 5565 bant,
2470 5514 2574 5554 non
2620 5500 2887 5555 immerito
2929 5501 3228 5573 colligimus
3272 5503 3486 5565 circiter
3529 5503 3686 5559 unius
3725 5508 3859 5564 anni

2273 5589 2499 5660 spatium
2521 5588 2808 5654 efﬂuxisse,
2831 5589 2989 5659 eique
3006 5590 3141 5648 adeo
3158 5591 3284 5662 595,
3307 5591 3488 5663 linem,
3510 5602 3604 5649 aut
3619 5606 3861 5665 sequen-
3886 5637 3890 5640 ‹

2279 5683 2350 5741 νίς
2376 5681 2581 5739 initium
2608 5680 2762 5736 tribui
2785 5690 3051 5751 Oportcrc.
