4048 6192
295 241 414 298 ιω

376 357 558 414 XLIX.
605 361 859 429 superiori
875 362 1073 433 juncta.
1098 393 1168 405 --
1197 363 1321 418 Haec
1341 406 1356 430 ,
1389 375 1443 420 ut
1472 369 1629 424 modo
1655 385 1880 426 annuta-

306 449 502 514 vimus,
529 449 709 518 juncta
739 462 853 506 erat
877 453 1155 525 superiori,
1183 456 1372 511 eodem
1399 459 1592 529 scripta
1619 469 1880 532 tempore,

306 549 473 605 atque
500 554 595 592 una
625 539 690 592 ad
721 539 1116 597 Pammachium
1145 546 1325 600 missa.

387 626 447 679 L.
475 625 675 696 Scripta
701 630 826 683 circ.
853 648 940 684 an.
965 632 1088 687 594.
1105 636 1345 690 ——Dolet
1365 640 1676 695 monachum
1698 657 1882 712 quem-

298 713 432 766 dam
456 717 828 785 rumigerulum
855 721 965 774 suis
987 733 1174 777 contra
1194 724 1520 782 Jovinianum
1543 730 1687 784 libris
1707 732 1880 787 adhuc

292 803 465 856 etiam
495 804 798 871 detrahere,
827 813 934 879 qui,
965 813 1152 882 inquit,
1182 815 1426 871 debuisset
1451 820 1527 872 vel
1551 837 1777 889 arguere,
1803 825 1880 877 uel

285 894 616 970 inlerrogare
635 920 724 972 per
744 906 940 960 litteras
960 949 974 970 ,
999 909 1135 976 quod
1155 911 1231 962 vir
1251 913 1477 966 eruditus
1497 924 1540 966 et
1561 915 1739 968 nobilis
1761 917 1880 984 fecit

285 987 696 1060 Pammachius,
725 998 809 1050 cui
833 1007 1182 1066 uncle/tcum»
1210 1013 1264 1054 ut
1291 1005 1453 1071 potui,
1475 1015 1521 1057 et
1547 1008 1756 1073 epistola
1771 1009 1881 1060 dis-

281 1081 436 1133 serui
467 1082 718 1153 longiore.
746 1085 918 1152 Quare
944 1091 988 1142 si
1014 1091 1203 1157 prioris
1227 1091 1292 1146 ad
1323 1095 1711 1150 Pammachinm
1751 1113 1882 1167 epo-

274 1168 398 1223 cha
428 1170 668 1241 legitima
698 1177 785 1240 sit,
820 1177 956 1230 hanc
985 1177 1123 1231 haud
1155 1181 1317 1234 multo
1345 1192 1498 1250 post,
1529 1187 1638 1238 sive
1665 1185 1733 1238 ad
1757 1188 1881 1240 anni

271 1258 427 1313 594.
462 1261 671 1316 initium
703 1265 1034 1320 referendam
1065 1283 1183 1321 esse
1213 1272 1546 1326 manifestum
1571 1284 1670 1327 est.

357 1347 454 1400 ιι.
522 1349 733 1421 Scripta
757 1356 876 1407 circ.
905 1356 1034 1407 idem
1063 1366 1277 1426 tempus.
1303 1389 1374 1398 —
1400 1361 1688 1428 Epistulam
1727 1379 1882 1431 quam

285 1436 463 1503 paulo
501 1449 630 1492 ante
669 1439 854 1496 Graece
881 1445 1164 1512 scripserat
1196 1448 1527 1517 Epiphanius
1549 1493 1564 1516 ,
1595 1453 1644 1504 iu
1671 1452 1882 1506 Eusebii

273 1528 676 1585 Cremonensis
711 1533 934 1598 gratiam
983 1535 1142 1590 latine
1196 1537 1547 1609 Hieronymus
1571 1543 1876 1609 explicavit,

279 1615 401 1671 hoc
429 1619 621 1673 eodem
652 1635 792 1674 anno
821 1623 944 1676 594.
977 1623 1140 1692 idque
1166 1642 1228 1678 ex
1260 1642 1326 1680 eo
1349 1631 1481 1681 satis
1505 1641 1683 1695 aperte
1709 1631 1875 1682 conli-

278 1708 432 1762 citur
455 1749 472 1773 ,
504 1709 648 1779 quod
694 1711 848 1766 LV'H.
887 1729 1056 1782 quam.
1088 1715 1218 1767 infra
1261 1719 1622 1784 expendentes
1650 1719 1713 1771 ad
1737 1719 1868 1774 595.

279 1800 525 1866 priorem
555 1812 756 1868 partem
783 1804 1044 1871 pertinere
1067 1806 1409 1860 ostendemus
1431 1847 1446 1870 ,
1484 1808 1664 1861 istlnec
1693 1825 1830 1861 anno
1850 1851 1866 1873 ,

279 1896 336 1938 et
375 1904 464 1941 sea:
493 1892 744 1944 mensibus
779 1895 1103 1960 praecesserit.

363 1977 471 2032 LII.
504 1978 711 2048 Scripta
741 1982 854 2034 hoc.
885 2000 972 2035 an.
1005 1985 1129 2038 594.
1154 2013 1218 2023 -
1246 1983 1374 2038 Cum
1418 1985 1552 2038 hanc
1588 1986 1654 2039 ad
1693 1986 1866 2055 Nepo-

283 2066 492 2120 tianum
523 2069 591 2124 de
617 2069 941 2124 Clericorum
971 2074 1073 2125 vita
1107 2076 1380 2141 epistolam
1412 2077 1705 2140 scriberet,
1736 2079 1870 2130 ultro

285 2170 490 2209 annum
523 2159 661 2212 hunc
690 2161 813 2214 59f.
846 2161 956 2229 ipse
984 2161 1337 2232 Hieronymus
1365 2163 1668 2228 denotavit,
1697 2168 1782 2232 qui
1814 2168 1863 2219 iu

286 2246 398 2300 ﬁne
432 2248 549 2315 cogi
595 2263 652 2302 se
687 2249 850 2313 dixit,
898 2251 1125 2317 lapidato
1158 2254 1269 2322 jam
1309 2252 1621 2321 Virginitatis
1663 2255 1827 2306 libello
1852 2296 1866 2320 ,

285 2350 436 2402 quem
463 2334 527 2389 S.
559 2334 837 2390 Eustochio
883 2337 1060 2392 Romte
1085 2341 1391 2403 scripserat,
1423 2353 1533 2408 post
1556 2359 1717 2394 annos
1746 2340 1870 2394 DE-

289 2426 437 2482 CEM
465 2443 645 2480 rursus
666 2427 918 2481 Bethleem
943 2447 1035 2482 ora
1059 2446 1299 2482 reserare.
1333 2431 1424 2483 Est
1451 2442 1625 2484 autem
1654 2433 1861 2486 libellus

289 2518 380 2572 ille
422 2520 578 2586 epist.
614 2517 704 2570 22.
736 2535 892 2588 quam
931 2520 995 2572 ad
1037 2535 1127 2573 an.
1158 2521 1282 2574 584.
1324 2519 1554 2572 diximus
1581 2523 1862 2587 pertinere.

292 2608 519 2673 Rursus,
538 2619 613 2664 ut
642 2613 799 2680 paulo
828 2627 985 2680 supra
1015 2628 1079 2665 ex
1112 2613 1418 2680 pra-ratione
1448 2614 1498 2666 in
1529 2613 1714 2666 lenam
1747 2613 1862 2666 ani-

292 2703 672 2756 madvertimus
695 2743 710 2768 ,
742 2717 807 2756 eo
838 2704 907 2758 ibi
937 2705 1121 2757 ordine
1149 2715 1425 2767 censetur,
1460 2715 1515 2758 ut
1552 2705 1759 2758 nonnisi
1797 2706 1863 2758 ad

293 2792 431 2846 hunc
456 2809 653 2846 annum
677 2794 956 2847 commode
980 2796 1158 2847 referri
1189 2796 1368 2862 possit.

359 2882 493 2936 LIH.
536 2881 745 2951 Scripta
769 2884 890 2935 circ.
923 2883 1057 2935 idem
1084 2892 1237 2951 temp.
1265 2912 1334 2923 --
1356 2887 1641 2952 Acceperat
1671 2898 1700 2936 a
1728 2885 1864 2938 Pau-

295 2972 400 3026 lino
425 2971 782 3041 Hieronymus
807 2973 1144 3026 suavissimas
1172 2973 1392 3034 litteras,
1419 2989 1532 3042 qua:
1555 2991 1586 3025 a
1612 2975 1861 3042 principio

289 3065 627 3117 amicitiarum
657 3063 839 3132 (quod
877 3063 1070 3116 indicio
1105 3072 1188 3116 est
1227 3063 1398 3116 nullas
1441 3065 1584 3131 prius
1620 3065 1862 3131 utrinque

291 3157 478 3209 missas
507 3154 669 3208 fuisse
695 3155 713 3222 )
745 3154 895 3222 ﬁdem
939 3153 1165 3222 probata:
1199 3155 1311 3220 jam
1341 3161 1387 3204 et
1428 3154 1602 3204 ueteris
1631 3153 1863 3204 amicitia:

287 3248 632 3316 praeferebant.
670 3246 777 3299 lllis
821 3245 1103 3313 respondet
1157 3246 1256 3299 hac
1302 3244 1521 3311 epistola
1547 3284 1562 3306 ,
1591 3259 1689 3311 qua
1741 3258 1860 3296 cum

285 3337 521 3405 pluribus
545 3335 659 3403 ejus
683 3335 913 3388 studium
935 3347 996 3387 ac
1017 3333 1216 3387 sciendi
1246 3332 1490 3386 ardorem
1517 3332 1854 3394 laudavisset,

288 3443 406 3481 eum
432 3428 658 3479 maxime
687 3427 945 3487 hortatur,
971 3432 1030 3477 ut
1048 3427 1170 3477 velit
1194 3423 1425 3492 perfecte
1446 3425 1639 3477 sacculo
1663 3440 1855 3479 renuu-

287 3520 416 3571 tiare
438 3558 455 3585 ,
482 3529 534 3572 et
567 3518 867 3571 divitiarum
907 3519 1098 3585 funem,
1129 3516 1214 3582 qui
1245 3531 1356 3568 eum
1389 3515 1555 3567 adhuc
1583 3514 1850 3581 detinebat,

281 3612 427 3664 ueluti
471 3611 753 3663 nauiculam
798 3611 851 3661 in
893 3609 1000 3661 solo
1042 3609 1340 3670 haerentem,
1373 3608 1615 3676 prwcidat
1653 3607 1812 3676 magis
1834 3647 1849 3673 ,

283 3716 430 3770 quam
455 3701 610 3752 soluat
633 3716 651 3752 :
674 3700 920 3752 nimirum
948 3708 1004 3750 ut
1028 3714 1144 3765 quae
1168 3698 1264 3749 sibi
1292 3707 1620 3766 supererant,
1645 3712 1852 3766 posses-

284 3790 547 3844 siunculas
575 3790 790 3841 omnino
815 3789 1144 3851 dimitteret,
1186 3801 1282 3838 nec
1318 3796 1527 3840 curaret
1563 3802 1718 3854 quam
1763 3801 1847 3838 sa-

282 3880 486 3948 pienter
508 3877 760 3930 venderet
786 3878 838 3928 in
869 3889 1154 3943 pauperum
1186 3888 1314 3926 usus
1335 3913 1348 3937 ,
1387 3874 1596 3940 quando
1623 3873 1848 3941 impedi-

282 3977 458 4021 mento
472 3982 588 4021 esse
605 3977 838 4036 possent,
851 3965 976 4018 dum
993 3974 1134 4016 caute
1150 3975 1196 4018 et
1214 3964 1510 4033 pedetentim
1529 3966 1845 4030 recrastinat,

279 4066 326 4111 et
355 4057 488 4108 diem
515 4057 577 4109 de
603 4057 684 4109 die
711 4056 884 4108 trahit.
929 4054 1058 4108 Cum
1104 4055 1239 4123 igtur
1267 4069 1331 4108 ex
1359 4055 1415 4108 S.
1454 4053 1652 4107 Paulini
1699 4057 1800 4107 vita
1827 4098 1842 4122 ,

278 4147 497 4215 ejusque
519 4147 755 4215 epistolis
781 4147 931 4200 tertia
954 4155 1006 4200 et
1027 4155 1208 4214 quarta
1237 4153 1562 4212 compertum
1586 4148 1674 4211 sit,
1700 4147 1842 4199 illum

277 4251 362 4290 an.
390 4236 514 4290 594.
541 4236 740 4290 dudum
783 4236 1044 4304 incepisse
1088 4244 1291 4304 partem
1329 4235 1585 4288 bonorum
1625 4251 1842 4290 suorum

275 4327 522 4394 vendere,
553 4343 714 4398 seque
744 4331 971 4383 terrenis
999 4329 1159 4383 rebus
1189 4328 1453 4394 abdicare,
1483 4327 1634 4383 facile
1659 4345 1722 4384 ex
1750 4345 1842 4384 su-

273 4418 563 4486 perioribus
584 4419 819 4488 colligas,
843 4419 908 4471 ad
934 4418 1183 4472 eumdem
1208 4417 1347 4472 hunc
1367 4433 1559 4472 annum
1583 4419 1843 4492 Hierony-

271 4506 341 4558 mi
365 4506 637 4573 epistolam
666 4522 786 4562 esse
811 4508 1171 4562 referendam.

337 4592 471 4648 LIV.
503 4595 704 4664 Scripta
732 4595 820 4648 sub
853 4597 945 4662 /in.
969 4612 1056 4648 an.
1081 4596 1186 4650 594
1207 4625 1277 4635 —
1301 4596 1466 4666 Hujus
1491 4606 1696 4650 nitatem
1725 4598 1838 4665 epi-

268 4685 417 4740 stola:
467 4697 621 4753 quam
672 4685 740 4738 ad
789 4685 998 4738 Furiam
1051 4686 1279 4751 scribit,
1326 4687 1438 4755 ipse
1487 4687 1836 4758 Hieronymus

267 4772 554 4834 indicavit,
583 4787 701 4826 cum
732 4772 851 4826 Scio
879 4789 988 4837 me,
1023 4773 1222 4842 inquit,
1249 4784 1367 4828 ante
1392 4777 1484 4828 hoc
1511 4776 1666 4843 ferme
1692 4778 1834 4830 bien-

264 4863 414 4914 nium
459 4861 669 4915 edidisse
714 4863 864 4917 libros
921 4875 1097 4916 contra
1136 4864 1480 4920 Jovinianum.
1512 4865 1832 4932 Enimvero,

266 4959 324 5004 ut
379 4947 508 5001 alibi
560 4963 659 5003 nec
709 4966 812 5004 uno
864 4953 918 5006 in
965 4954 1082 5008 loco
1132 4954 1361 5008 diximus
1411 4970 1478 5010 ex
1526 4956 1830 5026 praefation.

263 5037 700 5093 commentarior.
747 5038 800 5091 in
825 5040 1028 5106 Jonam,
1056 5051 1109 5097 et
1132 5058 1228 5096 suo
1252 5044 1370 5098 loco
1394 5043 1563 5100 fusius
1586 5062 1834 5103 asseren-

263 5129 386 5181 dum
412 5134 515 5192 est,
538 5127 640 5182 sub
662 5127 870 5182 initium
895 5134 1011 5184 anni
1030 5133 1158 5188 595.
1182 5147 1275 5188 eos
1294 5144 1475 5189 contra
1495 5135 1827 5192 Jovinianum

262 5219 420 5273 libros
447 5217 504 5273 S.
531 5218 734 5273 Doctor
762 5222 1076 5288 composuit,
1107 5224 1294 5292 quibus
1322 5227 1364 5279 si
1391 5230 1550 5296 ferme
1577 5228 1830 5281 biennium

257 5305 452 5375 addas,
490 5309 558 5364 ad
605 5308 769 5363 finem
810 5307 1061 5364 devenies
1104 5312 1226 5367 594.
1257 5329 1412 5382 quem
1446 5314 1568 5369 huic
1593 5317 1829 5385 epistola:

253 5386 600 5468 assignamus.

312 5488 416 5543 LV.
449 5489 663 5559 Scripta
688 5489 820 5541 circ.
852 5486 983 5539 idem
1014 5482 1221 5560 tempus.
1240 5523 1311 5534 ——
1329 5493 1461 5549 Tres
1486 5492 1585 5547 ltac
1608 5497 1825 5562 epistola

247 5581 548 5648 quastiones
571 5594 602 5636 e
622 5592 772 5635 novo
791 5575 1134 5635 Testamento
1149 5582 1392 5651 explicat,
1413 5598 1634 5652 quarum
1659 5583 1825 5651 prima

1704 257 2085 318 PREFATIO.

3425 294 3563 355 LXII

1996 391 2062 466 ex
2088 376 2317 435 Matthzei
2341 377 2636 454 Evangelio
2659 427 2676 452 ,
2704 387 2822 444 dum
2850 391 3059 464 reliqua:
3085 413 3149 453 ex
3177 398 3340 459 Paulo
3367 409 3431 463 ad
3457 410 3562 466 Co-

1993 465 2224 523 rinthios
2252 482 2517 540 petuntur.
2549 475 2750 532 Verum
2781 483 2917 550 quod
2947 501 3111 556 neque
3149 492 3286 547 illam
3319 497 3368 550 in
3399 500 3558 555 Cata-

1992 553 2116 625 logo
2161 571 2470 630 enumerat,
2514 580 2688 636 neque
2743 570 2793 622 in
2847 571 2936 626 illa
2983 553 3106 634 suos
3155 581 3206 634 in
3256 553 3557 646 Matthiaeuin

1989 652 2395 704 commentarios
2438 655 2604 719 citat,
2654 659 2848 714 indicio
2887 673 3007 728 est,
3069 677 3124 722 et
3175 683 3442 742 postquam
3487 680 3555 736 de

1989 733 2286 794 lllustribus
2332 741 2469 797 Viris
2498 748 2840 818 scripsisset,
2882 756 2995 810 sive
3041 733 3461 826 post—an.'59‘2.
3496 733 3560 826 et

1987 835 2267 895 antequam
2293 830 2594 888 Mattbmuttt
2614 839 2938 909 explanaret,
2965 844 3014 898 id
3041 857 3122 902 est
3145 860 3264 906 ante
3285 853 3406 908 598.
3433 856 3560 912 fuis-

1988 933 2046 971 se
2091 933 2379 979 exaratam.
2427 928 2632 998 Quippe
2675 950 2738 986 cx
2781 937 3085 1010 Hieronymi
3131 962 3279 1002 more
3317 964 3558 1009 neutrum

1985 1008 2130 1062 credi
2172 1027 2265 1078 par
2311 1024 2429 1081 est,
2464 1020 2547 1072 vel
2580 1019 2919 1091 Exegeticam
2961 1031 3240 1090 Sacrarum
3269 1039 3560 1100 litterarum

1989 1098 2264 1163 epistolam
2287 1143 2302 1164 ,
2333 1105 2376 1155 si
2406 1115 2514 1159 tum
2545 1116 2798 1178 temporis
2826 1117 3179 1178 elucubrasset
3199 1167 3214 1191 ,
3241 1133 3448 1187 caneris
3471 1149 3560 1190 ac-

1989 1198 2206 1240 ciensere
2229 1227 2244 1251 ,
2280 1193 2357 1244 vel
2397 1195 2440 1245 si
2480 1198 2720 1252 eamdem
2748 1210 3090 1270 qumstionem
3121 1229 3218 1267 suo
3247 1219 3363 1271 loco
3389 1238 3556 1292 expo-

1991 1284 2187 1369 suerat,
2204 1278 2401 1331 nullam
2419 1282 2532 1348 ejus
2547 1289 2721 1352 operis
2739 1296 3054 1351 mentionem
3075 1301 3287 1369 injicere
3303 1278 3554 1367 voluisse.

1996 1358 2123 1412 Illud
2157 1364 2310 1431 igitur
2336 1369 2496 1423 ferme
2521 1375 2954 1448 quinquennium,
2977 1358 3291 1454 quod-hisce
3321 1402 3557 1458 terminis

1991 1451 2287 1518 clauditur,
2317 1473 2458 1514 certa
2489 1463 2645 1532 hujus
2673 1474 2910 1534 epistola:
2936 1489 3017 1532 est
3045 1485 3264 1550 epocha.
3294 1490 3443 1555 Quod
3477 1504 3556 1547 ta-

1991 1553 2110 1649 rtuen
2149 1549 2396 1649 proprius
2435 1551 2501 1649 ad
2544 1569 2631 1608 an.
2665 1557 2788 1612 59s.
2821 1577 2936 1617 eam
2975 1549 3211 1626 dicemus
3248 1549 3554 1649 pertinere,

1981 1623 2104 1678 fecit
2129 1631 2400 1687 doctorum
2432 1637 2702 1698 hominum
2727 1654 3029 1716 auctoritas,
3069 1669 3226 1728 atque
3248 1623 3552 1733 lbujusmodi

1980 1727 2300 1820 conjectura.
2330 1723 2473 1779 Hier.
2499 1729 2624 1784 dum
2648 1735 2713 1788 ad
2735 1743 2967 1806 03pt5l0lll}
2995 1723 3152 1801 tiueui
3176 1754 3240 1805 de
3267 1723 3549 1824 corporum

1978 1809 2365 1906 resurrectione
2406 1816 2670 1885 disputat,
2700 1837 2752 1878 et
2795 1843 2950 1883 sinsu
2976 1873 2990 1897 ,
3022 1851 3126 1904 quo
3160 1809 3400 1900 (lhrisuis
3440 1850 3549 1906 Deo

1976 1891 2114 2006 l’::lrli
2142 1901 2343 1967 omnia,
2369 1918 2530 1972 seque
2555 1913 2765 1967 tandem
2794 1917 2962 1984 ipsum
2990 1926 3178 1981 dicitur
3195 1933 3544 2006 subjecturus,

1976 1984 2023 2006 ..ζ
2049 1985 2081 2006 .2
2136 1987 2161 2006 -Ι
2179 2004 2185 2006 ς
2203 1998 2212 2006 -
2228 2004 2241 2006 —
2444 1997 2452 2005 '

1975 1983 2103 2035 nihil
2131 1987 2249 2041 data
2280 1997 2562 2052 occasione
2591 2012 2772 2055 contra
2804 2010 3078 2077 Origenem
3111 1983 3313 2086 intulit:
3347 2027 3456 2080 into

1975 2073 2140 2127 ferme
2171 2078 2544 2149 interpretandi
2574 2093 2776 2146 ratione
2805 2073 2928 2151 usus
2953 2116 3054 2167 ρει,
3082 2121 3182 2174 qua
3211 2124 3268 2163 se
3291 2073 3536 2171 bstende-

1977 2170 2054 2212 ret
2078 2163 2128 2214 in
2152 2173 2380 2222 carenda
2405 2172 2464 2226 Οι
2479 2175 2647 2243 igenis
2667 2181 2922 2247 doctrina,
2944 2163 3307 2262 quam-postea
3329 2204 3544 2272 culpare

1975 2261 2134 2321 cmpit
2153 2297 2167 2320 ,
2198 2261 2369 2315 minus
2393 2279 2512 2319 esse
2538 2271 2842 2326 sollicitum.

2047 2343 2176 2399 LVI.
2221 2349 2428 2418 Scripta
2457 2357 2575 2409 circ.
2609 2377 2694 2412 an.
2726 2363 2846 2417 594.
2878 2397 2944 2406 -
2974 2371 3070 2424 Cui
3101 2390 3130 2427 e
3159 2375 3364 2434 duobus
3392 2388 3545 2442 anuis

1973 2433 2096 2534 594.
2121 2449 2171 2490 et
2193 2440 2316 2542 595.
2335 2446 2522 2542 Iisllttcc
2541 2450 2816 2518 Augustini
2837 2460 2901 2510 ad
2926 2459 3297 2535 Hieronymum
3321 2433 3539 2542 epis—lolii

1972 2525 2041 2634 sit
2071 2531 2401 2596 ascribeuda,
2435 2553 2536 2590 non
2568 2546 2697 2595 Satis
2743 2553 3068 2615 exploratum
3099 2525 3199 2612 e'st.
3233 2563 3297 2616 Et
3325 2525 3536 2634 quidem

1973 2611 2125 2668 facile
2152 2618 2424 2678 inclinaret
2452 2631 2658 2686 animus
2690 2636 2739 2687 itt
2769 2655 2962 2694 annum
2991 2647 3110 2700 594.
3137 2667 3255 2704 cum
3283 2611 3454 2713 adhuc
3484 2663 3536 2716 itt

1971 2703 2292 2808 l’resbyterii
2344 2732 2558 2774 uulnere
2605 2726 2924 2794 Augustinus
2961 2751 3296 2808 mereretur,
3337 2750 3429 2802 sed
3471 2769 3538 2807 ue

1969 2794 2164 2849 diutius
2193 2799 2441 2858 lectorem
2472 2825 2758 2874 moremur.
2791 2829 2947 2887 atque
2976 2838 3148 2880 actum
3177 2794 3334 2898 agei‘e
3361 2794 3539 2892 viden:

1967 2901 2113 2952 mur,
2147 2891 2256 2957 ipsa
2289 2894 2750 2957 Beuediclinorum
2785 2907 3055 2966 Editorutn
3091 2920 3144 2970 S.
3177 2891 3453 2989 Avugustini
3484 2931 3536 2986 in

1967 2977 2102 3032 hanc
2128 2997 2238 3034 retu
2265 3001 2568 3054 argumenta
2607 2997 2987 3052 subnectimus.
3032 3005 3139 3058 Sub
3173 2977 3408 3080 initium,
3452 3019 3536 3072 in-

1965 3068 2178 3173 quiunt,
2207 3073 2356 3142 hujus
2393 3079 2614 3144 epistolae
2643 3083 2880 3137 laudatur
2906 3091 3145 3160 Alypius,
3201 3068 3534 3173 episcopalem

1966 3157 2256 3225 dignitatem
2299 3175 2410 3232 post
2457 3183 2603 3220 suum
2649 3172 2710 3224 ab
2757 3157 3066 3248 Hieronymo
3107 3157 3383 3256 regressun;
3419 3197 3535 3264 jam

1964 3261 2272 3303 consecutus.
2319 3251 2481 3308 Porro
2522 3259 2689 3328 Alypii
2729 3269 3082 3333 profectionem
3124 3276 3174 3327 in
3207 3251 3533 3340 Pulsestiitttnt

1961 3337 2029 3388 ad
2052 3355 2138 3394 an.
2167 3341 2288 3395 594.
2317 3355 2510 3397 revocat
2535 3346 2802 3413 Baronius,
2832 3361 3190 3422 promotionem
3217 3367 3436 3434 ejusdem
3460 3377 3529 3428 ad

1958 3428 2298 3495 episcopatum
2336 3435 2386 3485 in
2425 3453 2509 3488 au.
2563 3439 2688 3493 594.
2723 3441 2811 3495 Est
2842 3445 2994 3514 igitur
3023 3428 3254 3520 Epistula
3281 3459 3374 3513 ltoc
3395 3481 3529 3519 anno

1957 3518 2080 3572 59L
2112 3531 2197 3573 aut
2240 3535 2368 3577 certe
2393 3545 2477 3580 an.
2511 3529 2634 3585 595.
2664 3536 2887 3603 scripta;
2920 3556 3016 3592 non
3055 3549 3244 3613 serius,
3277 3567 3388 3606 cum
3418 3574 3526 3610 eam

1957 3609 2261 3676 Augustinus
2287 3617 2539 3683 scripserit
2565 3624 2784 3676 nondum
2814 3625 3092 3698 Episcopus
3110 3677 3122 3696 ,
3148 3653 3210 3689 ea:
3230 3636 3391 3708 Epist.
3419 3646 3526 3700 Iteic

1956 3697 2076 3751 104.
2123 3718 2326 3756 numero
2364 3708 2418 3759 9..
2465 3707 2581 3761 Huc
2623 3713 2743 3778 facit
2781 3718 2916 3785 quod
2960 3721 3251 3794 Hieronymi
3279 3697 3341 3784 Ide
3371 3697 3522 3791 Petro

1953 3791 2248 3855 reprehenso
2273 3810 2304 3845 a
2333 3792 2496 3848 Paulo
2520 3804 2812 3853 sententiam
2839 3805 2918 3857 ltic
2943 3791 3273 3876 improbatam
3300 3825 3522 3890 exagitat

1953 3878 2121 3932 itidem
2152 3883 2460 3952 Augustinus
2483 3888 2502 3953 (
2525 3893 2679 3944 tacito
2715 3902 2886 3949 tamen
2921 3905 3150 3957 auctoris
3181 3878 3437 3980 nomine-)
3467 3917 3519 3969 in

1953 3965 2102 4062 fibra
2133 3971 2198 4024 de
2229 3973 2518 4038 Mendaeio,
2548 3995 2659 4047 cap.
2692 3983 2742 4034 5.
2770 3995 2815 4036 et
2843 3985 2930 4039 20.
2959 3991 3094 4052 quod
3143 3965 3434 4062 opusculum

1950 4055 2241 4114 lletractat.
2271 4063 2382 4116 Lib.
2417 4068 2464 4118 l.
2493 4068 2620 4121 inter
2645 4071 2754 4136 illa,
2783 4091 2894 4143 qua:
2917 4082 3115 4146 scripsit
3142 4055 3361 4142 nondum
3407 4055 3516 4162 cpi:-

1948 4161 2128 4212 sc0pus
2153 4160 2398 4214 postremo
2426 4155 2532 4206 loco
2560 4161 2772 4226 reponit.

2020 4233 2170 4289 LVII.
2214 4237 2417 4307 Scripta
2458 4246 2546 4296 sub
2587 4249 2680 4313 ﬁn.
2733 4267 2818 4303 an.
2864 4253 2984 4308 593.
3022 4287 3092 4297 —
3128 4261 3262 4316 Cum
3306 4282 3370 4321 ex
3421 4270 3516 4327 but:

1947 4329 2168 4394 epistola
2219 4348 2320 4383 non
2367 4335 2524 4388 modo
2572 4338 2701 4404 illa,
2748 4357 2902 4409 quam
2945 4362 3098 4416 supra
3153 4363 3512 4419 recensuimns

1945 4417 2222 4484 Epiphanii
2247 4462 2262 4486 ,
2295 4423 2385 4476 sed
2417 4427 2660 4493 pleraque
2689 4428 3014 4500 Origenianae
3043 4455 3215 4498 causa:
3247 4465 3510 4510 monmma

1945 4507 2246 4572 pendeant,
2294 4516 2557 4579 negotium
2604 4517 2812 4573 facessit
2858 4523 2909 4576 in
2948 4526 3061 4595 ejus
3104 4532 3315 4600 Epoclm
3364 4507 3510 4596 cerni

1943 4599 2225 4651 as.~ercnda
2258 4600 2529 4656 doctorum
2561 4607 2826 4664 hominum
2857 4599 3164 4688 auctoritas,
3195 4642 3350 4696 quam
3379 4634 3506 4688 alibi

1946 4701 2207 4755 nunquam
2235 4696 2599 4761 expendimus,
2630 4715 2696 4753 ne
2721 4705 3008 4761 studiosum
3037 4713 3287 4770 lectorem
3313 4720 3510 4777 diutius

1946 4789 2291 4830 moraremur.
2322 4779 2689 4842 Tillemontius
2709 4795 2870 4857 enim,
2895 4811 2956 4849 ac
2977 4797 3309 4856 Martianzeus
3329 4808 3394 4859 ad
3415 4826 3504 4866 an.

1939 4863 2062 4918 596.
2094 4866 2356 4934 referunt;
2388 4881 2444 4926 et
2473 4887 2850 4937 conterraneus
2879 4896 3058 4940 noster
3086 4889 3240 4942 Card.
3271 4893 3508 4956 Norisius

1938 4955 2150 5010 biennio
2180 4971 2298 5026 post
2323 4963 2570 5032 scriptam
2611 4972 2912 5024 arbitratur.
2944 4975 3046 5028 Sed
3076 4976 3338 5036 Norisium
3366 4991 3506 5056 quod

1937 5057 2174 5115 spectat,
2200 5064 2320 5105 eum
2350 5054 2511 5107 credo
2546 5056 2597 5108 in
2633 5073 2866 5113 errorem
2887 5100 2902 5124 ,
2939 5061 3064 5117 illud
3097 5067 3296 5124 induxit
3319 5115 3334 5140 ,
3365 5054 3507 5145 quod

1938 5147 2060 5190 ante
2088 5137 2205 5192 XX.
2234 5155 2392 5193 annos
2419 5140 2632 5196 Eusebii
2662 5146 2962 5202 Chronicon
2993 5166 3021 5204 a
3051 5137 3396 5228 Hieronymo-
3423 5166 3504 5220 la-

1939 5229 2045 5279 line
2073 5244 2279 5282 versum
2323 5229 2450 5282 falsa
2494 5232 2719 5289 lectione
2752 5237 3003 5306 deceptus
3035 5242 3251 5313 legerit,
3282 5264 3401 5309 cum
3429 5257 3504 5315 ibi

1934 5315 2235 5385 quindecim
2261 5332 2355 5384 pro
2378 5318 2576 5385 viginti,
2601 5323 2712 5378 sive
2734 5325 2848 5378 XV.
2879 5342 2972 5394 pro
2996 5330 3111 5386 XX.
3139 5334 3388 5399 Romanis
3409 5361 3504 5402 no-

1938 5405 2024 5468 tis,
2049 5420 2165 5506 quae
2193 5405 2343 5507 facile
2364 5406 2422 5507 in
2451 5409 2729 5468 scribendo
2756 5417 3167 5494 permiscentur,
3190 5443 3251 5484 ac
3279 5432 3498 5507 fallunt,

1935 5495 2150 5549 omnino
2193 5495 2466 5564 legendum
2511 5503 2595 5554 sit.
2641 5503 2765 5558 Illud
2794 5508 2930 5562 enim
2961 5511 3010 5566 in
3039 5529 3097 5569 se
3121 5519 3296 5585 operis
3324 5495 3504 5581 susce;

1938 5587 2076 5656 pisse
2093 5587 2469 5657 Hicrouyu'tum
2489 5607 2606 5649 cum
2629 5598 3079 5672 Constantinopoli
3100 5617 3242 5664 esset
3261 5626 3348 5666 an.
3373 5613 3498 5670 580.
