4048 6192
587 277 653 349 ιι
2033 281 2165 337 ΡΜ

2279 279 2412 336 TIO.
3755 289 3841 346 LII

663 405 752 461 IV.
782 403 989 475 Scripta
1027 396 1464 469 eodemtempore.
1493 427 1563 437 —
1592 396 1716 451 Ilzec
1754 395 2016 466 superiori
2061 409 2156 450 co-

591 497 891 567 pulabatur,
921 495 1182 562 simulque
1209 498 1421 545 exarata
1449 497 1552 553 est,
1581 503 1644 542 ac
1664 488 1848 542 missa.

666 587 728 641 V.
762 587 966 654 Scripta
1000 592 1109 652 post
1131 583 1321 649 aliquot
1357 597 1549 633 menses
1578 597 1608 633 a
1636 580 1912 649 superiore.
1939 607 2010 620 ——
2035 578 2162 631 Post

593 679 775 747 plures
813 693 841 727 a
894 672 1171 740 superiore
1219 685 1435 725 menses
1474 671 1575 722 hoc
1619 678 1793 722 tamen
1843 681 1985 722 anno
2029 667 2152 721 574.

593 767 786 834 scripta
813 778 875 817 ex
910 770 1019 816 toto
1047 768 1301 815 contextu
1331 758 1595 814 evincitur
1620 774 1635 822 ;
1667 770 1837 825 neque
1867 755 2007 809 enim
2035 769 2153 807 am-

591 857 728 923 plius
753 851 1046 905 Antiochia:
1067 851 1259 918 agebat
1284 848 1659 916 Hieronymus,
1681 844 1779 899 sed
1805 845 1856 896 in
1884 859 1944 896 ea
1971 842 2150 896 Eremi

593 954 754 1014 parte,
775 958 890 1011 qua:
901 945 1057 1012 juxta
1081 940 1288 1010 Syriam
1310 937 1580 992 Saracenis
1591 937 1848 1006 jungitur.
1874 931 1996 988 Vid.
2023 932 2163 985 Prm-

589 1035 687 1087 fat.
719 1033 770 1086 in
806 1031 1063 1085 Abadiam
1095 1041 1279 1084 versus
1309 1027 1491 1080 ﬁnem.

661 1122 745 1178 VI.
768 1123 878 1177 VII.
909 1119 1040 1176 VIII.
1068 1119 1158 1173 IX.
1177 1118 1248 1172 X.
1275 1117 1368 1172 XI.
1403 1115 1517 1169 XII.
1548 1114 1688 1169 XIII.
1720 1113 1926 1181 Scripta
1951 1112 2044 1165 cir.
2073 1128 2161 1164 an.

588 1216 716 1270 574.
745 1245 812 1253 -
844 1215 1068 1281 Arrepta
1091 1210 1202 1279 jam
1229 1207 1517 1262 solitudine
1557 1220 1651 1274 per
1681 1204 1837 1272 hujus
1863 1203 1987 1256 anni
2031 1202 2156 1255 574.

589 1316 645 1358 et
671 1304 812 1374 quad
845 1303 1082 1356 excurrit
1124 1301 1392 1370 spatium,
1445 1297 1604 1350 hasce
1651 1306 1774 1349 octo
1818 1293 2073 1364 epistolas
2099 1292 2163 1345 ad

589 1394 814 1456 amicos,
836 1402 888 1445 et
910 1392 1241 1460 potissimum
1264 1387 1639 1458 Aquileienses
1668 1385 1818 1438 Hier.
1852 1382 2020 1437 dedit.
2045 1381 2162 1438 Una

593 1494 736 1537 certe
765 1481 1056 1551 eademque
1088 1491 1168 1534 est
1196 1479 1449 1548 temporis
1496 1476 1766 1529 adnotatio
1787 1515 1800 1539 ,
1841 1489 1961 1541 qua:
1991 1472 2166 1527 elucet

592 1576 646 1626 in
686 1573 910 1641 singulis
933 1612 946 1635 ,
977 1570 1057 1625 vel
1099 1569 1298 1623 dudum
1332 1568 1475 1620 inita:
1501 1564 1802 1618 solitudinis
1829 1605 1842 1626 ,
1875 1563 1959 1616 vel
1987 1562 2164 1617 Helio-

593 1663 711 1717 dori
743 1665 1000 1730 adventus
1047 1663 1100 1714 in
1130 1661 1377 1730 patriam.
1425 1657 1472 1711 Is
1511 1657 1671 1710 etiam
1713 1655 1846 1708 ordo
1876 1667 2032 1723 quem
2079 1652 2166 1706 hic

593 1755 734 1806 inter
749 1769 808 1806 se
825 1760 1026 1814 tem-nt,
1053 1766 1119 1804 ex
1141 1765 1206 1804 eo
1235 1763 1394 1818 quem
1423 1747 1562 1801 inter
1583 1761 1641 1800 se
1671 1745 1866 1799 habent
1896 1752 2162 1812 respectu,

596 1844 753 1898 facile
783 1842 1144 1896 constituitur.
1173 1840 1400 1894 Tantum
1432 1839 1576 1892 illuni
1606 1839 1670 1890 ad
1703 1839 1989 1890 Antonium
2010 1878 2024 1900 ,
2051 1852 2167 1898 ante

597 1935 909 1988 duodecima
959 1941 1042 1988 est
1088 1947 1312 1986 numero
1337 1970 1351 1993 ,
1393 1931 1511 1984 loco
1540 1929 1807 1982 movimus
1831 1968 1845 1990 ,
1900 1927 2039 1995 quod
2069 1926 2166 1978 etsi

596 2027 853 2094 temporis
881 2024 1163 2078 articulum
1185 2037 1294 2090 quo
1315 2020 1435 2075 data
1464 2029 1570 2084 est,
1601 2017 1738 2072 haud
1767 2015 2070 2086 expeditum
2099 2018 2170 2068 sit

597 2118 894 2184 assignare,
929 2129 1033 2168 non
1065 2127 1352 2182 paucorum
1388 2121 1564 2165 tamen
1595 2109 1857 2164 mensium
1885 2107 2166 2161 interstitia

595 2224 690 2274 par
730 2208 800 2259 sit
845 2205 1063 2259 credere
1108 2203 1509 2264 intercessisse;
1542 2215 1662 2255 cum
1708 2197 1892 2268 plures
1939 2197 2073 2250 alias
2100 2197 2166 2250 ad

593 2296 838 2349 eumdem
867 2293 1183 2348 monachum
1209 2303 1361 2346 antea
1389 2290 1695 2360 scripserit,
1728 2304 1846 2358 qua:
1873 2285 2160 2341 intercide-

593 2394 737 2439 t‘uttt.

669 2475 808 2528 XlV.
843 2476 1052 2544 Scripta
1082 2491 1167 2527 an.
1202 2474 1324 2527 574.
1355 2501 1423 2512 --
1445 2470 1596 2538 Quod
1625 2470 1762 2522 banc
1791 2468 2066 2538 epistolam
2091 2467 2166 2518 ad

604 2566 746 2618 hunc
787 2563 1032 2621 eumdem
1074 2579 1165 2616 an.
1209 2561 1336 2615 574.
1364 2559 1655 2614 referamus
1698 2575 1802 2612 non
1849 2558 1918 2611 ita
1965 2558 2167 2626 pridem

597 2660 743 2711 inita:
772 2658 936 2711 eremi
973 2653 1265 2723 descriptio
1291 2651 1454 2717 facit,
1483 2659 1536 2706 et
1569 2659 1710 2705 totus
1735 2659 2039 2714 contextus,
2063 2663 2169 2716 quo

599 2746 666 2800 ad
697 2747 949 2800 solitaria:
981 2744 1106 2798 vitae
1132 2744 1438 2798 societatem
1468 2735 1813 2795 Heliodorum
1840 2748 2064 2792 conatur
2088 2739 2168 2791 al-

594 2839 780 2897 licere.
810 2838 963 2891 sicuti
995 2836 1041 2888 ei
1071 2849 1130 2890 se
1161 2833 1422 2889 facturum
1454 2832 1809 2902 promiserat,
1839 2845 1960 2884 cum
1988 2829 2169 2883 disce-

595 2926 730 2981 dens
763 2927 848 2978 ille
871 2925 938 2977 ab
971 2925 1294 2994 Hieronymo
1320 2921 1725 2992 postulavisset,
1756 2929 1811 2972 ut
1840 2927 2163 2988 posteaquam

594 3017 663 3086 ad
683 3017 877 3068 deserta
897 3015 1178 3084 migrasset,
1216 3013 1503 3066 invitatoria
1525 3011 1592 3063 ad
1612 3026 1664 3063 se
1690 3009 1880 3079 scripta
1899 3009 2160 3061 transmit-

596 3115 738 3159 teret.
770 3105 921 3172 Quod
944 3119 1071 3159 vero
1098 3111 1219 3173 post
1251 3103 1545 3158 recen~itas
1583 3100 1889 3169 superiores
1915 3100 2170 3168 epistolas

598 3199 786 3251 ultimo
817 3210 1076 3266 ponamus
1107 3196 1246 3259 loco,
1277 3195 1415 3263 cogit
1445 3191 1858 3262 chronologicus
1885 3190 2040 3256 ordo,
2065 3205 2170 3258 quo

599 3291 713 3357 ipse
744 3289 1098 3358 Hieronymus
1120 3301 1250 3340 suas
1269 3285 1665 3339 lucubrationes
1697 3287 1748 3337 in
1772 3283 2012 3350 catalogo
2039 3296 2168 3334 euu-

596 3393 828 3441 merans,
862 3379 1063 3446 scripsi,
1091 3377 1281 3443 inquit.
1311 3376 1464 3426 vitam
1493 3373 1646 3424 Pauli
1669 3371 1931 3435 Monaclti,
1965 3371 2168 3439 Episto-

598 3472 768 3521 larum
787 3469 852 3520 ad
876 3469 1099 3520 diversos
1120 3463 1302 3519 librum
1323 3479 1501 3524 unum,
1527 3463 1594 3514 ad
1621 3460 1956 3514 Heliodorum
1981 3461 2166 3514 exhor-

597 3557 854 3610 tatoriam.
877 3555 1078 3623 Nempe
1106 3567 1171 3606 ex
1199 3551 1562 3620 superioribus
1591 3549 1785 3603 litteris
1812 3549 2003 3602 librum
2025 3548 2169 3602 vide-

514 3697 518 3700 .
595 3659 683 3701 tur
706 3645 971 3700 conficere
997 3684 1012 3709 ,
1053 3656 1211 3712 quem
1243 3641 1368 3694 huic
1397 3640 1550 3694 alteri
1587 3639 1825 3708 epistola:
1869 3646 2162 3707 temporum

594 3735 801 3789 ratione
826 3733 1122 3802 anteponit.

674 3825 784 3880 XV.
809 3824 949 3879 XVI.
972 3824 1137 3879 XVII.
1162 3825 1381 3892 Scripta:
1404 3821 1466 3875 ab
1497 3832 1704 3876 exeunte
1733 3837 1819 3872 an.
1850 3820 1973 3873 476.
1997 3820 2064 3871 ad
2093 3821 2168 3871 in-

597 3925 797 3968 euntem
835 3915 961 3970 579.
991 3944 1061 3956 -—-
1090 3913 1223 3968 Tres
1249 3913 1406 3966 simul
1432 3911 1686 3980 epistolas
1705 3910 1995 3979 jungimus,
2025 3909 2165 3978 quod

596 4007 663 4060 ad
711 4005 968 4074 temporis
1018 4006 1279 4060 rationem
1324 4002 1752 4073 investigandam
1793 4002 1891 4056 sibi
1943 4002 2166 4057 invicem

595 4095 972 4164 suffragentur.
1007 4110 1180 4164 neque
1231 4095 1370 4148 inter
1413 4108 1473 4148 se
1504 4094 1603 4146 nisi
1635 4091 1989 4162 quorumdam
2020 4106 2170 4145 men-

595 4185 734 4237 sium
764 4183 1044 4237 intervallo
1073 4183 1386 4237 dissideant.
1419 4182 1722 4250 Scripserat
1747 4180 1945 4249 quippe
1976 4180 2164 4234 Hiero-

598 4290 790 4344 nymus
817 4275 882 4328 ad
917 4274 1206 4329 Damasum
1228 4316 1245 4342 ,
1278 4283 1334 4327 ut
1357 4289 1478 4328 cum
1506 4289 1612 4341 quo
1639 4288 1670 4328 e
1697 4273 1867 4326 tribus
1898 4288 2003 4326 uno
2031 4282 2168 4326 tem,

597 4379 729 4432 pore
756 4365 1054 4418 Antiochia!
1081 4364 1352 4433 episcopis
1397 4363 1794 4417 communicare
1819 4361 2040 4416 deberet
2068 4379 2080 4412 :
2115 4369 2170 4414 et

597 4467 664 4504 an
693 4461 802 4506 tres
831 4453 884 4506 in
917 4454 1027 4507 Deo
1057 4454 1370 4524 hypostases
1397 4453 1640 4508 dicendae
1668 4461 1847 4507 essent
1870 4451 1970 4506 sibi
1996 4452 2164 4522 signi-

599 4540 828 4595 ﬁcaret:
869 4541 954 4594 cui
1002 4543 1240 4609 petitioni
1287 4557 1407 4595 cum
1455 4542 1726 4596 Romanus
1773 4540 2019 4596 Pontifex
2061 4555 2168 4596 non

599 4629 982 4698 respondtsset,
1008 4629 1252 4684 eumdem
1279 4631 1467 4684 iterum
1491 4626 1592 4683 alia
1609 4631 1832 4697 epistola
1857 4639 1980 4699 post
2009 4631 2167 4684 trium

601 4721 792 4777 saltem
818 4721 902 4774 vel
927 4729 1158 4790 quatuor
1174 4719 1439 4775 mensium
1463 4719 1962 4787 intercarpedinem,
1987 4729 2047 4772 ut
2076 4735 2170 4788 par

603 4823 686 4868 est
711 4813 954 4876 credere,
977 4811 1272 4866 obtestatus
1295 4821 1396 4866 est.
1419 4809 1522 4865 Sed
1550 4825 1669 4862 cum
1697 4810 1798 4862 alia
1820 4825 1882 4864 ex
1905 4819 2050 4878 parte
2078 4827 2164 4864 ur-

599 4912 788 4973 gerent
817 4902 1024 4957 factiosi
1053 4901 1295 4955 homines
1319 4939 1335 4966 ,
1379 4909 1434 4953 ut
1463 4909 1571 4953 tres
1603 4899 1918 4969 hypostases
1937 4940 1953 4964 ,
1985 4915 2168 4953 novum

599 4995 793 5048 homini
818 4993 1049 5047 Romano
1071 5008 1253 5047 nomen
1280 5033 1295 5059 ,
1341 4991 1674 5056 admitteret,
1707 4994 1875 5046 satius
1903 4991 2050 5046 duxit
2077 5008 2169 5046 eo-

599 5099 716 5138 rum
745 5097 802 5138 se
827 5085 1094 5139 violentiis
1133 5084 1340 5152 eripere
1363 5122 1378 5146 ,
1409 5091 1462 5136 et
1490 5080 1554 5135 ad
1584 5080 1817 5135 Marcum
1839 5081 2077 5135 scribens
2103 5084 2168 5135 ad

601 5189 864 5228 sunnnum
905 5184 1091 5231 exacta
1137 5175 1328 5244 hyeme
1369 5171 1729 5227 discessurum
1761 5187 1820 5226 se
1869 5172 1935 5226 ab
1979 5173 2170 5226 Eremo

602 5267 898 5331 profitetur.
951 5266 1115 5318 Porro
1161 5278 1332 5318 annus
1381 5262 1794 5332 uniuscujusque
1845 5262 1967 5316 hinc
2016 5261 2169 5316 facile

603 5354 826 5418 eruitur,
847 5355 987 5421 quod
1012 5354 1237 5410 Vitalem
1259 5355 1310 5408 in
1332 5354 1661 5408 Antiochena
1689 5353 1815 5407 sede
1835 5354 1945 5423 jam
1972 5354 2172 5408 consti-

604 5451 797 5507 tutum,
829 5443 880 5496 in
903 5453 1124 5511 utraque
1151 5446 1216 5499 ad
1247 5446 1528 5498 Damasum
1551 5445 1860 5513 planissime
1889 5444 2119 5500 afﬁrmet
2153 5461 2166 5497 :

607 5532 660 5585 in
692 5532 864 5598 priore
889 5543 1064 5586 autem
1093 5547 1152 5586 se
1187 5534 1331 5588 dicat
1359 5535 1409 5585 in
1435 5535 1587 5602 Syria
1619 5576 1634 5600 ,
1682 5552 1802 5590 cum
1832 5545 1909 5590 tot
1952 5535 2169 5604 interja-

604 5619 845 5676 centibus
881 5621 1064 5691 spatiis
1098 5620 1236 5676 haud
1278 5621 1438 5691 possit
1470 5622 1537 5675 ab
1568 5623 1682 5692 ipso
1709 5625 1950 5683 Romano
1981 5625 2163 5684 Ponti-

2270 393 2368 448 ﬁce
2393 402 2636 447 sanetum
2667 393 2872 448 Domini
2895 403 3168 464 expetere,
3190 395 3374 453 exules
3398 397 3460 452 iis
3482 398 3537 454 in
3564 398 3700 456 locis
3729 405 3838 458 col~

2266 481 2410 551 legas
2430 482 2849 553 cjusﬂigyplios
2865 487 3198 540 confessores
3213 487 3325 541 sive
3349 488 3643 559 Episcopos
3657 493 3826 561 sequi,

2268 585 2559 640 eorumque
2601 587 2661 626 se
2691 574 2810 627 ﬁdei
2856 574 3150 629 adhaerere.
3185 575 3447 631 Nimirum
3475 578 3664 634 Vitalis
3702 595 3840 636 anno

2269 663 2394 717 576.
2444 665 2586 732 quod
2634 679 2791 718 nemo
2845 665 2965 733 jure
3019 665 3353 735 difﬁteatur,
3398 668 3466 723 ab
3508 669 3842 738 Apollinario

2272 757 2524 824 magistro
2550 769 2647 808 suo
2675 755 3008 813 antioehenae
3038 757 3282 812 ecclesia:
3327 759 3612 828 episcopus
3660 761 3838 831 jussus

2271 856 2384 912 est,
2413 847 2524 900 sive
2550 845 2758 900 duobus
2787 846 2918 900 aliis.
2937 847 3152 902 Meleti-o
3179 862 3241 903 ac
3270 848 3491 904 Paulino
3521 851 3835 920 superaddi-

2273 945 2374 989 tus.
2431 934 2666 1004 IEgyptii
2705 944 2880 988 autem
2947 937 3282 992 confessores
3345 937 3454 1007 jam
3504 939 3574 993 ab
3625 940 3839 996 ineunte

2273 1039 2412 1077 anno
2441 1025 2562 1079 579.
2593 1023 2827 1079 Gratiani
2850 1024 3066 1080 decreto
3085 1027 3153 1080 ab
3173 1026 3341 1080 exilio
3371 1030 3608 1084 revocati
3629 1030 3841 1101 sttimue

2271 1117 2509 1170 ecclesiis
2541 1115 2736 1171 redditi
2769 1127 2927 1182 sunt;
2971 1133 3142 1188 neque
3182 1119 3375 1174 exinde
3406 1124 3578 1191 potuit
3605 1124 3838 1188 .Hierou.

2271 1221 2459 1261 eorum
2498 1206 2872 1260 communione
2907 1207 2982 1260 ttti
3008 1248 3024 1272 ,
3065 1210 3178 1263 sive
3216 1209 3285 1262 ab
3315 1210 3417 1264 illis
3445 1223 3686 1266 sanctum
3735 1215 3840 1269 Do-

2275 1296 2399 1349 mini
2431 1298 2694 1365 accipere.
2737 1297 2964 1352 Biennio
2991 1300 3150 1368 igitur
3180 1301 3272 1354 illo
3293 1342 3308 1366 ,
3337 1303 3478 1371 quod
3508 1305 3828 1369 intercedit,

2272 1386 2383 1440 sive
2408 1388 2561 1440 annis
2591 1388 2693 1440 577
2721 1399 2770 1441 et
2809 1388 2933 1442 578.
2964 1390 3338 1457 consignanda:
3367 1401 3491 1445 sunt
3511 1433 3526 1458 ,
3575 1395 3728 1464 isque
3754 1410 3842 1449 ca-

2274 1491 2392 1560 rum
2436 1477 2569 1530 ordo
2613 1478 3016 1533 constituendus
3038 1520 3052 1543 ,
3103 1489 3160 1534 ut
3191 1483 3334 1549 prior
3358 1482 3424 1536 ad
3454 1483 3734 1539 Damasum
3762 1487 3842 1540 vel

2273 1568 2466 1621 labenti
2495 1569 2618 1623 576.
2651 1569 2733 1624 vel
2779 1571 3022 1638 proxime
3073 1571 3401 1641 insequentis
3450 1573 3628 1639 initio,
3677 1576 3840 1631 altera

2274 1659 2370 1726 ipsi
2401 1661 2523 1714 577.
2554 1675 2672 1728 quae
2699 1671 2818 1730 post
2846 1662 3050 1731 aliquot
3077 1677 3106 1728 a
3131 1663 3307 1731 priore
3333 1679 3544 1719 menses
3563 1664 3694 1720 data.
3715 1678 3797 1722 est
3821 1709 3838 1734 ,

2277 1749 2662 1815 consignetur:
2706 1750 2856 1802 tertia
2902 1750 3131 1819 denique
3176 1753 3241 1805 ad
3293 1752 3525 1806 Marcum
3553 1795 3568 1819 ,
3619 1770 3739 1824 qua:
3790 1765 3841 1810 et

2274 1836 2467 1905 hyeme
2494 1839 2689 1905 scripta
2718 1849 2819 1903 est,
2847 1848 2900 1894 et
2929 1856 3048 1893 cum
3078 1841 3144 1895 de
3169 1853 3388 1910 accepta
3412 1843 3637 1898 Romani
3664 1845 3844 1899 Ponti-

2272 1926 2385 1980 ﬁcis
2398 1929 2656 1980 sententia
2680 1928 2948 1983 videretur
2967 1945 3209 1994 securus,
3231 1933 3312 1986 vel
3337 1932 3403 1985 ad
3426 1931 3584 1988 ﬁnem
3607 1934 3730 2007 578.
3755 1951 3840 2003 pu-

2274 2028 2324 2072 ta
2371 2019 2731 2084 decembrem,
2775 2021 2857 2074 vel
2888 2022 2954 2074 ad
2987 2022 3312 2090 insequentis
3333 2023 3538 2076 initium
3561 2023 3839 2078 referatur.

2271 2110 2648 2177 Campensium
2674 2125 2885 2180 quoque
2910 2127 3244 2182 nontcn,quo
3268 2113 3576 2169 Meletianos
3597 2116 3645 2169 in
3667 2117 3842 2184 priore

2272 2212 2338 2251 ex
2369 2198 2514 2252 hisce
2545 2199 2714 2253 tribus
2743 2200 2983 2269 epistolis
3012 2213 3166 2255 vocat
3193 2218 3340 2257 num.
3373 2205 3426 2257 5.
3456 2205 3594 2273 quod
3621 2208 3844 2275 expulso

2272 2287 2338 2340 ab
2367 2289 2604 2342 ecclesiis
2648 2289 2983 2344 antiochenis
3022 2291 3257 2358 Meletio,
3289 2305 3583 2348 conventus
3615 2296 3664 2349 itt
3697 2312 3842 2349 eatu-

2275 2377 2354 2445 pis
2378 2391 2536 2446 agere
2557 2389 2899 2448 cogerentur,
2921 2395 3012 2434 eas
3037 2380 3238 2436 diutius
3259 2381 3460 2437 differri
3490 2400 3594 2438 non
3625 2387 3840 2454 patitur.

2273 2465 2473 2534 Nempe
2517 2477 2702 2520 auctor
2729 2480 2814 2522 est
2851 2469 3219 2525 Theodoretus
3268 2472 3362 2525 lib.
3394 2471 3458 2528 ν.
3503 2489 3550 2528 c.
3583 2475 3636 2528 5.
3664 2477 3842 2528 statim

2273 2564 2394 2621 post
2423 2555 2581 2609 latam
2606 2572 2636 2609 a
2661 2555 2914 2611 Gratiano
2941 2559 3110 2628 legem
3137 2601 3153 2626 ,
3185 2569 3238 2613 ut
3262 2563 3348 2631 qui
3374 2563 3426 2615 in
3449 2563 3655 2617 exilium
3697 2566 3847 2634 ejecti

2270 2647 2491 2714 fuerant,
2521 2647 2761 2710 redirent,
2785 2649 2988 2718 suisque
3007 2653 3237 2720 gregibus
3258 2655 3659 2720 restituerentur,
3690 2666 3840 2722 atque

2271 2736 2406 2789 tPa'cs
2429 2751 2586 2790 sacra:
2611 2739 2672 2791 iis
2699 2739 3037 2805 traderentur,
3063 2743 3149 2810 qui
3169 2757 3284 2796 cum
3310 2743 3535 2798 Damaso
3559 2750 3844 2801 communi-

2272 2835 2490 2890 carent;
2525 2827 2745 2881 missum
2768 2829 3022 2898 Saporem
3053 2833 3365 2902 magistrum
3398 2837 3622 2890 militum
3652 2839 3843 2894 Antio-

2269 2917 2444 2972 chiam
2471 2960 2486 2985 ,
2520 2930 2577 2973 ut
2599 2919 2665 2973 de
2696 2922 2922 2988 partium
2951 2921 3176 2977 ducibus
3203 2928 3518 2981 sententiam
3547 2927 3712 2982 ferret
3737 2971 3752 2990 ,
3791 2938 3843 2984 et

2270 3023 2389 3061 cmn
2421 3009 2610 3078 singuli
2649 3009 2871 3065 Damaso
2917 3012 3105 3067 haerere
3146 3031 3198 3069 se
3243 3017 3498 3082 dicerent,
3540 3021 3624 3073 cui
3657 3035 3842 3075 veram

2271 3096 2492 3152 Romani
2511 3099 2782 3154 Pontiﬁcis
2798 3104 3231 3158 communionem
3253 3121 3359 3172 pra:
3373 3121 3430 3160 se
3451 3105 3643 3162 ferenti
3666 3109 3847 3166 Eccle-

2275 3187 2368 3241 sia:
2389 3199 2571 3242 essent
2586 3188 2974 3258 adjudicandte.
2991 3191 3120 3256 Quae
3141 3209 3227 3248 res
3251 3193 3477 3251 feliciter
3490 3196 3698 3254 Meletio
3719 3215 3843 3255 ces-

2281 3276 2374 3343 sit,
2403 3279 2607 3347 sibique
2627 3279 2826 3348 judicio
2853 3283 3151 3352 assignatas
3175 3285 3428 3340 ecclesias
3457 3289 3760 3357 occupavit,
3791 3299 3848 3344 ut

2271 3367 2358 3433 qui
2377 3382 2497 3420 eum
2525 3370 2903 3436 sequebantur,
2931 3388 3035 3425 non
3056 3374 3284 3441 amplius
3313 3384 3463 3427 extra
3494 3378 3766 3433 civitatem
3794 3381 3844 3434 in

2271 3457 2413 3524 agris
2451 3469 2742 3512 conventus
2781 3470 3042 3528 agerent,
3083 3473 3174 3516 aut
3216 3465 3541 3533 Campenses
3582 3467 3686 3521 dici
3733 3473 3846 3525 ullo

2273 3547 2430 3600 modo
2456 3558 2710 3614 possent,
2743 3551 2885 3618 quod
2916 3551 2968 3606 in
3014 3553 3162 3608 urbis
3192 3555 3309 3609 luce
3347 3556 3458 3626 jam
3483 3558 3550 3613 ab
3576 3559 3668 3614 illo
3698 3576 3847 3618 anno

2269 3636 2391 3690 579.
2431 3636 2682 3691 Ecclesiis
2707 3641 2975 3696 ommibus
3005 3643 3322 3711 potirentur.

2340 3725 2527 3778 XVIII.
2582 3726 2790 3796 Scripta
2839 3745 2927 3782 an.
2978 3731 3503 3804 58I.—Postquam
3538 3751 3569 3791 θ
3609 3737 3843 3794 Calcidis

2268 3815 2480 3868 dcserto
2501 3818 2746 3886 migravit
2773 3819 3151 3893 Hieronymus,
3175 3822 3329 3878 facile
3350 3827 3692 3883 Antiochiam
3721 3847 3841 3900 per-

2270 3904 2404 3956 rt-xit
2429 3945 2442 3967 ,
2488 3920 2587 3974 qua
2636 3906 2686 3960 itt
2725 3909 2935 3961 civitate
2964 3910 3098 3978 apud
3131 3911 3408 3966 Paulinum
3429 3955 3445 3976 ,
3491 3930 3597 3984 quo
3623 3931 3748 3972 cum
3776 3935 3842 3974 ex

2273 3994 2495 4047 llamaso
2516 3997 3016 4052 communicandum
3040 4000 3138 4054 sibi
3163 4001 3516 4067 intellexerat,
3545 4005 3684 4059 haud
3713 4024 3844 4078 path

2269 4100 2360 4139 cos
2391 4101 2603 4142 menses
2629 4088 2926 4143 diversatus
2953 4101 3056 4145 est.
3088 4090 3162 4146 Ibi
3195 4095 3344 4147 enim
3374 4102 3431 4149 et
3453 4096 3837 4164 Apollinarium

2269 4173 2616 4228 Laodicenum
2638 4217 2654 4241 ,
2681 4186 2734 4230 et
2758 4178 2809 4230 in
2837 4179 3058 4246 epistola
3090 4180 3156 4233 ad
3185 4181 3494 4237 Pammach.
3525 4194 3578 4238 et
3603 4184 3836 4242 Occean.

2276 4275 2520 4331 testatur,
2551 4269 2786 4333 audivit,
2814 4272 3100 4338 frequenter
3125 4279 3172 4324 et
3211 4273 3364 4326 coluit
3387 4313 3403 4339 ,
3445 4284 3499 4328 et
3542 4289 3664 4329 cum
3712 4278 3841 4330 miro

2274 4357 2498 4409 discendi
2545 4357 2727 4409 ardore
2749 4357 2998 4422 ferretur,
3031 4369 3140 4413 tum
3192 4360 3467 4426 doctrinae,
3493 4372 3602 4417 tum
3631 4379 3841 4420 morum

2274 4447 2536 4514 probitate
2565 4446 2780 4511 eximia,
2811 4462 2918 4500 non
2947 4447 3048 4502 levi
3077 4454 3450 4519 experimento
3473 4453 3694 4509 Paulino
3721 4455 3840 4521 fuit,

2273 4547 2329 4590 ut
2356 4553 2475 4591 eum
2507 4538 2620 4606 ipse
2647 4539 2940 4597 Antiochia:
2981 4541 3346 4615 presbyterum
3376 4545 3664 4600 ordinaret.
3703 4545 3840 4602 Nam

2275 4626 2373 4680 etsi
2399 4627 2487 4680 alii
2508 4626 2766 4692 dubitant,
2795 4645 2922 4686 num
2946 4648 3130 4687 revera
3169 4633 3531 4689 Antiochenus
3554 4634 3838 4705 episcopus

2276 4715 2451 4780 fuerit,
2471 4716 2558 4785 qui
2576 4732 2695 4771 eum
2719 4719 2969 4776 Paulinus
2985 4724 3351 4793 presbyterum
3365 4725 3545 4794 jussit,
3561 4741 3668 4794 quo
3682 4725 3734 4780 id
3760 4735 3837 4780 ta-

2274 4820 2392 4859 men
2419 4806 2539 4874 jure
2560 4805 2756 4863 faciant
2781 4825 2884 4864 non
2916 4812 3102 4877 video;
3126 4828 3251 4867 cum
3273 4828 3337 4868 ex
3361 4814 3667 4886 Hieronymi
3691 4817 3838 4885 epis-

2275 4898 2378 4950 tola
2408 4898 2472 4950 ad
2500 4900 2898 4956 Pammachium
2920 4903 3175 4958 adversus
3192 4918 3405 4959 errores
3417 4905 3636 4960 Joannis
3657 4905 3840 4960 Hiero-

2272 4991 2373 5042 sol.
2405 4989 2573 5057 palam
2599 5000 2826 5056 constet,
2842 5001 2895 5045 et
2916 4992 3232 5057 Antiochiae,
3249 5002 3301 5047 et
3327 5009 3422 5063 per
3445 4995 3559 5049 haec
3577 5004 3837 5064 tempora,

2273 5087 2385 5132 et‘a
2412 5078 2634 5132 Paulino
2682 5080 3006 5134 ordinatum.
3038 5082 3278 5148 Sancta,
3327 5083 3538 5153 inquit,
3587 5085 3843 5138 memoria

2273 5170 2539 5237 episcopus
2572 5168 2822 5223 Paulinus
2850 5170 3058 5237 audivit,
3093 5170 3234 5226 Nunt
3256 5173 3430 5242 rogavi
3455 5180 3502 5225 te
3527 5213 3542 5238 ,
3590 5181 3645 5225 ut
3696 5171 3844 5226 ordio

2273 5260 2468 5312 narer?
2505 5269 2663 5326 atque
2689 5259 2790 5312 alia
2818 5301 2832 5325 ,
2877 5276 2995 5330 qure
3042 5263 3092 5315 in
3125 5262 3243 5315 Vita
3282 5260 3454 5316 fusius
3481 5261 3837 5330 disputantur.

2276 5349 2488 5401 Interim
2518 5349 2600 5402 vel
2631 5350 2874 5416 sequenti
2918 5366 3005 5403 an.
3048 5348 3169 5404 580.
3205 5348 3292 5403 vel
3322 5350 3535 5404 ineunte
3558 5351 3682 5406 581.
3714 5349 3841 5405 inde

2274 5440 2552 5494 conﬁcitur
2572 5439 2903 5505 discessisse,
2935 5430 3523 5507 et'Constantinopolim
3547 5454 3642 5508 per
3662 5437 3846 5492 Orien-

2275 5530 2344 5584 tis
2371 5529 2526 5584 urbes
2552 5529 2893 5584 contendisse
2919 5570 2934 5594 ,
2962 5527 3102 5598 quod
3127 5527 3444 5598 Gregorium
3474 5542 3539 5582 eo
3566 5536 3830 5597 tempore,
3871 5560 3877 5565 -

2275 5639 2379 5694 quo
2418 5620 2575 5691 regite
2602 5622 2745 5676 urbis
2776 5621 2943 5676 tenuit
2971 5620 3356 5690 episcOpatum,
3386 5631 3417 5674 a
3446 5617 3587 5676 maio
3633 5617 3849 5674 scilicet
