4048 6192
221 297 313 358 LIII

221 419 324 483 post
340 407 656 478 abrogatum
679 403 956 460 Maximum
978 399 1260 473 Cynicum,
1285 395 1350 451 ad
1379 394 1575 450 Iulium
1605 408 1760 448 men-

227 516 342 565 sem,
359 512 460 568 quo
487 511 606 552 sese
631 497 742 566 ipse
771 497 824 548 in
847 493 1181 548 (ecumcnico
1205 488 1433 543 concilio
1457 495 1649 555 sponte
1675 485 1761 537 ab-

227 592 416 654 dicavit,
437 587 653 651 audivit,
679 595 733 641 et
757 585 939 638 coluit.
963 583 1058 637 His
1079 583 1149 635 ita
1170 577 1474 634 constitutis
1497 584 1764 644 postrema

229 681 365 751 hujus
391 678 571 732 classis
600 677 824 746 cpistola
852 675 917 729 ad
945 675 1225 727 Damasum
1254 671 1318 722 de
1341 668 1614 736 Seraphim
1644 665 1766 718 huic

224 787 348 826 anno
381 770 499 824 581.
536 767 781 837 illiganda
812 775 914 827 est,
959 764 1102 834 quod
1144 766 1255 832 ipse
1286 762 1338 814 in
1375 775 1496 826 cap.
1529 759 1677 811 Isaia:
1709 760 1762 810 6.

222 859 533 928 apertissime
562 867 730 911 notat.
763 855 837 909 De
862 856 958 907 hac
985 856 1193 916 visione,
1222 851 1430 920 inquit,
1470 857 1585 900 ante
1610 862 1768 899 annos

221 953 394 1004 circiter
418 950 620 1019 triginta
659 964 773 1000 cum
803 963 957 1000 essent
1003 941 1488 1010 Constantinopoli,
1534 949 1578 992 et
1626 937 1766 1008 apud

218 1041 363 1092 virum
390 1040 845 1108 eloquentissimum
889 1035 1186 1104 Gregorium
1219 1033 1604 1086 Nazianzenum
1653 1042 1770 1082 tunc

221 1131 431 1201 ejusdem
456 1130 593 1183 urbis
623 1131 911 1198 episcOpum
935 1138 1226 1180 sanctarum
1257 1125 1638 1192 Scripturarum
1659 1129 1769 1174 stu-

222 1221 311 1273 diis
359 1221 608 1280 erudirer,
639 1220 742 1272 scio
790 1235 868 1270 me
909 1217 1102 1270 brevem
1153 1216 1408 1274 dictasse,
1463 1213 1775 1279 subitumque

208 1319 491 1373 tractatum,
523 1319 577 1360 ut
628 1308 1018 1376 experimentum
1064 1320 1292 1374 caperem
1319 1301 1559 1371 ingenioli
1589 1301 1705 1361 mei,
1731 1306 1776 1351 et

1649 268 2029 338 ΡΒᾹΞῈΑΤΙΟ.

3348 277 3452 334 ω

1867 390 2045 444 amicis
2074 388 2366 457 jubentibus
2407 388 2684 442 obedirem.
2731 390 2926 445 Iterum
2978 391 3203 459 Epistul.
3255 393 3344 448 84.
3381 395 3448 448 ad

1867 481 2174 536 Pammach.
2220 491 2274 535 et
2317 482 2550 535 Occcan.
2595 480 2660 534 In
2688 482 2896 536 lectione
2919 526 2933 549 ,
2970 485 3175 554 inquit,
3203 485 3361 542 Isaias
3388 489 3441 543 in

1866 589 1966 636 qua
1995 573 2096 625 duo
2127 572 2408 631 Serapltint
2428 572 2704 624 clamantia
2746 573 3111 638 describuntur,
3141 577 3230 631 illo
3257 578 3276 644 ί
3296 577 3438 632 οτξ-
3485 609 3488 616 -

1865 662 2041 731 genu)
2093 663 2456 729 interpretante
2512 662 2704 715 Filium
2758 673 2804 714 et
2861 663 3111 731 Spiritum
3167 667 3434 732 Sanctum,

1869 771 2035 808 nonne
2059 771 2150 824 ego
2177 756 2529 807 detestandam
2551 755 2917 823 expositionem
2944 756 2997 807 in
3027 755 3126 808 duo
3154 765 3449 812 testamenta

1868 845 2097 899 mutavi?
2145 843 2374 899 [labetur
2418 845 2547 898 liber
2592 847 2644 897 in
2698 845 2933 897 manibus
2979 853 3098 898 ante
3126 844 3302 915 viginti
3354 863 3452 900 an-

1874 952 1964 988 nos
1991 936 2177 988 editus.
2229 934 2396 989 Porro
2447 935 2609 988 etiam
2661 950 2725 986 ex
2770 934 2962 1000 majori
3011 933 3286 1002 sequentis
3333 935 3454 990 anni

1872 1036 2019 1094 parte
2069 1035 2255 1080 nactus
2302 1026 2639 1080 commodam
2687 1025 2880 1078 studiis
2931 1025 3046 1078 suis
3107 1027 3446 1079 occasionem

1872 1115 2330 1184 Constantinopoli
2379 1117 2633 1177 steterit,
2666 1129 2948 1183 quousque
2976 1129 3098 1168 cum
3127 1128 3289 1183 supra
3330 1115 3448 1168 lau-

1873 1207 2000 1261 dato
2026 1207 2247 1260 Paulino
2296 1217 2452 1276 atque
2499 1206 2784 1276 cpiphanio
2812 1206 3084 1275 episcopis
3125 1205 3348 1259 Romam
3377 1205 3450 1260 ad

1879 1297 2160 1350 concilium
2187 1296 2540 1365 atlnsvigavit.

210 1424 3457 1450 Μ

840 1519 1752 1633 Ειιιετοιιω

1889 1479 2021 1624 :1.
2097 1515 2804 1629 CLASSIS

213 1731 357 1782 QUAS
395 1729 806 1773 HIERONYMUS
838 1729 958 1770 PER
1002 1728 1219 1772 FERMB
1262 1725 1622 1768 TRIENNIUM
1666 1723 1848 1766 ΒΟΜΒ
1894 1723 2172 1765 SCRIPSIT
2214 1725 2295 1766 ΑΒ
2341 1725 2640 1767 EXEUNTE
2683 1727 2852 1770 ANNO
2889 1728 3149 1772 CHRISTI
3190 1712 3331 1772 382.
3379 1733 3465 1774 AD

1487 1864 1689 1906 UL'rtu
1731 1862 1985 1904 MEDIUM
2028 1844 2166 1905 385.

261 1996 373 2052 XIX
388 2007 437 2052 et
451 1995 569 2052 XX.
585 1996 897 2066 Scriptaian.
909 1993 1238 2050 585.—Cum
1252 1988 1596 2045 Antiochena:
1613 1985 1775 2040 eccle-

215 2089 296 2142 size
307 2089 510 2158 negotia
527 2087 577 2141 in
597 2101 900 2154 perversum
915 2095 1093 2154 ageret
1112 2083 1364 2141 schisma,
1379 2089 1537 2146 atque
1551 2093 1613 2130 es
1631 2074 1774 2128 ordi-

214 2178 414 2230 natione
444 2176 682 2230 Flaviani
720 2176 773 2228 in
802 2173 1372 2240 constantinopolitana
1405 2167 1612 2237 synodo
1640 2167 1772 2218 facta

214 2267 528 2335 perturbatio
551 2275 859 2336 angeretur,
895 2264 1114 2317 Orientis
1133 2271 1280 2330 atque
1309 2257 1598 2312 Occidentis
1645 2253 1774 2319 Epi-

211 2372 372 2424 scOpos
398 2357 621 2410 Romam
644 2353 942 2424 Imperiales
963 2353 1142 2405 littera:
1163 2357 1524 2404 contraxerunt
1547 2387 1561 2411 ,
1593 2360 1698 2414 quo
1715 2358 1775 2398 se

213 2461 390 2515 nempe
415 2448 482 2498 ad
531 2445 801 2498 maximam
853 2443 1118 2512 Synodum
1157 2455 1270 2510 qua:
1317 2440 1422 2492 illic
1470 2435 1774 2505 parabatur,

213 2542 508 2606 conferrent,
545 2535 984 2590 utheodoretus
1006 2533 1246 2602 exponit.
1276 2530 1391 2598 Ipse
1420 2528 1778 2597 Hieronymus

213 2632 530 2685 ecclesiastica
577 2627 868 2682 necessitate
888 2625 1199 2693 compulsus
1219 2663 1233 2684 ,
1258 2621 1400 2691 quod
1431 2621 1483 2674 in
1513 2617 1777 2672 Marcellae
1847 2620 1858 2629 ‘

215 2720 482 2790 Epitapltio
500 2718 579 2772 ad
612 2717 932 2785 Principiam
959 2714 1152 2780 tradit,
1182 2713 1404 2767 Romam
1427 2709 1643 2764 advenit
1661 2723 1776 2759 cum

213 2810 400 2866 Sanctis
427 2809 770 2877 Ponti/icibtts
800 2805 1053 2870 Paulino,
1083 2814 1130 2858 et
1183 2802 1474 2872 Epiphanio
1495 2842 1510 2866 ,
1562 2815 1778 2870 quorum

211 2903 326 2958 alter
341 2900 751 2962 Antiochenam,
775 2898 903 2953 alter
921 2895 1258 2951 Salaminiam
1279 2893 1433 2963 Cypri
1460 2891 1590 2945 rexit
1631 2889 1782 2943 eccle-

212 2997 342 3048 siam.
373 2996 552 3050 Porro
582 3009 687 3047 non
711 2993 808 3046 nisi
833 2992 932 3046 sub
954 2990 1112 3045 ﬁnem
1135 2989 1259 3043 anni
1283 2987 1407 3041 582.
1425 2996 1479 3040 et
1495 2984 1780 3038 advenisse

209 3099 325 3154 eos,
363 3097 414 3142 et
440 3084 730 3158 synodum
776 3083 1010 3136 habitam
1053 3095 1205 3144 esse,
1239 3079 1379 3132 idem
1422 3077 1782 3144 Hieronymus

212 3191 310 3231 non
330 3179 562 3233 obscure
585 3175 747 3231 docet
789 3174 960 3244 Epist.
993 3172 1115 3228 108.
1146 3171 1234 3224 ubi
1264 3168 1562 3236 Episcopus
1589 3165 1781 3217 Orien-

218 3267 356 3332 tales,
374 3267 462 3336 qui
488 3267 556 3320 ad
587 3265 740 3320 illam
762 3268 1154 3322 convenerant,
1175 3273 1282 3312 non
1303 3265 1429 3310 ante
1454 3250 1786 3321 insequentis

216 3357 359 3420 anni,
390 3358 597 3411 scilicet
620 3354 749 3412 585.
777 3362 1004 3407 exactam
1029 3350 1257 3420 hyement
1274 3387 1289 3412 ,
1324 3355 1372 3402 et
1395 3355 1624 3414 apertum
1650 3354 1790 3392 mare

217 3444 477 3499 discedere
506 3444 753 3498 valuisse
789 3441 978 3496 scribit
1007 3457 1021 3492 :
1049 3437 1189 3507 quod
1220 3448 1407 3490 rursus
1451 3448 1516 3486 ex
1546 3428 1783 3498 Epistula

216 3535 276 3587 ad
323 3536 557 3589 Asellam
593 3533 858 3590 subducta
885 3531 1090 3585 ratione
1115 3527 1312 3582 clarius
1335 3524 1616 3580 constabit.
1643 3519 1786 3574 Inte-

217 3625 310 3678 rim
331 3626 720 3698 Hieronymum
745 3639 902 3693 quem
930 3618 1392 3676 instructissimum
1413 3615 1786 3684 experimento

217 3728 444 3780 noverat,
463 3729 520 3772 ut
539 3718 648 3772 sibi
677 3717 728 3770 in
749 3713 1138 3769 Ecclesiasticis
1181 3709 1360 3764 causis
1397 3707 1708 3769 inserviret,
1733 3713 1788 3758 et

219 3809 358 3860 totius
381 3809 513 3862 orbis
535 3805 1000 3860 consultationibus
1028 3817 1128 3855 suo
1167 3800 1383 3854 nomine
1412 3795 1781 3866 responderet,

218 3894 464 3951 Damasus
513 3897 734 3958 tenuit;
777 3895 933 3962 eique
979 3890 1204 3946 subinde
1247 3891 1422 3942 varias
1463 3887 1786 3956 quaestiones

218 3987 498 4054 proposuit.
531 3987 776 4042 Primum
804 3983 874 4038 de
900 3983 1112 4036 Osanna
1143 3979 1528 4045 interrogavit,
1559 3989 1654 4044 per
1675 3974 1790 4042 epi-

220 4074 401 4129 stolam
427 4075 574 4130 XIX.
600 4075 688 4128 cui
713 4073 892 4128 statim
917 4071 1038 4124 XX.
1073 4075 1170 4124 hac
1200 4069 1290 4122 ille
1314 4064 1604 4129 satisfecit,
1629 4079 1788 4133 quam

222 4165 374 4218 etiam
416 4167 467 4218 in
515 4165 776 4233 Catalogo
803 4163 904 4217 hoc
932 4161 1121 4215 ordine
1166 4167 1472 4220 enumerat,
1523 4166 1682 4223 atque
1723 4153 1790 4207 ad

219 4252 352 4309 hunc
371 4271 571 4309 annum
597 4255 722 4309 585.
758 4253 1024 4323 pertinere
1049 4265 1115 4304 ex
1139 4262 1314 4304 rerum
1334 4285 1350 4313 ,
1377 4259 1509 4315 quas
1537 4244 1793 4312 exposui-

220 4359 330 4399 mus
349 4346 491 4401 serie
507 4385 524 4410 ,
553 4343 959 4412 comprobatur.
1586 4415 1588 4418 ν

283 4432 421 4488 XXI.
451 4433 666 4504 Scripta
691 4432 864 4487 eodem
893 4445 1126 4485 anno.—
1148 4428 1406 4483 Damasus
1437 4423 1577 4479 haud
1625 4424 1794 4479 multo

217 4535 334 4590 post
365 4525 686 4595 Hieronymi
733 4521 1035 4578 eruditione
1080 4521 1282 4575 utiliter
1325 4533 1452 4573 usus
1497 4515 1794 4572 enodandis

215 4627 484 4670 sacrarum
536 4615 837 4669 litterarum
884 4613 1318 4672 difﬁcultatibus,
1367 4609 1679 4664 l’arztbolnm
1727 4607 1796 4663 de

215 4705 421 4761 duobus
451 4707 612 4772 Iiliis,
640 4706 828 4776 Frugi,
861 4720 926 4760 ac
948 4705 1220 4758 luxurioso
1263 4702 1364 4757 sibi
1395 4701 1592 4770 exponi
1622 4701 1794 4769 petiit;

211 4810 367 4866 quam
393 4797 489 4852 ille
515 4798 657 4852 satis
679 4797 904 4867 eleganti
933 4811 995 4850 ac
1026 4794 1181 4863 longa
1214 4792 1438 4861 epistola
1468 4799 1797 4845 commenta-
1834 4843 1842 4849 .

211 4893 312 4941 tur.
351 4886 482 4940 Haec
513 4887 776 4953 superiori
804 4884 983 4940 statim
1013 4883 1258 4938 subditur
1284 4882 1337 4936 in
1367 4882 1642 4951 catalogo,
1675 4895 1796 4945 nec,

205 4974 339 5031 licet
356 4978 638 5044 penitiora
661 4976 828 5031 desint
845 4977 984 5031 circa
1009 4974 1250 5044 ejusdem
1277 4983 1486 5042 tempus
1513 4987 1798 5041 argumen-

206 5074 290 5131 ta,
324 5065 396 5118 ad
423 5063 800 5131 insequentem
827 5077 998 5121 tamen
1028 5082 1225 5120 annum
1270 5065 1381 5118 ullo
1409 5073 1565 5132 pacto
1590 5063 1798 5117 videtur

210 5153 596 5211 transferenda
609 5195 622 5206 .

279 5244 448 5299 XXII.
479 5244 703 5313 Scripta
725 5260 808 5298 an.
832 5245 952 5300 584.
977 5277 1046 5287 -
1067 5247 1284 5301 Librum
1313 5245 1571 5299 adversus
1614 5243 1794 5297 Helvi-

211 5335 384 5397 dium,
443 5335 596 5389 unde
650 5334 805 5402 hujus
841 5337 904 5390 ad
938 5337 1287 5391 Eustochium
1338 5335 1580 5404 epistola:
1600 5335 1798 5389 certior

211 5426 422 5496 Epocha
474 5429 703 5488 elucet,
753 5437 810 5481 ut
855 5429 1012 5482 citius
1061 5429 1278 5483 Hieron.
1307 5427 1616 5494 scripserit,
1649 5435 1795 5479 certe

211 5533 312 5574 non
342 5529 472 5576 ante
499 5519 636 5573 anni
667 5518 796 5573 585.
817 5518 1010 5586 ﬁnem;
1041 5519 1300 5589 ejusmodi
1329 5518 1472 5573 enim
1496 5517 1672 5571 verbis
1695 5515 1798 5568 uti-

211 5621 308 5680 tur,
336 5612 536 5681 quibus
557 5624 676 5666 non
703 5606 772 5662 ita
799 5607 1004 5678 pridem
1029 5609 1251 5664 Romam
1280 5607 1558 5663 advenisse
1574 5645 1590 5670 ,
1619 5620 1682 5660 ac
1705 5605 1796 5660 diu

217 5701 482 5762 distulisse
507 5718 581 5758 ne
612 5699 910 5767 scriberct,
938 5701 1230 5769 prohtetur.
1261 5700 1396 5756 Eum
1420 5707 1596 5755 tamen
1625 5697 1675 5752 in
1697 5696 1794 5753 hac

1877 1987 2103 2054 epistola
2149 1987 2220 2042 ita
2268 1989 2380 2058 jam
2414 1992 2682 2060 vulgatum
2712 1992 2875 2057 dicit,
2911 2003 2966 2049 ut
3018 1995 3221 2065 aliquot
3267 1999 3460 2054 saltem

1879 2093 2090 2134 menses
2115 2081 2308 2150 quibus
2333 2083 2400 2137 ad
2429 2085 2571 2154 vulgi
2600 2100 2787 2138 manus
2818 2085 3128 2150 devenerit,
3158 2087 3461 2143 subintelli-

1880 2183 1974 2237 gas
2001 2173 2357 2238 praecessisse.
2384 2173 2500 2227 Jam
2531 2176 2707 2242 itaque
2735 2176 2863 2229 εει.
2893 2191 3069 2230 annus
3097 2175 3456 2243 decurrebat,

1881 2272 2000 2311 cum
2021 2260 2361 2316 Eustochium
2386 2265 2576 2333 insigni
2598 2264 2699 2318 Itac
2719 2265 3088 2318 lucubratione
3107 2265 3174 2317 de
3191 2267 3454 2320 servanda

1883 2348 2194 2418 Virginitate
2244 2368 2462 2407 monere
2515 2354 2712 2416 voluit,
2782 2354 3043 2423 siquidem
3096 2369 3196 2408 nec
3243 2355 3462 2410 domum

1883 2437 1939 2493 S.
1970 2439 2177 2506 Paul:e,
2207 2443 2358 2510 cujus
2387 2445 2470 2498 illa
2501 2455 2616 2498 erat
2643 2445 2749 2498 lilia
2773 2487 2788 2511 ,
2823 2461 2943 2500 cunt
2992 2446 3176 2498 Romae
3214 2445 3462 2514 degeret,

1885 2532 2060 2584 statim
2081 2534 2243 2597 novit,
2267 2538 2372 2589 imo
2395 2547 2511 2602 post
2529 2546 2728 2590 tantum
2754 2540 3006 2605 temporis
3026 2535 3384 2600 intervallum,
3409 2545 3466 2591 ut

1885 2632 2167 2692 antequam
2188 2637 2450 2689 nosceret,
2481 2630 2704 2681 omnium
2719 2645 2842 2698 pene
2851 2629 3050 2699 judicio
3071 2629 3254 2698 dignus
3269 2644 3467 2682 summa

1885 2717 2168 2770 sacerdotio
2192 2718 2392 2772 decerni
2410 2721 2658 2775 virtutum
2687 2723 3055 2790 experimento
3073 2730 3258 2790 posset
3273 2736 3466 2790 quem-

1883 2807 2168 2862 admodum
2218 2811 2330 2878 ipse
2374 2812 2428 2866 in
2455 2815 2685 2883 epistola
2731 2814 2796 2868 ad
2843 2815 3073 2869 Asellam
3106 2815 3287 2869 tradit.
3320 2815 3468 2867 Insu-

1886 2913 1981 2966 per
2000 2907 2053 2954 et
2081 2900 2365 2954 Blaesillam
2422 2904 2691 2957 Eustocbii
2735 2917 2976 2958 sororem
3005 2905 3274 2964 nominat,
3307 2916 3467 2969 quam

1886 2991 2112 3056 septimo
2130 2991 2239 3060 jam
2268 3006 2453 3046 mense
2483 2992 2754 3046 viduatam
2780 2992 2898 3059 eius
2927 2992 3050 3044 vitae
3082 2989 3466 3058 perfectionem

1889 3094 2130 3148 quaerere
2153 3095 2257 3132 non
2283 3082 2510 3134 obscure
2531 3081 2750 3133 indicat.
2785 3080 2874 3132 Illa
2897 3087 3080 3131 autem
3104 3077 3168 3130 ad
3191 3078 3313 3130 anni
3345 3091 3469 3144 pro-

1889 3170 2032 3222 xime
2057 3169 2432 3236 subsequentis
2461 3169 2670 3222 initium
2703 3169 2842 3222 I'acto
2870 3169 3048 3221 Iuncta
3077 3176 3159 3220 est
3179 3208 3192 3230 ,
3224 3176 3280 3219 ut
3309 3167 3470 3234 paulo

1892 3259 2030 3314 infra
2056 3259 2419 3322 ostendemus.
2463 3260 2541 3313 Ad
2585 3260 2698 3313 haec
2726 3274 2846 3314 cum
2874 3274 2962 3312 an.
2991 3258 3114 3313 594.
3140 3268 3193 3310 ut
3221 3272 3318 3311 suo
3350 3259 3469 3311 loco

1892 3349 2048 3420 plane
2074 3349 2370 3412 constabit,
2395 3350 2654 3404 scriberet
2672 3349 2736 3403 ad
2764 3347 3135 3416 Nepotianum.
3155 3346 3472 3403 decennium

1890 3439 2081 3493 exinde
2107 3448 2390 3508 supputat,
2414 3454 2576 3508 seque
2598 3438 2727 3495 dicit
2753 3438 2981 3508 lapidato
3000 3439 3116 3509 jam
3149 3436 3470 3508 Virginitatis

1891 3531 2093 3598 libello,
2133 3547 2278 3600 quem
2323 3531 2384 3586 S.
2432 3530 2711 3585 Eustochio
2760 3531 2940 3585 Romae
2983 3531 3297 3600 scripserat,
3351 3540 3472 3598 post

1891 3637 2051 3675 annos
2101 3621 2270 3675 decem
2306 3639 2481 3676 rursus
2523 3621 2776 3676 Bethleem
2826 3639 2917 3675 ora
2959 3639 3184 3676 reserare
3221 3638 3239 3674 :
3268 3637 3333 3676 ex
3365 3637 3474 3690 quo

1892 3713 2146 3767 subducta
2202 3713 2407 3766 ratione
2456 3712 2524 3765 de
2549 3728 2615 3767 eo
2666 3712 2808 3782 quod
2857 3713 3104 3780 epistolae
3146 3713 3475 3782 prmiixitmts

1895 3815 2169 3874 tempore,
2224 3803 2470 3858 dubitare
2513 3817 2616 3856 non
2667 3804 2814 3857 licet.
2845 3803 2948 3858 Sed
2996 3805 3172 3871 potius
3201 3820 3264 3857 ex
3295 3821 3474 3858 rerum

1894 3897 2031 3952 serie
2057 3903 2214 3964 atque
2255 3895 2369 3963 ipso
2403 3893 2642 3963 Catalogi
2688 3893 2876 3947 ordine
2918 3893 3169 3961 proxime
3217 3896 3462 3960 sequenti

1897 3985 2258 4056 postponenda
2293 3985 2552 4038 videatur.

1970 4077 2157 4131 XXIII.
2178 4078 2382 4146 Scripta
2401 4077 2578 4130 eodem
2605 4093 2692 4129 an.
2725 4077 2854 4131 584.
2871 4105 2943 4116 -
2965 4076 3042 4130 Ex
3075 4077 3314 4146 pluribus
3340 4069 3474 4145 quas

1897 4167 1962 4219 ad
1991 4167 2290 4220 Marcellam
2312 4167 2549 4220 exaravit
2577 4165 2849 4234 epistolis,
2883 4175 2938 4218 et
2961 4182 3185 4234 quarum
3209 4167 3470 4233 integrum

1899 4255 2091 4308 librum
2124 4255 2176 4308 in
2197 4254 2449 4323 Catalogo
2473 4255 2632 4318 citat,
2655 4253 3084 4322 quandoquidem
3110 4255 3175 4308 de
3203 4270 3345 4308 anno
3364 4269 3474 4323 quo

1900 4347 2120 4416 singulae
2154 4347 2291 4400 data
2329 4356 2486 4408 sunt,
2513 4345 2758 4400 dubitare
2786 4347 2943 4400 nobis
2992 4349 3076 4400 vix
3128 4348 3282 4411 licet,
3339 4347 3476 4402 hanc

1900 4453 2018 4506 qua:
2047 4437 2109 4491 de
2128 4438 2265 4491 exitu
2289 4436 2406 4490 Leo:
2432 4437 2757 4501 inscribitur,
2792 4438 2966 4506 primo
3007 4438 3126 4492 loco
3149 4440 3472 4494 consentiam

1901 4545 2020 4584 esse
2047 4529 2285 4584 arbitrati
2308 4542 2528 4593 sumus,
2562 4527 2701 4582 haud
2727 4528 2940 4599 quidem
2963 4571 2978 4594 ,
3011 4539 3068 4584 ut
3093 4546 3273 4586 verum
3306 4531 3472 4588 fatea-

1903 4637 2020 4675 mur
2046 4619 2243 4690 liquido
2267 4621 2395 4675 satis
2420 4630 2764 4687 argumento,
2810 4635 2874 4674 ea
2914 4630 3092 4675 tamen
3132 4622 3435 4691 conjectura
3461 4663 3476 4686 ,

1902 4709 1988 4764 cui
2034 4725 2209 4765 rerum
2239 4710 2370 4764 ordo
2397 4708 2737 4778 suil‘ragatur.
2788 4709 3083 4776 Marcellas,
3143 4712 3480 4778 aliarumque

1904 4800 2214 4855 Sanctarum
2233 4800 2510 4870 Virginum
2536 4799 2732 4865 choro,
2757 4816 2912 4869 quam
2942 4801 3267 4854 domesticam
3296 4799 3479 4852 Paulae

1905 4890 2184 4947 Ecclesium
2208 4900 2389 4958 vocat,
2420 4906 2540 4948 cum
2566 4891 2703 4961 apud
2731 4907 2823 4946 eas
2851 4900 2995 4946 esset
3029 4881 3183 4944 Hier.
3229 4891 3473 4943 Psalmo-

1905 4999 2019 5036 rum
2050 4983 2238 5036 librum
2271 4982 2368 5036 sibi
2389 4989 2690 5050 sumpserat
2710 4979 2776 5033 de
2802 4995 2897 5034 ore
2920 4978 3312 5046 exponendum.
3347 4980 3480 5034 Ilinc

1905 5072 2100 5143 passim
2127 5072 2380 5139 Epistulae
2407 5078 2730 5132 occurrunt,
2760 5083 2894 5135 quas
2922 5084 2985 5120 ex
3026 5067 3252 5136 alicujus
3280 5068 3478 5124 Psalmi

1905 5163 2184 5216 occasione
2212 5160 2393 5223 dedit,
2443 5161 2527 5212 vel
2565 5167 2620 5210 ut
2665 5158 2826 5210 altius
2875 5156 3204 5223 insiderent,
3237 5174 3357 5227 quae
3387 5175 3483 5214 ore

1909 5264 2058 5307 tenus
2083 5252 2408 5315 tradiderat,
2441 5250 2607 5303 fusius
2637 5248 2870 5315 exponit.
2901 5247 3155 5315 Exemplo
3206 5259 3360 5303 erunt
3404 5251 3482 5304 in-

1910 5344 2096 5412 primis
2124 5342 2239 5395 hacc
2269 5341 2377 5408 ipsa
2405 5353 2563 5407 quam
2617 5353 2724 5402 prte
2765 5339 3010 5393 manibus
3058 5338 3342 5406 habemus,
3372 5349 3482 5396 tum

1907 5432 2007 5485 alia
2032 5430 2096 5484 de
2117 5431 2287 5482 decem
2312 5426 2403 5479 Dei
2424 5426 2710 5479 nominibus
2728 5466 2741 5490 ,
2770 5426 2896 5479 item
2925 5426 2992 5482 de
3037 5428 3271 5483 ltebraico
3293 5429 3484 5497 Alplta-

1908 5520 2017 5574 beta
2035 5560 2048 5584 ,
2072 5529 2123 5572 ct
2141 5533 2259 5586 qua!
2281 5515 2472 5567 l’saltni
2495 5515 2770 5568 ccutesimi
2796 5516 3030 5581 rigcsinti
3053 5519 3187 5572 sexti
3206 5519 3317 5573 loca
3336 5535 3485 5589 qure-

1909 5611 2028 5666 dam
2061 5608 2324 5678 explanat.
2356 5605 2520 5658 Porro
2569 5606 2787 5661 minimc
2823 5609 2891 5661 sit
2915 5609 3219 5664 vcrosimile
3243 5651 3257 5674 ,
3292 5609 3481 5664 Hiero-

1909 5713 2123 5774 nymum
2176 5697 2382 5752 inverso
2427 5695 2612 5752 ordine
2643 5706 2729 5751 aut
2780 5699 3038 5767 confuso,
3080 5707 3236 5768 prout
3265 5699 3484 5770 quisque
