4048 6192
557 378 639 435 ιν
1986 340 2358 399 ramento.

555 489 796 547 Psalmus
825 496 954 536 casu
979 480 1307 532 occurreret,
1359 466 1415 520 id
1435 464 1803 534 quodcutirjue
1830 466 1910 511 est
1937 453 2116 524 eperis

557 580 827 646 exegisse,
860 571 949 626 sed
981 568 1128 622 initio
1157 579 1187 617 a
1224 560 1485 630 prioribus
1512 555 1651 609 facto
1672 594 1687 619 ,
1719 548 2040 619 processisse
2066 553 2122 644 ut

558 634 795 737 parverat
815 634 883 714 ad
917 656 1234 726 posteriores
1258 693 1272 712 ,
1299 649 1528 703 maxime
1550 659 1670 698 cum
1703 643 1753 694 in
1776 640 1904 708 ipsis
1934 634 2126 690 litteris

558 726 690 812 nihil
723 755 826 807 fere
855 755 1097 802 occurrat
1123 742 1265 812 quod
1309 741 1620 808 refragetur.
1651 731 1877 788 Proinde
1906 730 2021 781 Iuno
2046 726 2117 779 ad.

559 842 854 900 Marcellam
882 851 1004 890 cum
1028 851 1059 889 e
1091 832 1282 888 Psalmi
1311 829 1499 883 ordine
1528 841 1589 879 ac
1615 839 1836 878 numero
1855 861 1870 885 ,
1905 828 2126 874 caeteras

554 935 883 992 antevertat,
928 924 1120 981 iisdem
1142 923 1300 975 etiam
1331 921 1448 973 loco
1471 913 1703 984 pratierri
1732 907 2012 963 commode
2041 906 2122 956 vi—

555 1041 672 1080 sum
723 1030 804 1075 est
836 1017 1060 1074 :eodem
1112 1015 1162 1066 in
1206 1011 1420 1075 reliquis
1449 1013 1692 1072 respectu
1741 1001 1957 1064 habito,
2005 1011 2126 1064 qua:

555 1114 776 1183 integris
804 1105 1176 1172 CIII’UIIOIOgItl}
1206 1099 1422 1155 calculis
1449 1107 1501 1150 et
1529 1109 1761 1163 congrue
1809 1090 1974 1156 magis
2018 1088 2128 1139 suis

558 1179 785 1275 quaeque
810 1203 939 1255 locis
958 1196 1266 1252 succedunt.
1285 1193 1468 1245 Aunus
1487 1188 1628 1242 enim
1651 1200 1784 1237 unus
1804 1194 1962 1249 atque
1985 1179 2122 1230 idem

558 1272 670 1352 fere
700 1294 934 1348 omnium
966 1299 1077 1347 est,
1127 1285 1371 1337 nimirum
1416 1280 1538 1335 584.
1585 1277 1669 1345 qui
1699 1272 2031 1341 apertissime
2061 1284 2124 1320 ex

564 1387 661 1438 ltac
705 1381 862 1448 priori
893 1379 1152 1436 statuitur,
1191 1374 1241 1424 in
1273 1386 1372 1439 qua
1402 1369 1521 1422 Lee
1567 1373 1791 1418 mortem
1851 1375 1973 1412 eum
2027 1356 2127 1408 de-

562 1475 750 1543 signati
783 1471 1030 1524 Consulis
1051 1508 1063 1529 ,
1115 1465 1317 1517 scilicet
1347 1457 1639 1512 Praetextati
1663 1496 1676 1517 ,
1708 1453 1797 1522 qui
1841 1450 1939 1503 sub
1988 1449 2126 1500 id-rm

566 1537 774 1631 tempus
803 1561 1004 1613 obierat
1027 1597 1042 1620 ,
1075 1565 1243 1607 morte
1285 1549 1555 1616 componit
1590 1564 1602 1618 ς
1632 1557 1821 1609 nempe
1851 1540 1997 1592 illum
2031 1537 2132 1589 hoc

563 1630 703 1711 anno
729 1672 758 1709 e
784 1653 914 1706 vivis
936 1649 1229 1703 excessisse
1249 1649 1456 1697 eonstat
1476 1655 1536 1689 ex
1561 1631 1860 1706 Symmachi
1885 1630 2127 1697 epistola,

563 1762 663 1815 qua
686 1745 1037 1811 Imperatores
1055 1737 1385 1802 deprec.ilur,
1407 1737 1462 1780 ut
1483 1736 1707 1780 statuam
1731 1719 1966 1773 defuncti
1986 1719 2131 1782 ejus-

563 1813 684 1890 dem
715 1831 986 1884 Senatoris
1010 1824 1276 1878 memoria:
1299 1817 1539 1874 Collocari
1569 1813 1896 1882 permittant.

638 1921 823 1978 XXIV.
858 1919 1063 1981 Scripta
1094 1913 1243 1967 biduo
1276 1919 1381 1978 post
1412 1907 1734 1975 superiorem.
1758 1930 1830 1941 ——
1850 1900 1979 1965 Quae
2004 1897 2132 1951 sub-

565 2017 804 2083 sequitur
833 2010 900 2064 de
946 2005 1178 2060 laudibus
1221 2002 1405 2056 Asella:
1463 1997 1620 2049 biduo
1653 2001 1770 2063 post
1800 1991 2132 2060 superiorem

567 2082 685 2158 data
715 2112 814 2156 est.
851 2100 1060 2152 Nudius
1088 2095 1293 2157 tertius,
1344 2091 1510 2158 inquit
1534 2130 1548 2148 ,
1594 2086 1657 2139 de
1686 2087 1839 2138 beata:
1883 2082 2136 2134 memoria:

568 2196 670 2250 Leu
696 2193 866 2261 aliqua
897 2191 1199 2242 dixeramus.
1232 2183 1380 2235 Illico
1415 2178 1625 2249 pupugit
1654 2176 1878 2228 animum
1921 2181 1966 2224 et
2011 2171 2135 2222 milii

567 2286 693 2337 venit
721 2285 770 2334 in
800 2291 1010 2333 mentem
1038 2293 1135 2328 non
1166 2273 1342 2326 debere
1369 2287 1460 2322 uos
1500 2278 1662 2320 tacere
1685 2266 1746 2317 de
1784 2263 1985 2332 I'irgine
2005 2301 2020 2326 ,
2047 2261 2132 2329 qui

571 2376 634 2428 de
663 2372 881 2427 secundo
907 2369 1081 2421 ordine
1109 2363 1351 2418 castitatis
1374 2360 1524 2413 locuti
1554 2371 1748 2410 sumus.

637 2457 1016 2516 XXV.XXVI.
1067 2451 1278 2508 XXVII.
1325 2447 1558 2504 XXVIII.
1607 2453 1660 2500 et
1688 2442 1881 2499 XXIX.
1915 2441 2134 2509 Scripta:

567 2573 653 2610 an.
685 2553 806 2608 584.
839 2578 908 2590 —-
927 2549 1168 2615 Quinque
1195 2558 1295 2597 una
1323 2541 1703 2608 subsequentes
1738 2533 1804 2587 ad
1833 2531 2134 2587 Marcellam

568 2644 806 2713 epistolas
833 2650 1041 2704 tempus
1065 2645 1222 2704 atque
1237 2632 1476 2686 ordinem
1498 2643 1648 2682 suum
1667 2640 1695 2678 a
1719 2625 1892 2693 priore
1909 2623 1998 2676 25.
2020 2636 2138 2675 mu-

572 2712 804 2787 tuantur.
834 2729 1046 2785 Scilicet
1082 2724 1318 2794 proxima
1340 2736 1458 2790 quze
1483 2719 1545 2772 de
1563 2715 1862 2788 quibusdam
1891 2712 2138 2767 hebraicis

573 2825 727 2876 verbis
781 2820 1102 2881 inscribitur,
1154 2815 1240 2869 ubi
1295 2827 1476 2866 vocem
1516 2808 1735 2862 Alleluia
1779 2804 2043 2872 explicat,
2074 2800 2138 2854 la

574 2917 662 2966 flet
705 2928 893 2964 nomen
918 2951 931 2966 .
962 2924 1068 2978 quo
1119 2921 1218 2957 Vox
1271 2905 1356 2956 illa
1389 2899 1724 2965 Compouitttr
1745 2937 1760 2956 ,
1793 2896 2043 2962 supponit
2072 2907 2136 2945 ex

571 3005 841 3069 superiore
870 2999 1064 3050 dudum
1109 2993 1416 3048 innotuisse.
1451 2990 1626 3042 Altera
1661 2989 1711 3038 in
1741 2984 1897 3050 hujus
1941 2979 2130 3033 defen-

570 3095 773 3147 sionem
803 3089 1050 3142 scribitur
1075 3083 1260 3138 Contra
1284 3083 1636 3134 obtrectatores
1661 3117 1675 3136 ,
1708 3071 1967 3140 siquidem
1986 3111 2004 3136 ,
2047 3070 2133 3124 in-

571 3187 718 3252 qttit,
749 3191 859 3252 post
887 3185 1102 3251 priorem
1127 3175 1406 3244 Epistolam
1435 3175 1487 3226 in
1511 3187 1609 3239 qua
1637 3168 1699 3221 de
1717 3165 1948 3220 Hebrwis
1980 3162 2141 3217 verbis

573 3289 735 3345 pauca
762 3271 1145 3338 perstrinxere»:
1169 3265 1236 3318 ad
1267 3280 1342 3316 me
1365 3272 1563 3328 repente
1591 3259 1838 3326 perlatum
1865 3266 1970 3320 est,
1990 3269 2142 3320 quos—

575 3344 694 3417 dam
715 3361 1042 3415 homunculos
1060 3357 1182 3410 mihi
1213 3355 1432 3407 studiose
1453 3351 1731 3402 detrahere.
1761 3347 1898 3398 Duas
1915 3344 2146 3411 reliquas

575 3470 669 3508 seu
695 3452 782 3505 28.
806 3463 860 3504 et
884 3451 975 3504 29.
1007 3460 1228 3515 quarum
1273 3443 1360 3496 illa
1401 3443 1462 3494 de
1490 3438 1836 3506 Diapsalmate
1855 3474 1868 3496 ,
1917 3434 2032 3487 lucc
2079 3431 2146 3484 de

579 3542 762 3612 Ephod
781 3550 827 3595 et
863 3539 1130 3606 Templum
1151 3535 1284 3603 agit,
1317 3533 1368 3585 in
1395 3531 1579 3584 eadem
1607 3528 1668 3579 de
1694 3524 1922 3578 Hebraeis
1941 3520 2146 3575 vocibus

578 3635 894 3702 scripturum
937 3643 993 3681 se
1019 3627 1131 3680 fore
1173 3623 1521 3692 promiserat,
1552 3617 1690 3688 quod
1740 3613 1916 3669 statim
1961 3613 2149 3680 imple-

577 3724 718 3777 vis-e
736 3735 798 3774 ex
825 3717 1096 3785 utriusque
1115 3721 1364 3769 contextu
1381 3720 1618 3780 apparet.
1638 3706 1943 3764 Succedunt
1968 3705 2148 3772 itaque

580 3815 678 3868 sibi
707 3810 926 3881 singula:
957 3823 1240 3878 paucorum
1285 3805 1396 3859 fere
1441 3804 1644 3858 dierum
1691 3797 1991 3854 iuterstitiis
2021 3813 2033 3848 :
2069 3796 2148 3851 sic

582 3914 760 3959 tamen
787 3910 842 3956 ut
871 3901 1034 3965 scias,
1089 3899 1321 3968 priorem
1353 3895 1498 3950 illam
1541 3910 1662 3962 qua:
1692 3891 1760 3947 X.
1790 3890 1884 3944 Dei
1937 3889 2150 3943 nomina

583 3996 981 4062 interpretatur,
1011 4007 1075 4046 ex
1105 4005 1204 4060 qua
1237 3989 1456 4056 reliqua:
1481 3985 1746 4057 pendent,
1775 3982 1915 4054 quod
1941 3998 2009 4037 ex
2041 3995 2141 4036 no-

585 4083 837 4153 nagesimi
863 4080 1052 4134 Psalmi
1073 4079 1350 4134 occasione
1365 4085 1576 4132 exarata
1597 4079 1686 4138 sit,
1712 4075 1860 4142 juxta
1879 4086 2035 4143 quam
2057 4087 2150 4125 su-

585 4192 676 4248 pra
689 4173 1030 4244 exposuimus
1041 4172 1398 4237 conjecturam
1418 4177 1672 4231 nostram,
1691 4163 1898 4220 caeteris
1913 4162 2154 4232 apprime

583 4263 1038 4323 consentientibus
1079 4261 1435 4329 chronologia:
1489 4258 1649 4322 notis,
1696 4256 1761 4311 ad
1814 4270 1934 4312 eum
1981 4254 2156 4307 locum

585 4368 883 4414 revocat-am
923 4371 952 4408 a
997 4355 1147 4409 nobis
1188 4368 1347 4415 esse,
1377 4365 1579 4420 suoque
1603 4348 1774 4403 ordini
1823 4346 2146 4401 restitutam.

659 4444 828 4499 XXX.
852 4443 1046 4499 XXXI.
1073 4443 1287 4499 XXXII.
1313 4442 1533 4512 Scriptis
1549 4456 1684 4493 anno
1703 4438 1828 4494 584.
1845 4436 1921 4490 vel
1947 4436 2155 4490 585.—

593 4533 792 4589 Eodem
830 4544 1175 4601 argumento,
1205 4549 1323 4602 qua:
1351 4531 1418 4586 de
1470 4530 1721 4585 Ηώναίεο
1766 4527 2046 4598 Alphabeto
2075 4534 2159 4580 est

593 4624 659 4677 ad
715 4621 964 4688 Paulam,
1017 4621 1293 4676 subdimus
1344 4621 1445 4676 hoc
1485 4620 1635 4684 loco,
1665 4619 1861 4688 quippe
1887 4631 2006 4686 qua:
2042 4631 2159 4670 cum

591 4713 912 4768 centesimum
942 4722 1170 4766 octavum
1217 4712 1461 4764 decimum
1490 4711 1740 4780 psalmum
1787 4707 2046 4760 insinuare
2067 4721 2159 4758 co-

594 4812 800 4858 naretur
841 4801 1228 4872 Hieronymus,
1260 4800 1453 4854 dictata
1505 4807 1604 4852 est.
1635 4797 1762 4864 Qua:
1809 4797 2051 4862 sequitur
2095 4795 2161 4850 ad

595 4892 928 4949 Eustochium
957 4894 1020 4946 de
1047 4889 1366 4944 Munusculis
1397 4890 1603 4944 labente
1631 4888 1780 4958 junio
1829 4885 1988 4954 hujus
2012 4885 2160 4951 anni,

597 4983 736 5039 festo
762 4984 850 5038 die
878 4982 1078 5037 Natalis
1108 4982 1253 5035 Beati
1301 4980 1443 5035 Petri
1482 4979 1856 5048 Apostolorum
1911 4976 2166 5047 principis

607 5074 730 5131 data
754 5083 856 5129 est.
883 5074 1017 5128 Cum
1045 5087 1172 5128 vero
1199 5071 1337 5124 hunc
1365 5071 1522 5124 simul
1564 5076 1723 5138 atque
1747 5069 1890 5123 illam
1910 5109 1926 5133 ,
1954 5082 2020 5122 ne
2058 5067 2170 5122 fru-

611 5175 723 5221 stra
739 5181 770 5221 a
787 5179 845 5220 se
864 5166 1067 5220 litteras
1083 5165 1397 5234 postulasset
1417 5161 1656 5216 Marcella
1665 5161 1898 5217 .breviori
1917 5160 1988 5215 illi
2010 5175 2166 5232 quam

608 5258 677 5312 ad
707 5271 826 5312 eam
853 5256 1003 5319 fecit,
1034 5255 1330 5316 addiderit,
1361 5264 1468 5308 tres
1512 5267 1613 5306 uua
1637 5253 1889 5322 epistolas
1913 5253 2168 5322 paucissi-

609 5348 714 5401 mis
757 5348 896 5401 inter
943 5361 1002 5401 se
1049 5345 1236 5402 diebus
1281 5344 1478 5399 distare
1515 5343 1794 5413 intelligis;
1826 5357 2000 5414 neque
2025 5343 2169 5398 enim

606 5437 708 5492 nisi
734 5435 779 5490 si
806 5436 1169 5491 recentissima
1208 5446 1415 5501 essent,
1441 5451 1561 5506 quae
1589 5435 1710 5490 aliis
1739 5435 1793 5489 in
1823 5450 1925 5489 una
1957 5443 2167 5497 tamen,

607 5536 766 5596 atque
784 5524 972 5580 eadem
1000 5525 1160 5580 domo
1184 5526 1522 5583 manentibus
1544 5528 1740 5595 scripta
1764 5525 2006 5592 fuerant,
2032 5525 2168 5580 Mar-

610 5615 760 5669 cella:
785 5611 1039 5666 mittenda
1062 5622 1212 5667 erant
1231 5653 1247 5678 ,
1271 5615 1421 5682 quasi
1447 5631 1552 5670 non
1581 5616 1726 5686 prius
1745 5615 1922 5670 audita
1946 5655 1962 5679 ,
1993 5624 2049 5668 ut
2071 5614 2172 5668 sibi

612 5719 823 5778 quoque
848 5713 1035 5774 putare
1057 5714 1231 5774 posset
1263 5705 1424 5763 fuisse
1449 5717 1684 5762 exarata.
1715 5707 1827 5762 Alia
1860 5703 2162 5775 liujusmodi

3652 407 3654 409 ,
3697 347 3814 404 LVI?

2234 447 2542 520 argutiienta
2574 453 2628 506 in
2653 466 2711 508 re
2753 467 3004 523 perquam
3034 460 3176 508 certa
3205 451 3482 509 brevitatis
3511 471 3638 525 ergo
3666 471 3804 525 prte-

2230 544 2468 597 terimus.

2303 634 2536 689 XXXIII.
2585 637 2790 706 Scripta
2828 640 2958 709 forte
2985 637 3157 690 eodem
3185 647 3424 706 tempore.
3455 669 3524 679 ——
3547 639 3798 709 Ejusdem

2233 728 2490 794 temporis
2520 728 2726 781 videtur
2759 729 3023 796 trigesima
3069 729 3220 783 tertia
3265 730 3332 782 ad
3375 730 3615 796 Paulam,
3653 735 3803 802 cujus

2234 824 2409 871 tamen
2439 833 2544 872 non
2577 819 2673 872 nisi
2703 818 3052 888 fragmentum
3098 831 3364 887 superest,
3395 823 3534 890 quod
3577 823 3680 878 huc
3709 825 3802 879 ad-

2232 909 2422 962 scitum
2453 919 2622 961 estex
2649 909 2844 962 Roflini
2875 910 3263 964 lnvectivarum
3290 913 3529 966 secundo
3560 914 3718 967 libro.

2303 997 2541 1051 XXXIV.
2568 997 2773 1066 Scripta
2791 1003 2910 1051 circ.
2935 999 3070 1051 idem
3089 1009 3242 1067 temp.
3269 1030 3341 1039 —
3366 1001 3530 1068 I'Iujus
3552 1003 3804 1069 temporis

2233 1104 2352 1142 esse
2378 1089 2514 1142 hanc
2539 1091 2602 1142 ad
2637 1090 2934 1143 Marcellam
2957 1090 3024 1144 de
3056 1090 3268 1143 Psalmo
3298 1090 3416 1144 126.
3451 1107 3609 1145 nemo
3650 1092 3804 1146 facile

2234 1179 2581 1233 dubitaverit.
2596 1179 2745 1246 Quod
2763 1189 2942 1234 autem
2962 1180 3061 1233 hoc
3079 1180 3266 1233 ordine
3283 1191 3586 1247 censeatur,
3608 1181 3804 1236 Psalmi

2233 1269 2363 1321 ordo
2389 1268 2532 1322 facit.
3021 1269 3030 1286 ‘

2305 1357 2455 1421 Quod
2499 1361 2542 1410 si
2589 1357 2853 1422 Bullinus,
2901 1368 2956 1411 ut
2996 1360 3299 1414 verosimile
3337 1368 3438 1422 est,
3481 1360 3802 1415 esaiuussim

2237 1447 2491 1515 temporis
2531 1448 2774 1499 ordinem
2803 1449 2854 1500 in
2895 1448 2984 1502 liis
3006 1450 3346 1503 recensendis
3375 1450 3806 1519 IIieronymianis

2235 1539 2472 1604 epistolis
2504 1537 2739 1592 XXXIII.
2767 1538 3005 1592 XXXIV.
3037 1550 3090 1593 et
3117 1539 3293 1594 VLIII.
3322 1542 3550 1594 servavit
3577 1541 3627 1594 iu
3658 1543 3805 1608 Apo-

2238 1627 2340 1695 log.
2390 1627 2460 1680 lib
2503 1627 2564 1682 IL
2604 1643 2719 1695 cap.
2759 1630 2844 1682 17.
2886 1639 2936 1682 et
2967 1630 3051 1684 18.
3094 1646 3410 1699 quamquam
3453 1631 3516 1682 ad
3559 1631 3804 1684 eumdem

2237 1731 2422 1769 omnes
2447 1732 2642 1769 amnuu
2677 1719 2995 1785 pertineant,
3020 1720 3208 1772 ordine
3238 1730 3410 1772 tamen
3444 1721 3657 1772 inverso
3688 1735 3811 1787 pro-

2237 1808 2457 1860 cesserit
2499 1807 2682 1862 is4lia-e
2728 1809 3067 1876 prwccdemi,
3101 1820 3156 1864 et
3195 1812 3430 1880 utrisque
3477 1813 3587 1879 ipsa
3621 1812 3802 1866 XLIII.

2239 1898 2592 1966 pra-ponenda
2623 1901 2744 1952 erit.

2311 1986 2527 2040 XXXV.
2557 1999 2612 2042 et
2646 1988 2882 2043 XXXVI.
2911 1991 3130 2058 Scripta:
3153 1993 3273 2044 circ.
3305 2009 3390 2045 tm.
3425 1993 3549 2046 583.
3577 2021 3647 2032 —
3675 1992 3803 2046 Cum

2240 2077 2448 2131 Damasi
2497 2081 2772 2148 epistolam
2816 2084 3021 2150 accepit
3071 2082 3442 2151 Hieronymus,
3489 2083 3678 2136 librum
3721 2083 3807 2135 Di-

2239 2168 2382 2238 dymi
2406 2168 2471 2223 de
2494 2169 2692 2238 Spiritu
2723 2172 2920 2224 Sancto
2950 2172 3135 2226 Latine
3165 2173 3533 2239 explicandum
3560 2188 3808 2241 suscepe-

2241 2270 2343 2322 rat,
2370 2277 2524 2327 quem
2547 2260 2786 2326 ejusdem
2815 2261 3085 2314 POntilicis
3109 2263 3306 2313 nomini
3328 2264 3536 2315 volebat
3560 2263 3774 2316 inscribi
3791 2279 3816 2325 ;_

2239 2350 2684 2417 quemadmodum
2716 2352 2826 2419 ipse
2853 2352 2904 2403 in
2931 2353 3048 2418 ejus
3071 2351 3189 2404 libri
3214 2351 3532 2405 Prii-fittione
3561 2362 3803 2406 testatur.

2239 2443 2342 2496 Sed
2371 2443 2482 2508 ille,
2511 2443 2601 2511 qni
2628 2442 2684 2496 S.
2718 2443 2997 2496 Doctorem
3028 2443 3229 2510 primus
3257 2443 3558 2510 impulerat,
3591 2455 3648 2498 ut
3677 2445 3814 2499 illud.

2241 2534 2550 2603 opusculum
2594 2534 2645 2588 in
2676 2533 2918 2587 Latinam
2959 2535 3191 2600 linguam
3235 2535 3564 2600 transferret,
3611 2536 3810 2592 Roma-

2241 2638 2343 2678 nus
2369 2623 2630 2685 Pontifex,
2659 2624 3077 2690 interpretationi
3109 2639 3226 2692 qua!
3255 2625 3555 2691 parabatur,
3586 2626 3811 2678 immor-

2243 2724 2362 2768 tnus
2395 2724 2504 2776 est;
2549 2731 2617 2768 ex
2663 2730 2768 2782 quo
2817 2715 2946 2768 satis
2991 2723 3136 2768 recte
3183 2715 3449 2784 colligitur
3494 2717 3648 2784 paulo
3685 2725 3824 2771 ante-

2245 2806 2361 2871 ejus
2398 2806 2598 2858 obitum
2627 2820 2838 2857 manum
2869 2806 3018 2872 operi
3047 2806 3423 2876 Hieronymum
3464 2806 3765 2861 admovisse
3792 2825 3805 2860 :

2244 2897 2330 2964 qui
2360 2896 2509 2949 labor
2545 2894 2645 2947 sibi
2693 2895 2744 2946 in
2776 2895 3045 2949 vertendis
3088 2911 3118 2950 e
3162 2895 3350 2949 Graeco
3381 2896 3530 2949 libris
3571 2895 3813 2964 apprime

2247 2986 2502 3039 instructo
2541 2993 2596 3038 et
2623 2984 2689 3039 de
2729 3001 2878 3039 more
2907 2985 3214 3054 properanti
3247 3001 3351 3040 non
3393 2987 3491 3040 nisi
3521 3001 3824 3055 paucorum.

2244 3077 2448 3129 dierum
2479 3075 2691 3141 fuisset,
2736 3075 2836 3129 nisi
2881 3076 3014 3129 forte
3048 3076 3168 3129 aliis
3197 3075 3678 3129 elucubratiouibns
3709 3074 3810 3128 im-

2249 3168 2474 3236 peditus,
2509 3168 2644 3221 lianc
2672 3167 3044 3224 intermiserit:
3076 3175 3183 3220 tum
3209 3180 3327 3236 quae
3350 3166 3556 3219 DamaSI
3588 3175 3827 3217 mortem

2249 3260 2518 3329 prmcessit
2562 3257 2932 3328 :egritudinem
2976 3267 3243 3321 causatus,
3292 3272 3403 3310 rem
3447 3263 3714 3309 aiswtertt
3761 3253 3828 3306 in~

2251 3351 2503 3403 futurum.
2534 3349 2700 3403 Porro
2734 3348 3015 3402 defunctus
3044 3356 3128 3402 est
3167 3348 3423 3400 Damasus
3449 3345 3554 3400 hoc
3580 3359 3722 3398 anno
3748 3360 3814 3399 ex

2247 3438 2728 3492 vetustissimorum
2751 3437 3243 3506 Martyrologiorum
3269 3436 3370 3488 lide
3400 3435 3704 3489 Decembris
3725 3435 3813 3491 ID.

2249 3527 2330 3578 vel
2372 3527 2458 3580 ll.
2506 3525 2627 3588 die;
2671 3535 2830 3594 atque
2874 3526 3009 3579 adeo
3050 3525 3168 3591 ejus
3205 3541 3357 3594 atque
3393 3539 3458 3578 ac
3507 3523 3815 3594 Hieronymi

2250 3618 2496 3685 epistola,
2539 3631 2641 3684 qua
2679 3614 2910 3685 Didymi,
2955 3616 3143 3683 inquit,
3181 3614 3245 3668 de
3284 3613 3484 3684 Spiritu
3523 3612 3714 3667 Sancto
3757 3615 3822 3666 li-

2252 3708 2394 3762 brant
2433 3709 2486 3761 in
2533 3706 2762 3760 manibus
2804 3707 2982 3769 habeo,
3027 3720 3174 3775 queat
3215 3705 3511 3757 translatum
3551 3703 3637 3758 tibi
3666 3706 3818 3773 cupio

2252 3799 2503 3864 dedicare,
2542 3796 2699 3852 facile
2729 3810 2954 3851 titertem
2985 3812 3091 3849 uno
3135 3804 3226 3849 aut
3264 3795 3434 3848 altero
3465 3809 3650 3850 mense
3675 3809 3819 3863 pra:-

2253 3892 2498 3948 cesserit.
2521 3890 2577 3946 Si
2603 3901 2780 3945 tamen
2803 3889 2963 3943 latius
2983 3887 3321 3942 intervallum
3345 3885 3675 3942 comminisci
3703 3887 3837 3955 quis

2254 3984 2404 4044 velit,
2435 3992 2593 4052 atque
2630 3980 2696 4034 ad
2733 3995 2861 4034 ann.
2902 3979 3026 4036 584.
3058 3978 3356 4043 retrahere,
3387 3975 3645 4047 probabili
3671 3993 3830 4046 teque

2255 4083 2569 4143 argumento
2597 4081 2794 4126 utatur.

2330 4164 2592 4220 XXXVII.
2653 4164 2858 4232 Scripta
2903 4163 3024 4215 circ.
3075 4162 3209 4214 idem
3257 4170 3470 4228 tempus.
3499 4156 3836 4212 —IIheticii.

2258 4253 2671 4310 commentarios
2701 4253 2752 4306 in
2792 4253 3005 4306 Cantica
3061 4249 3243 4317 Nuper
3279 4252 3496 4318 legerat,
3539 4263 3660 4301 cum
3691 4247 3829 4302 banc

2261 4345 2542 4413 epistolam
2563 4359 2683 4413 qua:
2703 4341 2772 4396 de
2798 4342 2989 4396 iisdem
3012 4340 3339 4405 inscribitur,
3368 4337 3630 4392 Marcella:
3654 4335 3822 4390 dedit.

2263 4436 2439 4490 Facile
2460 4444 2636 4488 autem
2661 4431 2850 4502 legerit
2869 4433 2968 4486 sub
2994 4430 3133 4486 idem
3158 4441 3386 4499 tempus,
3421 4443 3526 4498 quo
3553 4428 3686 4482 duas
3704 4426 3846 4481 Ori-.

2261 4528 2413 4595 genis
2461 4523 2706 4578 bomilias
2733 4523 2785 4577 in
2812 4521 3090 4578 Canticum
3131 4521 3458 4574 canticorum
3491 4517 3652 4571 latine
3673 4517 3837 4570 vertit

2264 4624 2322 4671 et
2368 4617 2594 4668 Damaso
2638 4612 2925 4674 dedicavit,
2967 4612 3219 4666 nimirum
3261 4618 3319 4663 ut
3362 4623 3551 4663 sensus
3603 4607 3831 4662 invicem

2268 4704 2541 4772 utriusque
2581 4702 2833 4756 Auctoris
2882 4700 3258 4761 eruditionem,
3286 4705 3444 4765 atque
3481 4697 3532 4749 in
3565 4696 3832 4762 interpre-

2271 4795 2444 4850 tandis
2470 4791 2758 4863 Scripturis
2787 4791 3055 4861 ingenium
3081 4788 3370 4843 conferret.
3403 4786 3562 4842 Certe
3587 4801 3676 4840 an.
3706 4786 3832 4842 58.5.

2271 4885 2526 4940 llomilias
2551 4885 2668 4938 illas
2696 4883 2896 4958 latinas,
2911 4880 3054 4944 fecit,
3079 4893 3210 4944 quas
3238 4879 3291 4932 in
3313 4877 3554 4946 catalogo
3575 4875 3837 4944 superiori

2269 4978 2334 5031 ad
2393 4978 2674 5030 Damasum
2718 4973 2959 5043 epistola:
3001 4971 3181 5025 statim
3223 4969 3402 5024 subdit
3435 4986 3449 5022 :
3481 4982 3579 5021 nec
3619 4965 3724 5019 alia
3772 4979 3838 5020 ex

2271 5079 2424 5140 parte
2449 5070 2562 5123 hare
2587 5068 2700 5136 ipsa
2743 5066 2808 5120 ad
2850 5062 3152 5118 Marcellam
3178 5060 3400 5130 epistola
3424 5058 3492 5114 ad
3537 5058 3696 5112 alium
3737 5071 3840 5110 an-

2275 5176 2400 5215 num
2426 5158 2706 5215 commode
2737 5153 2926 5210 referri
2969 5160 3164 5222 potest,
3203 5151 3462 5220 siquidem
3505 5148 3690 5204 Romae
3716 5147 3841 5202 data

2273 5262 2376 5314 est,
2401 5263 2504 5317 qua
2532 5246 2600 5300 de
2627 5261 2684 5300 re
2710 5259 2866 5298 ttcmo
2901 5257 3134 5311 unquam
3162 5238 3502 5296 dubitaverit.
3527 5236 3700 5294 Unius
3729 5237 3842 5290 ita-

2275 5354 2379 5409 que
2417 5337 2541 5391 anni
2580 5344 2804 5402 utraque
2841 5333 3135 5387 lucubratio
3161 5345 3281 5384 cum
3308 5330 3397 5393 sit,
3432 5337 3844 5395 respectumque

2279 5430 2416 5482 inter
2454 5439 2512 5480 se
2555 5423 2696 5478 hunc
2729 5423 2978 5488 habeant,
3020 5431 3078 5475 ut
3117 5434 3221 5474 una
3249 5418 3400 5472 alteri
3439 5413 3846 5470 conscribendas

2279 5518 2613 5572 occasionem
2659 5517 2897 5585 pratbere
2934 5513 3184 5584 potuerit,
3228 5511 3295 5567 ad
3341 5517 3672 5582 postremam
3719 5509 3846 5562 anni

2283 5619 2504 5677 partem,
2546 5607 2631 5661 cui
2657 5607 2802 5675 prior
2834 5606 3118 5661 ascribitur
3149 5643 3162 5667 ,
3194 5602 3309 5658 haec
3360 5601 3559 5670 pariter
3587 5596 3852 5670 probabili

2284 5702 2588 5777 conjectura
2616 5699 2798 5754 nderri
2824 5698 3006 5770 possit.
