4048 6192
167 340 236 400 LV
249 337 293 394 11

235 453 529 510 XXXVIII.
590 455 796 524 Scripta
837 454 963 508 'circ.
1010 468 1097 506 an.
1141 451 1268 507 583.
1300 479 1369 490 -
1397 447 1749 519 Trigcsimam

187 535 412 602 octavam
438 548 506 601 uti
527 547 772 602 eamdem
793 545 1116 611 Marcellam,
1140 543 1280 614 quod
1301 543 1476 598 serius
1501 555 1752 596 recense-

188 655 323 700 mus.
363 649 416 694 et
453 638 577 693 anni
603 639 738 692 585..
762 638 916 691 initio
943 636 1286 706 prmﬁgimus,
1314 633 1430 687 lucc
1470 634 1522 686 in
1563 631 1750 701 primis

191 732 394 792 iaciunt,
419 745 538 798 qua:
570 730 622 781 in
656 727 964 794 praefatione
1018 725 1524 779 commentariorum
1571 722 1625 774 in
1657 721 1749 774 Ec-

187 821 474 875 clesiastem
501 819 570 874 de
601 818 828 873 Blaesilla
865 819 979 885 ipse
1007 816 1153 870 Hier.
1179 821 1380 868 narrat.
1410 811 1621 866 Memini
1648 825 1748 875 me,

184 911 366 978 inquit,
397 920 515 962 ante
542 911 638 962 hoc
657 910 816 977 ferme
834 908 1228 978 quinquennium
1247 921 1358 958 cum
1386 903 1553 956 adduc
1575 902 1751 956 Romae

181 1017 348 1065 essem,
372 1011 416 1054 et
438 999 797 1054 Ecclesiasten:
824 1009 1014 1052 sancta:
1044 997 1285 1051 Blaesillte
1309 996 1539 1064 legerent.
1567 1004 1618 1046 ut
1639 1008 1750 1045 eam

176 1091 242 1142 ad
275 1101 618 1159 contemptum
659 1091 804 1143 istius
839 1090 1009 1144 saeculi
1041 1102 1477 1156 provocarem.....
1501 1093 1750 1152 rogatum

174 1181 234 1231 ab
263 1197 342 1240 ea,
376 1191 429 1233 ut
457 1184 510 1233 in
533 1197 720 1233 morem
745 1178 1147 1231 commentarioli
1175 1177 1386 1228 obscura
1408 1189 1617 1243 quicque
1640 1173 1746 1226 dis-

172 1287 411 1332 sererem,
463 1283 514 1322 ut
550 1275 732 1338 absque
774 1287 852 1322 me
881 1280 1042 1337 posset
1083 1271 1358 1338 intelligere
1382 1283 1494 1333 qua:
1534 1264 1746 1334 legebat.

170 1358 360 1428 Itaque
388 1361 627 1429 quoniam
655 1361 706 1412 in
738 1361 997 1429 procinctu
1027 1359 1184 1411 nostri
1207 1360 1372 1426 operis
1408 1358 1572 1409 subita
1598 1364 1758 1408 morte

168 1451 436 1502 subtracta
460 1461 553 1513 est,
581 1462 709 1512 etc.,
734 1451 925 1517 quibus
949 1459 1006 1503 et
1028 1461 1356 1516 postremum
1381 1447 1644 1500 incolatus
1674 1444 1754 1497 sui

171 1540 360 1594 Roma:
387 1551 622 1607 tempus,
655 1540 796 1606 quod
826 1541 994 1592 adhuc
1022 1539 1278 1593 adverbio
1297 1538 1426 1591 satis
1452 1545 1635 1606 aperte
1660 1550 1755 1589 ex-

173 1630 423 1699 plicatur,
457 1639 510 1682 et
553 1629 800 1681 Blaesillae
839 1629 1074 1681 nondum
1110 1629 1290 1680 initam
1321 1626 1656 1694 perfectioris
1678 1624 1753 1674 vi-

175 1731 243 1775 ta:
283 1722 548 1774 rationem
580 1719 734 1786 plane
760 1718 1016 1772 declarat.
1047 1718 1215 1770 Porro
1251 1716 1465 1768 aliunde
1508 1728 1754 1780 comper-

174 1823 285 1865 tum
322 1821 406 1866 est
441 1811 541 1864 sub
567 1811 688 1863 anni
715 1809 841 1863 589.
873 1808 1054 1870 linem,
1086 1807 1168 1860 vel
1209 1805 1480 1873 sequentis
1511 1804 1745 1867 initium,

173 1903 315 1972 quod
361 1917 462 1956 suo
488 1903 606 1956 loco
642 1902 803 1956 certis
841 1899 1170 1968 argumentis
1211 1896 1496 1958 constabit,
1540 1896 1655 1948 haec
1693 1896 1744 1948 in

173 1991 555 2046 Ecclesiastem
607 1991 987 2045 commentaria
1043 1989 1422 2058 Hieronymum
1475 1985 1743 2048 edidisse;

174 2092 331 2152 atque
355 2082 492 2136 adeo
517 2083 763 2135 Bhesillae
803 2079 1229 2148 aegrotationem,
1272 2093 1429 2146 quam
1460 2076 1745 2130 conversio

174 2175 355 2228 statim
376 2174 658 2227 subsecuta
688 2180 791 2235 est,
824 2181 935 2225 tum
964 2185 1066 2238 qua
1100 2170 1254 2223 beato
1281 2170 1385 2222 line
1403 2167 1627 2228 devisit,
1661 2179 1749 2217 suo

176 2265 337 2317 hitam
382 2273 610 2316 mortem
645 2263 786 2332 (qua:
827 2260 1004 2314 omnia
1043 2273 1151 2312 non
1193 2257 1293 2311 nisi
1325 2256 1550 2310 duorum
1592 2268 1748 2308 men-

175 2351 310 2404 sium
362 2354 652 2406 intervallo
696 2351 1056 2419 contigerunt,
1111 2357 1270 2417 atque
1321 2347 1391 2400 ibi
1442 2356 1553 2415 post
1594 2346 1751 2413 ferme

175 2443 565 2511 quinquennium
614 2445 998 2510 memorantur)
1045 2439 1111 2493 ad
1153 2437 1392 2506 ejusdem
1443 2439 1570 2491 585.
1621 2435 1748 2488 anni

178 2532 494 2610 principitt‘m
537 2534 844 2585 censuimus
881 2545 1002 2584 esse
1043 2529 1375 2583 referendus.
1403 2527 1512 2581 Nec
1544 2527 1747 2579 inlicia-

177 2638 295 2675 mur
316 2623 558 2690 quidem,
578 2624 622 2676 si
649 2623 780 2675 alias
810 2623 1046 2675 rationes
1071 2621 1205 2674 inire
1232 2620 1352 2689 quis
1385 2619 1552 2680 malit,
1576 2632 1746 2686 aegro-

176 2716 428 2767 tationem
477 2715 620 2767 illam
667 2715 823 2782 paulo
867 2714 1036 2781 prius,
1081 2722 1135 2767 et
1182 2712 1245 2764 ad
1291 2711 1583 2781 superioris
1621 2708 1744 2762 anni

177 2805 370 2856 exitum
393 2803 592 2856 retrahi
621 2817 779 2872 posse
801 2819 814 2861 ;
838 2804 962 2870 quin
994 2803 1100 2856 imo
1119 2811 1170 2854 et
1187 2816 1440 2871 perquam
1465 2799 1745 2853 commode

178 2895 287 2948 tieri
329 2894 614 2956 sentimus,
647 2895 721 2948 ita
763 2904 940 2949 tamen
987 2902 1044 2946 ut
1089 2893 1310 2960 epistola
1355 2892 1487 2960 ipsa,
1518 2907 1636 2958 quae
1677 2891 1744 2943 de

177 2984 287 3051 ejus
322 2985 654 3053 agrotatione
691 2984 1016 3045 inscribitur,
1061 2997 1165 3036 non
1202 2983 1359 3036 modo
1397 2983 1603 3050 triginta
1636 2988 1749 3047 post

178 3074 296 3137 dies,
325 3075 506 3142 quibus
531 3074 715 3127 ardore
737 3073 949 3142 febrium
972 3073 1164 3143 iugiter
1188 3071 1437 3130 a'stuavit,
1465 3069 1556 3122 sed
1582 3071 1744 3122 etiam

177 3174 388 3233 recepta
410 3163 523 3233 jam
566 3164 870 3218 valetudine
901 3174 1020 3232 post
1067 3163 1248 3216 initam
1297 3161 1584 3215 strictioris
1625 3165 1747 3212 vitae

177 3256 435 3308 rationem
458 3263 672 3309 exarata
693 3254 784 3319 sit,
809 3263 860 3307 ut
880 3255 990 3322 jam
1008 3269 1127 3321 qua:
1149 3253 1284 3304 alios
1305 3251 1746 3312 scandalizarent,

175 3345 403 3412 asperior
424 3345 602 3409 victus,
631 3345 774 3415 pulla
795 3346 986 3408 tunica,
1011 3360 1184 3397 soccus
1209 3343 1374 3407 vilior,
1399 3342 1536 3412 apud
1559 3342 1737 3396 sareuli

178 3434 421 3488 homines
448 3448 709 3488 excusare
738 3449 872 3502 Oplls
897 3443 1060 3487 esset.

243 3524 490 3579 XXXIX.
517 3523 723 3593 Scripta
747 3524 900 3594 paulo
924 3534 1035 3592 post
1056 3525 1389 3592 superiorem.
1413 3553 1483 3563 —
1507 3523 1638 3578 Huic
1665 3524 1744 3577 iti-

175 3613 292 3668 dem
343 3615 608 3683 epistolae,
654 3629 775 3684 qua:
816 3614 884 3669 de
923 3613 1071 3667 obitu
1115 3613 1359 3667 Blaesillze
1396 3612 1748 3668 Consolatoria

179 3717 259 3761 est
283 3707 350 3760 ad
393 3707 638 3769 Paulam,
670 3721 768 3760 suo
794 3705 913 3759 loco
939 3707 1264 3767 assereudzr,
1306 3706 1597 3774 superioris
1633 3708 1746 3774 ipsa

173 3807 484 3866 argumenta
511 3797 833 3851 inserviunt.
864 3795 1124 3850 Nimirum
1148 3796 1344 3864 scripta
1373 3807 1453 3849 εει
1483 3805 1596 3867 post
1620 3813 1748 3864 qua-

174 3898 284 3941 tuor
305 3891 467 3958 ferme
492 3903 703 3951 menses,
733 3902 797 3941 ex
825 3900 932 3955 quo
956 3885 1208 3949 Bltesilla,
1245 3887 1466 3939 secundo
1501 3888 1747 3956 quodam-

173 3977 321 4031 modo
357 3977 606 4046 propositi
644 3993 703 4032 se
731 3977 979 4044 baptismo
1017 3977 1227 4042 laverat,
1276 3977 1327 4030 id
1367 3987 1451 4031 est
1489 3992 1519 4030 a
1564 3979 1744 4032 ὅπουιί

172 4069 312 4122 cultu
335 4069 402 4122 ad
434 4069 718 4124 Dominum
749 4085 870 4125 sese
893 4077 1247 4124 converterat.
1280 4069 1409 4137 Qute
1435 4084 1618 4124 rursus
1646 4071 1747 4124 sub

172 4159 414 4227 epistolae
443 4159 600 4216 linem
631 4175 753 4213 cum
795 4159 862 4214 de
900 4174 960 4214 se
998 4160 1220 4229 loquens
1249 4161 1537 4220 inducitur.
1571 4171 1743 4213 tanto-

171 4265 303 4314 rum,
352 4248 542 4318 inquit,
584 4266 835 4304 annorum
874 4252 1068 4304 labores
1110 4251 1349 4321 (:eternze
1389 4251 1593 4304 scilicet
1621 4251 1744 4304 vitte

173 4341 470 4408 pra-mium)
493 4357 586 4412 ego
607 4345 661 4394 in
689 4343 846 4396 tribus
868 4343 1115 4396 mensibus
1143 4353 1408 4397 consecuta
1434 4359 1566 4397 sum.
1589 4342 1744 4399 Unde

172 4432 438 4502 intelligas
462 4431 738 4487 subductis
767 4434 1080 4500 rationibus,
1111 4450 1272 4488 unum
1306 4434 1472 4490 ferme
1503 4448 1745 4489 mensem

169 4521 235 4576 ab
251 4522 368 4592 ejus
387 4523 539 4578 obitu
558 4522 624 4577 ad
642 4524 882 4591 epistola:
901 4533 1110 4592 tempus
1132 4525 1500 4581 intercessisse
1519 4543 1533 4589 ;
1560 4526 1748 4581 simul-

169 4628 270 4682 que
293 4613 437 4669 hane
463 4628 496 4667 a
533 4616 807 4682 superiore
835 4630 943 4668 non
989 4616 1098 4670 nisi
1135 4618 1292 4670 trium
1335 4619 1622 4681 mensium,
1658 4626 1749 4671 aut

165 4707 371 4776 aliquot
391 4707 556 4761 etiam
580 4707 786 4760 dierum
813 4708 985 4776 Spatio
1015 4709 1362 4776 posteriorem
1391 4724 1531 4764 esse.

159 4831 162 4834 ι
236 4796 353 4851 XL.
378 4795 520 4850 XLI.
544 4805 599 4850 et
617 4795 775 4850 XLII.
805 4797 1025 4868 Scripta
1038 4799 1161 4855 circ.
1183 4816 1272 4854 an.
1295 4800 1420 4856 385.
1448 4831 1519 4840 —
1540 4801 1744 4864 Romae,

161 4901 341 4955 eoque
379 4894 643 4954 tempore,
691 4903 796 4955 quo
841 4887 1069 4942 maxima
1097 4888 1414 4958 jampridem
1443 4889 1745 4946 Marcellam

162 4981 319 5036 inter
346 4987 402 5029 et
424 4977 804 5048 Hieronymum
845 4981 1182 5035 necessitudo
1223 4982 1605 5046 intercedebat,
1640 4993 1747 5038 tres

163 5071 287 5124 ista:
333 5067 587 5138 epistola:
629 5069 763 5122 datae
817 5079 960 5136 sunt,
992 5087 1110 5141 quae
1159 5086 1259 5126 nec
1297 5087 1476 5128 secum
1519 5075 1744 5131 imirent

160 5168 589 5220 connectuntur,
620 5173 721 5212 nec
763 5160 827 5212 ad
861 5165 1162 5231 superiores
1189 5172 1491 5231 respectum
1520 5166 1740 5232 habent,

159 5266 231 5306 ex
260 5267 364 5320 quo
403 5251 676 5315 ordinem,
721 5252 1152 5326 singularemque
1205 5257 1464 5326 epoeham
1504 5269 1741 5316 statuere

160 5343 286 5412 quis
312 5344 494 5411 possit.
527 5342 666 5397 Cum
698 5345 875 5412 itaque
901 5360 1006 5399 non
1037 5347 1212 5400 minus
1249 5349 1528 5404 commode
1553 5352 1618 5403 ad
1649 5367 1742 5404 su-

158 5433 441 5501 periorem,
474 5451 638 5504 quam
678 5435 746 5487 ad
777 5435 916 5489 hunc
950 5451 1142 5491 annum
1175 5437 1364 5492 referri
1399 5443 1622 5508 possint,
1665 5445 1742 5494 vi-

151 5539 269 5579 sum
309 5535 388 5580 est
414 5537 600 5581 tamen
644 5524 774 5579 huic
817 5527 983 5579 satius
1024 5529 1233 5597 illigari,
1269 5529 1380 5580 llllll
1429 5544 1494 5581 nc
1531 5529 1735 5585 illarum

147 5633 260 5685 qua:
301 5619 400 5675 sibi
442 5618 682 5674 invicem
731 5617 1028 5671 succedunt
1067 5618 1234 5672 series
1273 5617 1734 5682 intermitteretur,

147 5716 249 5763 tum
281 5713 396 5782 quia
429 5711 508 5766 illi
543 5709 722 5778 magis
749 5707 1030 5762 vidcantur
1061 5709 1284 5777 tempori
1317 5706 1598 5774 accedere,
1631 5724 1736 5776 quo

1605 336 1690 392 PR
1699 334 1986 392 :EFATIO.

3269 350 3427 407 LVIII

1857 461 2098 519 magnam
2129 452 2229 507 sibi
2262 453 2517 510 invidiam
2545 457 2744 512 creavit
2767 456 3137 532 Hieronymus,
3169 473 3227 519 ut
3257 467 3420 522 etiam

1859 542 2032 597 Roma
2079 543 2364 600 discedere
2413 547 2723 617 compulsus
2760 548 2848 614 sit,
2891 552 3032 620 quod
3074 553 3228 609 Urbis
3269 557 3417 623 vitia,

1855 649 2148 705 pravasque
2177 637 2454 691 hominum
2482 639 2832 708 quorumdam
2874 645 3163 699 sententias
3198 662 3418 717 carpere

1853 726 2101 792 cepisset,
2127 737 2287 796 atque
2317 727 2652 798 impugnare.

1925 813 2109 868 XLIII.
2139 814 2348 885 Scripta
2374 835 2461 871 an.
2493 819 2618 874 585.
2644 849 2716 862 —-
2743 821 3155 890 Quadragesima
3182 827 3332 880 tertia
3356 827 3424 882 ad

1852 903 2159 960 Marcellam
2200 908 2397 963 ascribi
2449 910 2513 964 iis
2541 912 2873 979 temporibus
2897 915 3057 981 solet,
3087 916 3278 984 quibus
3307 917 3428 972 Hie-

1853 1012 2108 1067 ronymus
2135 1014 2254 1053 cum
2277 1001 2388 1066 jam
2420 1001 2588 1055 Roma
2619 1004 2901 1066 evasisset,
2936 1006 3178 1072 plurimis
3206 1007 3308 1060 late
3335 1024 3424 1062 re-

1853 1089 2099 1157 gionibus
2143 1093 2460 1160 peragratis,
2511 1109 2616 1148 non
2669 1095 2738 1147 ita
2777 1095 2981 1164 pridem
3036 1097 3086 1150 in
3135 1099 3427 1154 Bcthleemi

1856 1191 2018 1245 specu
2054 1181 2388 1234 constiterat.
2421 1183 2551 1248 Quae
2609 1183 2760 1238 nobis
2805 1186 3025 1240 minime
3068 1188 3268 1242 arridet
3306 1204 3429 1242 sen-

1860 1268 2021 1320 tentia
2051 1286 2064 1321 :
2095 1271 2519 1339 quandoquidem
2559 1271 2650 1326 ille
2694 1274 2830 1326 ruris
2872 1276 3101 1342 quietem
3130 1292 3249 1329 cum
3279 1280 3427 1332 urbis

1861 1359 2174 1412 tumultibus
2222 1369 2382 1429 atque
2423 1363 2772 1418 incommodis
2807 1381 3140 1434 Comparans,
3179 1384 3281 1422 non
3314 1380 3440 1423 tam'

1861 1446 2180 1508 Marcellam.
2208 1466 2364 1518 quam
2404 1453 2750 1519 semetipsum
2782 1456 3022 1509 hortatur
3050 1458 3114 1510 ad
3161 1473 3421 1514 secretam

1858 1539 2087 1606 aliquam
2114 1543 2449 1596 solitudinem
2481 1547 2859 1612 arripiendam,
2894 1558 2950 1601 ut
2988 1565 3016 1602 a
3050 1554 3424 1618 prtesentihus,

1855 1645 1973 1697 qua:
2010 1631 2080 1682 ob
2119 1633 2301 1684 oculos
2343 1634 2484 1699 ponit
2519 1635 2684 1686 Roma
2716 1640 2962 1704 negotiis,
3002 1650 3160 1707 atque
3201 1642 3430 1711 impudi-

1852 1720 2047 1773 mentis
2069 1733 2340 1778 vacarent.
2368 1725 2492 1778 Htec
2529 1741 2657 1778 vero
2680 1731 3015 1783 commodius
3044 1746 3148 1785 non
3180 1734 3428 1788 videntur

1851 1809 2075 1880 intelligi
2108 1829 2286 1882 posse,
2315 1832 2472 1883 quam
2497 1832 2615 1870 cum
2645 1818 2866 1873 Romani
2897 1837 3019 1874 eum
3050 1822 3308 1876 incolatus
3331 1835 3425 1876 tre-

1849 1902 2019 1966 deret,
2051 1907 2190 1975 qttod
2219 1912 2378 1961 etiam
2417 1924 2481 1960 ex
2523 1910 2728 1978 reliquo
2756 1921 3007 1966 contextu
3050 1913 3232 1982 liquet,
3261 1925 3423 1981 atque

1851 1994 1972 2048 inde
1997 1995 2291 2051 discessum
2316 2013 2469 2051 suum
2499 2001 2678 2054 animo
2703 2001 2811 2068 jam
2843 2013 3057 2069 pararet
3085 2021 3099 2057 :
3131 2020 3249 2072 qute
3279 2015 3418 2058 none

1853 2086 2009 2154 hujus
2049 2089 2169 2140 anni
2201 2098 2325 2142 sunt
2369 2106 2475 2143 non
2522 2093 2786 2144 obscurat.
2832 2092 3015 2162 Neque
3054 2110 3181 2148 vero
3221 2096 3321 2148 alia
3354 2096 3420 2148 de

1850 2192 2008 2231 causa
2053 2179 2303 2244 arbitror,
2339 2180 2525 2234 doctos
2571 2183 2714 2235 viros
2762 2184 2898 2237 hanc
2945 2187 3227 2252 epistolam
3278 2199 3420 2254 post.

1851 2281 1941 2320 an.
1969 2267 2095 2321 588.
2126 2268 2418 2331 distulisse,
2445 2285 2602 2337 quam
2635 2274 2772 2336 quod
2803 2273 3040 2341 Elogiunt
3066 2274 3271 2337 Bethel,
3297 2277 3424 2328 toli-

1852 2355 1975 2410 dem
2023 2356 2202 2410 verbis
2231 2372 2295 2410 ex
2331 2359 2554 2425 epistola
2593 2361 2770 2415 Paulae
2803 2372 2857 2416 et
2886 2363 3156 2418 Eustochii
3183 2365 3248 2418 ad
3280 2366 3421 2418 Mar-

1853 2446 2043 2500 cellam
2083 2447 2432 2515 descriptum,
2477 2449 2600 2504 huic
2643 2451 2801 2505 etiam
2832 2467 3107 2520 perperam
3149 2466 3200 2507 et
3229 2465 3414 2510 contra

1851 2534 1976 2589 Mss.
2008 2536 2164 2591 Iidem
2197 2539 2247 2591 in
2273 2541 2500 2607 antiquis
2525 2541 2850 2597 editionibus
2878 2544 3308 2612 subjungeretur.

1922 2626 2102 2688 XLIV.
2137 2629 2308 2699 Scrip.
2354 2635 2473 2684 circ.
2515 2633 2646 2684 idem
2692 2645 2902 2704 tempus.
2927 2665 2998 2676 --
3027 2637 3170 2692 Ilanc
3209 2655 3424 2708 quoque

1851 2721 2085 2774 omnium
2122 2737 2240 2792 qua:
2266 2724 2334 2776 ab
2361 2724 2682 2794 Hieronymo
2723 2731 2934 2794 scriptae
2980 2741 3125 2793 sunt,
3169 2732 3392 2786 δῖενίκεί

1850 2826 2012 2874 mam,
2055 2828 2152 2866 nec
2193 2815 2292 2868 nisi
2340 2831 2624 2883 paucorum
2669 2835 2938 2882 versuum,
2984 2837 3141 2876 nemo
3186 2840 3422 2890 unquam

1850 2901 2009 2955 modo
2060 2902 2105 2956 si
2155 2914 2358 2960 attente
2413 2909 2789 2985 perpenderit,
2839 2912 2938 2963 sibi
2991 2916 3304 2978 persuadeat
3355 2930 3420 2967 ex

1849 3008 2030 3048 eremo
2052 3037 2066 3058 ,
2099 3004 2204 3049 tam
2235 2997 2418 3051 dissita
2447 2999 2664 3064 regione
2693 3001 2907 3053 missam
2937 3000 3120 3064 fuisse,
3164 3012 3220 3054 ut
3247 3003 3425 3055 absen-

1853 3083 1923 3134 tia
1948 3099 2216 3152 corporum
2247 3086 2412 3151 (quod
2441 3087 2618 3138 statim
2647 3087 2798 3139 initio
2836 3098 3022 3140 auctor
3047 3093 3289 3159 testatur)
3315 3094 3424 3160 spi-

1852 3173 1978 3225 ritus
2007 3173 2416 3236 confabulatione
2447 3174 2732 3236 levaretur;
2761 3174 3021 3244 siquidem
3043 3193 3216 3247 neque
3244 3195 3425 3248 operte

1855 3263 2086 3332 pretium
2114 3273 2228 3318 erat
2261 3264 2312 3316 in
2340 3279 2461 3317 eum
2494 3265 2652 3319 linem
2693 3276 2798 3320 tam
2830 3268 3014 3337 exigua
3044 3271 3340 3338 scripsisse,
3372 3283 3428 3327 et

1858 3353 2050 3422 quibus
2080 3368 2184 3406 non
2211 3353 2312 3407 nisi
2340 3367 2498 3422 parva
2526 3355 2765 3424 quaedam
2789 3359 3099 3412 munuscula
3125 3376 3221 3429 per
3243 3361 3424 3430 jm-ttm

1853 3442 2145 3513 allegorice
2168 3444 2570 3514 interpretatur.
2604 3445 2822 3500 Accedit
2845 3462 2912 3501 ex
2941 3447 3021 3502 Itis
3045 3465 3166 3505 esse
3191 3455 3428 3508 numeri-

1850 3532 1951 3588 bus
1980 3533 2148 3598 sellas,
2176 3550 2296 3604 quat
2319 3535 2460 3589 dono
2482 3536 2694 3606 quidem
2727 3537 2839 3592 dari
2869 3555 2899 3594 a
2925 3543 3277 3609 praesentibus
3300 3560 3428 3615 pus-

1850 3623 1978 3690 sint,
2009 3623 2216 3693 longius
2255 3635 2434 3680 autem
2463 3642 2490 3678 a
2519 3626 2765 3682 Marcella
2795 3631 2932 3685 mitti
2961 3632 3216 3698 voluisse.
3253 3634 3421 3690 Roma

1849 3714 2054 3769 scilicet
2094 3715 2469 3782 Palzestinam,
2523 3727 2576 3772 et
2628 3720 2978 3787 gravisstmo,
3021 3737 3193 3794 eoque
3238 3739 3426 3780 rursus

1851 3805 2025 3861 inutili
2051 3806 2352 3876 dispendio,
2377 3824 2475 3879 par
2505 3820 2715 3864 nonest
2741 3811 2981 3866 credere.
3009 3813 3236 3884 Reliqua
3261 3819 3422 3871 etiam

1851 3895 2007 3966 hujus
2033 3896 2280 3952 litterulas
2303 3909 2566 3953 commata
2590 3901 2785 3954 indicio
2811 3902 2964 3956 nobis
2995 3913 3117 3958 sunt
3137 3904 3202 3958 ad
3232 3905 3429 3960 absen-

1851 3994 1930 4041 tes
1955 3987 2166 4056 quidem
2196 3991 2378 4042 niutuo
2404 4001 2714 4057 consttectu,
2743 3991 2837 4046 sed
2869 4008 2970 4046 una
3000 4001 3175 4050 tamen
3209 3996 3259 4048 in
3291 3996 3427 4050 civi-

1853 4087 1980 4141 tate,
2024 4079 2228 4133 scilicet
2263 4080 2448 4134 Roma:
2487 4091 2890 4138 commanentes
2925 4085 3087 4141 fuisse
3123 4097 3424 4143 exaratam.

1850 4171 2081 4225 Proinde
2110 4172 2300 4238 ipsam,
2333 4181 2391 4225 ut
2425 4182 2479 4225 et
2507 4174 2861 4243 superiorem.
2901 4191 3036 4244 quas
3064 4177 3423 4245 Martianazus,

1849 4260 2048 4330 aliique
2073 4259 2212 4314 docti
2239 4260 2480 4315 homines
2507 4263 2772 4316 immerito
2794 4265 2905 4318 suis
2932 4265 3063 4320 locis
3084 4268 3424 4336 expulerant,

1851 4367 1950 4406 nos
1974 4353 2206 4422 prepriae
2234 4352 2418 4416 classi,
2447 4345 2509 4406 ac
2534 4353 2754 4407 sedibus
2781 4355 3090 4424 postliminii
3116 4357 3238 4427 jure
3268 4361 3427 4415 resti-

1851 4443 2068 4497 tuimtts.

1921 4534 2082 4589 XLV.
2127 4535 2334 4605 Scripta
2378 4551 2546 4588 mense
2587 4533 2815 4606 Augusto
2853 4555 2940 4594 an.
2970 4540 3424 4600 385.—P0stre-

1851 4642 1996 4680 mum
2024 4627 2273 4680 secunda:
2297 4625 2490 4681 classis
2523 4626 2696 4681 locum
2727 4629 2931 4685 obtinet
2956 4633 3021 4686 ad
3048 4633 3282 4689 Asellam
3315 4637 3430 4704 epi-

1850 4716 1983 4770 stola
2014 4714 2173 4771 XLV.
2207 4717 2360 4786 cujus
2391 4715 2560 4772 ferme
2586 4718 2825 4773 omnium
2859 4724 3156 4778 certissima
3186 4725 3426 4792 Epocha,

1804 4866 1809 4871 ,
1849 4815 2011 4876 atque
2045 4806 2443 4876 expeditissima
2470 4809 2608 4862 ratio
2634 4817 2735 4863 est.
2766 4811 2895 4864 Eam
2928 4812 3282 4884 Hieronymus
3310 4831 3424 4868 cum

1841 4899 1957 4967 jam
1998 4913 2173 4952 navem
2203 4899 2557 4952 conscenderet
2583 4899 2646 4952 de
2670 4899 2950 4969 Babylone,
2989 4911 3047 4954 ιιι
3084 4902 3227 4969 loqui
3257 4913 3424 4966 amat,

1848 4989 2222 5058 Jerosolymam
2252 4987 2444 5057 (Roma
2469 4989 2673 5043 scilicet
2691 4990 2756 5043 ad
2787 4991 3057 5060 Eremttm)
3082 5007 3424 5060 regressurus,

1848 5086 2032 5152 raptim
2052 5080 2180 5149 flens
2210 5079 2483 5149 dolensque
2510 5082 2828 5145 conscripsit.
2867 5081 3028 5134 Porro
3059 5093 3114 5133 ttt
3141 5094 3209 5135 ex
3233 5084 3423 5141 ordlne

1849 5172 1989 5227 idem
2033 5180 2246 5226 enarrat
2288 5179 2475 5222 contra
2510 5167 2723 5236 ,Ilnl'lin.
2773 5171 2809 5223 l.
2850 5171 2903 5222 5.
2953 5167 3130 5224 Mense
3181 5182 3422 5243 augusto,

1849 5262 2087 5328 flantibus
2123 5257 2329 5321 Etesiis,
2358 5272 2473 5309 cum
2517 5244 2689 5309 sancto
2723 5256 2985 5312 Vincentio
3029 5259 3334 5331 presbytero,
3378 5273 3425 5318 et

1847 5352 2162 5405 adolescente
2185 5350 2344 5417 fratre
2373 5347 2733 5416 (Pauliniano)
2767 5349 2980 5419 aliisque
3013 5353 3295 5420 monachis,
3327 5371 3424 5409 na-

1848 5459 1952 5496 cem
1997 5443 2049 5494 in
2085 5441 2316 5494 Romano
2345 5447 2490 5497 portu
2529 5455 2734 5495 securus
2772 5443 3017 5498 ascendit.
3048 5444 3217 5502 Unius
3264 5450 3424 5518 lgttur

1849 5533 2198 5603 ejusdemque
2229 5532 2448 5598 Augusti
2476 5532 2678 5586 mensis
2706 5534 2985 5603 epistolam
3016 5537 3153 5594 hanc
3178 5553 3298 5596 esse
3327 5557 3425 5595 mt-

1850 5627 1992 5680 nimc
2034 5623 2278 5678 dubitare
2317 5621 2506 5687 liccat;
2552 5624 2723 5694 ipsum
2754 5641 2882 5682 vero
2928 5629 3219 5698 Augustum
3269 5630 3425 5698 hujus

1853 5717 1972 5768 anni
2015 5716 2138 5771 535.
2188 5713 2508 5771 censendum
2556 5716 2865 5786 planissime
2911 5733 2975 5774 ex
3021 5720 3140 5774 aliis
3182 5720 3422 5789 epistola:
