4048 6192
600 293 715 351 LIX

600 413 779 470 verbis
817 408 1116 465 coniicitur.
1160 404 1311 458 Enim
1361 413 1488 453 vero
1521 395 1795 464 superiori
1826 397 1950 450 584.
2000 396 2160 447 tribui

603 515 931 572 nequaquam
976 504 1164 566 potest,
1209 491 1470 559 siquidem
1508 496 1716 541 constat
1754 502 1857 538 non
1895 485 1995 537 nisi
2047 494 2166 553 post
2222 552 2226 554 _

606 589 819 644 Damasi
849 595 1091 644 mortem,
1122 594 1281 649 quem
1310 578 1394 631 hic
1422 576 1594 629 Beata:
1621 576 1872 627 memoria:
1900 583 2072 637 vocat,
2102 589 2166 627 ac

605 678 802 740 laudat,
829 675 1021 743 quique
1053 684 1155 722 non
1197 676 1320 720 ante
1353 665 1696 719 Decembrem
1726 664 1841 732 ejus
1871 664 1993 717 anni
2021 663 2164 717 diem

2014 280 2371 334 PREFATIO
3752 279 3858 337 [XL

2270 395 2420 460 obiit,
2456 395 2833 467 Hieronymum
2863 397 3192 454 discessisse.
3235 396 3340 454 Sed
3381 413 3553 465 neque
3583 397 3708 452 licet
3738 413 3836 466 po-

2270 485 2483 538 steriori
2527 486 2655 540 386.
2694 488 2984 552 ascribere,
3033 489 3173 556 quod
3204 491 3474 558 expressis
3514 490 3692 542 verbis
3734 489 3846 560 ipse

2274 583 2494 629 testetur
2534 592 2637 629 non
2677 578 2777 630 nisi
2818 593 2942 646 pene
2969 579 3240 632 triennium
3266 595 3379 631 cum
3411 581 3484 633 eis
3519 579 3593 648 (id
3620 588 3704 634 est
3733 579 3842 632 Ro-

2274 666 2466 736 manis)
2495 668 2696 721 vixisse.

601 803 3824 841 ﬂ

1197 908 2122 1024 EPISTOLE
2199 907 2485 1016 III...
2551 906 3274 1022 CLASSIS

597 1121 756 1172 quas
789 1120 1199 1163 HIEBONYMUS
1235 1119 1312 1160 ΑΒ
1346 1115 1510 1158 ΑΝπο
1539 1097 1678 1155 386.
1710 1115 1746 1154 ε
1790 1112 2159 1154 BETHLEEMI
2205 1110 2608 1154 uomsrzmo
2644 1114 2920 1158 SCRIPSIT
2962 1117 3161 1169 usque
3205 1121 3289 1160 sn
3333 1120 3582 1162 saccum
3613 1120 3844 1173 ρωιιτι

1034 1219 1259 1270 FINEM,
1305 1215 1787 1265 DAMNATUMQUF.
1830 1214 1894 1254 IN
1941 1212 2388 1254 uenantum
2431 1215 2674 1258 srmone
2717 1216 3045 1260 emensas!
3088 1221 3255 1262 ANNO
3298 1201 3440 1263 lsOO.

669 1340 850 1395 XLVI.
880 1341 1086 1410 Scripta
1111 1357 1198 1394 an.
1228 1339 1350 1393 586.
1367 1338 1688 1391 —'I‘crtiam
1704 1338 1928 1390 classem
1959 1335 2026 1388 ab
2046 1335 2182 1388 alie-

599 1448 667 1486 na
696 1431 905 1500 quidem
934 1430 1153 1498 cpistola
1177 1470 1193 1494 ,
1225 1429 1400 1482 Paula:
1427 1428 1626 1482 scilicet
1650 1468 1665 1492 ,
1696 1436 1852 1494 alque
1903 1424 2172 1479 Eustachii

599 1520 879 1587 incipimus
901 1560 916 1584 ,
953 1518 1044 1572 sed
1085 1534 1204 1587 qua:
1245 1527 1418 1571 tamen
1449 1525 1504 1570 et
1529 1517 1580 1569 in
1606 1516 1828 1584 vulgatis
1853 1513 2173 1568 editionibus

597 1624 662 1661 ac
691 1609 816 1662 Mss.
845 1620 1057 1676 recepta
1087 1608 1190 1670 sit,
1217 1615 1271 1660 et
1294 1608 1378 1659 cui
1404 1604 1798 1658 conscribendm
1824 1617 2012 1658 sensus
2040 1618 2174 1671 pne-

597 1699 796 1752 stitisse
820 1698 1172 1766 Hieronymus
1198 1695 1362 1748 videri
1389 1695 1572 1762 possit.
1602 1694 1675 1747 Ea
1702 1708 1828 1748 vero
1855 1708 2026 1761 neque
2049 1701 2175 1745 ante

599 1787 741 1839 hunc
765 1801 960 1839 annum
985 1785 1112 1838 586.
1137 1784 1244 1837 ullo
1267 1783 1422 1836 modo
1443 1785 1646 1837 censeri
1677 1793 1868 1852 potest,
1893 1797 2012 1836 cum
2033 1797 2174 1835 anno

599 1876 869 1945 superiore
900 1877 1059 1930 Paula
1081 1873 1465 1944 Jcroaolymam
1499 1875 1752 1942 navigarit
1778 1914 1793 1939 ,
1825 1888 1996 1940 neque
2023 1881 2171 1940 post-

598 1966 724 2035 poni
753 1965 1032 2019 commode
1054 2006 1069 2028 ,
1094 1981 1213 2018 cum
1251 1980 1315 2018 ex
1357 1965 1522 2032 ipsius
1563 1965 1798 2033 epistola:
1837 1964 1984 2016 initio
2018 1963 2171 2018 facile

597 2063 824 2118 constet,
855 2054 1076 2122 primam
1107 2054 1282 2106 statim
1308 2053 1570 2107 scribendi
1597 2055 1931 2106 occasionem
1958 2063 2170 2106 Sanctus

597 2143 850 2197 mulieres
873 2144 1180 2210 arripuisse,
1206 2153 1260 2194 ut
1283 2158 1387 2210 quo
1407 2142 1560 2194 citius
1585 2142 1696 2195 tieri
1723 2142 1999 2211 potuisset,
2029 2141 2168 2195 Mar-

596 2233 780 2286 cellam
808 2234 1082 2288 allicerent
1113 2233 1177 2285 ad
1208 2241 1386 2285 sancta
1418 2233 1526 2286 loc.i
1550 2273 1565 2297 ,
1592 2248 1709 2301 qua:
1741 2232 1898 2284 modo
1927 2232 2054 2301 ipsa:
2083 2232 2167 2286 lu-

595 2331 892 2375 straverunt
913 2362 929 2388 ,
960 2331 1015 2375 et
1055 2322 1118 2374 ad
1167 2321 1477 2376 Solitudincs
1512 2323 1562 2372 in
1590 2335 1719 2388 quas
1747 2336 1806 2374 se
1836 2330 2166 2387 receperant.

598 2411 912 2473 Mensurum,
947 2413 1186 2479 inquiunt
1205 2451 1219 2471 ,
1251 2414 1436 2462 caritas
1463 2427 1562 2461 non
1588 2410 1754 2472 habet,
1782 2419 1826 2462 et
1856 2409 2174 2476 impatientia

596 2503 749 2554 nescit
779 2504 984 2555 modum
1011 2543 1025 2566 ,
1055 2512 1101 2554 et
1131 2502 1433 2554 desiderium
1461 2517 1559 2554 non
1587 2500 1819 2553 sustinet.

667 2590 870 2647 XLVII.
903 2591 1108 2658 Scripta
1129 2596 1255 2660 forte
1276 2609 1363 2645 an.
1388 2591 1510 2646 595.
1547 2621 1616 2629 -
1642 2591 1722 2645 Ab
1747 2590 2006 2660 superiori
2028 2606 2172 2644 anno

595 2681 664 2734 ad
704 2683 844 2735 hunc
886 2697 1053 2752 usque
1095 2683 1221 2736 595.
1254 2682 1424 2735 nullas
1467 2683 1702 2735 invenire
1746 2691 1826 2736 est
1867 2682 2172 2751 Hieronymi

597 2771 848 2838 epistulas
869 2813 884 2837 ,
911 2789 1026 2840 quze
1058 2773 1212 2841 hujus
1242 2771 1406 2825 ferme
1431 2773 1688 2840 septennii
1717 2772 1956 2826 lacunam
1985 2773 2172 2841 imple-

595 2872 710 2918 ant.
741 2863 988 2918 Fortasse
1029 2863 1441 2925 commentariis,
1472 2864 1692 2931 aliisque
1721 2863 2172 2916 lucubrationilms

601 2952 855 3006 cudendis
888 2953 936 3006 in
969 2953 1224 3007 Bethlemi
1255 2968 1413 3022 Specu
1442 2961 1748 3021 occupatus,
1776 2953 1864 3006 diu
1891 2954 2171 3021 epistulare

597 3041 829 3096 ofﬁciunt)
857 3041 913 3098 S.
933 3044 1140 3116 Doctor
1166 3045 1476 3108 inzermisit;
1509 3044 1646 3096 unde
1669 3060 1842 3113 neque
1871 3045 1921 3097 in
1952 3059 2168 3099 SIIOIUIII

596 3149 816 3204 operum
843 3125 1118 3202 Catalogo,
1141 3152 1294 3202 quem
1325 3135 1389 3190 ad
1421 3151 1617 3189 annum
1648 3151 1812 3205 usque
1841 3135 1966 3189 592.
1999 3135 2171 3189 Theo-

597 3224 730 3278 dosii
779 3226 1037 3294 Principis
1081 3227 1343 3281 decimum
1389 3238 1631 3296 quartum
1678 3227 1893 3296 dige.~sit
1920 3269 1935 3293 ,
1983 3244 2076 3295 per
2118 3227 2178 3281 id

597 3319 850 3385 temporis
875 3318 1067 3387 aliquid
1093 3319 1430 3384 epistolarum
1461 3327 1699 3369 recenset
1722 3358 1743 3379 ,ν
1759 3319 1895 3384 quod
1931 3319 2045 3370 aliis
2073 3318 2169 3371 de-

597 3405 770 3470 derit,
800 3407 841 3458 si
876 3422 1006 3474 quas
1057 3405 1121 3456 ad
1177 3406 1428 3467 Paulam,
1461 3414 1515 3456 et
1546 3405 1890 3457 Eustochium
1937 3405 2172 3472 quotidie

598 3495 758 3549 scribi
796 3495 961 3558 dicit,
994 3496 1246 3563 excipias.
1285 3497 1352 3548 At
1395 3494 1496 3547 illa:
1537 3493 1617 3546 vel
1655 3509 1720 3547 ex
1761 3495 1826 3547 iis
1858 3503 2026 3559 sunt,
2054 3511 2172 3563 qua:

599 3587 997 3640 commentariis
1040 3587 1378 3654 przeligttnlur
1397 3583 1616 3653 aliisque
1636 3585 1883 3654 operibus
1911 3583 2175 3653 praefatio-

600 3678 685 3730 nis
713 3677 846 3736 loco,
877 3676 957 3727 vel
986 3676 1029 3729 si
1057 3674 1279 3728 diversa:
1305 3675 1370 3728 ab
1400 3673 1463 3728 iis
1492 3674 1808 3740 indicantur,
1836 3674 1902 3728 ad
1932 3683 2170 3730 nostram

599 3782 766 3834 usque
791 3775 997 3820 a'tatem
1029 3781 1132 3820 non
1162 3766 1504 3820 devenerunt.
1535 3766 1695 3836 Igitur
1719 3781 1835 3835 qua:
1859 3781 1926 3821 ex
1951 3780 2016 3820 eo
2041 3776 2172 3819 tem—

601 3875 728 3929 pore
757 3859 919 3928 prima
947 3859 1197 3922 occurrit,
1223 3859 1338 3912 lure
1361 3867 1443 3912 est
1469 3857 1533 3910 ad
1565 3857 1886 3911 Desiderium
1911 3856 2132 3925 epistola
2152 3897 2169 3923 ,

604 3950 753 4017 cujus
783 3961 910 4002 artas
940 3965 1094 4017 quam
1119 3951 1428 4015 asscrimus,
1461 3949 1556 4003 hac
1587 3949 1798 4002 ratione
1813 3964 1918 4002 non
1947 3947 2172 4004 obscure

599 4039 884 4109 colligitur.
920 4039 1146 4093 Petierat
1187 4040 1254 4092 ab
1296 4039 1618 4110 Hieronymo
1646 4039 1965 4102 Desiderius,
1990 4047 2045 4093 ut
2072 4039 2168 4094 sibi

598 4146 717 4200 qua:
741 4129 1097 4183 elucubrasset
1121 4145 1278 4196 epera
1307 4130 1534 4183 describi
1565 4129 1759 4184 faceret
1783 4147 1795 4181 :
1816 4131 1880 4180 ad
1902 4145 2060 4198 quem
2086 4131 2171 4184 ille

597 4235 718 4275 cum
763 4221 1010 4290 pleraque
1033 4221 1296 4273 temerario
1318 4220 1551 4273 editionis
1590 4220 1777 4273 honore
1813 4221 2022 4290 vulgata
2059 4220 2168 4288 jam

599 4322 774 4365 essent
795 4351 812 4376 ,
842 4311 971 4364 nihil
1001 4313 1141 4364 tnisit
1161 4354 1174 4373 ,
1204 4327 1270 4366 ne
1295 4313 1477 4365 eadem
1509 4311 1733 4366 fortasse
1759 4313 2026 4373 mitteret,
2052 4327 2171 4380 qua:

595 4401 704 4468 jam
728 4401 940 4454 haberet
963 4419 976 4465 ;
999 4402 1091 4455 Sed
1115 4402 1300 4455 librum
1322 4402 1386 4455 de
1408 4401 1762 4468 Scriptoribns
1785 4401 2170 4455 Ecclesiasticis

600 4499 802 4556 mouet,
827 4500 886 4543 ut
913 4492 1048 4560 apud
1077 4492 1392 4553 Marcellam.
1420 4502 1510 4548 aut
1535 4492 1882 4547 Domnionem
1912 4493 2084 4562 legat,
2118 4493 2169 4544 in

601 4580 754 4648 cujus
792 4580 1071 4648 voluminis
1113 4583 1291 4645 calce,
1337 4598 1455 4636 cum
1498 4597 1616 4651 qua:
1660 4597 1826 4650 usque
1869 4582 1940 4640 ad.
1973 4597 2167 4634 annum

598 4669 882 4726 Theodosii
914 4670 1164 4740 principis
1193 4670 1450 4724 deciunnn
1488 4681 1730 4739 quartum
1757 4673 2167 4738 conscripserat,

599 4761 831 4816 breviter
857 4770 1256 4825 annotarentur,
1283 4761 1532 4829 quidquid
1561 4761 1628 4814 de
1661 4759 1837 4814 Indice
1868 4761 2041 4814 minus
2071 4761 2169 4814 ha-

599 4850 801 4906 buisset
823 4892 840 4916 ,
867 4859 924 4904 ut
947 4850 1392 4913 describerentur,
1420 4860 1679 4904 moneret.
1713 4851 1996 4905 Enimvero
2041 4851 2166 4905 Ilic-

597 4957 852 5013 ronymus
887 4959 1008 5012 quae
1040 4944 1104 4996 ad
1152 4943 1297 4996 illum
1340 4958 1505 5012 usque
1541 4943 1677 4998 diem
1717 4944 2016 5014 scripsisset
2053 4945 2170 5014 plus

600 5031 775 5084 minus
811 5034 985 5086 omnia
1035 5047 1100 5088 eo
1139 5033 1190 5086 in
1230 5033 1467 5102 catalogo
1511 5035 1769 5089 contineri
1809 5035 2092 5104 supponit;
2123 5037 2166 5090 si

597 5135 700 5189 qua
730 5122 868 5175 enim
899 5132 1150 5192 praeterea
1177 5124 1472 5178 extitissent
1501 5125 1713 5193 Scripta,
1745 5126 1830 5179 illa
1863 5127 2046 5194 procul
2073 5127 2170 5181 du-

597 5207 686 5264 bio
705 5209 956 5279 adjicere,
984 5228 1234 5268 eorumve
1257 5216 1574 5269 mentionem
1604 5216 1841 5284 ingerere
1864 5216 2166 5282 debuisset;

597 5299 735 5366 quod
781 5315 900 5354 cum
943 5301 1159 5357 minime
1201 5313 1457 5372 przcstet,
1496 5304 1689 5359 indicio
1727 5315 1807 5360 est
1842 5308 1930 5360 vix
1969 5307 2166 5378 aliquid

597 5403 756 5456 supra
779 5388 1042 5453 habuisse,
1061 5393 1197 5460 quod
1219 5395 1373 5450 anxie
1393 5397 1674 5465 postulanti
1696 5397 1867 5452 amico
1885 5398 2161 5453 indicaret.

597 5477 962 5547 Assignandus
989 5479 1164 5548 itaque
1189 5485 1428 5550 epistola:
1466 5501 1571 5540 non
1600 5487 1865 5541 immerito
1887 5497 1970 5542 est
1994 5503 2165 5543 annus

595 5569 688 5623 ille
713 5607 727 5629 ,
757 5567 844 5634 qui
870 5569 1168 5636 conscripto
1195 5572 1328 5626 libro
1351 5573 1417 5629 de
1444 5575 1582 5629 Viris
1609 5577 1899 5635 illustribus
1925 5582 2165 5650 proxime

597 5654 854 5724 succedit,
883 5655 1123 5712 nimirum
1150 5659 1272 5715 393-
1305 5663 1508 5716 tametsi
1538 5665 1643 5718 tirri
1672 5667 1904 5732 potuisse
1931 5685 2033 5728 non
2058 5672 2160 5726 dif-

2281 1334 2510 1400 ﬁtemur,
2539 1350 2596 1394 ut
2624 1344 2918 1396 recentiora
2940 1346 3188 1412 cpuscula
3217 1346 3412 1402 habere
3435 1363 3494 1404 se
3519 1365 3866 1418 prmmonue--

2278 1427 2347 1480 rit
2377 1428 2700 1494 Desiderius,
2722 1448 2943 1499 quorum
2974 1436 3253 1489 occasione
3275 1437 3376 1490 alia
3405 1438 3500 1491 abs
3529 1440 3867 1511 Hieronymo

2278 1525 2500 1582 peteret.
2529 1520 2769 1589 Sedejns
2796 1525 2868 1575 rei
2895 1525 3092 1577 nullum
3122 1527 3171 1578 in
3199 1528 3417 1594 epistola
3443 1530 3721 1599 vestigium
3744 1540 3866 1598 est,

2278 1605 2426 1674 isque
2453 1620 2705 1676 praeterea
2738 1613 2831 1666 fuit
2862 1614 3186 1680 Desiderius,
3221 1618 3318 1670 nisi
3352 1617 3598 1685 fallimur,
3626 1623 3713 1689 qui
3744 1638 3848 1677 non

2277 1697 2375 1749 nisi
2417 1715 2510 1765 per
2544 1700 2593 1753 id
2632 1704 2884 1771 temporis
2916 1705 3095 1758 Roma:
3122 1706 3419 1762 diversalus
3446 1711 3725 1766 commode
3755 1713 3867 1766 ιιι--

2277 1786 2434 1855 telligi
2466 1790 2629 1856 possit
2658 1809 2670 1842 :
2695 1793 2952 1861 siquidem
2979 1812 3114 1850 unus
3139 1797 3382 1866 idemque
3404 1809 3485 1853 est
3509 1815 3627 1854 cum
3653 1801 3868 1857 celebri.

2275 1875 2566 1944 Aquitano,
2587 1882 2672 1948 qui
2709 1881 2844 1936 baud
2883 1885 3048 1938 multo
3082 1897 3202 1954 post
3227 1888 3277 1941 in
3301 1889 3630 1943 Palaestinam
3651 1892 3868 1960 migra--

2274 1966 2368 2028 vit,
2395 1967 2531 2021 unde
2555 1969 2837 2025 discedens
2859 1989 2944 2028 an.
2970 1975 3092 2030 598.
3122 1977 3260 2030 dona
3281 1979 3522 2047 quaedam
3549 1981 3865 2052 Hieronymi.

2275 2057 2490 2111 nomine
2527 2059 2591 2113 ad
2635 2061 2859 2116 Vitalem
2893 2065 3115 2131 detulit;
3161 2078 3268 2122 tum
3312 2071 3594 2142 Presbyter
3631 2072 3846 2140 jussus,

2277 2145 2652 2216 Hieronymum
2696 2150 2936 2207 hortatus
2975 2167 3094 2221 est,
3128 2166 3192 2210 ιιι-
3212 2160 3468 2214 scriberet
3497 2169 3679 2215 contra
3707 2162 3866 2232 Vigi--

2276 2235 2493 2289 lantiunt
2519 2255 2531 2291 :
2554 2239 2603 2291 in
2626 2256 2782 2308 quam
2810 2248 3122 2299 sententiain
3148 2249 3271 2301 alibi
3300 2265 3396 2302 suo
3424 2251 3540 2304 loco
3561 2268 3665 2305 non
3693 2253 3846 2319 levia,

2279 2333 2340 2378 ut
2363 2326 2514 2379 nobis
2545 2328 2819 2394 videntur,
2847 2346 3156 2399 argmneuta
3185 2326 3567 2405 congessimus.

2345 2415 2573 2472 XLVIII.
2621 2419 2826 2487 Scripta
2863 2440 2949 2479 an.
2996 2427 3119 2480 595.
3165 2430 3238 2481 vel
3283 2433 3736 2498 sequentis-initio.
3779 2464 3850 2475 --

2273 2506 2494 2574 Scriptis
2518 2520 2700 2564 contra
2726 2511 3062 2568 Iovinianum
3089 2519 3236 2572 libris
3265 2560 3276 2582 ,
3309 2521 3492 2576 isthacc
3519 2524 3754 2578 succedit
3782 2526 3846 2580 ad

2275 2591 2666 2652 Pammachiutn
2697 2600 2954 2668 Epistola,
2985 2606 3068 2657 cui
3087 2647 3103 2670 ,
3134 2615 3189 2658 ut
3219 2607 3331 2676 ipse
3361 2609 3502 2662 Hier.
3532 2585 3638 2676 ait',
3669 2617 3846 2668 ἀπελο-

2273 2693 2486 2752 γησάμην
2509 2698 2562 2740 ut
2588 2692 2745 2758 potui,
2770 2703 2817 2745 et
2842 2691 3072 2763 Epistola
3093 2696 3310 2752 disserui
3335 2701 3576 2770 longiore.
3609 2703 3661 2755 ld
3693 2721 3868 2772 porros

2274 2786 2600 2842 compertum
2635 2789 2718 2833 est
2740 2820 2755 2843 ,
2787 2793 2974 2836 contra
3003 2784 3340 2841 Iovinianum
3368 2832 3382 2855 ,
3411 2805 3564 2859 quem
3593 2793 3709 2847 heic
3737 2793 3870 2862 jam-

2277 2865 2597 2923 Pammachii
2623 2887 2781 2937 opera
2811 2872 3116 2930 damnatum
3154 2889 3299 2932 notat
3319 2922 3334 2943 ,
3362 2883 3442 2935 vel
3469 2883 3533 2937 ad
3561 2887 3866 2951 superioris.

2274 2957 2395 3008 anui
2422 2959 2641 3019 exitum,
2673 2961 2751 3014 vel
2781 2963 2994 3018 ineunte
3022 2966 3121 3019 hoc
3145 2984 3286 3022 anno
3315 2971 3437 3026 595.
3472 2973 3868 3045 Hieronymum-

2275 3048 2468 3118 stylum
2513 3051 2761 3106 acuisse:
2793 3055 3065 3122 epistolam
3105 3074 3231 3111 vero
3272 3062 3438 3129 ipsam
3479 3065 3649 3119 serius
3692 3081 3868 3133 quam‘

2275 3148 2394 3205 post
2419 3155 2612 3194 annum
2641 3151 2846 3210 putare,
2874 3146 2945 3198 nil
2975 3149 3135 3216 cogit.
3162 3149 3311 3215 Quod
3340 3163 3397 3207 ut
3421 3157 3580 3210 etiam
3608 3157 3727 3210 aliis
3757 3173 3846 3212 ar-

2274 3231 2534 3296 gumentis
2557 3232 2763 3299 probari
2789 3237 2972 3302 possit,
2997 3237 3122 3292 illud
3149 3241 3197 3291 in
3243 3242 3426 3308 primis
3446 3245 3636 3300 all'erre
3656 3249 3846 3316 placet.

2275 3318 2412 3382 quod
2439 3334 2502 3370 ex
2547 3321 2850 3386 prmfatione
2892 3329 3392 3383 commentariorum
3421 3332 3471 3384 in
3500 3333 3687 3389 Jonam
3712 3338 3871 3392 erui--

2277 3412 2381 3496 tur,
2411 3406 2832 3474 quandoquidem
2862 3411 3085 3464 aliarum
3111 3414 3309 3482 aliquot
3335 3418 3698 3489 epistolarum,
3732 3439 3862 3496 qua:-

2278 3491 2399 3546 hinc
2427 3493 2822 3563 subsequuntur
2841 3538 2855 3560 ,
2880 3514 2944 3551 ex
2972 3500 3157 3554 ordine
3183 3518 3288 3570 quo
3316 3506 3536 3574 singula:
3563 3491 3849 3569 recensen-

2277 3589 2380 3648 tur,
2412 3592 2620 3652 tempus
2648 3584 3045 3641 determinatur.
3078 3589 3349 3646 Triemmm
3374 3635 3390 3660 ,
3420 3596 3624 3666 inquit,
3651 3603 3866 3658 circiter;

2275 3675 2424 3742 ﬂuxit
2458 3686 2721 3745 postquam
2747 3680 2968 3750 quinque
3014 3686 3288 3751 prophetas
3314 3689 3671 3760 interpretatus
3697 3712 3810 3750 sum
3833 3736 3848 3761 .

2277 3765 2529 3819 .Ilichemn
2551 3809 2566 3832 ,
2593 3768 2765 3823 Naum
2787 3813 2804 3840 ,
2828 3772 3029 3828 Abacuc
3051 3815 3067 3841 ,
3097 3776 3451 3847 Sophoniam-,
3486 3782 3734 3853 llagteum
3760 3828 3774 3850 ,
3802 3799 3858 3841 et

2275 3855 2380 3908 alio
2414 3873 2564 3924 opere
2600 3860 2825 3914 detentus
2845 3901 2858 3924 ,
2899 3881 2997 3916 non
3038 3869 3177 3936 potui
3208 3869 3416 3938 implere
3442 3873 3847 3942 quod—ceperam.

2276 3947 2474 4013 Scripsi
2515 3954 2648 4005 enim
2686 3955 2866 4008 librum
2895 3962 2958 4010 de
2985 3959 3287 4016 litasti-ibus.
3321 3963 3475 4029 Viris,
3503 3977 3548 4019 et
3585 3968 3858 4024 adversum

2275 4040 2603 4097 Iovinianum
2628 4045 2730 4098 duo
2757 4047 3048 4112 volumina;
3080 4052 3459 4123 ApolOgeticum
3483 4074 3696 4127 quoque.
3722 4071 3768 4113 et
3790 4062 3854 4116 de

2277 4136 2467 4199 optimo
2509 4151 2687 4203 genere
2731 4136 3095 4205 interpretandi
3133 4143 3202 4194 ad
3248 4141 3631 4198 Pammachium
3653 4187 3668 4208 ,
3700 4159 3748 4202 et
3783 4151 3860 4203 ad

2281 4223 2645 4293 Nepotianum,
2677 4228 2754 4281 vel
2782 4229 2842 4280 de
2867 4229 3161 4296 Nepotiane
3186 4232 3312 4287 duos
3339 4235 3511 4300 libros,
3545 4247 3590 4289 et
3613 4237 3720 4292 alia
3739 4256 3854 4310 quas

2275 4332 2564 4369 enumerare
2590 4318 2795 4387 longum
2815 4328 2906 4372 est.
2937 4319 3049 4374 Hoc
3075 4337 3234 4391 porro
3258 4325 3470 4378 circiter
3491 4327 3763 4381 triennium
3782 4331 3855 4383 ab

2275 4422 2413 4461 anno
2451 4407 2575 4462 592.
2612 4407 2678 4461 ad
2714 4410 2864 4477 cujus
2907 4409 3062 4464 linem
3091 4423 3143 4466 et
3175 4413 3365 4467 librum
3396 4415 3462 4468 de
3492 4415 3856 4486 Scriptoribns

2275 4499 2672 4563 ecclesiasticis,
2694 4509 2748 4554 et
2773 4510 2955 4556 contra
2973 4502 3307 4558 Jovinianum
3327 4507 3539 4574 scripsit
3556 4509 3622 4562 ad
3642 4509 3859 4566 initium

2276 4607 2440 4661 usque
2466 4592 2589 4648 596.
2619 4594 3010 4661 supputandum
3035 4605 3138 4650 est.
3168 4596 3300 4651 Nam
3323 4598 3462 4665 quod
3485 4599 3860 4659 Tillemontius

2276 4681 2578 4753 Hieronymi
2609 4683 2778 4737 locum
2802 4686 3069 4748 sollicitat,
3092 4695 3145 4739 et
3164 4687 3548 4756 quadriennium
3570 4705 3664 4757 pro
3687 4691 3857 4745 trien-

2276 4771 2364 4823 nio
2387 4772 2632 4824 substitui
2662 4771 2858 4827 debere
2887 4783 3032 4841 putat
3053 4815 3064 4835 ,
3090 4775 3138 4827 id
3163 4775 3230 4828 ab
3251 4777 3394 4829 omni
3415 4778 3651 4831 veritatis
3672 4781 3858 4846 specie

2277 4869 2380 4914 tam
2411 4861 2696 4916 abhorrere
2722 4862 3220 4926 demonstrabimus,
3245 4881 3401 4934 quam
3427 4866 3566 4934 quod
3593 4866 3876 4923 maxime.‘

2277 4948 2488 5004 Interim
2529 4966 2648 5004 cum
2691 4950 2872 5003 isthmc
2914 4952 3132 5018 epistula
3177 4969 3332 5020 quam
3367 4954 3434 5008 ibi
3464 4954 3855 5026 Apologeticum

2275 5049 2446 5103 vocat,
2474 5050 2527 5094 et
2552 5055 2669 5109 quae
2697 5041 2793 5108 ipsi
2820 5041 2982 5093 altera
3007 5041 3185 5106 juncta
3215 5051 3318 5107 est,
3351 5043 3537 5098 XLIX.
3567 5051 3688 5113 post
3717 5048 3854 5101 tanti

2277 5132 2525 5199 temporis
2555 5131 2884 5184 intervallum
2912 5131 3047 5184 data:
3070 5133 3194 5194 sint.
3220 5142 3277 5188 ut
3298 5134 3386 5186 diu
3411 5134 3854 5192 adversariorum

2273 5223 2516 5291 querelas
2541 5207 2735 5275 dixisse
2761 5223 2987 5290 potuerit
3010 5223 3359 5295 Hieronymus
3383 5225 3768 5292 dissimulasse,
3796 5239 3857 5285 et

2275 5321 2377 5365 tam
2419 5313 2572 5381 longe
2627 5312 2820 5380 vulgati
2877 5314 2986 5367 sint
3023 5315 3138 5368 libri
3164 5356 3177 5376 .
3209 5325 3264 5368 ut
3317 5317 3566 5386 aliquanti
3611 5334 3676 5371 ea:
3715 5316 3859 5376 Urbe

2272 5402 2518 5455 venientes
2543 5401 2637 5455 sibi
2674 5401 2950 5456 lectitarent
2969 5443 2984 5466 ,
3023 5419 3136 5472 qua:
3167 5403 3344 5458 Roma:
3377 5407 3630 5474 excepisse
3656 5409 3856 5478 refere-
3925 5439 3934 5451 ι

2272 5491 2390 5544 bant
2415 5531 2430 5554 ,
2468 5504 2570 5543 non
2618 5491 2885 5545 immerito
2928 5492 3226 5563 colligimus
3271 5494 3483 5550 circiter
3527 5495 3683 5550 unius
3722 5500 3856 5555 anni

2271 5579 2496 5649 spatium
2518 5580 2806 5644 efﬂuxisse,
2829 5581 2986 5650 eique
3004 5581 3138 5638 adeo
3157 5583 3282 5652 595,
3306 5583 3485 5653 linem,
3507 5593 3602 5640 aut
3617 5598 3857 5656 sequen-

2277 5674 2346 5730 tis
2374 5672 2578 5728 initium
2605 5671 2760 5727 tribui
2783 5681 3048 5741 oportere.
