4048 6192
327 434 511 492 XLIX.
556 433 808 504 superiori
824 434 1022 506 juncta.
1046 462 1117 475 —
1144 432 1269 487 Haec
1289 473 1304 498 ,
1334 440 1391 486 ut
1419 432 1580 487 modo
1605 447 1829 488 annou-

260 528 454 592 vimus,
479 526 661 595 juncta
690 534 804 580 erat
827 523 1105 595 superiori,
1132 523 1321 579 eodem
1347 523 1543 595 scripta
1570 532 1831 594 tempore,

262 628 425 684 atque
452 629 548 668 una
576 614 642 668 ad
673 613 1067 669 Pammachium
1095 614 1276 669 missa.

337 704 400 758 L.
427 702 629 773 Scripta
653 704 778 757 circ.
804 720 893 757 an.
918 703 1041 758 594.
1059 704 1297 758 —Dolet
1315 703 1629 758 monachum
1650 718 1836 774 quem-

257 791 385 844 dam
408 791 782 861 rumigerulum
807 793 920 847 suis
941 802 1128 846 contra
1147 792 1474 847 Iovinianum
1495 794 1642 848 libris
1660 793 1835 847 adhuc

254 881 420 935 etiam
449 881 754 945 detrahere.
781 885 890 952 qui,
919 883 1107 952 inquit,
1136 883 1482 937 debuisset‘uel
1505 900 1732 953 arguere.
1757 885 1835 938 uel

251 974 572 1048 interrogare
591 995 680 1049 per
700 980 897 1033 litteras
916 1020 931 1042 .
955 978 1090 1047 Quod
1110 979 1187 1031 uir
1206 979 1433 1032 eruditus
1452 987 1496 1031 et
1516 978 1696 1031 nobilis
1717 978 1837 1046 fecit

254 1066 654 1135 Pammachius,
682 1071 766 1124 cui
790 1078 1139 1137 απιλαμσάμην
1166 1081 1221 1123 ut
1248 1070 1410 1139 potui,
1431 1079 1478 1122 et
1503 1069 1838 1137 epistoladis—

251 1158 395 1212 serui
424 1159 677 1230 longiore.
705 1159 878 1226 Quare
903 1161 948 1214 si
972 1161 1161 1229 prioris
1186 1158 1251 1214 ad
1282 1161 1670 1214 Pammacltium
1708 1173 1841 1228 epoo

247 1246 629 1318 cha‘legitima
658 1251 745 1315 sit,
778 1250 918 1303 hanc
945 1249 1083 1302 haud
1112 1250 1276 1302 multo
1302 1256 1424 1316 post
1442 1288 1458 1312 ,
1488 1250 1599 1302 sive
1624 1247 1693 1301 ad
1716 1247 1842 1300 anui

246 1337 390 1392 594.
422 1338 633 1393 initium
664 1338 995 1394 referendam
1025 1353 1144 1392 esse
1173 1339 1506 1392 manifestum
1531 1346 1632 1391 est.

321 1425 417 1479 ιι.
485 1426 696 1496 Scripta
718 1429 840 1480 circ.
867 1427 997 1480 idem
1025 1437 1239 1496 tempus.
1264 1455 1336 1466 —
1360 1425 1651 1494 Epistolam
1689 1438 1845 1493 quam

258 1514 428 1583 paulo
464 1524 593 1568 ante
631 1514 818 1569 Graece
844 1516 1127 1584 scripserat
1159 1515 1490 1584 Epiphanius
1511 1557 1526 1581 ,
1557 1516 1607 1568 iu
1633 1514 1846 1568 Eusebii

247 1606 641 1661 Cremonensis
675 1605 899 1673 gratiam
948 1605 1107 1659 latine
1159 1604 1511 1675 Hieronymus
1534 1604 1841 1672 explicavit,

252 1695 367 1750 huc
394 1695 586 1751 eodem
616 1709 758 1748 anno
786 1694 910 1749 594.
942 1693 1106 1763 ldque
1130 1710 1193 1746 ex
1225 1708 1291 1747 eo
1313 1695 1445 1746 satis
1468 1703 1649 1760 aperte
1673 1690 1840 1743 couti-

251 1787 399 1841 citur
421 1826 440 1851 ,
470 1784 614 1856 quod
659 1785 815 1840 LVll.
854 1800 1024 1854 quam,
1055 1784 1185 1837 infra
1227 1784 1588 1851 expendentes
1616 1780 1679 1834 ad
1700 1779 1833 1835 .395.

251 1878 494 1945 priorem
522 1887 723 1945 partem
750 1876 1012 1944 pertinere
1034 1873 1375 1928 ostendemus
1394 1912 1411 1936 ,
1448 1871 1632 1925 istbmc
1660 1885 1796 1923 anno
1816 1910 1832 1933 ,

252 1975 306 2019 et
343 1981 433 2020 sea:
462 1966 713 2018 mensibus
747 1965 1071 2035 praecesserit.

332 2055 441 2110 LII.
474 2055 680 2125 Scripta
710 2056 824 2108 hoc.
855 2071 943 2107 an.
974 2054 1098 2108 594.
1123 2081 1187 2092 -
1214 2051 1343 2106 Cum
1384 2050 1521 2104 hanc
1557 2049 1623 2103 ad
1662 2048 1835 2117 Nepo-

254 2145 465 2199 tianum
494 2145 562 2200 de
587 2144 913 2199 Clericorum
941 2145 1045 2195 vita
1077 2142 1350 2210 epistolam
1380 2142 1675 2203 scriberet,
1705 2140 1840 2191 ultro

254 2250 462 2288 annum
495 2235 633 2287 hunc
661 2235 729 2288 39
742 2234 786 2287 4.
818 2233 929 2302 ipse
956 2232 1308 2301 Hieronymus
1336 2229 1605 2282 denotavit
1625 2270 1640 2293 ,
1667 2229 1753 2296 qui
1784 2228 1835 2280 iu

257 2324 370 2379 line
404 2324 523 2393 cogi
566 2338 625 2378 se
660 2324 824 2386 dixit,
870 2322 1099 2388 lapidato
1130 2322 1243 2390 jam
1280 2306 1593 2388 Virginitatis
1634 2316 1799 2368 libello
1823 2356 1839 2381 ,

256 2429 410 2481 quem
436 2411 501 2467 S.
532 2410 812 2464 Eustochio
856 2408 1034 2462 Roma:
1059 2409 1365 2470 scripserat,
1396 2416 1508 2474 post
1530 2421 1690 2457 annos
1718 2401 1843 2455 DE-

259 2505 413 2562 CEM
441 2520 619 2557 rursus
640 2501 893 2556 Bethleem
918 2517 1010 2553 ora
1034 2514 1275 2552 reserare.
1307 2497 1400 2550 Est
1426 2506 1600 2548 autem
1628 2493 1836 2547 libellus

261 2597 355 2651 ille
396 2597 555 2664 epist.
588 2592 681 2646 22.
711 2607 868 2662 quam
906 2591 972 2645 ad
1013 2604 1104 2643 an.
1134 2588 1258 2643 584.
1299 2585 1530 2639 diximus
1557 2585 1839 2652 pertinere.

264 2687 496 2750 Rursus,
529 2694 591 2741 ut
618 2686 776 2756 paulo
804 2699 963 2753 supra
992 2698 1057 2736 ex
1089 2680 1394 2751 pnrfatione
1424 2680 1475 2732 in
1506 2676 1691 2731 Jouam
1722 2673 1839 2728 ani-

266 2779 651 2835 madvertimus
673 2817 690 2843 ,
719 2791 785 2831 eo
815 2776 885 2831 ibi
914 2774 1101 2829 ordine
1127 2782 1403 2834 censetur,
1437 2780 1493 2824 ut
1529 2766 1736 2823 nonnisi
1774 2766 1840 2819 ad

266 2871 410 2925 hunc
434 2884 633 2923 annum
657 2865 935 2922 commode
959 2865 1138 2918 referri
1168 2863 1348 2931 possit.

337 2960 473 3015 Llll.
515 2957 726 3026 Scripta
748 2957 871 3008 circ.
902 2954 1038 3006 idem
1065 2961 1219 3020 temp.
1245 2979 1314 2991 —
1336 2953 1621 3017 Accepi-rat
1650 2960 1680 2999 a
1706 2946 1843 2999 Pau-

271 3052 378 3106 lino
402 3049 763 3117 Hieronymus
788 3042 1127 3099 suavissimas
1153 3041 1374 3099 litteras,
1399 3053 1512 3107 quoe
1535 3054 1567 3089 a
1593 3035 1841 3104 principio

268 3143 610 3197 artsicitiarunt
639 3135 822 3208 (quod
859 3133 1053 3188 indicio
1088 3140 1171 3185 est
1209 3130 1380 3183 nullas
1421 3129 1566 3196 prius
1601 3126 1844 3192 utrinque

269 3235 459 3289 missas
488 3228 698 3297 fuisse)
729 3227 878 3296 ﬁdem
922 3222 1150 3294 probata
1183 3222 1296 3288 jam
1324 3226 1371 3270 et
1411 3217 1584 3269 veteris
1614 3213 1846 3266 amicitia:

262 3325 619 3396 preferebant.
655 3320 762 3374 lllis
805 3315 1089 3385 respondet
1142 3314 1241 3367 hac
1286 3309 1507 3377 epistola
1531 3347 1546 3370 ,
1574 3318 1845 3396 quacum

263 3393 507 3485 pluribus
530 3410 647 3479 ejus
670 3407 899 3462 studium
921 3417 983 3458 ac
1002 3401 1203 3457 sciendi
1232 3398 1477 3453 ardorem
1502 3393 1840 3454 Iaudavisset,

269 3521 393 3561 eum
417 3503 647 3558 maxime
675 3500 933 3558 hortatur,
956 3503 1017 3549 ut
1034 3495 1158 3546 velit
1180 3489 1412 3560 perfecte
1432 3487 1626 3542 saecqu
1649 3501 1843 3540 renuu-

270 3600 403 3651 tiare
424 3636 442 3664 ,
469 3605 523 3649 et
555 3592 855 3647 divitiarum
895 3591 1087 3658 funem,
1117 3583 1203 3652 qui
1234 3598 1344 3635 eum
1376 3580 1543 3632 adhuc
1570 3575 1838 3641 detinebat,

263 3690 416 3744 ueluti
458 3686 743 3740 nauiculam
786 3683 841 3735 in
882 3680 989 3733 solo
1031 3678 1329 3737 timentem,
1362 3671 1604 3742 prcecidat
1641 3668 1801 3738 magis
1823 3707 1838 3733 ,

266 3795 420 3850 quam
444 3778 602 3830 soluat
624 3790 643 3827 :
665 3772 911 3826 nimirum
938 3778 995 3822 ut
1018 3783 1135 3836 quin
1157 3765 1255 3818 sibi
1282 3769 1610 3832 supererant,
1635 3772 1843 3829 posses-

268 3867 539 3923 siunculas
567 3863 783 3917 omnino
808 3860 1135 3921 dimitteret,
1176 3868 1275 3907 nec
1310 3860 1519 3907 curaret
1555 3863 1709 3917 qttam
1753 3861 1840 3899 sa-

269 3958 477 4028 pienter
500 3952 754 4007 venderet
779 3950 832 4001 in
862 3958 1147 4016 pauperum
1177 3955 1307 3995 usus
1328 3979 1342 4004 ,
1381 3937 1589 4006 quando
1614 3933 1841 4003 impedi-

269 4026 451 4102 mento
464 4058 582 4099 esse
598 4049 832 4112 possent.
846 4036 971 4092 dum
986 4044 1127 4087 caute
1143 4042 1190 4086 et
1208 4029 1505 4101 pedetentim
1522 4026 1839 4091 recrastinat,

268 4146 318 4192 et
350 4135 483 4188 diem
509 4134 572 4186 de
597 4132 679 4185 die
705 4129 879 4183 trahit.
924 4124 1053 4179 Cum
1098 4124 1234 4191 igtur
1262 4135 1327 4174 ex
1354 4119 1410 4173 S.
1448 4117 1648 4171 Paulini
1693 4118 1796 4168 vita
1821 4157 1838 4182 ,

268 4227 492 4297 ejusque
514 4222 752 4293 epistolis
776 4218 927 4274 tertia
950 4224 1004 4270 et
1022 4221 1206 4285 quarta
1232 4216 1559 4278 compertmn
1582 4210 1671 4273 sit,
1695 4207 1838 4260 illum

269 4331 361 4371 an.
387 4314 509 4369 594.
538 4312 736 4367 dudum
780 4307 1041 4376 incepisse
1085 4311 1289 4373 partem
1327 4300 1583 4354 bonorum
1622 4313 1839 4352 suorum

268 4406 519 4473 vendere,
550 4418 712 4474 seque
742 4401 969 4458 terrenis
995 4398 1157 4453 rebus
1187 4395 1453 4460 abdicare,
1483 4391 1633 4447 facile
1657 4407 1721 4446 ex
1748 4406 1840 4445 su-

268 4497 563 4568 perioribus
582 4495 819 4562 colligas,
842 4490 907 4545 ad
932 4488 1183 4544 eumdem
1206 4485 1348 4540 hunc
1366 4499 1559 4538 annum
1584 4483 1843 4553 Hierony-

267 4585 341 4640 mi
364 4583 639 4653 epistolam
666 4595 787 4637 esse
812 4578 1171 4634 referendam.
1793 4576 1796 4578 ‘

336 4671 468 4729 LIV.
500 4672 706 4741 Scripta
733 4668 823 4723 sub
855 4668 947 4736 ﬁn.
971 4683 1057 4721 an.
1082 4664 1187 4720 594
1208 4692 1279 4704 -
1303 4662 1469 4732 Hujus
1492 4669 1699 4714 tutatem
1726 4658 1841 4726 epi-

267 4766 417 4822 stola:
465 4776 624 4833 quam
675 4760 743 4814 ad
792 4758 1002 4811 Furiam
1053 4755 1282 4819 scribit,
1329 4753 1441 4822 ipse
1489 4750 1841 4820 Hieronymus

268 4852 559 4913 iudicavit,
587 4864 704 4904 cum
735 4847 856 4902 Scio
882 4861 993 4909 me,
1026 4844 1227 4913 inquit,
1253 4851 1371 4895 ante
1396 4843 1489 4894 hoc
1515 4839 1671 4908 ferme
1696 4839 1839 4891 bien-

266 4944 416 4996 nium
461 4939 674 4993 edidisse
718 4938 870 4991 libros
925 4945 1102 4989 contra
1140 4933 1485 4986 Jouinianum.
1517 4929 1799 4985 Enimvero
1819 4966 1838 4993 ,

270 5039 330 5086 ut
382 5026 518 5082 alibi
567 5040 666 5079 nec
714 5040 819 5079 uno
869 5026 924 5079 in
970 5024 1089 5078 loco
1137 5022 1368 5077 diximus
1418 5035 1484 5076 ex
1532 5018 1837 5091 praefation.

269 5113 708 5175 commentarior.
754 5112 808 5165 in
833 5112 1035 5178 Ionam,
1063 5120 1117 5167 et
1139 5126 1236 5166 suo
1258 5112 1378 5166 loco
1401 5109 1570 5165 fusius
1593 5123 1842 5164 asseren-

269 5196 394 5262 dum
418 5212 524 5279 est,
546 5202 649 5258 sub
669 5202 878 5257 initium
903 5204 1019 5256 anni
1038 5202 1168 5257 393.
1190 5215 1284 5256 eos
1303 5210 1484 5256 contra
1504 5199 1837 5255 Joviuianum

269 5298 429 5354 libros
455 5295 514 5351 S.
540 5294 744 5349 Doctor
770 5292 1086 5360 composuit,
1117 5292 1305 5361 quibus
1332 5292 1375 5346 si
1402 5295 1559 5363 ferme
1586 5291 1840 5344 biennium

265 5370 463 5455 addas,
500 5384 568 5440 ad
615 5383 780 5438 linem
821 5380 1072 5436 devenies
1115 5380 1239 5436 594.
1269 5395 1424 5450 quem
1456 5378 1578 5434 huic
1602 5378 1840 5449 epistolae

261 5464 612 5548 assignatuus.

322 5556 428 5623 LV.
461 5566 677 5636 Scripta
700 5563 834 5617 circ.
866 5558 997 5612 idem
1027 5550 1236 5630 tempus.
1254 5589 1325 5601 -
1341 5558 1475 5614 Tres
1498 5556 1597 5612 hac
1619 5558 1839 5627 epistola

254 5659 563 5729 quaestiones
584 5670 617 5712 e
637 5665 787 5711 novo
805 5648 1150 5704 Testamento
1164 5648 1408 5719 explicat,
1427 5662 1647 5718 quarum
1672 5646 1840 5717 prima

1652 290 2032 377 Murro.

3377 333 3514 394 LXII

1943 448 2011 489 ex
2035 432 2268 490 ﬂatthmi
2290 428 2584 507 Evangelio
2605 476 2623 501 ,
2650 434 2768 492 duae
2795 436 3008 510 reliqum
3033 456 3098 497 ex
3124 441 3291 501 Paulo
3318 449 3384 504 ad
3408 449 3512 507 Co-

1941 522 2174 579 rinthios
2201 534 2467 595 petuntur.
2499 525 2699 582 Verum
2728 529 2866 598 quod
2896 545 3061 600 neque
3098 534 3237 590 illam
3269 537 3321 591 iu
3350 540 3509 596 Cata-

1943 611 2066 683 logo
2111 623 2422 682 enumerat,
2464 630 2638 687 neque
2691 618 2742 671 in
2796 618 2886 674 illa
2933 634 3057 679 suos
3104 624 3157 678 in
3206 625 3509 686 Matthzcum

1941 706 2348 759 commentarios
2390 707 2555 770 citat,
2603 707 2798 763 indicio
2836 718 2959 774 est,
3020 721 3076 766 et
3126 724 3395 784 postquam
3438 719 3507 776 de

1943 791 2240 849 lllustribus
2284 795 2422 850 Viris
2449 798 2791 867 scripsisset,
2833 802 2948 856 sive
2994 811 3112 871 post
3154 819 3244 859 an.
3292 807 3414 862 392.
3455 798 3512 866 et

1941 893 2222 952 antequam
2248 884 2548 940 Matthaium
2566 889 2892 956 explanaret,
2918 890 2969 945 id
2993 900 3075 946 est
3097 903 3219 949 ante
3238 894 3360 950 398.
3386 895 3513 951 fuis-

1944 991 2002 1029 se
2046 988 2335 1033 exaratam.
2382 979 2587 1050 Quippe
2628 999 2693 1036 cx
2734 984 3040 1056 Hieronymi
3085 1004 3234 1045 more
3271 1002 3514 1048 neutrum

1941 1065 2087 1119 credi
2128 1082 2221 1135 par
2267 1077 2385 1134 est,
2419 1071 2503 1124 vel
2535 1070 2875 1140 Exegelicam
2916 1076 3196 1132 Sacrarum
3224 1079 3516 1138 litterarum

1946 1155 2222 1221 epistolam
2244 1196 2260 1219 ,
2290 1159 2333 1210 si
2362 1167 2472 1211 tum
2502 1164 2755 1228 temporis
2782 1156 3137 1222 elucubrasset
3156 1209 3172 1234 ,
3198 1174 3406 1227 caeteris
3428 1188 3517 1229 ac-

1948 1256 2165 1296 censere
2187 1282 2203 1306 ,
2237 1246 2317 1298 vel
2354 1247 2398 1299 si
2438 1247 2678 1302 eamdem
2705 1255 3049 1318 quaestionem
3078 1272 3177 1310 suo
3204 1260 3321 1313 loco
3347 1277 3515 1331 expo-

1950 1339 2146 1392 suerat,
2163 1332 2361 1385 nullam
2377 1334 2491 1401 ejus
2505 1337 2679 1403 operis
2697 1343 3013 1397 intentionem
3033 1345 3247 1413 injicere
3261 1349 3513 1407 voluisse.

1956 1416 2083 1469 Illud
2116 1419 2271 1487 igitur
2296 1421 2458 1475 ferme
2481 1425 2915 1495 quinquennium,
2937 1435 3073 1500 quod
3105 1436 3251 1491 hisce
3280 1441 3518 1497 terminis

1953 1508 2213 1563 clauditur
2234 1551 2249 1574 ,
2278 1525 2421 1567 certa
2450 1514 2605 1583 hujus
2633 1521 2872 1583 epistolae
2897 1533 2979 1577 est
3006 1527 3227 1594 cpucha.
3255 1530 3407 1597 Quod
3438 1542 3518 1586 ta-

1954 1610 2073 1689 men
2113 1602 2359 1689 proprius
2400 1603 2464 1656 ad
2506 1620 2593 1658 an.
2626 1606 2751 1661 39s.
2782 1624 2899 1664 eam
2937 1613 3174 1670 dicemus
3211 1622 3517 1689 pertinere,

1945 1680 2068 1775 fecit
2092 1685 2364 1741 doctorum
2395 1689 2665 1748 hominum
2690 1700 2993 1763 auctoritas.
3032 1713 3191 1772 atque
3211 1680 3517 1775 lmjusmodi

1944 1773 2265 1866 conjectura.
2294 1776 2438 1833 Hier.
2463 1780 2587 1834 dum
2611 1785 2677 1837 ad
2698 1791 2933 1854 epistola:
2960 1792 3117 1845 tinem
3140 1796 3206 1848 de
3232 1773 3516 1866 corporum

1944 1864 2331 1949 resurrectione
2371 1869 2635 1937 disputat,
2664 1886 2718 1927 et
2760 1890 2916 1931 scnsu
2941 1919 2956 1944 ,
2987 1896 3091 1949 quo
3124 1864 3368 1941 Christus
3407 1889 3517 1946 Deo

2109 1956 2311 2046 omnia,
2335 1971 2497 2025 seque
2520 1963 2732 2016 tandem
2760 1966 2930 2033 ipsum
2956 1948 3145 2025 dicitur
3160 1975 3512 2046 subjecturus,

1942 2040 2072 2093 nihil
2098 2043 2219 2097 data
2248 2049 2740 2106 occasione'coutra
2770 2057 3046 2124 Urigeuem
3077 2040 3283 2128 intulit,
3317 2067 3426 2120 imo

1944 2131 2111 2185 ferme
2140 2134 2514 2203 interpretandi
2542 2143 2745 2196 ratione
2772 2159 2898 2198 usus
2921 2160 3023 2213 ρει,
3050 2165 3151 2218 qua
3180 2166 3238 2206 se
3262 2157 3506 2210 ostende-

1947 2228 2027 2271 ret
2050 2219 2100 2321 iu
2122 2228 2352 2276 cavenda
2375 2225 2616 2295 Origenis
2635 2231 2892 2294 doctrina,
2913 2246 3069 2303 quam
3096 2249 3279 2306 postea
3300 2243 3516 2312 culpare

1946 2316 2107 2380 cmpit
2124 2353 2139 2376 ,
2170 2316 2342 2369 minus
2364 2332 2484 2371 esse
2509 2321 2813 2374 sollicitum.

2019 2401 2149 2456 LVI.
2193 2403 2402 2473 Scripta
2430 2408 2548 2461 circ.
2581 2426 2666 2463 an.
2697 2411 2818 2466 594.
2849 2443 2915 2453 -
2946 2415 3041 2470 Cui
3072 2434 3103 2472 e
3130 2418 3338 2475 duobus
3365 2427 3518 2481 annis

1946 2491 2070 2546 594.
2094 2505 2145 2547 et
2165 2496 2290 2549 595.
2317 2498 2497 2553 isthmc
2514 2502 2789 2569 Augustini
2810 2506 2874 2558 ad
2899 2505 3271 2580 Hieronynnun
3294 2518 3513 2583 epistola

1946 2583 2016 2676 sit
2038 2586 2377 2676 ascribenda,
2410 2606 2512 2642 non
2543 2595 2671 2645 satis
2716 2600 3043 2663 exploratum
3072 2613 3173 2657 est.
3207 2605 3272 2659 Et
3299 2611 3512 2676 quidem

1949 2669 2101 2726 facile
2127 2674 2401 2732 inclinaret
2428 2682 2634 2736 animus
2664 2684 2715 2736 in
2744 2701 2937 2741 annum
2966 2691 3087 2745 594.
3112 2710 3230 2748 cum
3258 2669 3430 2753 adhuc
3459 2702 3512 2755 in

1947 2761 2269 2835 Prcsbytcrii
2320 2785 2535 2825 munere
2582 2776 2901 2843 Augustinus
2937 2794 3273 2851 mereretur,
3314 2789 3407 2844 sed
3447 2807 3516 2847 ne

1946 2852 2142 2906 diutius
2171 2855 2420 2911 lcetorem
2450 2876 2736 2924 moremur.
2768 2877 2925 2935 atque
2954 2882 3126 2925 actum
3154 2888 3311 2941 agere
3338 2878 3517 2931 videa-

1946 2959 2092 3009 ntur,
2126 2946 2236 3014 ipsa
2268 2948 2730 3006 Bcnediclinorum
2764 2956 3035 3011 Editorum
3069 2964 3123 3014 S.
3155 2966 3433 3031 Augustini
3463 2969 3516 3024 in

1946 3035 2083 3089 hanc
2108 3051 2218 3090 rem
2245 3052 2550 3109 argumenta
2587 3046 2968 3098 subuectimus.
3011 3048 3119 3101 Sub
3153 3053 3389 3120 initium,
3432 3058 3517 3111 in-

1946 3125 2160 3192 quiunt,
2188 3127 2338 3197 hujus
2375 3131 2596 3197 epistolae
2624 3132 2861 3185 laudatur
2886 3136 3127 3205 Alypius,
3182 3143 3516 3214 miscOpalcm

1948 3215 2239 3284 dignitatem
2282 3227 2393 3287 post
2440 3234 2586 3271 suum
2630 3220 2694 3273 ab
2739 3219 3049 3294 Hieronymo
3090 3245 3367 3298 regressum
3402 3236 3518 3303 jam

1948 3316 2256 3359 consecutus.
2303 3305 2466 3361 Porro
2505 3308 2673 3378 Διῃρῑὲ
2713 3314 3067 3381 profectionem
3107 3319 3157 3370 in
3191 3316 3517 3377 Palwstiuam

1945 3394 2015 3447 ad
2037 3412 2124 3451 an.
2153 3397 2274 3451 594.
2302 3407 2495 3450 revocat
2518 3396 2787 3462 Baronius,
2818 3404 3175 3469 promotioncm
3201 3408 3421 3476 ejusdem
3445 3414 3515 3466 ad

1944 3486 2285 3553 episcopatum
2322 3488 2373 3539 in
2410 3505 2495 3541 an.
2549 3489 2675 3543 594.
2709 3488 2797 3543 Est
2827 3492 2979 3561 igitur
3008 3494 3241 3564 Epistula
3267 3500 3359 3554 ltoc
3381 3519 3516 3558 anno

1944 3576 2069 3630 594.
2099 3587 2185 3630 aut
2227 3588 2356 3632 certe
2380 3596 2465 3632 an.
2498 3578 2621 3634 595.
2651 3583 2875 3651 scripta;
2906 3601 3004 3638 non
3042 3592 3199 3642 serius
3217 3632 3232 3656 ,
3264 3607 3377 3646 cum
3405 3613 3515 3650 eam

1945 3667 2250 3735 Augustinus
2275 3669 2527 3736 scripserit
2554 3672 2774 3723 nondum
2801 3672 3081 3743 Episcopus
3098 3720 3111 3740 ,
3136 3696 3198 3732 ea:
3217 3678 3380 3750 Epist.
3408 3685 3516 3739 Iteic

1946 3756 2066 3810 104.
2113 3774 2316 3811 numero
2352 3760 2407 3812 2.
2453 3756 2570 3811 Huc
2613 3761 2734 3828 facit
2770 3764 2906 3833 quod
2948 3765 3241 3839 Hieronymi
3268 3774 3331 3826 de
3360 3774 3514 3831 Petra

1943 3848 2239 3913 reprehenso
2263 3863 2295 3898 α
2322 3844 2486 3899 Paulo
2510 3852 2804 3901 sententiam
2829 3851 2909 3903 hic
2933 3854 3265 3921 improbatam
3291 3865 3513 3931 exagitat

1943 3936 2113 3989 itidem
2143 3937 2452 4007 Augustinus
2474 3938 2493 4006 (
2515 3942 2671 3994 tacito
2705 3949 2879 3997 tamen
2914 3948 3142 4002 auctoris
3173 3952 3383 4005 nomine
3413 3960 3430 4021 )
3458 3956 3512 4010 in

1945 4023 2095 4077 Libro
2125 4025 2191 4079 de
2221 4026 2511 4090 Meudacio,
2540 4045 2653 4099 cap.
2685 4031 2737 4085 5.
2763 4043 2809 4085 et
2836 4032 2924 4087 20.
2952 4036 3089 4098 quod
3135 4042 3427 4107 opusculum
3455 4044 3507 4098 in

1944 4113 2236 4171 lletractat.
2264 4116 2375 4169 Lib.
2412 4120 2457 4171 l.
2486 4120 2614 4173 inter
2638 4121 2749 4187 illa,
2777 4138 2889 4192 qua:
2911 4127 3111 4192 scripsit
3136 4131 3356 4183 nondum
3402 4134 3511 4202 epi-

1943 4218 2124 4271 scopus
2149 4214 2393 4271 postremo
2421 4208 2527 4260 loco
2554 4211 2769 4277 reponit.

2016 4290 2168 4345 LVII.
2211 4291 2413 4362 Scripta
2454 4297 2543 4348 sub
2584 4299 2677 4364 ﬁn.
2729 4316 2815 4352 an.
2861 4300 2982 4355 595.
3019 4331 3090 4343 -—
3124 4304 3258 4358 Cum
3302 4322 3367 4361 ex
3416 4308 3514 4366 hae

1945 4385 2167 4453 epistola
2216 4403 2318 4439 non
2365 4388 2522 4440 modo
2570 4388 2699 4453 illa,
2745 4405 2900 4458 quam
2942 4407 3097 4461 supra
3150 4403 3511 4457 recensuimus

1944 4475 2221 4543 Epiphanii
2246 4516 2261 4541 ,
2293 4476 2384 4530 sed
2415 4478 2659 4545 pleraque
2687 4476 3014 4548 Origeniana:
3043 4498 3215 4542 causa:
3245 4505 3510 4549 momenta

1944 4564 2247 4632 pendeant,
2294 4567 2558 4632 negotium
2604 4566 2811 4621 facessit
2857 4569 2909 4623 in
2948 4570 3062 4641 ejus
3105 4574 3315 4644 Epoclta
3363 4592 3511 4636 certo

1945 4654 2228 4707 asserenda
2259 4655 2530 4709 ductorum
2561 4658 2828 4712 hominum
2857 4666 3163 4732 auctoritas,
3196 4685 3352 4739 quam
3380 4673 3508 4727 alibi

1948 4759 2211 4814 nunquam
2237 4748 2602 4814 expendimus,
2632 4763 2697 4802 ne
2722 4752 3012 4807 studiosum
3040 4756 3290 4812 lectorem
3315 4760 3514 4816 diutius

1949 4847 2296 4886 moraremur.
2325 4833 2692 4891 Tillemontius
2711 4842 2874 4904 enim,
2898 4857 2960 4896 ac
2980 4842 3313 4899 Martiaua-us
3332 4847 3398 4900 ad
3419 4865 3509 4906 an.

1945 4922 2068 4977 596.
2099 4921 2361 4988 referunt;
2393 4932 2449 4978 et
2477 4937 2855 4985 conterraneus
2884 4940 3063 4985 noster
3091 4932 3246 4986 Card.
3275 4933 3514 4995 Norisius

1944 5013 2156 5067 biennio
2186 5024 2304 5081 post
2328 5015 2577 5083 scriptam
2616 5019 2919 5072 arbitratur.
2950 5020 3054 5072 Sed
3082 5019 3344 5077 Norisium
3372 5030 3513 5096 quod

1944 5112 2182 5173 spectat,
2207 5119 2327 5159 eum
2356 5104 2518 5158 credo
2553 5105 2605 5157 in
2639 5120 2874 5161 errorem
2894 5145 2909 5170 ,
2946 5106 3072 5161 illud
3105 5109 3304 5165 induxit
3325 5155 3341 5181 ,
3371 5118 3515 5185 quod

1946 5204 2069 5247 sute
2098 5192 2213 5248 XX.
2241 5209 2401 5247 annos
2427 5192 2640 5246 Eusebii
2670 5192 2972 5248 Cbronicon
3002 5210 3031 5248 a
3062 5196 3384 5270 Hieronymo
3432 5205 3513 5259 la-

1949 5287 2055 5337 tine
2081 5299 2289 5337 versum
2332 5282 2459 5335 falsa
2502 5282 2728 5338 lectione
2761 5285 3015 5353 deceptus
3045 5285 3262 5356 legerit,
3292 5305 3411 5349 cum
3439 5295 3515 5355 ibi

1945 5372 2246 5442 quindecim
2271 5384 2366 5439 pro
2387 5369 2588 5437 viginti,
2612 5370 2723 5427 sive
2743 5373 2859 5428 XV.
2890 5388 2984 5441 pro
3007 5374 3124 5431 XX.
3152 5376 3400 5439 Romanis
3419 5401 3516 5441 no-

1950 5462 2037 5524 tis,
2061 5475 2176 5527 qua!
2204 5459 2355 5513 facile
2384 5459 2434 5510 in
2462 5458 2741 5517 scribendo
2768 5463 3181 5538 permiscentur,
3203 5485 3265 5526 ac
3291 5471 3511 5547 fallunt,

1948 5551 2162 5606 omnino
2203 5548 2495 5619 legendum
2523 5552 2608 5603 sit.
2653 5550 2779 5607 Illud
2807 5555 2944 5609 cnim
2975 5556 3025 5611 in
3053 5573 3112 5613 se
3135 5560 3311 5628 operis
3338 5575 3519 5620 susce-
3547 5607 3551 5611 .

1952 5644 2090 5715 pisse
2105 5643 2485 5712 Hieronymum
2502 5656 2620 5697 cum
2643 5644 3095 5717 Constantinopoli
3116 5659 3258 5708 esset
3276 5665 3364 5706 an.
3388 5652 3514 5709 380.
