4048 6192
641 279 806 360 uni

641 407 720 450 tot
741 405 951 465 tamque
964 393 1122 450 cenis
1143 390 1452 447 testimoniis
1467 397 1674 444 constat
1699 430 1713 453 ,
1731 397 1786 444 ut
1807 404 1964 444 nemo
1981 406 2210 461 unquam

646 487 700 540 in
727 485 944 541 dubium
983 483 1328 538 revocaverit.
1360 483 1424 533 At
1463 481 1507 535 si
1538 479 1846 536 mendosam
1873 482 2111 552 epistolae
2137 483 2217 535 lo-

649 577 880 630 ct’ionem
901 575 1128 629 retinere
1147 571 1492 636 voluerimus,
1515 571 1624 640 jam
1653 586 1757 625 non
1785 580 1984 626 tantum
2005 571 2072 626 ad
2092 571 2218 627 398.

645 665 744 720 sed
771 665 834 718 ad
874 664 1043 732 ipsum
1080 660 1259 714 saeculi
1295 659 1453 714 finem
1479 676 1598 715 eam
1623 661 1825 717 referre
1854 677 2073 717 necesse
2109 669 2218 718 sit:

643 755 785 824 quod
810 754 876 807 ab
902 750 1048 805 onmi
1083 751 1322 804 veritatis
1360 751 1536 817 Specie
1585 751 1814 806 immane
1843 764 2096 821 quantum
2125 754 2223 806 ab-

637 844 870 896 horreat.
918 839 1023 894 Sed
1050 839 1122 894 ab
1149 839 1314 893 altera
1347 840 1504 894 etiam
1531 842 1783 910 opinione
1825 851 2078 896 revocant
2123 859 2221 897 nos

635 931 870 1000 subjecta
902 935 1164 984 rationum
1195 939 1486 984 momenta.
1517 931 1670 984 Enim
1697 946 1824 984 vero
1848 946 1952 1000 quo
1978 939 2220 999 tempore

634 1020 774 1074 hanc
789 1020 1063 1088 epistolam
1087 1019 1230 1073 Hier.
1253 1020 1538 1081 scribebat,
1564 1020 1878 1091 Hesychium
1898 1021 2070 1075 virum
2093 1036 2222 1075 cun-

632 1111 868 1165 sularem
900 1110 1096 1162 dudum
1138 1107 1569 1180 (l)Tbeodosius
1609 1109 1796 1179 capitis
1837 1111 2095 1180 supplicio
2127 1111 2222 1163 da-

633 1211 928 1255 mnaverat.
941 1201 1047 1254 Sed
1067 1202 1178 1268 ipse
1189 1199 1518 1255 Theodosius
1537 1215 1664 1253 ann.
1679 1200 1804 1255 395.
1817 1199 2050 1254 Januarii
2074 1216 2222 1255 men-

633 1292 709 1345 sis
736 1291 824 1345 die
868 1291 954 1344 l‘l.
997 1290 1103 1344 fato
1131 1292 1340 1345 functus
1372 1301 1494 1353 est;
1524 1305 1621 1344 nec
1650 1290 1718 1344 ab
1744 1306 1809 1345 eo
1837 1292 1938 1345 lata
1970 1292 2022 1345 in
2054 1292 2221 1360 Hesy-

635 1381 812 1434 chium
841 1381 1029 1448 capitis
1054 1383 1334 1444 sententia,
1361 1387 1418 1433 ut
1442 1380 1631 1444 serius,
1660 1381 1761 1433 nisi
1788 1382 1852 1434 ad
1878 1381 1995 1449 ejus
2023 1382 2219 1436 mensis

638 1471 843 1524 initium
866 1510 885 1536 ,
917 1479 1200 1538 utcumque
1230 1477 1406 1538 potest
1437 1470 1676 1538 intelligi.
1707 1469 1862 1524 Circa
1893 1470 2030 1524 idem
2063 1471 2221 1541 igitur

636 1569 845 1628 tempus
867 1600 885 1625 ,
912 1568 1058 1613 certe
1083 1559 1270 1613 eodem
1301 1573 1442 1610 anno
1466 1598 1482 1622 ,
1512 1558 1620 1612 imo
1660 1559 1834 1626 priore
1861 1559 1986 1612 anui
2025 1568 2174 1628 parte
2197 1599 2215 1626 ,

638 1652 748 1720 ipsa
781 1651 898 1704 haec
918 1650 1143 1719 epistola
1165 1649 1285 1701 data
1307 1656 1427 1712 est;
1458 1664 1576 1700 nam
1601 1648 1793 1700 dudum
1817 1647 2124 1702 adverbium
2148 1648 2219 1702 ita

637 1742 828 1794 dicitur
853 1739 920 1792 de
943 1744 1136 1805 exiguo
1161 1746 1422 1806 tempore,
1447 1745 1502 1790 et
1529 1739 1794 1805 praecipue
1818 1752 1883 1792 ex
1909 1737 2218 1808 Hieronymi

638 1844 889 1892 sensu,ac
907 1843 1071 1890 more,
1099 1837 1156 1880 ut
1173 1827 1254 1880 vix
1276 1835 1408 1891 tum,
1426 1843 1489 1881 ac
1506 1826 1664 1881 modo
1685 1829 2005 1896 prasteritutn
2026 1830 2216 1898 signet;

643 1935 743 1975 nec
777 1921 820 1972 si
861 1919 1071 1987 quando
1107 1917 1244 1986 apud
1289 1919 1422 1970 alios
1457 1918 1723 1972 interioris
1762 1931 1900 1972 nota:
1933 1907 2220 1987 scriptores

625 2014 794 2064 latins
824 2015 1124 2082 porrigitur,
1153 2014 1218 2066 ad
1253 2015 1512 2082 integrum
1543 2025 1718 2068 tamen
1745 2029 1962 2078 annum,
1993 2023 2050 2067 et
2075 2014 2218 2083 quod

637 2105 865 2156 ext-urrit
897 2106 1123 2172 spatium
1155 2105 1557 2174 signiﬁcandum
1580 2109 1714 2158 sumi
1739 2121 1972 2174 unquam
2002 2114 2195 2174 potest.

710 2197 786 2248 Ad
818 2197 929 2248 haec
957 2212 998 2248 rt
1016 2196 1141 2264 liqui
1175 2196 1336 2248 etiam
1363 2194 1600 2262 epistolae
1629 2195 1965 2248 characteres
1992 2195 2043 2248 in
2075 2194 2215 2247 idem

637 2297 844 2355 tempus
870 2288 1107 2353 apprime
1142 2287 1482 2340 Conveniunt.
1516 2287 1569 2339 Iit
1603 2287 1758 2340 toties
1788 2287 1996 2340 laudata
2023 2287 2214 2355 pratia-

638 2377 1291 2429 tioneconitttentariorum
1318 2377 1367 2428 in
1389 2375 1575 2429 Ionam
1599 2375 1698 2446 ipsi
1728 2376 1792 2428 ad
1820 2375 2214 2429 l‘ammacltium

636 2465 977 2530 Apologetico
1001 2465 1259 2522 subditur.
1287 2474 1444 2533 atque
1471 2465 1606 2517 inter
1631 2464 1735 2516 alia
1757 2478 1917 2530 Opera
1941 2473 2217 2531 computa-

637 2563 744 2613 tur,
767 2568 882 2620 qu;e
907 2567 1000 2620 per
1023 2554 1290 2605 triennium
1315 2555 1382 2605 ab
1406 2554 1621 2606 ineunte
1645 2567 1731 2604 an.
1756 2553 1879 2606 393.
1912 2553 2216 2606 elttcubrata

640 2650 763 2695 sunt
786 2681 801 2705 ,
835 2649 891 2694 ut
933 2642 1146 2694 minime
1177 2643 1228 2693 itt
1256 2650 1433 2694 nostra
1463 2640 1745 2711 byputhesi
1775 2655 1992 2695 necesse
2019 2641 2089 2694 sit
2113 2642 2216 2694 vim

639 2733 801 2785 textui
830 2731 886 2786 S.
920 2732 1154 2784 Doctoris
1184 2732 1376 2785 inferre
1399 2771 1413 2792 .
1443 2731 1580 2799 quod
1609 2746 1672 2785 ex
1707 2740 2066 2800 prmconcepta
2096 2731 2214 2799 opi-

639 2825 798 2876 nione
823 2822 1190 2877 Tillemontius
1218 2824 1358 2884 facit,
1391 2823 1478 2876 ubi
1503 2823 1892 2892 quadriennium
1922 2837 2016 2890 pro
2050 2823 2213 2876 trien-

641 2916 727 2965 nio
758 2913 1031 2982 legendum
1059 2923 1255 2973 monet.
1279 2913 1688 2967 reclamantibus
1708 2913 1866 2966 simul
1889 2928 1991 2966 una
2013 2915 2215 2968 cunctis

640 3004 765 3059 Mss.
811 3018 969 3074 atque
994 3004 1150 3058 editis
1200 3005 1345 3057 libris
1395 3015 1444 3058 et
1491 3015 1633 3057 recta
1664 3013 1956 3071 temporum
1989 3004 2214 3058 ratione.

639 3094 842 3148 Rursus
969 3095 1055 3147 ubi
1094 3094 1161 3147 de
1202 3093 1445 3147 Chronici
1484 3094 1728 3147 versione
1766 3094 1817 3146 in
1859 3092 1956 3147 bac
1995 3095 2214 3161 epistola

638 3185 836 3238 mentio
864 3194 948 3238 est
969 3223 984 3249 ,
1014 3184 1064 3236 in
1099 3198 1227 3237 voce
1256 3184 1430 3253 viginti
1470 3185 1650 3251 lapsus
1686 3195 2002 3252 agnoscatur
2027 3199 2216 3252 quem-

637 3276 921 3330 admodum
968 3283 1215 3344 oportere
1259 3275 1664 3337 contendimus,
1715 3284 1770 3327 et
1815 3275 1988 3328 locum
2035 3283 2217 3327 nostro

640 3367 876 3435 perit:qu
919 3367 1221 3430 emendari,
1267 3365 1353 3416 illa
1392 3379 1604 3431 quoque
1647 3363 1860 3426 Epocha
1905 3365 1989 3416 isti
2018 3363 2216 3429 Optime

639 3455 950 3508 cansonzibit
973 3495 989 3518 ,
1032 3455 1170 3522 quod
1215 3455 1458 3505 nimirum
1490 3456 1532 3504 si
1563 3454 1716 3504 annis
1749 3453 1874 3506 380.
1915 3452 2216 3520 quindecim

640 3546 985 3614 superaddas,
1008 3541 1276 3604 eonlicies,
1295 3556 1451 3609 quem
1473 3539 1712 3608 epistola:
1733 3539 2064 3608 assignamus

642 3639 722 3690 Ad
750 3646 1043 3689 extremum
1073 3648 1241 3684 annus
1269 3643 1426 3698 atque
1454 3631 1575 3683 anni
1607 3630 1879 3684 dimidium
1906 3670 1922 3694 ,
1948 3645 2053 3699 quo
2083 3630 2214 3698 Epi-

640 3725 818 3794 plianii
868 3721 1108 3790 superior
1174 3721 1398 3790 epistola
1441 3736 1506 3775 ex
1550 3719 1736 3774 Graeco
1782 3720 2029 3773 translata
2077 3722 2216 3790 apud

644 3814 926 3868 Eu5ebium
961 3812 1127 3876 latuit,
1158 3812 1295 3865 unde
1324 3812 1435 3865 lucc
1467 3809 1767 3880 Hieronymi
1796 3809 1999 3863 initium
2031 3813 2212 3878 sumit,

639 3921 890 3976 perquam
935 3904 1212 3958 commode
1245 3911 1595 3971 supputantur
1617 3941 1632 3966 ,
1665 3910 1720 3953 ιιι
1756 3901 1910 3968 plane
1950 3900 2215 3954 immerito

638 3995 818 4047 videas
845 4009 874 4046 a
900 3993 1238 4047 Tillemontio
1261 4031 1278 4057 ,
1309 3992 1445 4060 quod
1473 4006 1614 4059 saepe
1647 3990 1769 4044 facit
1796 4031 1810 4054 ,
1845 3993 1900 4046 S.
1933 3991 2213 4045 Doctorem

639 4085 709 4140 de
740 4085 938 4137 incuria
972 4084 1022 4137 in
1053 4081 1392 4137 recensendis
1419 4081 1575 4134 annis
1603 4081 1857 4134 acetisari.

711 4174 886 4230 LVIII.
933 4173 1138 4242 Scripta
1161 4175 1282 4227 circ.
1313 4172 1543 4225 eumdem
1568 4188 1656 4224 an.
1689 4169 1813 4226 595.
1835 4201 1909 4211 —
1927 4171 2212 4227 Theodosii

639 4266 1016 4336 Panegyricam
1045 4263 1367 4322 Orationem.
1395 4277 1549 4330 quam
1579 4261 1736 4315 modo
1764 4262 2010 4316 Paulinus
2033 4262 2214 4316 elucu-

641 4354 904 4416 braverat,
933 4369 1052 4407 cum
1080 4353 1289 4422 legiSset
1321 4352 1693 4422 Hieronymus,
1725 4351 2007 4418 plurimum
2039 4351 2214 4405 laudat

641 4443 739 4496 hac
767 4445 1018 4512 Epistola,
1041 4460 1195 4512 quam
1224 4443 1288 4495 ad
1313 4443 1427 4510 ejus
1450 4453 1719 4494 auctorem
1749 4440 2026 4494 Paulinum
2047 4441 2209 4495 misit.

637 4534 773 4589 Hinc
810 4549 877 4587 ex
916 4534 1034 4600 ejus
1088 4533 1353 4588 Orationis
1395 4531 1594 4600 epoclia
1623 4571 1638 4596 ,
1682 4547 1786 4584 non
1827 4533 2051 4585 obscure
2094 4531 2215 4585 licet

637 4624 801 4694 ipsius
837 4623 1072 4690 epistulze
1108 4632 1313 4689 tempus
1349 4621 1614 4682 invenire,
1662 4620 1920 4688 siquidem
1957 4621 2098 4674 illam
2128 4634 2214 4672 as-

640 4713 770 4768 serit
804 4710 1108 4767 Gennadius
1130 4725 1181 4764 c.
1204 4710 1292 4763 48.
1333 4708 1495 4762 fuisse
1531 4725 1560 4761 a
1597 4708 1818 4763 Paulino
1843 4708 2073 4762 dicatam
2113 4708 2211 4776 ipsi

638 4799 962 4865 Theodosio,
989 4814 1146 4867 quem
1171 4813 1328 4866 supra
1349 4798 1505 4850 etiam
1531 4795 2019 4860 animadvertimus,
2049 4797 2209 4865 priori

639 4904 823 4944 mense
847 4904 935 4942 an.
979 4887 1102 4942 395.
1133 4901 1440 4955 supremum
1469 4884 1610 4938 diem
1635 4884 1849 4938 obiisse.
1881 4885 2080 4937 Rursus
2107 4901 2209 4938 non

634 4992 759 5036 ante
785 4979 1139 5048 septembrem
1176 4977 1465 5046 superioris
1483 4975 1605 5028 anni
1631 4974 1755 5029 394.
1777 4974 2026 5043 scriptam
2050 4975 2211 5030 fuisse

635 5070 831 5126 evincit
856 5069 1026 5138 ipsum
1053 5068 1390 5137 Panegyricus
1413 5064 1679 5119 Orationis
1704 5074 2092 5132 argumentum.
2119 5061 2212 5118 Vi-

628 5160 811 5216 ctoriae
840 5173 1051 5226 nempe,
1082 5173 1239 5228 quam
1265 5156 1332 5210 de
1357 5155 1599 5227 tyrannis
1625 5152 1850 5207 Maximo
1868 5193 1883 5217 ,
1911 5159 2070 5222 atque
2096 5151 2206 5206 Eu-

630 5250 788 5318 genio
815 5247 1146 5304 Theodosius
1171 5247 1428 5302 retulerat
1452 5263 1465 5298 :
1493 5260 1715 5316 quorum
1745 5244 1880 5299 alter
1905 5243 2170 5314 Eugenius
2189 5285 2203 5307 ,

636 5358 741 5393 non
772 5342 916 5409 prius
942 5356 1007 5395 eo
1036 5356 1216 5395 mense
1241 5341 1478 5395 devictus
1501 5348 1622 5403 est,
1647 5347 1804 5408 atque
1829 5337 2058 5392 occisus.
2089 5336 2205 5406 Ipsa

634 5429 796 5499 igitur
836 5428 950 5482 hare
991 5431 1214 5497 epistola
1239 5472 1254 5496 ,
1284 5447 1386 5500 qua
1428 5433 1496 5485 de
1532 5431 1724 5496 ingenii
1765 5431 2010 5483 felicitate
2049 5429 2100 5482 in
2141 5442 2207 5482 eo

694 5537 770 5600 (ιι)
802 5536 926 5600 Sunt
937 5538 1523 5600 quipudumprafnomen
1538 5539 1772 5600 tlesychio
1792 5540 1943 5588 fuisse
1965 5544 2205 5600 asseram,

630 5599 809 5705 quibus
844 5597 968 5644 adeo
1008 5597 1202 5651 dicitur.
1229 5597 1397 5646 nudus
1420 5597 1699 5669 Hesychius.
1723 5599 2062 5671 Vid..Basnag.
2089 5599 2206 5668 bist.

663 5657 745 5705 ω.
769 5656 854 5705 lib.
877 5655 966 5705 lll.
989 5669 1095 5705 can.
1119 5656 1184 5705 Il.
1210 5669 1322 5705 natz.
1346 5657 1422 5705 54.
1447 5657 1540 5705 llic
1561 5665 1639 5705 est
1659 5664 1777 5705 tom.
1801 5661 1860 5705 \.
1886 5668 1941 5705 ιιι
1983 5660 2205 5705 mltlet-

663 5657 745 5705 ud.
769 5656 854 5705 lib.
877 5655 966 5714 lll,
989 5669 1095 5716 cap.
1119 5656 1184 5706 Il.
1210 5669 1322 5716 pag.
1346 5657 1422 5706 54.
1447 5655 1540 5706 Bié
1561 5665 1639 5707 est
1659 5664 1777 5707 tom.
1801 5660 1860 5709 Υ.
1886 5668 1941 5710 ut
1983 5655 2205 5709 itiicﬂbi-

635 5725 731 5778 tur,
757 5719 863 5766 sive
886 5705 1000 5766 torni
1026 5705 1123 5776 Ill,
1140 5705 1249 5779 pars
1273 5705 1311 5763 Ϊ.

2031 279 2418 338 ΡΒΕΕᾺΤΙΟ.

3735 295 3887 357 LXIV

2331 409 2494 463 opere
2519 392 2825 450 exornando
2852 407 2974 449 cum
3004 395 3225 453 Paulino
3248 400 3538 469 gratulatur
3561 445 3575 468 ,
3606 405 3761 476 eique
3783 423 3892 479 gra-

2330 485 2428 536 tias
2453 483 2577 553 agit,
2607 485 2670 539 ad
2699 485 2942 540 eumdem
2971 503 3167 542 annum
3196 489 3319 546 395.
3349 492 3575 562 fortasse
3604 503 3777 551 tamen
3802 500 3892 554 sub

2327 576 2485 628 finem
2515 583 2598 629 est
2635 575 2931 630 referenda.
2962 577 3079 632 Huc
3108 577 3305 634 faciunt
3337 582 3587 651 pleraque
3614 585 3715 638 alia
3742 601 3890 656 argu-

2326 672 2526 728 menta,
2554 673 2713 733 atque
2743 665 2871 719 illud
2900 669 3182 736 praecipue,
3214 669 3355 738 quod
3382 686 3449 725 ex
3478 671 3784 741 Vigilantio,
3811 677 3890 745 qui

2326 754 2425 808 sub
2442 755 2683 824 epistolze
2709 758 2865 810 linem
2893 757 3154 824 laudatur,
3177 760 3416 829 depromi
3442 764 3594 816 solet.
3621 763 3718 818 Hic
3737 765 3889 832 enim,

2323 844 2413 912 qui
2443 860 2585 899 nunc
2613 846 2808 899 dicitur
2833 845 3111 903 discedere
3144 849 3420 905 Palaestina
3439 893 3456 917 ,
3488 861 3544 906 et
3570 853 3789 908 fortasse
3817 856 3893 907 lit-

2326 940 2562 986 terarum
2582 933 2646 986 ad
2677 934 2950 989 Paulinum
2976 937 3200 1004 portitor
3223 938 3337 1000 fuit.
3360 941 3544 994 aderat
3564 952 3741 996 tamen
3763 957 3892 998 anno
3919 930 3923 934 ’

2326 1021 2584 1089 superiori
2605 1022 2729 1076 594.
2749 1035 2997 1088 exeunte,
3017 1041 3122 1094 quo
3145 1035 3386 1096 tempore
3406 1031 3578 1083 subito
3602 1041 3892 1086 terrmmutu
3927 1077 3936 1098 ,

2323 1108 2391 1162 de
2422 1111 2591 1165 noctis
2619 1113 2795 1166 medio
2820 1115 3132 1182 perterritus
3152 1157 3166 1180 ,
3194 1131 3256 1170 ac
3280 1119 3450 1174 nudus
3475 1121 3698 1176 exiliens
3721 1124 3893 1192 absque

2325 1200 2497 1252 tunica
2521 1241 2536 1266 ,
2569 1202 2619 1254 in
2648 1203 2868 1255 aliorum
2895 1214 3182 1272 conspectu
3208 1207 3378 1260 oravit
3401 1248 3416 1272 ,
3444 1223 3600 1278 quam
3629 1210 3702 1265 illi
3733 1217 3892 1282 turpi-

2326 1288 2562 1343 tudinem
2613 1289 2968 1361 Hieronymus
3005 1295 3290 1360 exprobrat
3328 1297 3378 1349 in
3406 1311 3474 1351 eo
3502 1298 3717 1369 libello,
3745 1316 3890 1370 quem

2322 1387 2508 1431 contra
2540 1380 2711 1448 ipsum
2740 1379 3078 1451 Vigilantium
3109 1385 3397 1453 inscripsit.

2392 1466 2529 1522 LIX.
2562 1466 2772 1538 Scripta
2794 1487 2883 1524 an.
2911 1471 3037 1525 395.
3063 1472 3142 1525 vel
3163 1473 3288 1527 396.
3309 1474 3532 1530 —lnter
3552 1475 3683 1530 alias
3705 1492 3738 1532 e
3759 1477 3894 1533 Novo

2320 1554 2662 1612 Testamento
2686 1561 3007 1628 quaistiones
3026 1601 3041 1627 ,
3072 1577 3206 1631 quas
3247 1563 3571 1636 Hieronymo
3598 1569 3894 1624 enodandas

2325 1657 2668 1714 proposuerat
2694 1648 2938 1704 Marcella
2960 1689 2976 1715 ,
3003 1666 3064 1705 ea
3094 1662 3210 1706 erat
3234 1655 3468 1709 secundo
3496 1657 3632 1722 loco,
3660 1673 3821 1728 quam
3842 1673 3894 1714 se

2322 1750 2412 1800 per
2444 1736 2711 1789 transitum
2744 1738 2797 1791 in
2835 1739 2945 1809 ejus
2973 1738 3245 1810 Opusculis
3285 1743 3474 1812 legisse
3497 1745 3740 1810 dicebat,
3768 1748 3915 1818 quod‘

2320 1821 2473 1891 Agni,
2504 1824 2591 1893 qui
2613 1835 2744 1879 stant
2770 1843 2802 1879 a
2829 1827 3039 1893 dextris,
3062 1839 3108 1882 et
3134 1831 3286 1896 haedi,
3314 1834 3400 1896 qui
3423 1844 3559 1886 stant
3583 1851 3616 1887 a
3639 1837 3857 1891 sinistris
3873 1876 3888 1897 ,

2322 1912 2596 1970 Christiani
2620 1927 2812 1982 essent,
2845 1929 2993 1988 atque
3032 1919 3252 1975 Gentiles
3271 1963 3287 1986 ,
3318 1933 3362 1976 et
3391 1942 3492 1977 non
3520 1926 3689 1995 potius
3715 1927 3834 1980 boni
3855 1935 3897 1981 et

2323 2006 2463 2056 mali.
2493 2004 2588 2060 Cui
2620 2007 2973 2079 Hieronymus
2999 2052 3012 2074 ,
3059 2022 3118 2066 ut
3158 2028 3219 2067 sc
3262 2013 3364 2068 boc
3398 2015 3680 2085 aliquando
3707 2017 3896 2072 dixisse

2321 2111 2426 2149 non
2475 2100 2738 2154 recordari
2779 2102 3122 2169 proﬁteatur,
3155 2116 3404 2173 quantum
3466 2116 3640 2161 tamen
3686 2108 3895 2163 dictantt

2321 2187 2496 2242 subito
2522 2191 2784 2256 occurrit,
2817 2191 2866 2244 in
2897 2194 3131 2246 secundo
3157 2196 3424 2250 volumine
3450 2207 3632 2250 contra
3657 2197 3896 2252 Jovinia-

2322 2294 2444 2331 num
2474 2279 2574 2333 hoc
2599 2296 2758 2350 super
2793 2283 3044 2350 capitulo,
3071 2286 3182 2339 sive
3206 2285 3271 2339 de
3295 2302 3381 2350 eo,
3404 2287 3545 2355 quod
3572 2289 3623 2342 in
3653 2289 3894 2343 eamdem

2319 2371 2662 2438 qutestiooem
2704 2372 2881 2436 cadit,
2912 2375 3001 2428 ubi
3043 2376 3212 2441 pisces
3248 2379 3371 2431 mali
3413 2394 3442 2431 a
3480 2379 3632 2432 bonis
3672 2381 3898 2448 piscibus

2320 2469 2655 2527 separantur,
2682 2475 2742 2515 se
2767 2461 3066 2532 disputasse
3092 2481 3197 2518 non
3229 2465 3512 2520 inficiatur.
3545 2469 3755 2524 Exinde
3778 2483 3897 2524 vero

2322 2562 2425 2601 non
2463 2549 2688 2604 obscure
2731 2551 2854 2606 licet
2897 2555 3253 2622 argumentari
3279 2596 3292 2616 .
3326 2567 3447 2625 post
3476 2573 3634 2610 unum
3665 2558 3855 2613 saltem
3880 2598 3895 2622 ,

2319 2647 2478 2707 atque
2521 2642 2744 2694 alterum
2775 2656 2970 2696 annum
2999 2644 3066 2697 ab
3091 2645 3325 2700 exaratis
3351 2656 3537 2700 contra
3565 2646 3898 2701 JOvinianum

2321 2727 2487 2790 libris,
2517 2728 2804 2798 Epistolam
2832 2731 2994 2787 fuisse
3038 2735 3421 2803 conscriptam,
3450 2736 3708 2805 siquidem
3736 2752 3901 2807 neque

2319 2818 2421 2871 alia
2449 2819 2711 2887 Opuscula
2737 2837 2892 2889 quam
2918 2838 3035 2890 qua:
3062 2825 3112 2876 in
3145 2823 3464 2880 Przefatione
3491 2827 3540 2879 in
3571 2826 3765 2881 Jonam
3793 2843 3899 2881 me-

2321 2919 2613 2973 morantur,
2637 2920 2692 2964 et
2735 2912 2802 2963 ab
2827 2926 2965 2964 anno
2991 2913 3095 2966 393
3127 2914 3190 2966 ad
3222 2915 3346 2968 395.
3382 2927 3594 2969 exarata
3626 2927 3794 2982 sunt,
3824 2917 3902 2969 vi-

2321 3000 2475 3056 detur
2490 3001 2737 3057 Marcella
2759 3018 2868 3072 pra:
2883 3005 3049 3058 oculis
3070 3005 3339 3066 habuisse.
3359 3022 3531 3076 neque
3549 3007 3901 3079 Hieronymus

2322 3098 2434 3144 tum
2457 3090 2668 3145 demum
2691 3107 2720 3144 a
2741 3107 2800 3147 se
2821 3092 2992 3148 editos
3010 3103 3192 3146 contra
3211 3094 3542 3149 Jovinianum
3569 3097 3759 3161 libros,
3782 3099 3902 3166 quin

2321 3184 2428 3236 imo
2454 3199 2560 3260 non
2593 3185 2662 3238 ita
2692 3183 2894 3254 pridem
2924 3185 3164 3255 vulgatos
3190 3195 3356 3244 notat.
3388 3197 3445 3241 ut
3474 3203 3583 3241 rem
3612 3190 3797 3243 animo
3826 3202 3904 3242 re-

2320 3275 2524 3341 petenti
2557 3275 2701 3329 locus
2730 3287 3053 3330 occurreret.

2392 3365 2504 3418 LX.
2547 3366 2753 3435 Scripta
2796 3367 2888 3418 sub
2933 3368 3131 3418 initium
3176 3383 3261 3418 an.
3294 3367 3420 3420 396.
3446 3369 3614 3421 -—lta
3659 3367 3803 3423 hanc
3842 3367 3902 3421 ad

2321 3451 2662 3505 Heliodorum
2707 3453 2774 3506 de
2813 3453 3088 3520 Nepotiani
3133 3464 3300 3506 morte
3342 3455 3614 3522 epistolam
3650 3472 3745 3510 an.
3780 3458 3900 3513 396.

2321 3539 2469 3594 initio
2525 3540 2861 3609 affingimus,
2902 3549 2958 3594 ιιι
3002 3556 3173 3609 neque
3218 3543 3435 3596 ulterius
3481 3543 3676 3597 differri
3703 3588 3719 3608 ,
3765 3548 3901 3616 quod

2319 3629 2514 3698 passim
2543 3628 2684 3682 docti
2715 3627 2957 3684 homines
2986 3629 3182 3684 faciunt
3201 3670 3216 3692 ,
3248 3647 3416 3700 neque
3451 3647 3636 3688 rursus
3665 3636 3901 3704 praeponi

2321 3735 2476 3789 posse
2500 3761 2514 3784 ,
2545 3721 2706 3774 certis
2746 3720 3073 3790 argumentis
3100 3721 3397 3776 credamus.
3444 3722 3498 3776 In
3537 3724 3726 3792 primis
3755 3734 3901 3780 certo

2320 3811 2520 3865 certius
2549 3821 2651 3877 est,
2680 3811 2858 3866 deberi
2887 3811 3026 3865 illam
3053 3827 3118 3866 eo
3139 3813 3350 3866 circiter
3375 3815 3601 3867 triennio
3624 3816 3896 3879 concludi,

2319 3903 2460 3971 quod
2487 3902 2556 3955 ab
2581 3910 2808 3956 exeunte
2846 3920 2932 3955 an.
2965 3901 3090 3956 392.
3136 3904 3184 3954 in
3219 3901 3522 3970 praefatione
3569 3918 3901 3960 commenta-

2321 3994 2525 4046 riorum
2553 3992 2605 4045 in
2632 3991 2818 4046 Jouam
2848 3993 2959 4061 ipse
2984 3993 3333 4063 Hieronymus
3357 4003 3570 4059 censet;
3601 4009 3708 4048 non
3736 3997 3895 4058 enim,

2319 4084 2366 4138 si
2415 4082 2482 4136 ad
2530 4097 2725 4136 annum
2776 4097 2940 4151 usque
2989 4081 3112 4137 597.
3162 4097 3281 4135 cum
3325 4082 3660 4137 Tillemontio
3704 4085 3900 4153 produ-

2319 4184 2504 4238 catur,
2530 4173 2642 4241 jam
2688 4173 3003 4237 triennium,
3031 4172 3124 4226 sed
3172 4172 3571 4240 quadriennium
3612 4172 3897 4228 efﬂuxerit.

2317 4265 2426 4319 Nec
2478 4265 2653 4318 minus
2689 4265 3020 4334 exploratum
3065 4273 3151 4317 est
3196 4271 3317 4317 ante
3363 4263 3490 4317 396.
3542 4264 3758 4332 prodire
3795 4279 3898 4318 non

2318 4357 2590 4425 potuisse,
2643 4355 2905 4424 siquidem
2962 4355 3117 4406 trium
3175 4352 3582 4427 Consularium,
3636 4353 3896 4418 Timasii.

2318 4445 2534 4510 Ruflini,
2574 4455 2628 4500 et
2647 4445 2952 4500 abundantii
2981 4446 3312 4499 miserabiles
3339 4445 3535 4509 exitus,
3565 4446 3653 4514 qui
3684 4446 3898 4502 labente

2317 4536 2580 4604 superiori
2647 4551 2788 4589 anno
2871 4535 2996 4590 395.
3056 4537 3438 4603 contigerunt.
3495 4544 3766 4600 enarrat;
3845 4544 3898 4591 et

2316 4625 2712 4678 Abundantium
2742 4624 2955 4695 quidem
2983 4641 3087 4680 non
3116 4626 3312 4679 Sidone
3331 4665 3347 4691 ,
3378 4641 3485 4694 quo
3517 4626 3742 4692 primum
3776 4626 3896 4680 fue-

2316 4723 2399 4768 rat
2440 4715 2701 4784 relegatus
2728 4755 2744 4780 ,
2780 4715 2874 4770 sed
2917 4715 3161 4785 Pityunte
3189 4716 3398 4769 exulem
3436 4725 3618 4778 notat;
3649 4715 3897 4770 lluffinus

2315 4820 2441 4858 vero
2465 4846 2481 4870 ,
2513 4820 2668 4874 quem
2712 4805 2940 4874 priorem
2980 4805 3213 4858 historici
3260 4805 3489 4873 produnt
3522 4807 3590 4859 ab
3628 4805 3894 4859 altissimo

2317 4893 2544 4949 fortuna:
2567 4895 2734 4965 gradu
2763 4893 3021 4948 excidisse
3043 4934 3058 4956 ,
3086 4909 3188 4945 non
3217 4893 3317 4946 nisi
3347 4893 3434 4947 die
3467 4893 3557 4946 27.
3586 4895 3894 4947 novembris

2313 4986 2524 5051 cecidit,
2555 4997 2712 5054 atque
2738 4985 2946 5038 occisus
2983 4991 3082 5036 est.
3117 4982 3470 5050 Quamobrem
3505 4981 3761 5037 solemnis
3797 4997 3892 5038 ca-

2315 5077 2519 5132 vendus
2542 5085 2626 5132 est
2652 5089 2803 5129 error
2822 5114 2837 5140 ,
2868 5073 2921 5127 in
2951 5087 3106 5141 quem
3137 5087 3241 5126 non
3281 5072 3410 5126 satis
3439 5072 3576 5127 bene
3602 5071 3894 5126 intellectis

2313 5170 2370 5224 S.
2392 5166 2698 5237 Hieronymi
2717 5163 2912 5227 verbis,
2935 5162 3172 5233 plerique
3191 5163 3330 5217 docti
3353 5163 3449 5216 viri
3471 5162 3738 5224 labuntur,
3763 5161 3891 5216 dum

2311 5261 2378 5312 ab
2417 5274 2482 5312 eo
2514 5256 2618 5310 dici
2657 5262 2840 5322 putant
2886 5252 2983 5305 hos
3013 5251 3294 5306 illustrium
3322 5251 3554 5304 virorum
3582 5264 3741 5303 casus
3767 5261 3894 5304 ante

2309 5347 2577 5404 biennium
2609 5343 2897 5409 accidisse;
2929 5341 3068 5410 quod
3101 5341 3190 5396 ille
3219 5353 3546 5409 nequaquam
3576 5337 3754 5403 dixit,
3793 5337 3892 5392 sed

2309 5452 2428 5491 cum
2457 5435 2840 5505 lmperatorum
2864 5430 3219 5486 conditionem
3245 5429 3606 5498 deplorasset,
3635 5441 3700 5481 ac
3726 5427 3895 5482 vellet

2311 5527 2541 5596 privatas
2571 5525 2730 5579 etiam
2768 5523 2950 5578 ruinas
2989 5521 3044 5574 in
3080 5519 3436 5575 testimonium
3467 5516 3770 5580 adducere,
3798 5529 3894 5571 eas

2311 5633 2428 5688 quae
2449 5615 2718 5671 biennium
2738 5610 3079 5676 excederent,
3101 5624 3160 5665 se
3179 5609 3372 5665 missas
3389 5607 3562 5662 facere
3585 5606 3713 5674 proli
3723 5614 3890 5670 tetur,

2313 5719 2468 5777 atque
2493 5714 2550 5759 ut
2573 5713 2764 5758 caetera
2792 5700 3180 5771 praetermittat,
3206 5715 3304 5756 suo
3327 5699 3596 5770 proposito
3620 5696 3750 5752 dicit
3779 5697 3894 5751 suf-
