4048 6192
258 362 409 417 licere
430 361 587 414 trium
612 332 776 428 nuper
793 351 1143 409 Consularium
1163 366 1386 408 auersos
1407 361 1591 407 cattus.
1619 330 1700 406 Ad
1728 366 1824 405 ex-

245 441 481 505 tremum
530 445 662 502 illud
711 444 870 499 etiam
916 443 968 497 in
1012 457 1127 497 rem
1175 450 1411 496 nostram
1456 441 1825 511 gravissimum

259 549 616 610 argumentum
649 537 889 601 videtur,
930 533 1069 604 quod
1107 548 1301 602 nempe
1321 574 1338 598 ,
1368 547 1489 587 cum
1527 531 1828 586 tradidisset

188 678 203 695 ,
264 631 605 699 llieronymus
651 626 927 681 Orientem
968 632 1122 678 antea
1164 638 1194 676 a
1235 623 1425 689 malis,
1468 623 1659 693 quibus
1703 621 1825 675 alite

262 724 504 777 Romana:
535 719 752 774 ditionis
790 725 969 787 partes
1006 714 1400 785 premebamur,
1432 712 1594 767 fuisse
1629 712 1823 765 immn-

256 829 373 869 nem
396 854 412 877 ,
441 813 620 867 statim
646 809 824 865 subdit
852 827 868 861 :
901 805 1030 860 Ecce
1057 805 1145 859 tibi
1172 821 1305 859 anno
1334 804 1586 873 praeterito
1613 818 1675 856 ex
1702 799 1823 854 ulti-

253 908 347 961 mis
370 904 588 960 Caucasi
610 901 823 963 rupibus
849 897 1062 952 immissi
1096 899 1151 951 in
1188 912 1281 951 nos
1318 911 1420 949 non
1450 896 1567 966 jam
1592 892 1822 955 Arabiae,

250 995 338 1049 sed
381 993 752 1064 Septentrionis
774 989 884 1058 lupi
905 997 1073 1041 tantas
1090 985 1231 1040 brevi
1267 984 1550 1056 prouincias
1570 996 1828 1052 percurre-

248 1094 387 1137 runt.
426 1083 525 1139 Bis
562 1083 706 1138 enim
735 1079 912 1135 verbis
942 1075 1277 1146 apertissime
1313 1073 1483 1127 innuit
1514 1071 1825 1127 Hunnorum

230 1173 452 1230 Gentes
470 1215 486 1240 ,
511 1187 663 1244 quas,
691 1181 751 1225 ut
774 1185 884 1223 sine
908 1167 1186 1222 rebellioni
1215 1164 1561 1236 prodessent,
1588 1161 1829 1216 Ruftluus

242 1282 336 1321 an.
360 1265 493 1321 595.
516 1265 571 1318 in
592 1260 802 1331 Imperii
822 1267 989 1313 terras
1008 1256 1249 1320 immisit,
1268 1262 1328 1308 ut
1344 1253 1573 1322 amplius
1591 1251 1832 1306 dubitare

241 1371 358 1409 non
389 1354 551 1408 liceat
580 1349 867 1420 Epistulam
886 1387 901 1411 ,
928 1362 1046 1414 qua:
1072 1344 1343 1415 sequentis
1369 1343 1497 1398 anni
1521 1342 1737 1403 dicitur,
1766 1340 1833 1394 ad

232 1444 373 1501 596.
405 1458 530 1497 esse
557 1438 928 1495 revocandam.
957 1433 1003 1489 E
1032 1434 1300 1488 contrario
1328 1434 1380 1487 in
1410 1447 1597 1487 eorum
1622 1440 1835 1486 senten-

245 1536 338 1600 tia,
362 1535 454 1605 qui
489 1532 633 1586 illam
662 1529 837 1584 adhuc
865 1528 918 1581 in
944 1525 1073 1582 597.
1097 1525 1345 1580 differunt
1364 1564 1380 1587 ,
1408 1524 1661 1593 explicari
1688 1524 1833 1577 nullo

247 1624 405 1681 modo
432 1621 621 1692 possit,
648 1620 736 1688 qui
763 1617 957 1671 dixerit
982 1616 1043 1671 S.
1075 1616 1269 1669 Doctor
1289 1613 1559 1670 Orientem
1588 1615 1827 1681 superio-

234 1706 394 1771 ribus
436 1710 593 1765 annis
643 1706 822 1777 praslia
847 1744 864 1770 ,
906 1714 1066 1773 atque
1112 1704 1441 1756 incursiones
1484 1701 1822 1754 barbararum

231 1807 493 1865 Gentium
516 1801 737 1857 minime
759 1807 1055 1867 expertum,
1079 1810 1202 1851 cum
1223 1811 1286 1849 ex
1308 1793 1600 1849 Claudiano
1626 1793 1679 1847 iu
1712 1792 1821 1869 Ett-

240 1908 386 1966 trop.
430 1894 468 1947 l.
508 1894 560 1946 l.
591 1890 813 1955 aliisque
840 1885 1147 1940 auctoribus
1174 1892 1380 1938 constet
1428 1882 1688 1937 Barbaros
1710 1882 1819 1950 jam

231 1988 313 2043 ab
338 2003 425 2039 an.
457 1986 584 2042 595.
613 1984 791 2038 Asiam
829 1996 890 2033 ac
914 1980 1118 2050 Syriam
1146 1976 1305 2032 fuisse
1327 1977 1433 2030 late
1452 1975 1816 2044 depopulatos.

313 2078 452 2135 LXI.
486 2078 694 2146 Scripta
718 2090 806 2128 an.
831 2071 960 2127 596.
1000 2071 1122 2124 circ.
1155 2072 1247 2136 lin.
1273 2096 1344 2108 —
1368 2068 1537 2121 Totus
1563 2070 1615 2120 in
1646 2082 1712 2121 eo
1738 2075 1819 2120 est

234 2173 629 2243 Hieronymus,
653 2166 1048 2223 utcalumuiam
1068 2162 1401 2232 Origenianae
1424 2160 1691 2215 haereseos
1711 2175 1739 2212 a
1763 2174 1822 2214 se

242 2279 400 2336 quam
426 2261 740 2331 longissime
765 2256 1011 2327 repellat,
1042 2269 1106 2308 ac
1135 2252 1478 2322 Vigilantiam
1507 2254 1702 2305 acriter
1735 2266 1823 2303 rc-

248 2352 568 2426 preheudat,
596 2348 939 2404 vaferrimum
967 2344 1260 2406 hominem,
1288 2351 1449 2411 atque
1480 2340 1817 2409 iniuriosum,

234 2444 331 2513 qui
361 2457 489 2497 cum
512 2456 544 2494 e
567 2437 851 2493 Palaestina
883 2450 989 2489 non
1012 2436 1082 2488 ita
1115 2433 1320 2502 pridem
1341 2432 1677 2485 discessisset
1700 2431 1821 2483 ficta

246 2529 685 2588 reconciliatione
703 2526 974 2587 amicitiae,
1003 2525 1054 2577 in
1085 2525 1201 2592 ipso
1223 2522 1431 2585 itinere,
1457 2535 1564 2589 quo
1595 2520 1818 2588 patriam

237 2621 520 2686 tendebat,
552 2620 682 2672 inter
701 2615 948 2669 Adriatici
972 2614 1126 2667 maris
1149 2613 1332 2682 ﬂuctus
1356 2620 1505 2677 atque
1526 2609 1677 2678 Alpes
1692 2606 1816 2664 Cot-

240 2714 336 2767 tias
365 2724 557 2766 rursus
595 2722 659 2762 os
688 2706 929 2762 fetidum
965 2713 1150 2757 contra
1187 2701 1569 2772 Hieronymum
1609 2700 1819 2767 aperire

244 2816 404 2857 ausus
424 2809 529 2865 est,
559 2799 783 2867 ejusque
812 2810 1004 2849 nomen
1035 2794 1140 2847 late
1166 2792 1442 2845 infamare.
1468 2789 1544 2844 Ex
1569 2804 1676 2858 quo
1707 2788 1814 2842 fer-

234 2910 324 2950 me
347 2892 658 2949 communis
681 2888 859 2957 opinio
879 2894 982 2946 est,
1004 2885 1087 2938 cui
1117 2898 1215 2935 nos
1234 2897 1443 2950 quoque
1470 2882 1815 2943 assentio-iur,

236 2984 357 3039 huic
376 2996 525 3037 anno
546 2980 672 3036 596.
712 2978 990 3047 epistolam
1030 2974 1227 3027 debere
1268 2967 1821 3038 ascribi,quandoqui-

245 3075 360 3129 dem
384 3082 637 3134 constat,
669 3083 774 3122 non
803 3067 906 3120 nisi
934 3063 1191 3133 superiori
1215 3061 1339 3115 595.
1366 3073 1535 3126 eoque
1562 3059 1625 3111 ad
1657 3057 1817 3110 linem

240 3173 516 3236 vergente,
543 3158 707 3229 Vigila
717 3158 882 3210 utinm
899 3170 931 3208 e
946 3152 1223 3207 l'almstina
1242 3149 1475 3203 evasisse
1493 3164 1507 3205 :
1530 3146 1669 3213 quod
1694 3162 1821 3212 pau-

239 3254 289 3309 lo
308 3268 476 3324 supra
510 3254 563 3305 in
589 3252 756 3303 altera
781 3248 847 3299 ad
876 3244 1153 3299 Paulinum
1193 3238 1430 3309 Epistula
1460 3238 1748 3291 innuimus.

303 3342 469 3397 LXII.
519 3340 729 3409 Scripta
769 3352 855 3389 an.
888 3333 1013 3389 596.
1042 3330 1123 3385 vel
1147 3330 1275 3385 597.
1303 3358 1375 3369 —
1408 3328 1619 3381 Annum
1660 3340 1817 3395 quem

240 3433 358 3488 huic
395 3431 468 3487 ad
504 3427 932 3497 Tranquilliuum
983 3421 1237 3492 Epistula:
1284 3418 1565 3472 tribuimus
1609 3431 1673 3470 ex
1706 3425 1818 3468 toto

228 3523 401 3578 ferme
438 3528 703 3575 contextu
749 3534 854 3571 non
894 3516 1197 3583 incongrnis
1242 3511 1571 3581 argumentis
1611 3507 1819 3561 eruisse

239 3615 386 3669 nobis
406 3611 680 3666 videmur.
710 3607 1030 3676 Origeniana
1056 3619 1215 3658 causa
1246 3604 1430 3656 turbas
1455 3603 1601 3653 ciere
1632 3601 1684 3651 in
1719 3598 1816 3651 Ec-

230 3705 388 3760 clesia
421 3714 538 3759 tum
572 3700 832 3770 temporis
872 3697 1175 3765 incipiebat,
1213 3703 1267 3748 et
1294 3693 1479 3746 Romae
1508 3707 1568 3745 ea
1600 3691 1815 3744 demum

237 3795 301 3849 de
327 3793 564 3863 Origene
596 3789 824 3858 quaestio
848 3796 982 3848 erat,
1005 3801 1071 3838 an
1097 3785 1293 3854 penitus
1326 3781 1637 3851 respuendas
1667 3791 1813 3844 esset,

235 3886 382 3954 cujus
410 3879 706 3941 sententia
736 3894 841 3932 non
886 3878 984 3930 nisi
1012 3876 1224 3944 quidam
1255 3873 1536 3927 Faustinus
1567 3874 1617 3925 in
1664 3873 1814 3925 testi-

236 3978 469 4031 monium
511 3972 824 4030 adducitur,
864 3982 931 4022 an
968 3983 1096 4021 vero
1112 3970 1265 4036 juxta
1304 3965 1549 4035 quosdam
1578 3963 1817 4035 legendus

236 4084 297 4121 et
324 4079 485 4136 parte.
520 4066 906 4133 Hieronymus,
938 4060 1025 4129 qui
1070 4058 1291 4112 alteram
1330 4056 1647 4111 sententiam
1677 4069 1815 4122 prte-

232 4156 373 4212 t‘erre
416 4168 765 4227 nequaquam
790 4151 1017 4213 dubitat,
1047 4164 1162 4213 eos,
1188 4148 1273 4216 qui
1311 4148 1363 4199 in
1386 4162 1607 4199 amorem
1639 4145 1819 4214 Orige-

238 4251 313 4303 nis
352 4250 598 4310 nimium,
632 4245 709 4299 vel
745 4245 798 4297 in
837 4242 1010 4296 odium
1049 4239 1295 4294 stomachi
1330 4239 1410 4290 sui
1438 4238 1684 4306 pravitate
1725 4235 1819 4287 du-

238 4351 436 4404 cuntur,
471 4336 675 4391 asserit
711 4332 997 4388 maledicto
1047 4329 1354 4399 prophetico
1380 4328 1657 4395 suhjacere
1687 4343 1700 4379 :
1731 4323 1821 4379 Va:

234 4429 313 4482 bis
330 4429 414 4497 qui
437 4428 624 4480 dicunt
645 4424 831 4478 bonum
851 4421 1059 4483 malum,
1084 4429 1130 4472 et
1156 4419 1345 4472 malum
1371 4418 1576 4471 bonum.
1604 4414 1684 4469 Ad
1708 4418 1820 4468 haec

234 4517 513 4572 Oceanum
542 4528 845 4584 repugnare
870 4512 1083 4565 illorum
1109 4510 1349 4575 insaniae,
1373 4508 1461 4578 qui
1486 4521 1546 4561 se
1572 4516 1819 4576 pateren-

239 4618 321 4662 tur
341 4607 700 4677 Origenianis
718 4602 995 4657 erroribus
1019 4599 1217 4668 decipi,
1248 4608 1354 4652 tum
1377 4598 1629 4667 primum,
1653 4596 1821 4650 Tran-

236 4700 465 4765 qnillino
497 4703 777 4758 narrante,
801 4693 998 4764 gaudet
1024 4690 1343 4760 intelligere.
1373 4689 1495 4743 dum
1526 4688 1587 4741 ab
1625 4689 1820 4741 erudito

238 4787 348 4840 viro
389 4786 683 4840 errantibus
710 4783 1017 4837 subvenitur-
1058 4779 1302 4835 Oceanus
1326 4789 1504 4833 autem
1530 4780 1637 4846 jam
1667 4793 1697 4831 a
1733 4793 1823 4831 su-

184 4926 192 4933 .
236 4879 439 4943 periori
467 4870 627 4930 annﬂ
655 4876 777 4931 595.
809 4873 1434 4929 Βειιιιεηιοόἰεεθδεεηιι
1461 4886 1580 4925 cum
1628 4871 1686 4926 S.
1724 4870 1825 4923 Fa-

239 4963 414 5027 biola,
458 4979 524 5018 ac
546 4965 774 5019 Romam
816 4978 1115 5035 regressus,
1147 4977 1282 5033 quos
1308 4963 1590 5025 imbuerat,
1629 4961 1822 5016 Hiero-

237 5056 396 5128 nymi
441 5068 651 5108 sensus
689 5069 748 5109 ac
788 5056 1083 5112 doctrinam
1126 5056 1431 5125 explicavit.
1478 5054 1619 5109 Nihil
1666 5069 1826 5122 porro

236 5148 451 5220 uspiam
495 5147 556 5201 in
602 5143 830 5214 epistola
869 5148 1138 5213 occurrit,
1188 5145 1330 5216 quod
1378 5154 1528 5201 notet
1568 5145 1824 5201 factiones

238 5241 521 5296 hominum
553 5252 659 5307 pro
694 5235 930 5307 Origenis
956 5239 1192 5301 nomine,
1244 5248 1336 5292 aut
1360 5237 1427 5292 de
1454 5235 1665 5290 Ruffino
1693 5251 1824 5306 que-

238 5334 373 5389 relas
402 5333 664 5404 replicet,
699 5339 855 5401 atque
883 5331 1143 5399 ejusmodi
1182 5330 1307 5393 alia,
1344 5347 1463 5402 quae
1500 5332 1554 5385 in
1595 5344 1718 5384 mox
1745 5343 1830 5385 se-

237 5429 438 5483 cuturis
475 5426 647 5481 tertio
674 5438 889 5494 quoque
913 5426 1076 5480 verbo
1103 5428 1439 5498 ingeruntur.

304 5516 488 5573 LXIII.
524 5515 750 5583 Scripta
786 5515 916 5567 circ.
958 5531 1046 5567 an.
1077 5515 1201 5570 597.
1226 5548 1299 5560 —
1325 5516 1404 5571 Ex
1446 5514 1553 5579 his,
1583 5531 1700 5585 qua:
1745 5529 1833 5569 sn-

236 5619 457 5678 persunt
498 5606 831 5677 Hieronymi
859 5605 928 5660 ad
956 5603 1305 5675 Theophilum
1347 5604 1610 5678 epistolis,
1654 5606 1830 5675 plures

1686 239 1940 299 fREFA
1948 242 2079 301 TIO.

3344 260 3510 320 LXVI

1937 356 2081 444 enim
2110 353 2514 425 interciderunt,
2542 371 2601 416 ut
2626 361 2736 419 suis
2760 364 2890 422 locis
2915 368 3241 440 monuimus,
3271 375 3508 444 priorem

1934 442 2111 501 locum
2152 458 2335 505 tenere
2372 452 2584 507 videtur
2622 454 2807 511 isthaac
2832 442 3309 533 brevissimoque,
3335 481 3510 534 neque

1933 545 2060 591 ante
2086 554 2281 616 annum
2307 541 2435 598 596.
2465 559 2640 614 neque
2662 557 2780 616 post
2805 548 2929 606 599.
2959 554 3197 609 revocari
3222 558 3508 614 commodo

1933 635 2132 694 potest,
2162 630 2256 684 sed
2303 632 2396 684 illo
2426 632 2593 687 ferme
2638 636 2888 699 triennio,
2933 640 3162 707 quodam
3188 643 3351 700 veluti
3393 654 3503 700 ter-

1935 717 2081 771 mino
2122 720 2390 789 utrimque
2435 721 2711 788 delinitur,
2762 735 2818 778 ut
2862 726 3072 782 facilius
3114 737 3288 786 tamen
3329 733 3397 787 ad
3439 733 3506 787 ll-

1935 821 2055 862 nem
2080 810 2204 865 596.
2236 812 2319 867 vel
2348 823 2662 883 sequentem
2689 816 2815 872 597.
2848 819 3010 873 etiam
3048 834 3119 875 ex
3143 821 3364 877 aliorum
3399 825 3504 878 Do-

1933 907 2143 952 ctorum
2195 900 2468 957 hominum
2515 905 2740 960 calculis
2784 906 3122 963 referendam
3172 925 3503 968 censeamus.

1933 985 2194 1044 Nimirum
2223 1006 2343 1046 cum
2369 1002 2514 1048 esset
2534 995 2674 1050 inter
2691 995 2954 1053 Joannem
2978 998 3503 1072 Jerosolymitanum,

1932 1092 1996 1131 ac
2026 1078 2405 1151 Hieronymum
2433 1084 2720 1150 dissensio,
2750 1103 2869 1156 qua:
2892 1104 2959 1143 ex
2987 1089 3269 1159 Epiphanii
3295 1092 3504 1161 Episto-

1936 1168 2001 1223 la:
2034 1175 2317 1228 occasione
2362 1176 2657 1245 inceperat,
2688 1178 2777 1232 diu
2818 1188 3001 1234 noster
3040 1183 3294 1237 sustinuit
3329 1183 3507 1243 Theo-

1941 1259 2170 1329 philum,
2200 1278 2229 1316 a
2271 1279 2379 1333 quo
2406 1266 2626 1320 dissidia
2669 1270 3034 1338 componenda
3073 1281 3248 1337 erant,
3280 1288 3404 1343 erga
3446 1290 3509 1329 se

1940 1352 2273 1415 reticentem.
2302 1355 2523 1427 ejusque
2556 1359 2822 1413 silentium
2855 1376 2948 1429 pro
2972 1361 3375 1430 dispensatione
3407 1365 3507 1418 ba-

1941 1440 2049 1494 buit
2074 1458 2089 1503 ;
2120 1458 2220 1496 nec
2246 1454 2421 1498 tamen
2453 1446 2521 1499 ab
2548 1448 2740 1500 officiis
2774 1452 3022 1516 cessavit,
3051 1463 3212 1520 atque
3240 1451 3503 1523 Evangelii

1947 1526 2163 1582 Viduam
2209 1532 2326 1584 duri
2377 1532 2580 1587 Iudicis
2628 1537 3067 1605 interpellatricem
3113 1552 3194 1594 est
3244 1542 3500 1596 imitatus.

1933 1617 2085 1672 Nunc
2114 1635 2243 1673 vero
2265 1625 2495 1690 acceptis
2527 1626 2738 1679 tandem
2768 1626 3049 1697 Theophili
3096 1631 3336 1700 epistolis
3362 1648 3502 1702 a-gre

1930 1711 2144 1776 patitur,
2183 1725 2242 1764 se
2281 1711 2349 1766 de
2390 1714 2766 1771 ecclesiasticis
2795 1719 3087 1774 canouibns
3116 1723 3340 1787 moneri,
3379 1738 3501 1778 cum

1926 1798 2029 1852 sibi
2050 1799 2180 1855 nihil
2210 1813 2353 1855 esset
2371 1804 2624 1874 antiquius
2643 1822 2792 1871 quam
2814 1805 3002 1863 Christi
3018 1810 3145 1880 jura
3164 1827 3383 1876 seruare,
3412 1828 3503 1865 nec

1926 1886 2139 1943 Patrum
2182 1893 2458 1959 transferre
2494 1895 2735 1949 terminos
2762 1912 2781 1950 :
2817 1897 3011 1965 quibus
3053 1899 3232 1954 verbis
3272 1917 3401 1966 non,
3444 1911 3503 1956 ut

1927 1980 2095 2047 prima
2132 1981 2308 2033 statim
2341 1982 2513 2035 fronte
2543 1984 2708 2040 videri
2750 1996 2947 2056 potest,
2990 1986 3286 2043 Pauliniani
3314 1991 3499 2045 fratris

1927 2071 2312 2127 ordinatmnem
2353 2074 2613 2141 defendit,
2663 2094 2821 2146 quam
2859 2079 3063 2134 dissidii
3105 2095 3321 2134 causam
3362 2097 3504 2150 prai-

1932 2163 2143 2217 texebat
2165 2163 2421 2227 Joannes,
2447 2168 2591 2235 quod
2621 2169 2951 2235 potissimum
2981 2170 3031 2221 in
3063 2185 3156 2223 sua
3188 2171 3415 2225 Ditecesi
3436 2173 3502 2225 ab

1928 2252 2104 2306 alieno
2156 2256 2418 2324 Episcopo
2462 2268 2811 2310 consecratus
2855 2257 3066 2323 fuisset,
3115 2272 3300 2313 contra
3342 2276 3499 2329 quam

1927 2344 2172 2398 Canones
2207 2345 2427 2414 jubent;
2459 2346 2553 2399 sed
2596 2347 2771 2400 verius
2810 2349 3152 2416 semetipsum
3198 2350 3332 2401 tueri
3369 2350 3500 2412 \ult,

1926 2433 2015 2502 qui
2048 2432 2159 2503 jam
2205 2438 2272 2488 ab
2317 2450 2406 2489 an.
2450 2436 2574 2491 594.
2612 2452 2732 2488 cum
2759 2435 3206 2508 .lerosolymitano
3252 2439 3504 2507 episcOpo

1928 2538 2033 2576 non
2058 2525 2492 2586 communicaret.
2522 2541 2624 2595 qua
2656 2527 2706 2578 in
2738 2540 2794 2579 re
2820 2527 2919 2580 sibi
2950 2525 3097 2579 addit
3120 2526 3369 2582 sufficere
3401 2527 3504 2582 Ro-

1926 2630 2127 2667 manam
2162 2615 2318 2683 [idem
2360 2615 2647 2686 Apostolico
2690 2632 2777 2670 ore
2811 2616 3091 2685 laudatam,
3120 2619 3265 2680 cuius
3303 2635 3357 2673 se
3397 2636 3504 2673 esse

1925 2705 2222 2775 participem
2247 2705 2598 2760 Alexandrina
2638 2706 2866 2761 Ecclesia
2892 2708 3160 2776 gloriatur.
3197 2708 3346 2775 Quod
3374 2725 3502 2763 vero

1925 2794 2187 2863 improbet
2209 2795 2483 2864 Theophili
2511 2796 2811 2857 consilium,
2840 2797 2927 2865 qui
2954 2798 3247 2863 remissius,
3270 2808 3429 2865 atque
3448 2800 3502 2852 in

1923 2884 2081 2935 multa
2102 2885 2340 2951 patientia
2361 2894 2546 2939 contra
2564 2884 2889 2951 Origrnistas
2911 2899 2969 2937 se
2990 2900 3219 2953 gereret,
3241 2886 3502 2939 affirmet-

1924 2987 2026 3040 que
2042 2973 2221 3026 multis
2244 2973 2292 3024 id
2317 2972 2529 3026 Sanctis
2549 2972 2854 3037 displicere,
2876 2986 2940 3023 ne
2958 2972 3081 3023 dum
3110 2972 3195 3025 ille
3217 2971 3502 3027 Paucorum

1926 3049 2265 3131 paenitentiam
2292 3063 2629 3129 prmstolatur,
2654 3060 2844 3112 nutriat
2872 3060 3141 3112 audaciam
3169 3062 3500 3130 perditorum,

1925 3160 1970 3203 et
1994 3152 2147 3219 [actio
2172 3149 2422 3202 robustior
2448 3149 2574 3215 ﬁat;
2599 3147 2713 3201 hmc
2738 3148 2780 3200 si
2807 3163 2927 3201 cum
2952 3146 3327 3215 Superioribus
3350 3166 3499 3204 rom-

1928 3247 2188 3309 ponantur
2208 3278 2225 3303 ,
2253 3237 2585 3292 conunodius
2620 3252 2777 3307 quam
2818 3251 2959 3290 anno
2983 3236 3107 3293 596.
3139 3238 3219 3291 rel
3259 3241 3500 3307 sequenti

1924 3329 2141 3398 intelligi
2172 3344 2275 3381 non
2308 3343 2464 3397 posse
2493 3326 2644 3381 facile
2670 3327 2770 3381 sibi
2800 3328 3025 3394 quisque
3055 3328 3390 3396 persuadeat.

1994 3418 2176 3474 LXIV.
2208 3418 2415 3486 Scripta
2437 3434 2524 3471 an.
2555 3416 2680 3472 596.
2710 3417 2784 3470 vel
2810 3415 2934 3471 597.
2956 3447 3026 3457 -
3046 3418 3122 3469 Ad
3151 3417 3289 3472 hunc
3318 3418 3402 3473 vel
3432 3418 3498 3472 ad

1920 3511 2249 3579 superiorem
2273 3524 2468 3561 annum
2493 3509 2690 3576 passim
2717 3518 2766 3561 et
2784 3506 2906 3577 jure
2927 3508 3121 3562 merito
3146 3507 3331 3562 referri
3360 3508 3500 3562 solet

1922 3605 2105 3658 isthmc
2132 3601 2195 3655 ad
2229 3600 2496 3654 Fabiolam
2526 3600 2770 3666 epistola,
2815 3608 3091 3668 postquam
3121 3599 3366 3653 videlicet
3410 3599 3498 3653 illa

1922 3694 2285 3764 ingruentibus
2331 3692 2641 3746 lluniiornm
2670 3690 3145 3752 devastationibus,
3195 3689 3494 3755 Bethleem,

1904 3787 2007 3841 -uhi
2043 3784 2349 3855 aliquandiu
2388 3784 2723 3846 constiterat,
2757 3781 2955 3842 relicta,
2989 3780 3211 3834 Romam
3252 3794 3495 3847 regressa

1920 3890 2036 3940 est;
2069 3888 2195 3932 tunc
2214 3876 2357 3932 enim
2383 3876 2435 3929 in
2467 3876 2612 3931 Urbe
2639 3873 2847 3943 «legisse
2874 3889 3015 3936 eam,
3039 3872 3273 3925 indicant
3303 3870 3416 3924 tunc
3444 3872 3495 3925 in

1922 3971 2026 4023 line
2060 3967 2297 4036 epistolae
2324 3968 2508 4027 verba,
2541 3964 2625 4018 ubi
2655 3962 2961 4018 Tertulliani
2988 3960 3269 4030 quemdam
3303 3959 3498 4014 librum

1922 4062 1989 4116 de
2004 4061 2237 4115 vestibus
2255 4062 2429 4113 Aaron
2452 4058 2504 4111 in
2524 4058 2698 4112 indice
2714 4066 2917 4110 tantum
2936 4054 3132 4108 vidisse
3146 4068 3205 4107 se
3226 4068 3496 4117 asserens,

1925 4154 1983 4207 Si
2011 4169 2042 4205 a
2070 4152 2227 4214 vobis,
2254 4151 2455 4218 inquit,
2480 4158 2684 4219 propter
2702 4149 3038 4201 celebritatem
3064 4144 3217 4199 Urbis
3236 4145 3388 4213 fuerit
3414 4145 3501 4196 in-

1923 4255 2117 4300 ventus.
2139 4256 2308 4309 quteso
2329 4256 2391 4292 ne
2413 4256 2571 4291 meam
2592 4239 2779 4291 stillam
2802 4236 2942 4288 illius
2962 4236 3162 4303 ﬂumini
3181 4234 3498 4301 comparatis.

1997 4330 2154 4387 LXV.
2197 4329 2400 4397 Scripta
2438 4328 2572 4380 med.
2625 4344 2712 4378 an.
2757 4325 2881 4379 597.
2911 4353 2981 4363 —
3006 4326 3301 4391 Antequam
3352 4335 3503 4375 com-

1924 4423 2217 4479 mentarios
2275 4422 2327 4474 in
2377 4404 2680 4473 Ma‘ttbamm
2727 4416 2987 4471 scriberet
3032 4413 3209 4469 datam
3257 4412 3393 4467 hanc
3433 4413 3500 4468 ad

1927 4512 2248 4582 Principiam
2278 4510 2581 4581 epistolam,
2609 4508 2722 4562 ba'c
2753 4506 2907 4561 nobis
2934 4505 3257 4577 persuadent
3278 4506 3329 4559 in
3360 4504 3504 4559 Prte-

1929 4607 2126 4662 fatioue
2154 4601 2466 4658 eorumdcm
2489 4599 3004 4653 Commentariorum
3044 4597 3204 4652 verba
3242 4595 3308 4650 ad
3336 4596 3504 4650 Euse-

1928 4699 2095 4761 bium,
2130 4695 2349 4752 Obsecro
2379 4701 2434 4746 ut
2459 4696 2548 4746 des
2586 4691 2864 4759 (πικρίαν,
2893 4708 3005 4742 cum
3034 4688 3250 4743 Romam
3288 4689 3502 4745 ueneris.

1938 4789 2130 4861 Virgini
2157 4787 2346 4843 Christi
2373 4783 2672 4853 Principim,
2703 4797 2814 4852 qua:
2841 4797 2918 4832 me
2945 4780 3137 4849 rogauit
3165 4788 3218 4831 ut
3247 4779 3301 4828 in
3330 4774 3507 4827 Canti-

1927 4897 2042 4935 cum
2070 4878 2397 4947 Canticornm
2420 4874 2706 4935 scriberem,
2738 4887 2769 4923 a
2789 4886 2886 4939 quo
2916 4884 3066 4939 opere
3087 4866 3323 4920 exclusus
3343 4880 3506 4934 (egro-

1930 4972 2115 5025 tatione
2147 4969 2388 5022 diuturna
2434 4980 2572 5032 spem
2608 4963 2659 5014 in
2700 4964 2928 5029 futurum
2967 4954 3162 5009 distuli.
3206 4952 3414 5021 Quippe
3454 4953 3507 5007 in

1931 5062 2087 5130 hujus
2126 5056 2372 5128 epistola:
2413 5053 2517 5108 line
2556 5050 2893 5120 promiserat,
2931 5046 2976 5097 si
3015 5043 3116 5096 vita
3143 5057 3306 5095 comes
3330 5043 3505 5112 fuerit,

1930 5151 2317 5219 explicaturum
2344 5157 2404 5197 se
2432 5141 2504 5194 illi
2531 5148 2690 5192 totum
2710 5134 2974 5190 Canticum
2996 5131 3338 5192 Canticorum,
3366 5131 3508 5194 quod

1932 5217 2051 5295 cum
2084 5234 2430 5307 :rgrotatione
2457 5229 2692 5298 quinque
2723 5223 2986 5279 mensium
3021 5221 3188 5291 (supr.
3220 5229 3331 5273 tres
3357 5217 3511 5290 dicit)

1934 5325 2219 5394 impeditus
2255 5318 2517 5391 perlicere
2564 5328 2668 5368 non
2696 5314 2975 5383 potuisset,
3009 5308 3293 5366 Eusebium
3323 5315 3514 5376 postea

1934 5426 2105 5486 rogat,
2136 5421 2195 5467 ut
2230 5426 2290 5466 se
2329 5404 2468 5475 apud
2498 5404 2819 5475 Principiam
2855 5412 3096 5459 excuset.
3126 5401 3205 5458 Ex
3246 5412 3354 5470 quo
3383 5396 3514 5486 illud

1932 5511 2093 5567 etiam
2125 5503 2279 5558 nobis
2307 5505 2640 5567 compertum
2684 5505 2789 5564 est,
2829 5511 2933 5553 non
2965 5504 3024 5550 ut
3049 5493 3137 5548 alii
3162 5506 3225 5546 ac
3250 5485 3518 5560 praecipue

1935 5597 2273 5655 Martianmus
2319 5584 2579 5653 sentiunt,
2621 5585 2794 5643 eidem
2837 5585 3073 5642 Eusebio
3119 5596 3242 5639 cum
3291 5577 3525 5633 Romam
