4048 6192
578 300 762 360 LXVII

579 413 1025 486 proﬁcisceretur,
1055 401 1498 466 commenlatam,
1543 399 1610 454 ab
1647 413 1819 469 eoque
1859 397 2143 468 Principia:

580 507 837 564 redditam
872 505 1038 573 ipsam
1067 497 1341 567 epistolam
1369 494 1516 563 (tunc
1542 493 1684 547 enim
1710 491 1852 561 quod
1879 493 1930 545 in
1958 492 2144 545 Canti-

577 614 701 652 cum
729 596 1051 651 canticorum
1070 630 1086 652 ,
1117 585 1563 657 quemadmodum
1594 584 1682 637 illa
1711 590 2006 652 rogaverat,
2039 597 2144 635 non

579 687 895 752 scripsisset,
923 679 1164 735 eamdem
1203 681 1602 744 :egrotationem
1639 674 1990 744 Hieronymus
2011 689 2146 727 ωας

576 779 679 830 sari
707 775 977 832 debuerat,
1005 768 1147 837 quod
1181 776 1356 820 tamen
1391 765 1610 818 minime
1649 764 1832 832 facit);
1864 763 1959 816 sed
1989 774 2143 815 ante-

575 882 728 935 quam
760 863 1018 918 Eusebius
1047 859 1344 915 discederet
1393 857 1609 910 missam
1641 869 1734 923 per
1762 854 1928 908 alium
1955 869 2145 924 quem-

574 962 734 1030 piam,
757 967 917 1026 atque
941 953 1078 1008 adeo
1119 952 1324 1020 aliquot
1364 950 1553 1003 saltem
1593 957 1718 1003 ante
1745 948 2146 1016 mgrotatinnem

574 1064 818 1113 menses,
864 1055 993 1115 puta
1039 1043 1140 1098 sub
1178 1041 1305 1095 anni
1343 1039 1469 1097 597.
1508 1040 1764 1105 medium,
1812 1039 1974 1092 fuisse
2017 1053 2146 1093 exa-

571 1149 757 1194 ratam.

641 1226 826 1282 LXVI.
871 1225 1078 1294 Scripta
1115 1222 1238 1275 circ.
1285 1221 1376 1285 fin.
1414 1235 1500 1271 an.
1537 1217 1757 1272 597.—
1781 1216 1913 1270 Tota
1941 1224 2147 1282 tempo-

571 1319 646 1372 ris
689 1317 844 1380 ratio,
889 1330 992 1384 qua
1041 1327 1164 1368 vera
1210 1311 1368 1379 hujus
1408 1308 1648 1379 epistolas
1687 1313 1816 1361 setas
1862 1306 2144 1371 asseritirr,

572 1424 637 1463 ex
677 1405 934 1462 LXXVII.
964 1404 1054 1458 illa
1093 1417 1210 1472 qua:
1250 1402 1312 1454 de
1359 1413 1516 1452 morte
1553 1397 1781 1451 Fabiola:
1818 1395 2144 1458 inscribitur,

573 1497 862 1567 repetenda
893 1504 1010 1560 est;
1043 1494 1113 1547 ibi
1143 1493 1284 1547 enim
1309 1490 1666 1560 Hieronymus
1689 1498 1812 1542 ante
1836 1489 1990 1556 ferme
2011 1487 2148 1540 bien-

571 1589 711 1640 nium
742 1583 1071 1638 Pammachio
1115 1598 1228 1645 suo,
1262 1597 1352 1648 pro
1381 1581 1547 1633 subita
1578 1578 1979 1648 peregrinatione
2011 1576 2152 1630 Pau-

571 1677 709 1740 liute,
737 1673 876 1728 hanc
896 1685 955 1727 se
979 1670 1255 1739 epistolam
1280 1677 1503 1722 testatur
1527 1667 1761 1721 dedisse.
1790 1665 2148 1732 Quamobrem

572 1781 694 1819 cum
724 1775 871 1819 certo
897 1765 1095 1816 certius
1132 1760 1221 1821 sit,
1249 1769 1305 1812 ut
1340 1773 1438 1812 suo
1465 1757 1583 1812 loco
1611 1757 1974 1822 ostendemus,
2003 1756 2148 1810 illam

573 1859 638 1910 de
669 1867 827 1909 morte
857 1853 1083 1906 Fabiola:
1107 1851 1230 1904 anni
1259 1849 1384 1904 599.
1413 1850 1584 1902 :estati
1619 1863 1740 1902 esse
1771 1847 2144 1912 tribuendam;

574 1960 633 2002 ut
661 1963 842 2002 verum
881 1947 946 1998 sit
975 1946 1132 2007 ferme
1179 1941 1434 1994 biennium
1478 1948 1632 1992 antea
1663 1940 1986 2002 cucurrisse,
2025 1948 2150 2007 puta

572 2040 758 2094 decem
787 2053 944 2106 supra
970 2048 1165 2088 annum
1211 2047 1442 2096 menses,
1475 2031 1610 2084 hanc
1649 2030 1711 2083 de
1743 2028 1979 2082 Paulina:
2013 2028 2150 2081 obitu

571 2130 702 2182 satis
744 2128 846 2182 erit
883 2125 1008 2178 anni
1049 2123 1176 2178 597.
1225 2119 1512 2190 postremis
1554 2118 1828 2171 mensibus
1855 2118 2146 2186 assignare.

570 2217 705 2273 Huic
741 2215 1019 2286 hypothesi
1049 2229 1172 2268 cum
1210 2221 1406 2266 caetera
1436 2210 1678 2278 apprime
1705 2207 1985 2277 quadrent,
2020 2205 2148 2260 illud

569 2309 729 2363 etiam
756 2305 1090 2374 suffragatur,
1113 2301 1254 2372 quod
1277 2301 1501 2356 necdum
1525 2299 1953 2368 Hieronymianm
1973 2313 2149 2366 aegro-

571 2397 784 2451 tationis
806 2396 909 2447 ulla
941 2394 1000 2448 fit
1030 2397 1252 2447 mentio.

643 2483 848 2538 LXVII.
879 2483 1087 2550 Scripta
1113 2499 1200 2534 an.
1233 2480 1359 2534 597.
1382 2508 1455 2519 -—
1483 2478 1577 2532 Ha:
1612 2477 1863 2530 secunda:
1887 2485 2012 2530 sunt
2037 2476 2150 2529 Au-

571 2577 768 2648 gustini
795 2577 860 2628 ad
892 2576 1271 2644 Hieronymum
1295 2573 1508 2636 litterze,
1539 2571 1731 2638 quibus
1761 2570 1938 2623 statim
1971 2568 2024 2621 in
2049 2583 2148 2621 ex-

571 2668 722 2721 ordio
761 2666 988 2735 gratiam
1036 2665 1214 2728 habet,
1245 2662 1380 2729 quod
1407 2676 1499 2729 pro
1527 2660 1813 2728 subscripta
1841 2659 2151 2711 salutatione

571 2757 772 2827 plenam
801 2756 896 2808 sibi
925 2754 1191 2823 epistolam
1229 2751 1550 2804 reddidisset.
1594 2749 1809 2804 Scilicet
1844 2764 1964 2801 cum
2006 2762 2150 2801 anno

569 2848 844 2914 superiore
866 2843 1226 2912 Hipponensis
1243 2843 1523 2910 episcopus
1546 2838 1762 2892 alterius
1783 2839 2057 2906 cujusdam
2083 2855 2148 2893 ex

569 2934 749 2990 Africa
803 2933 1043 3001 epistolae
1090 2930 1432 2985 subscribens
1488 2929 1869 2998 Hieronymum
1909 2927 2150 2983 ofliciose

568 3023 875 3088 salutasset,
919 3021 1004 3076 hic
1045 3037 1140 3089 per
1177 3020 1464 3090 quemdam
1511 3019 1778 3073 Asterium
1832 3017 2145 3084 Diaconum,

567 3115 657 3184 qui
689 3123 814 3168 tunc
846 3113 900 3166 in
925 3112 1269 3167 Occidentem
1295 3111 1574 3180 navigabat
1599 3119 1888 3178 promptum
1915 3109 2150 3163 reddidit

566 3206 885 3259 salutationis
915 3207 1223 3274 obsequium,
1255 3203 1616 3272 peculiaribus
1646 3218 1708 3256 ac
1731 3203 1899 3270 plenis
1927 3202 2142 3265 litteris,

565 3310 683 3365 qua:
727 3296 846 3348 heic
887 3296 1194 3356 innuuntur,
1241 3303 1294 3344 et
1321 3293 1511 3360 quibus
1540 3293 1674 3355 lure,
1706 3292 1774 3345 de
1808 3307 1910 3360 qua
1938 3293 2145 3359 agimus

567 3385 844 3453 Augustini
866 3384 1141 3452 responsio
1160 3383 1422 3435 destinata
1435 3390 1532 3433 est.
1555 3379 1685 3432 Nam
1702 3380 1818 3431 illas
1839 3381 2142 3448 Hieronymi

567 3475 728 3529 hodie
751 3484 960 3528 nonest
982 3473 1245 3528 invenire.
1269 3486 1334 3523 ac
1354 3480 1551 3522 tantum
1571 3482 1637 3521 ex
1665 3469 1819 3534 hujus
1839 3471 2146 3536 responsio-

567 3563 653 3617 nis
676 3579 727 3616 n.
744 3563 799 3618 9.
823 3563 892 3615 de
916 3560 1162 3629 Origene,
1187 3558 1409 3627 ejusque
1435 3557 1710 3610 erroribus
1726 3556 1847 3608 data
1867 3557 2147 3609 occasione

567 3653 776 3708 locutas
813 3651 978 3706 fuisse
1016 3651 1104 3704 alii
1135 3658 1592 3719 argumentantur.
1625 3647 1695 3703 Ut
1721 3663 1848 3700 vero
1888 3649 2141 3714 priorem,

565 3760 725 3813 quam
776 3759 936 3813 supra
991 3741 1360 3797 recensuimus
1422 3740 1702 3808 Augustini
1756 3739 2030 3807 epistolam
2077 3739 2146 3793 ad

567 3835 951 3906 Ilieronymum
983 3847 1087 3887 non
1115 3831 1305 3885 detulit
1334 3829 1670 3895 Profuturus,
1701 3829 1790 3898 qui
1816 3827 1940 3880 dum
1973 3843 2030 3880 se
2061 3829 2145 3880 iti-

564 3926 682 3981 neri
725 3934 896 3994 parat,
947 3925 1230 3992 episcopus
1279 3931 1490 3975 creatus
1533 3930 1656 3973 est:
1687 3921 1758 3971 ita
1790 3933 1960 3984 neque
2007 3916 2146 3973 banc

561 4018 786 4071 alteram
817 4015 1032 4078 Paulus,
1061 4016 1148 4084 qui
1179 4011 1530 4082 navigationis
1559 4011 1610 4065 in
1644 4011 1978 4065 Palaestinam
2010 4025 2143 4064 con-

563 4106 740 4160 silium
786 4106 1030 4172 mutavit,
1075 4104 1216 4174 quod
1259 4118 1434 4158 eiusa:
1478 4101 1596 4168 fuit,
1632 4111 1691 4156 ut
1729 4102 1875 4170 prius
1907 4100 2020 4155 haec
2050 4115 2145 4169 per

562 4197 766 4251 Italiam
803 4196 1129 4268 vulgaretur,
1163 4210 1319 4265 quam
1365 4193 1430 4246 ad
1474 4193 1854 4264 Ilieronymum
1900 4191 2145 4262 perveni-

563 4296 647 4340 ret
678 4303 690 4338 :
719 4287 808 4355 qui
835 4286 961 4353 alio,
1005 4302 1196 4355 nempe
1233 4284 1465 4339 Sisinnio
1495 4283 1729 4336 Diacono
1755 4281 2028 4336 deferente
2053 4297 2144 4335 ac-

563 4377 725 4443 cepit,
767 4387 926 4445 atque
969 4379 1148 4430 animo
1193 4375 1496 4430 offendendi
1536 4374 1787 4442 scriptam
1830 4382 2016 4426 contra
2058 4387 2138 4439 se,

562 4476 723 4534 atque
768 4465 821 4518 in
867 4465 1056 4534 vulgus
1098 4466 1296 4520 editam
1327 4465 1548 4534 putavit.
1599 4464 1734 4517 Hinc
1758 4477 1866 4532 quo
1907 4462 2030 4516 data
2074 4463 2143 4516 sit

566 4564 830 4621 tempore,
859 4553 1014 4607 facile
1043 4554 1424 4621 investigatur;
1455 4552 1653 4605 etenim
1699 4552 1842 4605 illam
1875 4550 2142 4606 Sisinnius

566 4643 866 4707 invenerat,
899 4650 954 4694 ut
977 4657 1042 4696 ex
1065 4641 1172 4695 CV.
1201 4651 1430 4706 constat,
1459 4642 1598 4695 inter
1624 4653 1846 4695 cancros
1873 4643 2142 4712 Augustini

563 4741 807 4786 tractatus
850 4747 950 4785 non
988 4732 1042 4784 in
1085 4730 1281 4802 Africa,
1315 4737 1480 4800 queque
1520 4731 1659 4800 apud
1696 4730 1865 4800 ipsum
1903 4735 2143 4803 Augusti-

564 4841 708 4890 num,
731 4823 822 4878 sed
849 4823 901 4876 in
929 4823 1099 4877 insula
1125 4821 1318 4887 Adrite,
1349 4836 1490 4875 anno
1514 4823 1579 4876 ad
1601 4838 1869 4878 sutmnum
1899 4825 2022 4879 598.
2055 4825 2140 4879 ni-

564 4913 757 4966 mirum
788 4923 904 4966 ante
933 4914 1090 4983 {erme
1136 4911 1546 4982 quinquennium,
1588 4926 1746 4980 quam
1786 4912 1930 4967 Hier.
1972 4913 2140 4982 ipsam

565 5003 676 5058 CV.
717 5004 998 5069 scriberet,
1043 5019 1162 5073 qua:
1190 5001 1316 5055 anni
1345 5009 1428 5055 est
1454 5002 1579 5064 405,
1618 5010 1674 5055 ut
1700 5017 1799 5055 suo
1828 5001 1994 5056 fusius
2022 5003 2140 5058 loco

562 5092 928 5147 ostendemus.
957 5093 1123 5148 Porro
1151 5101 1208 5146 ut
1233 5093 1285 5147 in
1315 5093 1519 5146 Italiam
1546 5101 1750 5148 mutato
1776 5093 2002 5147 consilio
2029 5101 2140 5148 tra-

558 5184 751 5252 jiceret
776 5184 989 5251 Paulus,
1036 5185 1317 5256 epistolam
1364 5184 1635 5254 proderet,
1681 5201 1850 5256 eaque
1879 5187 1932 5240 in
1965 5186 2135 5242 lucem

565 5274 705 5326 edita
759 5276 966 5329 caeteris
1019 5275 1301 5345 Augustini
1353 5275 1665 5330 tractatibus
1715 5275 2134 5343 admisccrctur,

568 5364 782 5416 brevius
829 5378 970 5416 anno
1016 5365 1350 5420 intervallum
1400 5367 1570 5436 putari
1603 5368 1688 5422 vix
1720 5378 1914 5436 potest,
1966 5383 2137 5438 neque

565 5453 699 5507 adeo
739 5453 913 5506 serius
948 5469 1036 5505 an.
1067 5454 1190 5509 597.
1240 5458 1351 5525 ipsa
1399 5460 1622 5527 cpistola
1673 5463 1886 5516 ascribi.
1916 5462 1972 5516 Id
2020 5477 2138 5516 rur-

563 5559 656 5600 sus
694 5543 1036 5611 intelligimus
1073 5558 1137 5597 ex
1176 5546 1276 5598 alia
1312 5549 1549 5618 ejusdem
1594 5553 1811 5622 August.
1862 5569 1982 5624 qua:
2019 5553 2137 5608 heic

563 5644 648 5692 est
671 5632 803 5689 CIV.
837 5630 978 5685 haud
1006 5634 1281 5688 commodo
1301 5648 1430 5692 satis
1455 5645 1693 5710 przeponi
1722 5658 1897 5713 posse,
1926 5658 2046 5698 cum
2068 5645 2137 5700 ab

562 5726 680 5800 Ipso
701 5723 814 5798 jam
853 5722 1108 5793 episcopo
1133 5723 1325 5779 dictata
1353 5727 1441 5796 sit,
1466 5729 1606 5796 quod
1631 5731 1718 5788 ille
1743 5731 1884 5791 haud
1908 5733 2137 5792 obscure

2015 286 2396 345 PIUEFA‘I'IO.

3622 295 3826 353 LXVIII

2252 407 2456 464 monet,
2483 413 2603 454 cum
2635 400 2827 470 primas
2859 400 2991 457 dicit
3019 400 3246 470 litteras,
3291 403 3406 459 sive
3431 418 3551 476 qua;
3588 404 3711 463 heic
3742 406 3824 466 CI.

2252 500 2560 555 censentur,
2592 505 2621 544 a
2652 507 2710 546 se
2754 491 2927 547 adhuc
2953 495 3242 564 presbytero
3277 505 3614 566 praeparatas,
3645 508 3706 553 ut
3733 515 3829 570 po-

2253 579 2508 635 steriores
2547 581 2615 635 ab
2658 585 2912 653 episcopo
2942 586 3208 656 intelligas
3236 587 3547 656 profecisse.
3577 590 3831 660 Comper-

2255 680 2365 724 tum
2394 688 2519 726 vero
2543 684 2648 739 est,
2673 691 2794 729 eum
2823 692 2928 729 non
2947 687 3070 731 ante
3092 678 3254 733 ﬁnem
3277 680 3570 748 superioris
3590 696 3680 736 an.
3703 683 3825 740 396.

2256 763 2566 818 imminente
2614 765 2823 819 Domini
2875 765 3044 821 Natali
3093 768 3418 839 Episcopum
3469 770 3635 827 fuisse
3685 773 3831 828 ordi-

2255 863 2454 908 natum.

2327 941 2420 996 I‘lis
2459 945 2737 1014 Augustini
2791 947 2984 1003 litteris
3028 945 3362 1005 Benedictini
3408 953 3666 1022 editores,
3716 954 3830 1009 illas

2257 1033 2565 1106 Hieronymi
2615 1052 2953 1108 praeponam,
2999 1057 3224 1111 quarunt
3277 1045 3484 1098 initium
3539 1057 3642 1111 est,
3687 1047 3829 1100 Anno

2253 1129 2506 1194 praterito
2531 1145 2620 1195 per
2641 1134 2851 1198 fratrem
2876 1141 3098 1184 nostrum
3123 1133 3375 1186 Asterium
3398 1153 3418 1199 ;
3438 1146 3595 1205 atque
3619 1137 3682 1190 iis
3702 1152 3828 1207 quo-

2254 1232 2358 1284 que
2386 1233 2582 1271 annum
2615 1221 2894 1289 assignant
2919 1222 3046 1276 597.
3076 1223 3274 1277 Eorum
3308 1235 3482 1279 tamen
3511 1227 3829 1295 conjectum

2253 1319 2374 1358 cum
2407 1308 2560 1360 nobis
2587 1307 2724 1362 haud
2754 1312 2883 1363 satis
2912 1315 3224 1379 probentur,
3259 1329 3376 1367 eam
3407 1316 3685 1383 epistolam
3714 1317 3827 1371 loco

2255 1397 2534 1459 movimus,
2582 1396 2993 1468 distulimusque
3043 1403 3110 1454 ad
3151 1418 3300 1456 nutn.
3351 1403 3480 1458 CIII.
3531 1417 3585 1459 et
3631 1421 3826 1460 annum

2256 1501 2421 1555 usque
2458 1488 2582 1542 402.
2617 1491 2682 1543 ad
2726 1491 2866 1560 quod
2900 1503 3109 1561 tempus
3148 1510 3268 1546 cum
3315 1495 3706 1562 devenerimus,
3743 1498 3826 1550 fir-

2254 1577 2446 1642 miora,
2494 1588 2553 1631 ut
2605 1581 2758 1634 nobis
2801 1581 3066 1645 videntur,
3112 1593 3422 1653 argumenta
3473 1587 3822 1655 proferemus,

2255 1667 2446 1734 quibus
2494 1668 2707 1722 adducti
2757 1671 2922 1723 alium
2973 1673 3219 1728 ordinem
3269 1675 3664 1730 constituimus.
3708 1676 3824 1732 Vid.

2254 1760 2413 1812 etiam
2446 1761 2578 1813 infra
2603 1762 2761 1829 epist.
2793 1757 2930 1816 CXI.

2329 1847 2553 1902 LXVIII.
2597 1849 2804 1918 Scripta
2842 1871 2929 1907 an.
2973 1855 3099 1909 597.
3127 1886 3198 1895 —
3224 1855 3500 1914 Heraclius
3542 1858 3821 1925 Diaconos,

2255 1951 2362 2005 quo
2393 1939 2688 2002 nuntiante,
2733 1941 3086 1999 Hieronvmus
3117 1946 3454 2002 intellexerat
3491 1946 3824 2003 Castrucium

2254 2029 2334 2081 sui
2363 2032 2637 2098 cupiditate
2665 2031 2859 2086 Cissam
2889 2052 3045 2105 usque
3073 2039 3282 2102 venisse,
3314 2055 3436 2093 cum
3481 2055 3513 2094 e
3550 2040 3824 2095 Palaestina

2255 2118 2584 2175 Pannoniam
2612 2125 2986 2191 regrederetur
3013 2127 3198 2182 harum
3222 2132 3438 2198 portitor
3465 2131 3741 2186 litterarum
3762 2134 3825 2188 ad

2253 2211 2585 2267 Castrncium
2613 2215 2728 2268 fuit.
2753 2215 2920 2272 l’orro
2941 2234 3063 2272 eum
3090 2220 3396 2286 Diaconum,
3423 2224 3522 2278 hoc
3545 2239 3686 2278 anno
3702 2225 3823 2281 597.

2256 2304 2475 2356 miserat
2525 2304 2798 2361 Bethleem
2828 2309 3088 2364 Amabilis
3124 2313 3339 2382 quidam
3384 2315 3663 2386 episcopus
3690 2316 3826 2372 Pan-

2254 2394 2449 2457 nonin},
2485 2406 2540 2448 ut
2569 2397 2780 2452 videtur
2812 2402 3068 2469 regionis,
3102 2411 3159 2456 ut
3197 2404 3608 2472 explicationem
3640 2406 3824 2462 decem

2255 2481 2402 2536 Isaire
2431 2483 2727 2552 Visionum,
2755 2503 2912 2558 quam
2945 2491 3077 2545 alias
3116 2492 3230 2562 ipse
3267 2493 3335 2546 ab
3361 2493 3684 2565 Hieronymo
3731 2512 3824 2566 pu-

2254 2572 2565 2637 stulaverat,
2615 2592 2852 2643 prmsens
2889 2579 2980 2634 ille
3011 2581 3322 2649 impetraret
3349 2599 3364 2636 :
3398 2599 3517 2652 qua:
3544 2585 3620 2639 sic
3649 2585 3700 2639 in
3727 2600 3822 2640 ea-

2253 2661 2498 2717 rumdem
2522 2665 2838 2734 praefatione
2857 2669 2922 2722 ad
2947 2671 3242 2725 Amabilem
3269 2672 3382 2742 ipse
3400 2676 3620 2744 exponit
3639 2675 3697 2729 S.
3725 2676 3826 2730 Do-

2254 2763 2370 2806 ctor
2410 2770 2424 2806 :
2470 2755 2656 2810 Misisti
2704 2759 2798 2811 hoc
2847 2775 2982 2812 anno
3033 2761 3200 2828 ﬁlium
3251 2773 3477 2817 nostrum
3533 2761 3827 2818 Heracliam

2253 2841 2560 2910 Diaeonum,
2605 2847 2694 2916 qui
2733 2864 2812 2900 me
2853 2865 3007 2902 manu
3047 2861 3279 2905 conserta
3317 2852 3370 2905 in
3403 2855 3493 2923 jus
3521 2863 3736 2918 vocaret,
3780 2863 3828 2908 et

2253 2935 2554 3002 promissum
2594 2952 2682 3004 per
2721 2948 2974 2991 momenta
3013 2955 3140 3009 Opus
3181 2943 3416 3012 exigeret.
3450 2939 3656 2998 Exinde
3702 2944 3826 2998 illud

2252 3023 2406 3076 nobis
2437 3023 2644 3078 videtur
2664 3025 2784 3094 jure
2809 3028 3023 3093 conlici,
3057 3030 3299 3099 ejusdem
3331 3033 3539 3088 scilicet
3563 3035 3686 3087 anni
3709 3048 3828 3088 esse

2252 3114 2553 3182 epistolam,
2601 3117 2685 3169 cui
2717 3116 2990 3172 Visionum
3031 3121 3399 3190 interpretatio
3435 3124 3701 3188 tribuitur,
3752 3125 3826 3177 si-

2251 3204 2463 3274 quidem
2493 3220 2630 3260 unus
2659 3206 2906 3277 idemque
2933 3217 3036 3272 est,
3065 3211 3154 3279 qui
3181 3221 3465 3281 utrumque
3493 3227 3630 3281 opus
3660 3212 3828 3280 impe-

2252 3296 2428 3359 travit,
2451 3305 2608 3360 atque
2630 3311 2736 3350 uno
2762 3307 3000 3366 tempore
3025 3299 3367 3353 deferendum
3391 3304 3648 3371 suscepit.
3676 3301 3828 3367 Quod

2251 3382 2391 3433 enim
2421 3383 2610 3434 iterum
2638 3387 2880 3451 sequenti
2917 3400 3060 3436 anno
3093 3386 3366 3440 Ileraclius
3392 3387 3672 3444 Bethleem
3702 3407 3831 3445 con-

2252 3469 2502 3534 tenderit,
2548 3479 2606 3523 ut
2649 3473 2702 3523 in
2747 3472 3092 3526 recensendis
3125 3473 3190 3527 ad
3227 3473 3451 3529 Vitalem
3490 3476 3684 3533 litteris
3733 3496 3830 3534 suo

2252 3559 2370 3614 loco
2406 3574 2754 3629 exponemus,
2800 3562 2850 3616 id
2903 3562 3127 3632 intelligi
3168 3579 3500 3633 nequaquam
3547 3579 3724 3636 potest
3760 3569 3827 3624 ad

2252 3651 2391 3703 hanc
2409 3650 2682 3704 Castrucio
2705 3651 3012 3721 inscriptam
3039 3653 3313 3721 epistolam
3338 3655 3632 3724 pertinere;
3656 3675 3826 3726 quau-

2249 3739 2536 3809 doquident
2575 3741 2950 3813 Hieronymus,
3000 3757 3158 3811 quem
3199 3759 3264 3798 ex
3293 3745 3512 3801 Oriente
3541 3747 3826 3804 discedens

2252 3831 2526 3885 Ileraclius
2551 3847 2768 3902 sperare
2791 3833 3046 3901 jusserat,
3076 3842 3134 3888 ut
3161 3834 3283 3889 illuc
3308 3836 3504 3890 iterum‘
3531 3848 3831 3894 revertere-

2251 3931 2357 3988 tur,
2397 3922 2676 3977 Castrucio
2704 3925 2892 3978 scribit
2920 3925 3032 3979 fore
3059 3935 3114 3978 ut
3143 3941 3264 3979 eum
3291 3927 3521 3982 libenter
3545 3930 3823 4000 suscipiat,

2249 4015 2293 4067 si
2317 4029 2438 4068 cum
2467 4014 2646 4069 denuo
2667 4026 2885 4070 sanctus
2913 4016 3177 4071 Diaconos
3199 4017 3534 4074 Palzestinam
3563 4023 3826 4088 venisset,

2249 4104 2339 4159 illo
2363 4106 2652 4159 comitante
2693 4120 2758 4159 ac
2801 4105 2936 4162 duce
2974 4115 3234 4162 uteretur.
3266 4109 3419 4174 Quod
3444 4125 3572 4164 vero
3615 4122 3827 4179 spectat

2247 4193 2312 4247 ad
2333 4193 2526 4268 .dccem
2550 4194 2698 4248 Isaia:
2723 4194 2996 4250 Visionum
3025 4199 3427 4262 commentaria,
3460 4213 3563 4251 non
3592 4211 3675 4253 est
3701 4215 3822 4253 ant-

2248 4285 2456 4356 bigendi
2483 4287 2652 4353 locus,
2682 4287 2810 4355 quin
2843 4287 3014 4342 eidem
3060 4290 3285 4358 tempori
3340 4290 3446 4343 sint
3482 4291 3821 4360 ascribenda,

2247 4393 2352 4446 quo
2395 4378 2619 4447 primum
2669 4376 2947 4432 Ileraclius
2987 4394 3019 4433 e
3069 4380 3346 4434 Pala‘stina
3387 4396 3661 4451 regressus
3709 4393 3812 4438 est.

2247 4468 2457 4522 Etenim
2485 4468 2696 4536 quando
2731 4483 2762 4524 e
2792 4470 3062 4523 Pannonia
3091 4485 3276 4524 rursus
3302 4470 3570 4526 Orientem
3600 4473 3817 4527 adnavic

2245 4559 2406 4628 gavit,
2447 4568 2501 4614 et
2525 4558 2712 4614 Vitalis
2737 4559 3043 4630 Presbyteri
3087 4561 3288 4616 litteras
3332 4563 3396 4616 ad
3440 4562 3819 4634 Hieronymum

2247 4652 2572 4724 detulit,_his
2614 4653 2725 4722 iste.
2752 4653 3106 4723 respondens,
3153 4651 3482 4724 Prophetiant
3523 4653 3678 4708 Isaia:
3705 4670 3822 4709 me-

2246 4751 2438 4806 morat,
2472 4720 2632 4811 iquam
2676 4720 2808 4796 inter
2845 4720 3015 4796 decem
3051 4741 3280 4797 Visiones
3318 4759 3477 4811 nuper
3517 4744 3820 4811 interpreta-

2245 4841 2352 4884 tum
2401 4848 2454 4886 se
2496 4832 2645 4886 dicit.
2683 4832 2764 4886 Ad
2813 4834 2946 4898 haec,
2994 4833 3046 4887 in
3093 4834 3194 4886 alia
3240 4834 3400 4888 etiam
3427 4833 3514 4910 pd
3543 4833 3822 4890 Lucinium

2247 4920 2493 4989 epistola,
2523 4937 2682 4991 quam
2710 4923 2874 4976 certis
2898 4924 3229 4989 argumentis
3266 4923 3330 4978 ad
3359 4939 3554 4978 annum
3581 4922 3704 4978 598.
3735 4939 3822 4980 re-

2245 5009 2516 5064 ferendam
2543 5011 2908 5077 ostendemus,
2953 5010 3176 5066 Visiones
3201 5011 3376 5068 lsaite.
3394 5015 3540 5068 valde
3568 5017 3821 5069 obscuris-

2244 5101 2397 5154 simas
2434 5111 2641 5154 testatur
2683 5117 2736 5154 se
2781 5118 2942 5170 nuper
2985 5103 3222 5156 historica
3260 5105 3616 5174 explanatione
3656 5105 3820 5158 disse-

2244 5193 2421 5246 ruisse.
2465 5191 2822 5257 Quamobrcm
2867 5193 2910 5246 si
2963 5193 3180 5248 istarum
3223 5194 3289 5248 ad
3335 5193 3559 5249 Vitalem
3610 5210 3673 5250 ac
3711 5196 3821 5250 Lu-

2244 5282 2442 5337 ciuium
2502 5283 2846 5352 epistolarqu
2918 5285 3151 5356 legitima
3216 5297 3297 5340 est
3353 5287 3595 5356 epocha,
3660 5303 3819 5356 quam

2243 5373 2616 5427 constituimus
2643 5393 2730 5430 an.
2754 5376 2877 5431 598.
2907 5385 3014 5430 tum
3043 5377 3160 5430 aliis
3186 5377 3534 5446 argumentis,
3557 5385 3667 5430 tum
3691 5392 3823 5446 pra:-

2244 5465 2398 5533 cipue
2446 5479 2512 5519 ex
2565 5465 2718 5536 longa
2766 5467 3135 5538 aegrotatione,
3184 5483 3287 5538 qua
3331 5484 3423 5536 per
3465 5468 3517 5522 id
3567 5468 3822 5538 temporis

2245 5553 2600 5627 Hieronymus
2643 5557 2891 5613 detentus
2931 5570 3034 5623 est,
3077 5567 3226 5614 certo
3255 5558 3379 5614 inde
3424 5559 3702 5614 conficitur
3726 5560 3824 5615 de-

2243 5659 2360 5700 cem
2386 5646 2661 5702 Visionum
2691 5648 2907 5716 librum,
2935 5649 3025 5719 qui
3053 5649 3126 5705 ibi
3170 5664 3344 5720 nuper
3367 5649 3563 5705 dicitur
3587 5649 3825 5719 explica-

2245 5745 2350 5806 tus,
2395 5738 2462 5794 ad
2502 5741 2835 5810 superiorem
2879 5756 3077 5798 annum
3109 5739 3237 5799 597.
3275 5755 3397 5800 esse
3436 5739 3821 5814 revocandum,
