4048 6192
220 224 380 280 LXIX

216 348 369 409 atque
393 340 534 397 adeo
556 342 723 415 ipsam
749 361 979 421 quoque,
1004 350 1153 422 cujus
1170 354 1338 425 gratia
1372 354 1491 412 haec
1519 356 1779 417 hactenus

216 432 477 503 disputata
531 447 675 504 sunt,
730 441 1012 510 epistolam
1061 446 1128 499 ad
1175 446 1535 515 Castruciutn,
1594 461 1779 521 utpote

221 539 368 595 quam
412 529 653 597 ejusdem
694 535 914 588 omnino
944 538 1197 605 temporis
1240 552 1363 594 esse
1389 538 1780 597 demonstravi-

218 630 353 675 mus.
383 618 550 673 eidem
575 635 718 674 anno
745 623 943 679 debere
968 628 1183 683 ascribi.

280 705 461 761 LXIX.
506 709 714 781 Scripta
748 714 873 768 circ.
913 733 1001 769 an.
1033 718 1156 773 397.
1178 720 1396 775 —Post
1426 721 1623 777 Oceani
1649 739 1771 779 cum

215 798 419 852 Fabiola
446 817 747 869 regressum
771 821 838 859 ex
862 806 1084 862 Oriente
1110 809 1357 874 Romam,
1380 813 1469 881 qui
1502 814 1552 867 in
1577 829 1775 869 annum

207 888 386 943 incidit
411 892 535 946 396.
565 908 629 947 ac
657 911 846 951 rursus
875 908 1000 953 ante
1028 904 1257 967 priorem
1281 903 1553 974 Apologia:
1583 906 1771 962 librum

204 990 381 1035 contra
410 982 709 1049 Rufliunm,
741 989 830 1056 qui
856 991 979 1044 anni
1006 991 1135 1045 402.
1161 993 1315 1047 initio
1337 995 1608 1061 tribuitur,
1626 1010 1773 1053 certo

199 1074 398 1128 certius
429 1075 545 1131 lucc
574 1079 797 1146 cpistola
839 1081 962 1135 data
1002 1090 1104 1137 est.
1134 1084 1368 1139 Primum
1399 1087 1511 1155 ipsa
1541 1090 1773 1143 nominis

193 1160 481 1235 inscriptio
508 1172 718 1237 probat.
745 1171 981 1227 Alterum
1006 1173 1124 1230 ιιωο
1148 1189 1214 1230 ex
1243 1176 1335 1231 illo
1359 1180 1616 1249 apologis:
1638 1180 1773 1236 libro

189 1255 357 1308 verba
388 1273 404 1309 :
449 1259 617 1312 Audio
656 1263 811 1330 objici
855 1265 979 1317 mihi
1016 1266 1340 1338 Chrysogono
1379 1281 1623 1325 sectatore
1666 1275 1775 1343 ejus

187 1343 450 1417 (Rufiini)
493 1364 585 1401 cur
628 1351 681 1404 in
716 1352 1013 1422 baptismate
1054 1357 1266 1411 dixerim
1307 1361 1537 1415 universa
1574 1374 1776 1430 peccata

182 1435 411 1499 dimitti,
442 1436 499 1492 et
519 1451 718 1494 mortuo
741 1444 992 1510 bimarito,
1022 1463 1203 1501 nouum
1227 1451 1384 1502 uirum
1404 1451 1457 1504 in
1482 1451 1678 1506 Christo
1697 1470 1775 1507 re-

180 1541 464 1595 surgere...
493 1531 578 1581 cni
598 1531 735 1585 brevi
764 1550 996 1588 sermone
1028 1540 1358 1605 respondebo.
1389 1540 1591 1597 Habent
1629 1544 1772 1599 libel-

182 1616 314 1679 lum,
340 1634 490 1687 quem
517 1620 569 1672 in
595 1623 785 1676 crimen
812 1637 1013 1689 nocant,
1041 1629 1122 1682 illi
1147 1634 1479 1700 respondeat,
1520 1635 1653 1689 hunc
1674 1654 1768 1691 sua

180 1706 529 1776 disputatione
546 1710 815 1780 subvertat,
839 1725 885 1768 et
908 1718 1099 1787 scripta
1116 1721 1321 1787 scriptis
1339 1735 1539 1793 arguat.
1564 1725 1759 1782 Verum

180 1810 305 1849 cum
336 1798 557 1853 minime
586 1802 896 1869 expeditum
924 1806 993 1859 sit
1016 1806 1307 1876 affirmare,
1339 1814 1422 1865 cui
1454 1816 1669 1884 proprie
1691 1832 1756 1871 ex

181 1887 519 1944 iutermediis
541 1893 696 1946 annis
716 1894 785 1947 sit
806 1896 1142 1965 assignanda,
1168 1901 1329 1968 priori
1360 1903 1481 1958 597.
1515 1905 1758 1962 dedimus

178 1975 463 2031 doctorum
486 1977 760 2035 hominum
777 1985 1092 2041 auctoritate
1113 1988 1344 2056 adducti,
1364 2006 1484 2046 cum
1507 1993 1757 2067 pleraque

180 2069 360 2122 omnia
390 2068 513 2124 huic
538 2071 817 2141 hypothesi
848 2091 954 2130 non
985 2079 1123 2133 male
1145 2080 1431 2150 quadrent.

248 2159 417 2213 LXX.
445 2160 654 2231 Scripta
670 2168 792 2234 fort.
814 2184 901 2221 an.
934 2169 1056 2224 398.
1078 2199 1151 2210 —
1172 2171 1464 2239 Quaesierat
1482 2176 1551 2232 ab
1577 2178 1759 2233 Hiero-

180 2266 343 2321 nymo
371 2251 612 2322 Magnus,
644 2269 741 2309 cur
767 2257 819 2310 in
851 2260 961 2313 suis
988 2261 1078 2315 ille
1116 2266 1387 2333 opusculis
1417 2271 1753 2327 saecularium

181 2339 490 2396 litterarum
514 2344 754 2414 exempla
786 2348 1127 2416 admisceret,
1158 2355 1310 2421 quasi
1338 2356 1623 2413 candorem
1655 2362 1755 2417 Ec-

177 2432 358 2488 clesia:
384 2434 723 2490 ethnicorum
770 2440 1022 2495 sordibus
1053 2444 1333 2511 pollueret.
1364 2446 1463 2502 Cui
1490 2448 1578 2504 ille
1605 2462 1751 2519 post-

177 2542 332 2595 quam
384 2537 495 2583 tota
522 2530 747 2599 epistola
774 2534 1086 2603 respondit,
1128 2539 1473 2607 qumstionem
1508 2550 1681 2621 tamen
1720 2558 1751 2599 a

178 2619 466 2691 Calpurnio
492 2620 840 2691 Sallustiano,
868 2640 975 2695 quo
1003 2629 1217 2685 nomine
1261 2631 1530 2689 Rufﬁuum
1579 2620 1746 2702 notat,

178 2730 271 2782 per
293 2714 544 2784 Magnum
570 2716 669 2771 sibi
700 2720 922 2787 proponi
945 2722 1126 2785 sentit,
1147 2737 1369 2794 eamque
1390 2728 1746 2796 suspicionem

178 2802 226 2856 in
255 2804 430 2872 primo
455 2814 640 2859 contra
673 2806 938 2861 Rufiinum
972 2811 1218 2867 eumdem
1251 2814 1387 2869 libro
1412 2818 1543 2872 satis
1562 2830 1747 2889 aperte

175 2896 494 2960 conﬁrmat,
530 2896 826 2965 Nimirum,
866 2901 1141 2971 inquiens,
1189 2904 1282 2959 iste
1318 2917 1388 2961 est
1437 2908 1745 2979 Calpurnius

177 2982 558 3046 Sallustianus.
602 2989 688 3055 qui
727 2989 870 3042 nobis
916 3006 1005 3058 per
1052 2990 1297 3063 Magnum
1343 2995 1604 3053 Oratorem
1644 3018 1743 3055 non

173 3089 411 3144 magnum
436 3086 658 3129 moverat
674 3079 1012 3144 qucestionem.
1036 3080 1204 3135 Porro
1227 3094 1284 3136 ut
1302 3083 1415 3139 haec
1435 3086 1486 3139 in
1512 3100 1742 3144 mentem

172 3160 484 3234 Hieronymi
530 3166 765 3235 suspicio
809 3169 1037 3235 veniret,
1082 3185 1145 3224 ac
1182 3173 1264 3226 sin
1290 3189 1449 3239 vere,
1487 3178 1743 3245 probabili

169 3253 355 3307 saltem
384 3267 700 3324 argumento
720 3257 932 3322 dixerit,
956 3275 1179 3317 necesse
1203 3272 1285 3317 est
1308 3274 1400 3319 aut
1419 3275 1567 3323 certe
1591 3285 1744 3324 vero-

168 3344 498 3398 simillimum
522 3385 535 3408 ,
580 3354 640 3400 ut
667 3349 754 3417 qui
793 3347 981 3418 Magno
1007 3352 1287 3407 movenda:
1314 3357 1626 3424 quaestionis
1649 3373 1743 3413 au-

166 3444 279 3489 ctor
306 3434 662 3502 credebatur,
710 3437 1169 3496 Rufﬁnus’Romte
1193 3444 1304 3512 jam
1335 3444 1584 3516 degeret,
1616 3464 1737 3506 cum

168 3527 273 3595 ipsa
288 3530 517 3597 epistola
537 3529 657 3584 data
680 3542 779 3585 est.
808 3532 882 3586 Ex
910 3533 1117 3589 duobus
1136 3550 1263 3591 vero
1285 3539 1458 3601 annis,
1487 3541 1734 3598 nimirum

168 3618 284 3674 597.
316 3634 383 3675 ac
404 3622 648 3688 sequenti
677 3621 803 3677 398.
854 3624 1047 3693 quibus
1077 3625 1163 3680 ille
1188 3638 1307 3696 post
1331 3629 1559 3686 reditum
1583 3650 1615 3688 e
1640 3634 1737 3688 Pa—

166 3708 366 3765 lestina
400 3710 504 3765 sub
531 3710 722 3767 Siricio
750 3723 987 3769 moratus
1007 3724 1088 3770 est
1112 3715 1317 3783 Romae,
1345 3720 1481 3775 alter
1498 3736 1734 3779 commo-

165 3798 275 3853 dior
300 3800 545 3865 videtnr,
575 3803 661 3857 cui
696 3802 763 3857 ad
799 3805 1121 3874 propositam
1161 3809 1507 3877 quaestionem
1548 3813 1733 3871 istliazc

163 3889 381 3956 cpistola
413 3891 729 3948 sseribatur.

224 3978 417 4035 LXXI.
449 3980 655 4050 Scripta
678 3999 766 4037 an.
798 3984 924 4041 398.
944 3987 1185 4057 ——Quod
1211 3991 1349 4047 circa
1380 3994 1730 4067 Quadragesi-

160 4083 291 4123 mam
317 4071 477 4138 hujus
498 4073 621 4127 anui
644 4074 771 4129 398.
796 4077 863 4131 ad
885 4077 1163 4136 Lucinium
1190 4076 1480 4152 Epistolam
1506 4102 1726 4146 revoca-

159 4175 301 4225 mus,
335 4161 453 4216 hmc
483 4164 637 4218 nobis
667 4169 988 4235 persuadent
1017 4171 1324 4246 Hieronymi
1350 4178 1417 4233 de
1447 4195 1505 4234 se
1529 4184 1721 4239 verba:

157 4248 262 4320 Ego
270 4254 425 4323 longo
438 4264 598 4309 tentus
614 4258 929 4315 incommodo
942 4263 1023 4317 vix
1036 4265 1087 4317 in
1102 4267 1277 4321 diebus
1290 4268 1721 4342 Quadragesimte,

152 4342 537 4409 quibusNotarii
546 4350 1010 4417 proficiscebantur,
1020 4356 1270 4424 respirare
1281 4360 1425 4429 carpi.
1443 4360 1567 4417 Han:
1579 4364 1725 4419 nimi-

152 4447 262 4487 rum
277 4438 559 4505 aegrotatio
574 4439 763 4495 iisdem
781 4445 1033 4512 temporis
1048 4445 1444 4506 cbaracteribus
1460 4465 1723 4522 praenota-

151 4536 232 4578 tur
257 4542 386 4581 cum
406 4528 513 4591 illa,
541 4545 700 4600 quam
728 4547 849 4588 cum
881 4535 934 4589 in
968 4536 1272 4596 Matthmum
1298 4544 1720 4605 Commentarios

144 4616 411 4673 scriberet
435 4620 500 4674 ad
528 4621 815 4680 Eusebium
844 4637 1125 4694 causatur,
1152 4632 1475 4703 imminente,
1522 4639 1716 4710 inquit,

141 4706 244 4764 iam
274 4707 480 4763 Pascha
498 4750 513 4774 ,
545 4712 734 4768 dictare
765 4732 844 4769 me
869 4720 1036 4788 cogis,
1068 4737 1183 4775 cum
1208 4725 1338 4779 scias
1366 4743 1443 4781 me
1466 4730 1538 4783 ita
1562 4733 1719 4787 tribus

142 4799 399 4853 mensibus
438 4800 689 4871 languisse
711 4846 725 4870 ,
770 4817 824 4860 ut
862 4809 947 4862 via:
973 4826 1105 4865 nunc
1128 4814 1324 4884 ingredi
1352 4819 1607 4888 incipiam.
1654 4825 1717 4877 Et

141 4888 301 4950 paulo
341 4897 503 4955 post,
550 4891 661 4947 sive
699 4895 796 4951 sub
836 4898 1074 4966 ejusdem
1109 4905 1233 4958 anni
1265 4909 1420 4963 tinem
1444 4952 1456 4973 ,
1497 4928 1616 4967 cum
1648 4917 1714 4969 ad

141 4976 481 5045 Evangclnm
507 4981 761 5038 scriberet
785 4986 852 5041 de
871 4987 1257 5050 Melchisedech
1282 5014 1293 5049 :
1321 4998 1457 5069 Ego,
1481 5004 1572 5067 ait,
1602 5017 1715 5074 post

136 5063 349 5133 longam
370 5068 768 5138 egrolationem,
788 5076 871 5130 nia:
889 5078 941 5132 in
965 5063 1385 5154 Quadragesima;
1396 5063 1569 5147 diebus
1588 5063 1713 5165 febri

136 5168 305 5210 carere
321 5158 495 5226 potui,
519 5168 567 5213 et
583 5177 697 5215 cum
719 5164 863 5219 alteri
885 5187 960 5225 me
984 5176 1124 5244 operi
1142 5194 1505 5249 praepararem,
1527 5202 1713 5254 paucos

139 5244 262 5307 dies,
284 5249 375 5314 qui
401 5264 698 5320 supererant
724 5257 778 5310 in
808 5256 1043 5319 Matt/tari
1068 5244 1380 5338 expositione
1399 5244 1707 5347 consumpsi.

138 5331 305 5391 Porro
348 5352 678 5412 compertum
724 5357 807 5403 est
847 5365 913 5406 ex
942 5354 1053 5422 ipsa
1085 5331 1142 5411 in-
1186 5359 1488 5417 Mattbaaum
1517 5331 1708 5434 praefa-

136 5424 306 5491 tione,
362 5443 456 5485 eos
495 5441 913 5495 commentarios
966 5445 1195 5503 Eusebio
1249 5451 1592 5509 Cremonensi
1641 5461 1710 5512 ab

138 5510 454 5587 Hieronymo
493 5522 783 5595 inscriptos
804 5570 820 5594 ,
863 5546 983 5587 cum
1012 5536 1102 5591 ille
1130 5552 1196 5591 ex
1224 5536 1446 5594 Oriente
1483 5542 1704 5600 Romam

139 5604 569 5677 proficisceretur,
599 5626 761 5686 atque
794 5620 931 5676 hanc
961 5625 1061 5680 sibi
1092 5627 1159 5682 ab
1189 5629 1281 5684 illo
1308 5631 1472 5688 subito
1494 5634 1709 5708 naviga-

436 5704 499 5767 S.
550 5706 926 5774 HIKBONYIII
982 5716 1009 5777 Ι

1647 246 2027 305 PHEFATIO.

3324 288 3463 349 LXX

1888 373 2031 423 turus
2055 374 2200 441 quasi
2221 375 2481 436 sitarciam
2506 383 2625 439 dari
2650 388 2877 446 uoluerit.
2918 392 3025 451 Nec
3066 400 3243 458 minus
3280 410 3462 475 explo~

1886 465 2059 563 ratum
2080 472 2182 528 est,
2205 481 2268 521 ex
2292 471 2451 525 tertio
2472 474 2748 547 Apologia:
2768 479 2921 538 Libro
2948 497 3131 546 contra
3162 465 3453 563 Rufﬁnum,

1887 544 2102 603 Eusebii
2146 555 2527 620 profectionem
2573 544 2743 621 Roma
2792 584 2927 627 anno
2972 544 3096 633 398.

1885 636 2146 705 siquidem
2174 656 2295 713 post
2323 664 2517 706 annum
2540 694 2557 717 ,
2588 671 2653 711 ex
2683 674 2793 727 quo
2822 662 2992 719 istbuc
3021 636 3452 734 Ruiﬁnuszdye:

1884 738 2031 825 uerat
2055 768 2071 793 ,
2118 734 2425 825 collocanda
2455 752 2557 797 est.
2606 746 2773 817 Igitur
2812 752 2876 807 ad
2908 758 3151 820 ejusdem
3176 769 3293 820 anni
3320 770 3453 825 398.

1883 818 2135 888 aprilem,
2179 823 2267 879 die
2304 830 2448 884 enim
2476 835 2591 902 ejus
2636 842 2837 898 mensis
2875 847 2959 901 18.
2994 864 3062 905 eo
3086 866 3226 908 anno
3256 857 3452 915 Pascha

1883 906 2075 964 dicitur
2130 913 2400 987 incidisse,
2437 923 2492 977 in
2536 926 2848 988 Matthaaum
2894 936 3272 1000 Commentarii
3318 949 3452 1006 refe-

1883 998 2033 1053 rendi
2073 1014 2230 1072 sunt,
2266 1024 2330 1064 ac
2373 1021 2482 1070 tres
2522 1032 2772 1087 menses,
2814 1028 3010 1093 quibus
3043 1032 3156 1103 jugi
3202 1037 3453 1109 languore

1883 1086 2031 1109 "3_A_
2258 1098 2271 1109 ι
2312 1100 2323 1109 .
2480 1106 2489 1109 -
2804 1097 2815 1106 ’

2804 1086 2844 1106 ι’
3043 1086 3062 1101 ⁸
3106 1086 3156 1103 υ*
3202 1086 3450 1109 '——-°".'

1878 1086 2235 1163 Hieronymus
2258 1098 2551 1171 laboravit,
2582 1123 2611 1160 a
2642 1114 2934 1181 superioris
2956 1123 3084 1175 anni
3110 1126 3324 1183 circiter
3352 1132 3450 1187 De-

1877 1180 2082 1236 cembri
2124 1193 2467 1257 supputandi.
2519 1196 2651 1263 Qua:
2690 1180 2809 1257 cum
2850 1206 2922 1261 ita
2962 1211 3070 1265 sint
3093 1214 3205 1282 ipsa
3243 1180 3450 1275 bare—ad

1879 1271 2157 1383 Lacinium
2199 1283 2476 1355 Epistola,
2532 1309 2651 1363 qua:
2695 1298 2881 1356 iisdem
2936 1307 3079 1362 notis
3114 1271 3445 1383 “insignit-ur,

1879 1368 2230 1469 eamdemque
2257 1378 2471 1444 praefert
2497 1390 2915 1459 :egrotationem,
2944 1412 3063 1465 qua:
3089 1402 3185 1456 sub
3204 1368 3446 1469 (Suadra:

1876 1459 2093 1525 gesimte
2108 1461 2223 1519 dies
2244 1478 2527 1540 utcumque
2547 1480 2789 1544 permisit
2812 1459 3094 1553 respirare,
3119 1494 3184 1547 ad
3207 1459 3449 1566 ejusdem

1874 1551 1999 1603 anni
2024 1552 2148 1607 398.
2178 1558 2409 1624 priorem
2441 1576 2667 1635 partem,
2702 1584 2825 1641 puta
2852 1551 2921 1632 ad
2951 1582 3186 1650 Aprilem

1868 1654 1974 1740 npn
2022 1643 2286 1704 immerito
2335 1662 2419 1707 est
2460 1656 2764 1717 referenda.
2806 1668 2887 1721 Ad
2928 1643 3045 1727 haec
3081 1676 3249 1732 decem

1876 1726 2103 1787 Visiones
2128 1738 2275 1792 ualde
2296 1740 2677 1803 obscurissimas
2717 1753 2836 1808 heic
2875 1726 3035 1814 dono,
3054 1726 3437 1827 ad

1863 1820 2058 1887 mittit,
2112 1839 2245 1894 quas
2290 1846 2453 1901 nuper
2484 1844 2719 1895 testatur
2766 1843 3015 1904 historica
3059 1858 3439 1925 explanatione

1860 1907 2179 1971 disseruisse
2204 1958 2219 1981 ,
2262 1934 2382 1990 qua:
2409 1926 2575 1982 altera
2609 1938 2863 2002 temporis
2893 1950 3015 1995 nota
3043 1958 3109 1999 ex
3147 1953 3437 2017 superioris

1860 2000 2100 2104 epistolae
2146 2007 2235 2064 68.
2275 2011 2668 2088 chronologicis
2692 2000 2988 2085 rationibus
3010 2000 3434 2104 ἰωρεηξῇξῶῐ

1861 2092 2044 2147 stabit.

1929 2184 2140 2285 LX.XII.
2185 2191 2393 2285 ,ξω-ἔρια
2429 2202 2605 2258 eodem
2628 2224 2716 2261 an.
2745 2211 2870 2267 398.
2891 2217 3433 2285 -—Quemadmodum

1860 2279 2105 2385 superior
2132 2280 2377 2351 epistola,
2424 2307 2545 2360 quae
2579 2308 2700 2365 post
2738 2317 2901 2373 nuper
2924 2278 3162 2367 hiderica

1860 2364 1993 2421 tione
2007 2368 2223 2428 donatas
2236 2374 2407 2432 decem
2425 2364 2595 2438 Isaias,
2615 2364 2857 2459 Visiones,
2874 2398 3090 2467 scripta,
3109 2406 3233 2460 anni
3251 2364 3304 2462 ia
3311 2426 3433 2467 men

1858 2455 1983 2567 398.
2033 2472 2154 2516 esse
2194 2469 2569 2537 constituitur,
2617 2478 2687 2532 ita
2715 2455 3429 2567 hmc'omriinofquamuad

1860 2546 2081 2606 Vitalem
2105 2553 2249 2610 dedit
2277 2558 2646 2635 Hieronymus,
2673 2586 2814 2641 cum,
2841 2584 2897 2631 ut
2923 2578 3035 2650 ipse
3057 2546 3425 2655 prodi:

1853 2639 1975 2696 dcm
2005 2644 2348 2744 Prophetiam
2376 2655 2562 2714 decem
2598 2639 2871 2725 Visionum
2900 2639 3072 2744 nuper:
3087 2639 3429 2743 esset'inier-

1853 2741 2112 2803 pretatus,
2142 2739 2208 2793 ad
2236 2740 2377 2799 idem
2403 2753 2527 2805 anni
2560 2761 2768 2825 tempus
2792 2771 2878 2815 est
2904 2739 3207 2840 referenda,
3233 2739 3334 2833 nisi
3348 2739 3423 2835 ven

1850 2838 1970 2893 qua
2007 2827 2073 2882 ad
2121 2835 2412 2902 superioris
2450 2848 2793 2903 asserendam
2834 2852 3105 2922 Epocham

1848 2928 2158 2985 argumenta
2188 2938 2285 2979 nos
2313 2926 2520 2985 fallunt.
2543 2933 2809 2993 Caeterum
2824 2955 2946 2997 cum
2964 2944 3150 3002 Vitalis
3170 2926 3423 3020 quaestio:

1849 3021 1994 3071 nem,
2025 3018 2083 3063 ut
2109 3010 2193 3066 hic
2220 3029 2275 3067 n.
2309 3017 2361 3070 1.
2394 3018 2608 3086 dicitur,
2639 3025 2705 3078 ad
2735 3026 3114 3102 Hieronymum
3145 3010 3425 3100 detulisset

1850 3094 2127 3153 lleraclius
2154 3102 2435 3173 Diaconus,
2466 3111 2511 3164 is
2539 3113 2789 3171 nimirum
2810 3160 2827 3185 ,
2853 3094 2962 3191 quo
2995 3125 3065 3180 de
3092 3128 3242 3196 plura
3281 3133 3419 3191 dicta

1849 3195 1972 3239 sunt
1998 3187 2051 3241 in
2080 3194 2406 3249 recensenda
2427 3199 2492 3252 ad
2517 3198 2848 3263 Castrueium
2871 3187 3107 3281 epistola
3120 3235 3135 3284 ;
3160 3218 3422 3297 Hierony-

1849 3294 1969 3333 mus
2012 3296 2141 3337 vero
2183 3284 2310 3341 dum
2339 3287 2499 3345 Vitali
2529 3298 2853 3367 respondet,
2895 3303 3081 3365 decem
3126 3311 3247 3372 illas
3271 3286 3419 3374 Isaiae

1849 3368 2089 3427 Visiones
2116 3389 2144 3425 a
2170 3390 2231 3430 se
2272 3392 2443 3447 nuper
2470 3384 2762 3452 eXpIicatas
2791 3407 3055 3454 memoret
3079 3368 3242 3474 (quas
3256 3368 3414 3480 supra

1845 3463 2176 3520 ostendimus
2200 3466 2505 3528 Heraclium
2534 3476 2637 3531 sibi
2667 3487 3066 3547 commendatas
3085 3463 3168 3549 ad
3193 3463 3413 3556 Annibi;

1842 3550 1945 3605 Iem
1996 3554 2274 3631 detulisse)
2324 3562 2447 3620 hinc
2493 3568 2658 3636 probe
2706 3576 2987 3636 conficitur
3025 3586 3248 3644 alteram
3297 3594 3413 3664 ejus

1842 3644 2055 3701 Diaconi
2099 3651 2482 3721 profectionem
2523 3661 2578 3716 in
2610 3662 2947 3727 Palmstinam
2990 3675 3107 3734 heic
3152 3644 3406 3755 indicari.

1838 3750 1956 3805 qum.
1989 3739 2090 3796 hoc
2114 3758 2256 3799 anno
2280 3747 2406 3804 398.
2436 3755 2738 3825 contigerit.
2855 3792 2910 3835 δ,

1906 3826 2141 3887 LXXIII.
2172 3833 2381 3906 Scripta
2410 3840 2586 3896 eodem
2612 3861 2697 3900 an.
2726 3826 3063 3913 398.;Non
3092 3866 3262 3921 multo
3291 3884 3411 3939 post

1835 3932 2083 3981 exaratos
2112 3926 2161 3982 in
2191 3927 2493 3989 Matthaaum
2521 3934 2949 4003 Commentarios
2977 3950 3092 4007 haec
3128 3956 3195 4011 ad
3240 3926 3409 4017 Eian-

1833 4012 2021 4123 gelum,
2032 4018 2253 4086 epistola
2277 4023 2494 4093 prodiit,
2517 4029 2659 4098 quod
2679 4033 2895 4103 quidem
2919 4039 3031 4110 ipse
3052 4012 3406 4123 Hieronymus

1832 4104 1964 4159 satis
1988 4104 2228 4163 declarat
2251 4111 2330 4166 his
2354 4116 2533 4171 verbis
2558 4135 2571 4170 :
2606 4118 2719 4191 Ego
2746 4137 2859 4193 post
2886 4104 3089 4201 longam
3117 4104 3408 4209 tegrolatio:

1833 4209 1966 4255 nem,
1996 4196 2081 4249 via:
2102 4199 2153 4249 in
2187 4197 2603 4274 Quadragesima
2627 4210 2801 4267 diebus
2829 4196 3151 4283 febricarere
3162 4196 3406 4299 vpotui,et

1830 4298 1945 4337 cum
1958 4286 2108 4340 alteri
2132 4304 2211 4342 me
2224 4293 2364 4360 operi
2382 4311 2743 4365 praepararem,
2764 4321 2955 4373 paucos
2978 4310 3108 4379 dies,
3129 4320 3215 4386 qui
3226 4286 3404 4395 super.

1830 4385 1975 4429 erant
2000 4378 2053 4431 in
2072 4378 2305 4436 Matthtei
2318 4387 2629 4454 expositione
2641 4400 2935 4467 consumpsi
2952 4441 2968 4467 ,
2993 4378 3228 4477 tantaque
3241 4378 3400 4473 ndidi.

1831 4474 1932 4520 tale
1954 4469 2125 4523 studia
2154 4473 2339 4526 omissa
2362 4476 2588 4543 repetiui,
2618 4488 2671 4533 ut
2688 4485 2824 4552 quod
2846 4469 3194 4554 exercitationi
3212 4469 3399 4579 linguis

1835 4557 2027 4579 __-.-.__-.
2182 4578 2207 4579 κν
2246 4577 2256 4579 -
2293 4564 2326 4579 .-
2556 4570 2568 4579 .
2710 4573 2720 4579 .
2828 4577 2835 4579 .

1833 4557 2067 4627 profuit,
2101 4564 2326 4617 nocuerit
2367 4570 2595 4635 corporis
2636 4573 2926 4635 valetudini.
2972 4582 3087 4642 Non
3113 4557 3397 4670 est

1829 4662 1996 4717 opus,
2043 4660 2102 4705 ut
2144 4667 2267 4708 vera
2310 4656 2549 4725 epistolae
2591 4670 2721 4719 tetas
2757 4668 2999 4742 eluceat,
3046 4680 3146 4735 nisi
3192 4656 3397 4758 aliqiiot

1828 4756 2040 4799 menses
2085 4744 2494 4804 Commentariis
2539 4753 2590 4807 in
2636 4756 2939 4819 Matthaenm
2998 4744 3388 4847 superaddere,

1824 4832 2017 4900 quibus
2039 4874 2053 4899 ,
2104 4834 2229 4890 dum
2266 4840 2459 4894 omissa
2502 4841 2856 4918 Hieronymus
2892 4832 3393 4925 studia'avidissime

1823 5115 1982 5169 supra
2012 5116 2077 5156 ex
2106 5104 2412 5157 earumdem
2441 5106 2753 5165 Praelatione
2773 5152 2788 5174 ,
2831 5126 2990 5184 atque
3016 5119 3229 5184 Eusebii
3257 5135 3390 5192 Cre-

1823 5193 2093 5247 monensis
2117 5194 2169 5247 iu
2193 5194 2532 5247 Occidentem
2560 5198 2818 5286 profectu,
2845 5205 2913 5260 ad
2932 5207 3092 5279 hujus
3112 5223 3239 5277 anni
3263 5227 3389 5286 398.

1821 5282 2058 5349 Aprilem
2086 5282 2536 5346 constituerimus,
2556 5285 2720 5359 facile
2746 5303 2827 5347 est
2853 5294 3149 5374 intelligere
3171 5312 3236 5366 ad
3265 5282 3387 5375 anui

1820 5371 2054 5427 medium
2083 5371 2361 5441 epistolam
2392 5374 2679 5438 pertinere.

1889 5459 2123 5515 LXXIV.
2151 5460 2356 5561 Scripta
2376 5461 2466 5561 sub
2489 5463 2579 5561 fin.
2604 5482 2690 5521 an.
2709 5471 2833 5531 398.
2852 5506 2921 5519 —-
2935 5463 3080 5541 lianc
3099 5489 3384 5561 Epistolam

1818 5552 2171 5622 Hieronymus
2191 5551 2245 5603 in
2266 5550 2449 5605 lectulo
2466 5554 2781 5634 decumbens,
2801 5569 3049 5645 longaque
3063 5550 3389 5651 wgrotatione

1818 5644 2073 5713 confectus
2114 5643 2198 5694 vix
2252 5640 2467 5695 Notario
2515 5647 2741 5708 celeriter
2791 5662 3105 5721 scribendam
3159 5674 3384 5737 dictavit.

2731 5745 3145 5836 (Troisic‘me.)
