4048 6192
587 280 779 339 ⁵12111

599 403 820 458 minus
841 397 947 452 sub
972 392 1208 468 epistolae
1242 390 1399 446 ﬁnem
1429 388 1694 442 duodecim
1720 402 1916 442 metues
1956 398 2179 438 enume—

614 502 734 556 rat,
777 489 970 559 quibus
1003 485 1111 554 jugi
1141 482 1391 548 languore
1431 476 1708 531 confectus
1734 486 1836 530 est.
1883 475 2048 528 Porro
2087 473 2183 526 hos

615 597 836 640 me!
857 581 924 634 ab
951 577 1072 631 anni
1107 571 1397 641 superioris
1426 569 1549 624 597.
1605 568 1881 621 Decembri
1908 581 2028 619 esse
2055 580 2184 634 sup-

618 676 880 744 putandos
905 669 1056 722 facile
1075 664 1363 727 constabit,
1390 664 1434 715 si
1462 661 1596 714 hanc
1618 659 2011 711 animadvertas
2032 673 2182 711 eam-

614 766 737 819 dem
757 777 873 816 esse
892 756 1312 827 aegrotationem,
1333 767 1489 821 quam
1517 752 1568 802 in
1595 748 2184 803 Praefat.Commentar.

614 856 670 908 in
698 851 1026 911 ﬂanimeum,
1057 847 1215 900 trium
1243 844 1504 897 mensium
1531 840 1659 893 dicit
1680 848 1806 891 tunc
1831 853 1860 890 a
1884 837 2186 902 Quadrage-

619 945 772 1000 sima:
814 941 1040 1004 diebus,
1087 951 1180 992 seu
1219 934 1407 989 Martio
1447 945 1631 985 mense
1672 944 1882 983 rursum
1925 928 2185 980 talionem

597 1036 810 1097 aniens,
841 1031 1023 1086 tumin
1045 1027 1266 1097 epistola
1295 1024 1362 1077 ad
1392 1022 1744 1090 Evangelum,
1769 1029 1822 1073 et
1845 1019 1896 1072 in
1924 1017 2185 1085 superiori

614 1124 682 1178 ad
712 1121 989 1176 Lacinium
1016 1118 1268 1172 continuo
1291 1119 1572 1167 memorat.
1602 1109 1802 1176 Nempe
1826 1106 2051 1161 Sanctus
2079 1105 2187 1157 Do-

611 1222 752 1266 ctor.
780 1226 900 1264 cum
929 1209 1029 1262 hoc
1056 1219 1196 1259 anno
1221 1203 1409 1256 diebus
1449 1199 1881 1267 Quadragesima:
1920 1196 2188 1263 respirare

613 1301 880 1356 tantillum
906 1297 1178 1365 coepisset,
1206 1307 1433 1362 propere
1466 1289 1768 1343 Mattltmum
1810 1290 2187 1354 interpretatus

616 1402 730 1457 est,
772 1400 882 1444 tum
925 1388 1118 1442 omissa
1145 1383 1316 1439 studia
1339 1391 1480 1436 tanta
1505 1381 1755 1434 aviditate
1777 1379 2062 1446 repetivit,
2091 1386 2144 1430 ut
2168 1416 2184 1439 ,

613 1477 1060 1552 quemadmodum
1091 1477 1142 1529 in
1170 1473 1393 1544 epistola
1419 1471 1484 1524 ad
1516 1470 1841 1537 Evangelum
1885 1469 1997 1535 ipse
2027 1475 2186 1522 testa-

620 1584 739 1636 tur,
765 1571 899 1643 quod
926 1570 971 1624 ei
999 1571 1186 1638 linguce
1208 1564 1556 1620 exercitationi
1587 1562 1801 1630 profuit,
1834 1561 2055 1612 nocuerit
2079 1575 2189 1611 cor-

618 1664 757 1734 poris
777 1661 1073 1716 ualetudini.
1107 1658 1241 1712 llinc
1268 1656 1446 1708 statim
1479 1652 1530 1706 in
1563 1651 1751 1706 febrim
1777 1661 1831 1704 et
1860 1651 2182 1717 languorem,

617 1767 683 1808 es
715 1766 819 1822 quo
845 1765 952 1805 non
984 1749 1120 1802 bene
1145 1744 1507 1804 convaluerat,
1538 1741 1812 1810 relapsus,
1841 1755 1906 1794 eo
1935 1756 2100 1807 usque
2123 1739 2186 1790 ad

617 1843 743 1895 anni
771 1842 930 1894 linem
956 1838 1293 1893 continenter
1323 1833 1616 1888 laboravit:
1654 1831 1791 1884 unde
1822 1831 1991 1899 ipsum
2035 1846 2187 1882 meu-

619 1948 764 1998 scm,
812 1939 866 1985 et
908 1927 1050 2000 quod
1097 1925 1333 1982 excurrit
1376 1921 1838 1990 Quadragesimae,
1872 1935 2009 1972 nunc
2052 1920 2188 1972 inter

620 2041 716 2082 eos
735 2029 1037 2092 computat,
1065 2015 1382 2088 quibusjugi
1407 2014 1752 2083 aegrotatione
1773 2012 2045 2066 confectus
2071 2021 2185 2064 est:

619 2130 780 2188 atque
806 2113 940 2169 adeo
965 2109 1239 2164 verissime
1263 2105 1329 2159 ad
1370 2103 1709 2158 novembrem
1741 2103 1894 2169 hujus
1919 2102 2037 2154 anui
2060 2101 2179 2154 593.

620 2226 725 2282 quo
743 2219 978 2276 tempore
995 2202 1172 2257 datam
1192 2200 1328 2252 hanc
1341 2194 1618 2266 epistolam
1635 2193 1975 2257 arbitramur,
1995 2192 2190 2245 dixerit

618 2317 679 2358 se
704 2298 982 2356 duodecim
1013 2306 1224 2349 menses
1250 2290 1534 2359 languisse.
1671 2358 1676 2364 _

692 2391 799 2449 Sed
841 2405 910 2446 ne
951 2387 1054 2443 levi
1082 2384 1387 2454 conjectura
1416 2381 1532 2435 haec
1573 2395 1602 2433 a
1647 2377 1799 2432 nobis
1828 2377 2077 2432 constitui
2107 2377 2186 2429 vi-

620 2484 877 2547 deantur,
931 2474 1227 2547 praesertim
1280 2486 1400 2527 cum
1456 2469 1724 2523 neminem
1781 2468 2050 2528 sciamus,
2097 2466 2185 2533 qui

623 2583 821 2629 certam
845 2568 1113 2638 Epocbam
1141 2563 1265 2618 huic
1284 2560 1535 2630 Epistol.e
1579 2560 1830 2612 hactenus
1866 2557 2186 2619 attribuerit,

623 2674 716 2721 aut
769 2657 1233 2729 llicronymianam
1281 2651 1436 2721 hujus
1485 2652 1736 2717 temporis
1788 2650 2186 2717 :cgrotationem

625 2762 772 2812 recte
817 2747 1159 2812 distinxerit,
1217 2758 1414 2798 novum
1469 2740 1769 2810 huiusmodi
1826 2750 2188 2808 argumentum

626 2843 996 2916 proponimus.
1043 2838 1122 2892 Eo
1167 2843 1312 2891 certe
1357 2843 1594 2900 tempore
1637 2831 1756 2884 data
1793 2839 1876 2884 est
1910 2830 2024 2884 lucc
2069 2830 2192 2897 Epi-

621 2936 790 2997 stula,
841 2946 946 3002 quo
994 2925 1370 2983 Cremonensis
1413 2922 1678 2978 Eusebius
1716 2921 1900 2974 Romae
1945 2930 2092 2984 erat,
2138 2930 2192 2974 ct

625 3027 835 3086 Rufilno
862 3025 1115 3080 Romanae
1141 3017 1397 3074 Ecclesiae
1427 3015 1735 3085 presbytero
1755 3013 1987 3080 junctus.
2009 3012 2193 3065 lliero-

626 3119 769 3192 nymi
800 3129 993 3171 nomen
1034 3111 1141 3166 late
1169 3105 1536 3163 celebrabant.
1568 3103 1620 3157 Id
1665 3101 1938 3172 perSpicue
1973 3117 2036 3155 ex
2070 3102 2192 3154 llic-

625 3209 832 3281 ronymi
884 3203 1064 3260 verbis
1110 3202 1314 3270 liquet,
1372 3198 1550 3252 statim
1595 3195 1781 3258 initio,
1825 3193 1912 3248 tibi
1951 3192 2188 3255 Gaudeo,

625 3301 831 3370 inquit,
872 3297 1073 3365 quidem
1115 3309 1265 3364 super
1307 3289 1592 3345 testimonio
1622 3304 1741 3356 erga
1785 3303 1864 3340 me
1899 3286 2192 3341 Sunctitatis

629 3402 758 3456 tute,
799 3398 844 3441 et
872 3401 1042 3440 amore
1089 3383 1248 3438 sancti
1300 3380 1575 3450 presbyteri
1620 3377 1855 3440 Eusebii,
1902 3393 1989 3430 nec
2022 3377 2192 3431 dubito

628 3482 750 3551 quin
779 3495 858 3533 me
895 3477 1090 3548 publice
1115 3471 1418 3543 praedicetis.
1463 3471 1630 3525 Porro
1658 3469 1756 3522 iste
1786 3468 2075 3534 Eusebius,
2103 3469 2191 3537 qui

634 3571 894 3632 ltomam,
946 3572 1003 3618 ut
1042 3561 1284 3631 superius
1326 3559 1601 3630 probatum
1642 3566 1752 3621 est,
1801 3556 1866 3609 ad
1904 3558 2027 3611 anui
2067 3558 2190 3612 598.

631 3659 863 3716 medium
885 3653 1096 3709 advenit
1113 3694 1126 3716 ,
1152 3667 1256 3706 non
1278 3651 1377 3704 nisi
1401 3665 1496 3720 per
1522 3648 1687 3703 ferme
1710 3647 1976 3702 biennium
2000 3647 2193 3702 ibidem

631 3755 868 3805 moratus
896 3753 1011 3808 est;
1043 3756 1182 3796 anno
1209 3740 1348 3796 enim
1378 3739 1502 3794 400.
1536 3739 1675 3792 circa
1708 3737 1967 3804 medium,
1999 3737 2197 3792 Medio-

631 3842 810 3896 lanum
839 3836 1168 3908 perrexisse,
1201 3841 1310 3887 tum
1335 3831 1452 3887 aliis
1475 3830 1802 3900 argumentis
1825 3838 2060 3892 constat,
2085 3838 2193 3882 tum

631 3929 897 4003 praecipue
925 3942 986 3981 ex
1019 3923 1245 3994 quadam
1272 3921 1535 3975 Anastasii
1565 3919 1786 3989 epistola
1813 3917 1880 3970 ad
1902 3918 2197 3986 Simplicia-

632 4034 792 4084 num,
822 4029 978 4086 quam
1023 4012 1177 4066 nobis
1214 4019 1359 4066 sorte
1397 4010 1574 4064 datum
1613 4017 1695 4063 est
1729 4009 1780 4062 in
1823 4007 2195 4062 Mediolanensi

633 4110 760 4167 Mss.
797 4106 1054 4168 invenire,
1077 4112 1130 4158 et
1158 4102 1459 4172 Hieronymi
1483 4101 1722 4170 epistolis
1749 4115 1847 4154 suo
1867 4100 1984 4154 loco
2009 4113 2199 4153 accen-

632 4201 886 4258 sebimus.
918 4194 1081 4266 Igitur
1106 4208 1226 4248 cum
1254 4195 1468 4262 evagari
1499 4191 1636 4245 ultra
1678 4189 1809 4244 illud
1853 4190 2018 4246 ferme
2045 4189 2196 4245 bien-

633 4291 811 4357 nium,
854 4302 961 4358 quo
1003 4282 1363 4340 cremonensis
1388 4281 1668 4352 presbyter
1693 4280 1876 4335 Roma:
1903 4280 2074 4350 degit,
2105 4296 2163 4335 ea
2182 4321 2196 4343 ,

633 4396 750 4452 qua:
793 4379 861 4434 de
904 4376 1018 4446 ejus
1064 4389 1184 4429 cum
1225 4372 1438 4428 Ruflino
1474 4371 1848 4442 conjunctione
1885 4373 2197 4437 retulimus,

636 4484 740 4526 non
764 4467 1090 4538 permittant,
1109 4479 1269 4517 unum
1301 4464 1634 4531 relinquitur,
1653 4469 1712 4514 ut
1735 4462 2041 4531 probemus,
2061 4478 2202 4517 anno

634 4557 930 4626 insequenti
955 4554 1080 4609 599.
1111 4563 1166 4609 et
1189 4553 1312 4608 400.
1342 4552 1646 4624 llicronymi
1669 4553 2004 4622 tamlongam
2031 4567 2201 4622 aegro-

636 4647 914 4712 tationem,
937 4658 1055 4714 qua:
1071 4642 1390 4712 prmeipuum
1412 4641 1568 4712 hujus
1584 4642 1819 4710 epistola:
1839 4643 2200 4697 characterem

636 4747 812 4803 tenet,
840 4734 1126 4791 convenire
1157 4748 1260 4787 non
1290 4748 1476 4802 posse;
1509 4744 1668 4802 atque
1707 4733 1841 4786 adeo
1867 4733 1931 4787 ad
1961 4735 2203 4802 superio-

634 4846 746 4885 rem
777 4828 900 4883 597.
930 4826 1013 4881 cui
1040 4825 1239 4895 optime
1263 4825 1521 4896 quadrat,
1567 4824 1785 4878 omnino
1821 4839 1939 4879 esse
1966 4824 2202 4878 referen-

635 4919 778 4972 dam.
825 4914 976 4984 Quod
1020 4923 1078 4969 ttt
1120 4913 1274 4969 facile
1302 4921 1633 4982 compertum
1665 4913 1760 4974 sit,
1813 4912 1942 4965 satis
1969 4913 2099 4977 erit,
2144 4929 2203 4968 ea

643 5009 753 5078 ipsa
773 5049 789 5074 ,
835 5021 954 5078 qua:
999 5005 1135 5060 haud
1167 5019 1331 5075 pauca
1362 5019 1454 5073 per
1484 5003 1534 5056 id
1574 5003 1826 5070 temporis
1859 5004 2206 5075 llieronymus

641 5097 879 5167 scripsit,
926 5095 1218 5165 inspicere,
1265 5095 1318 5147 in
1357 5093 1552 5162 quibus
1594 5093 1734 5145 nulla
1775 5109 2002 5160 unquam
2041 5111 2209 5164 nigro.

640 5185 855 5243 talionis
898 5195 980 5241 cst
1020 5183 1254 5249 mentio,
1301 5182 1501 5236 nullum
1545 5180 1844 5248 vestigium.
1886 5182 1984 5248 Qui
2029 5192 2205 5238 autem

639 5275 753 5331 fieri
781 5273 981 5345 potuit,
1012 5280 1104 5325 aut
1129 5271 1347 5326 credere
1372 5285 1466 5340 par
1490 5279 1600 5335 est,
1629 5278 1688 5323 ut
1711 5271 1796 5338 qui
1827 5285 1922 5338 per
1942 5271 2204 5342 integrum

641 5377 836 5416 annum
861 5361 968 5429 jugi
1000 5361 1252 5429 languore
1279 5360 1606 5415 decumbens
1634 5361 1686 5413 in
1733 5360 1928 5414 lectulo
1960 5364 2207 5418 conﬁcie-

643 5453 826 5511 batur,
869 5449 1119 5500 continuo
1146 5449 1345 5504 litteras
1377 5451 1557 5514 daret,
1589 5465 1689 5503 nec
1713 5466 1942 5519 unquam
1983 5464 2208 5522 aegrota-

647 5537 841 5590 tionem
864 5547 1013 5586 suam
1033 5544 1372 5601 causaretur;
1420 5552 1687 5606 nunquam
1711 5537 2054 5606 admoueret,
2102 5558 2206 5597 non

651 5635 710 5676 se
737 5620 943 5688 propria
976 5631 1135 5673 manu
1162 5621 1427 5689 scribere,
1457 5624 1549 5678 sed
1588 5626 1805 5680 notariis
1832 5627 2032 5684 dictare
2051 5671 2067 5694 ,
2113 5649 2208 5686 nec

2037 265 2420 322 PBAZFATIO.

3684 271 3864 328 LXX"

2295 383 2504 438 tandem
2534 384 2676 453 quod
2703 383 2769 438 ad
2795 382 3137 438 scribendum
3161 384 3358 454 quietis
3385 384 3586 456 aliquid
3610 394 3866 456 temporis

2294 486 2480 529 nactus
2521 476 2705 530 esset?
2743 476 2864 529 llaec
2886 477 2930 530 si
2956 478 3075 544 quis
3115 477 3215 529 sibi
3257 477 3308 529 iu
3347 478 3584 530 animum
3615 479 3864 547 inducat,

2294 564 2488 632 hOSpcs
2515 567 2580 617 sit
2608 567 2660 617 in
2692 566 3000 637 lliernnymi
3029 569 3252 620 lectione
3272 607 3288 630 ,
3318 583 3417 621 nec
3437 610 3452 633 ,
3486 580 3544 621 ut
3585 569 3690 622 alia
3739 585 3834 625 ses
3853 605 3865 615 -

2295 664 2448 707 centa
2480 656 2825 717 omittamus,
2877 657 3082 708 noverit
3126 659 3398 723 superiora
3451 659 3732 727 exempla,
3784 663 3864 714 ubi

2294 743 2514 810 singulis
2541 743 2606 794 ad
2637 744 2920 796 Eusebium
2940 786 2957 810 ,
2991 745 3313 814 Evangelum
3334 787 3350 811 ,
3378 761 3442 800 ac
3474 747 3750 802 Lucinium
3781 750 3864 802 lit-

2295 835 2458 895 teris,
2505 848 2599 887 eos
2638 835 2807 888 latere
2853 851 2957 887 non
2993 838 3149 898 sinit,
3191 852 3253 889 ac
3293 838 3582 905 prudenter
3618 849 3868 893 eausalur

2296 925 2453 975 tritnn
2480 925 2740 977 mensium
2775 925 3200 989 incommodum,
3229 943 3336 995 quo
3364 939 3541 983 tentus
3571 928 3767 984 fuerat.
3790 933 3866 985 Ad

2296 1012 2410 1067 lucc
2427 1015 2667 1083 quaedam
2687 1032 2782 1084 per
2805 1016 2853 1068 id
2874 1018 3125 1084 temporis
3145 1017 3498 1088 llicrouymus
3517 1019 3863 1082 elucubravit,

2295 1120 2414 1173 qure
2439 1107 2688 1171 omnino,
2733 1109 2777 1159 si
2820 1107 2950 1160 febri
2986 1117 3235 1160 :estuaret
3259 1149 3275 1172 ,
3317 1123 3485 1176 eaque
3522 1112 3866 1178 aegrotatione

2295 1195 2651 1255 detineretur,
2683 1197 2931 1266 persequi
2962 1213 3066 1249 non
3093 1199 3369 1266 potuisset.
3396 1198 3712 1266 llujusmodi
3745 1211 3865 1254 sunt

2294 1285 2534 1353 Origeuis
2564 1286 2706 1339 Libri
2749 1296 2855 1356 πιρί
2892 1295 3088 1358 Δρχῶν,
3129 1305 3265 1350 quos
3294 1289 3664 1356 Pammachio,
3709 1301 3862 1360 atque

2294 1371 2504 1426 Oceano
2524 1415 2539 1438 ,
2569 1377 2653 1428 vel
2680 1376 2779 1429 sub
2811 1377 2968 1429 finem
2999 1393 3087 1429 au.
3121 1378 3245 1432 599.
3278 1379 3361 1430 rel
3386 1380 3482 1432 sub
3503 1381 3861 1450 quadringen-

2296 1465 2468 1516 tesimi
2514 1465 2755 1531 initium,
2784 1467 2939 1520 enixe
2980 1469 3278 1535 petentibus
3314 1468 3529 1523 Latinos
3553 1469 3677 1524 iecit
3711 1487 3865 1527 accu-

2297 1555 2562 1608 ratissime
2611 1555 2840 1610 reddens
2881 1558 3115 1610 auctoris
3161 1572 3412 1625 sensum,
3461 1574 3525 1613 ac
3567 1561 3765 1625 verba,
3811 1571 3863 1617 ut

2299 1645 2527 1698 versioni
2575 1648 2883 1701 eorumdem
2930 1649 3185 1704 librorum
3227 1651 3384 1718 paulo
3420 1659 3543 1706 ante
3583 1668 3611 1704 a
3652 1652 3862 1708 Rufiino

2297 1733 2568 1788 adomatzc
2611 1738 2994 1804 responderet,
3045 1748 3132 1803 et,
3189 1743 3531 1796 contentione
3575 1743 3742 1807 facta,
3801 1744 3862 1798 de

2296 1828 2538 1896 Origenis
2569 1840 2779 1894 mente,
2822 1841 2982 1901 atque
3024 1834 3296 1887 erroribus
3332 1834 3857 1904 certojudicaretur.

2296 1917 2340 1971 Ε
2359 1921 2626 1974 euntmrio
2643 1921 2756 1975 hinc
2773 1931 2827 1976 et
2850 1923 3101 1992 pleraque
3118 1927 3292 1977 omnia
3311 1927 3551 1993 apprime
3570 1935 3859 1980 consonant

2298 2011 2348 2063 in
2381 2021 2561 2064 nostra
2594 2012 2872 2081 bypotbcsi
2892 2055 2907 2078 ,
2943 2015 2994 2067 in
3023 2030 3126 2083 qua
3156 2015 3492 2070 continenter
3516 2017 3566 2069 in
3598 2017 3714 2085 ejus
3741 2019 3857 2071 anni

2295 2104 2564 2171 epistolis,
2592 2120 2723 2172 quas
2742 2147 2757 2171 ,
2790 2115 2847 2158 ut
2877 2121 2972 2174 per
2994 2107 3353 2161 valetudinem
3381 2108 3555 2172 licuit,
3587 2111 3862 2177 pauciores

2296 2194 2476 2260 dedit,
2508 2196 2652 2248 illam
2700 2199 3099 2266 aegrotationem
3129 2201 3448 2263 memorari,
3493 2211 3600 2253 tum
3623 2202 3688 2253 ad
3718 2217 3864 2255 men-

2295 2301 2406 2341 sem
2437 2303 2604 2357 usque
2630 2289 3004 2344 duodecimum
3023 2331 3038 2354 ,
3077 2292 3238 2344 nullis
3268 2292 3593 2361 interpositis
3620 2294 3860 2361 scriptis,

2295 2376 2483 2431 deduci
2505 2379 2632 2431 satis
2653 2389 2796 2433 recta
2821 2381 3026 2435 ratione
3045 2383 3396 2445 ostendimus,
3426 2392 3482 2436 ut
3501 2383 3566 2436 ad
3594 2385 3716 2437 anui
3742 2384 3862 2438 598.

2298 2467 2493 2533 ﬁnem,
2545 2484 2652 2538 quo
2705 2472 2865 2526 etiam
2911 2481 3151 2542 tempore
3200 2473 3442 2543 sospitati
3494 2473 3733 2528 redditus
3787 2485 3868 2528 est

2297 2559 2524 2615 Sanctus
2567 2561 2790 2627 Doctor,
2820 2564 3098 2632 epistolam
3130 2564 3268 2619 banc
3296 2579 3547 2619 revocare
3574 2579 3682 2618 non
3707 2565 3864 2620 dubi-

2299 2663 2489 2707 temcs.

2367 2741 2577 2796 LXXV.
2607 2741 2812 2811 Scripta
2831 2744 2963 2797 circa
2981 2760 3068 2799 an.
3092 2744 3217 2801 599.
3241 2775 3314 2786 -
3337 2744 3476 2800 inter
3497 2754 3713 2808 ecetera,
3745 2761 3864 2815 quze

2297 2832 2368 2886 ob
2418 2833 2620 2887 Lucinii
2669 2834 2967 2889 Theodorzc
3012 2836 3188 2889 mariti
3236 2846 3463 2890 mortem
3508 2836 3867 2907 Hieronymus

2298 2922 2444 2977 dolet
2471 2924 2523 2977 in
2555 2923 2655 2977 hac
2678 2925 2923 2993 epistola,
2951 2925 3077 2979 illud
3107 2927 3161 2979 in
3191 2927 3376 2996 primis
3402 2928 3660 2996 queritur,
3685 2943 3786 2980 non
3812 2945 3866 2980 se

2297 3015 2540 3067 meruisse
2564 3018 2670 3084 ejus
2700 3015 2794 3068 viri
2823 3015 2990 3068 videre
3014 3016 3215 3084 faciem,
3237 3033 3383 3083 quem
3405 3017 3456 3068 in
3483 3015 3616 3069 brevi
3644 3027 3870 3084 tempore

2300 3104 2574 3160 Bethleem
2615 3115 2898 3159 venturum
2941 3119 3061 3160 esse
3099 3105 3370 3161 credebat.
3408 3104 3488 3159 Ex
3531 3105 3614 3158 bis
3658 3109 3869 3170 tametsi

2302 3199 2486 3266 paucis
2523 3199 2704 3253 verbis
2723 3237 2740 3263 ,
2769 3207 2822 3252 et
2847 3214 2968 3267 qua:
2994 3207 3195 3252 certam
3222 3197 3479 3268 epocltam
3513 3197 3736 3250 inuucre
3765 3211 3872 3250 non

2299 3288 2614 3355 videantur,
2655 3289 2934 3343 commode
2969 3290 3099 3342 satis
3136 3289 3446 3342 conﬁcimus
3466 3327 3481 3351 ,
3515 3286 3655 3340 banc
3679 3287 3746 3340 ab
3773 3300 3834 3340 ea
3858 3326 3871 3344 .

2298 3394 2417 3447 quae
2445 3379 2512 3433 ad
2539 3380 2816 3432 Luciuium
2843 3379 2962 3432 data
2990 3389 3091 3440 est,
3125 3379 3281 3431 unius
3305 3379 3519 3432 circiter
3545 3383 3668 3432 anni
3698 3381 3883 3446 spatio.

2299 3467 2517 3533 distare,
2547 3482 2644 3521 nec
2669 3466 2825 3520 facile
2852 3468 3023 3521 serius
3047 3481 3167 3520 esse
3193 3466 3564 3520 dilIcreudam.
3593 3468 3728 3521 Nam
3753 3484 3875 3524 cum

2303 3560 2682 3630 Hieronymum
2704 3560 2843 3613 inter
2861 3572 2923 3612 ac
2949 3558 3224 3612 Lacinium
3253 3573 3356 3611 non
3381 3558 3480 3610 nisi
3504 3560 3694 3623 semel,
3717 3560 3880 3629 idque

2300 3663 2441 3703 anno
2463 3649 2761 3717 superiore,
2789 3647 3074 3717 epistulare
3102 3646 3338 3700 ofﬁcium
3367 3647 3730 3703 intercesserit
3753 3667 3768 3703 :
3788 3665 3883 3704 ne-

2301 3753 2404 3808 que
2433 3737 2566 3792 adeo
2585 3778 2600 3803 ,
2633 3737 2731 3790 nisi
2761 3738 2823 3791 iis
2852 3737 3043 3792 litteris
3063 3777 3078 3802 ,
3112 3737 3498 3808 .lerosolymam
3527 3739 3756 3793 adeundi
3791 3740 3882 3794 hic

2304 3831 2627 3899 llierouymo
2666 3844 2816 3898 spem
2856 3827 3048 3884 fecisse
3089 3829 3388 3884 credendus
3416 3831 3524 3895 sit,
3554 3830 3697 3898 quod
3729 3848 3878 3887 nunc

2302 3923 2375 3975 ait
2401 3920 2458 3975 S.
2490 3921 2688 3974 Doctor
2714 3935 2775 3975 se
2795 3923 3094 3990 spcravisse
3123 3921 3252 3987 fore,
3277 3932 3336 3975 ut
3362 3937 3483 3979 eum
3512 3923 3644 3976 brevi
3673 3924 3727 3976 in
3753 3939 3884 3978 san-

2303 4015 2371 4068 tis
2401 4013 2532 4067 locis
2561 4013 3032 4082 complecteretur,
3067 4013 3219 4067 facile
3258 4022 3377 4082 post
3414 4028 3608 4066 annum
3653 4013 3758 4067 dici
3792 4017 3882 4068 in-

2307 4105 2560 4175 telligitur
2579 4144 2594 4169 ,
2623 4105 2725 4158 hoc
2749 4103 2956 4160 scilicet
2982 4103 3276 4174 insequenti
3305 4104 3429 4159 599.
3458 4104 3546 4158 cui
3592 4104 3881 4174 epistolam

2305 4198 2659 4267 assignamus.

2375 4288 2608 4343 LXXV].
2641 4287 2849 4356 Scripta
2875 4302 2963 4355 per
2983 4285 3115 4338 idem
3138 4294 3428 4356 tempus.—
3447 4285 3557 4339 Sub
3579 4286 3719 4340 idem
3746 4296 3886 4341 tem-

2306 4395 2408 4451 pus
2423 4380 2544 4433 data
2567 4387 2646 4431 est
2669 4378 2785 4430 haec
2801 4376 2867 4430 ad
2890 4376 3167 4446 Abigaum,
3189 4377 3240 4429 in
3267 4390 3369 4444 qua
3393 4376 3656 4438 Sanctam,
3682 4377 3884 4446 inquit,

2309 4473 2470 4538 ﬁliani
2498 4485 2659 4522 nteant
2682 4466 3002 4520 Theodoram
3027 4483 3249 4520 sororem
3271 4467 3428 4520 beata:
3447 4468 3700 4520 memoria:
3721 4466 3859 4521 Luci
3871 4501 3885 4510 -

2308 4562 2381 4615 nii
2407 4576 2496 4630 per
2522 4576 2575 4613 se
2601 4558 3000 4611 commendatam
3021 4598 3036 4620 ,
3064 4575 3171 4612 meo
3200 4574 3429 4612 sermone
3456 4559 3750 4612 commendo
3773 4600 3788 4623 ,
3821 4571 3883 4612 ut

2313 4652 2369 4705 in
2405 4659 2569 4718 erepto
2614 4649 2792 4702 itinere
2825 4665 2925 4702 non
2961 4649 3208 4713 lassetur;
3236 4649 3324 4702 sed
3348 4648 3415 4701 ad
3442 4657 3628 4702 terram
3649 4660 3892 4703 sanctam

2313 4741 2469 4793 multo
2502 4755 2591 4809 per
2620 4739 2858 4791 Eremuut
2888 4739 3060 4791 labore
3087 4739 3358 4808 perveniat,
3377 4747 3540 4808 atque
3564 4737 3665 4791 alia
3693 4738 3780 4792 bis
3806 4742 3891 4793 si-

2315 4830 2481 4891 milia,
2509 4827 2700 4896 quibus
2733 4829 3014 4893 indicatur,
3043 4842 3158 4880 eam
3188 4826 3328 4881 baud
3356 4827 3524 4881 multo
3551 4834 3673 4880 ante
3701 4827 3890 4895 perfe-

2315 4922 2506 4975 ctionis
2536 4922 2671 4972 viam
2703 4920 2939 4972 inivisse.

2384 5008 2619 5065 LXXVII
2649 5018 2702 5063 et
2732 5007 3012 5060 LXXVIII.
3041 5007 3260 5074 Scripta
3282 5010 3418 5062 circa
3441 5009 3532 5075 ﬁn.
3555 5023 3641 5060 an.
3668 5009 3798 5064 599.
3817 5040 3900 5050 -

2320 5098 2400 5152 Ad
2445 5097 2600 5166 hujus
2639 5097 2762 5148 anni
2810 5095 2933 5150 599.
2979 5105 3181 5161 partem
3204 5137 3220 5163 ,
3247 5112 3366 5166 qua:
3392 5097 3456 5150 ad
3487 5096 3643 5150 finem
3675 5100 3892 5167 vergit.

2319 5187 2452 5240 duas
2481 5199 2690 5253 quoque
2720 5185 2847 5238 istas
2877 5184 3129 5253 epistulas
3157 5187 3446 5256 pertinere,
3475 5185 3722 5254 huncque
3750 5190 3900 5242 inter

2316 5291 2374 5330 se
2404 5274 2602 5328 habere
2627 5275 2867 5329 ordinem
2895 5291 3050 5346 quem
3080 5275 3469 5338 constituimus,
3496 5276 3645 5328 testis
3667 5277 3904 5345 estipse

2319 5363 2697 5432 llierouymus.
2739 5365 2979 5421 Priorem
3011 5368 3152 5421 enim
3183 5365 3250 5420 de
3278 5374 3452 5420 morte
3503 5365 3738 5421 Fabiola:
3766 5383 3903 5423 cum

2319 5451 2581 5506 scriberet
2620 5464 2811 5519 quarta:
2850 5457 3039 5510 uastatis
3079 5455 3324 5508 circulum
3364 5454 3537 5510 evolvi
3567 5454 3697 5510 dicit
3726 5457 3798 5513 ab
3825 5475 3909 5514 eo

2323 5549 2585 5611 tempore,
2606 5559 2709 5613 quo
2737 5543 3013 5612 Nepotiani
3038 5545 3370 5616 Epitaphium
3393 5545 3908 5620 scribens,quidquid

2325 5635 2505 5688 habere
2532 5646 2759 5702 potuerat
2779 5638 2957 5691 virium
2977 5639 3027 5692 in
3048 5637 3138 5692 illo
3155 5647 3270 5691 tunc
3289 5637 3464 5692 dolore
3484 5653 3907 5697 consumpserat.
