4048 6192
253 263 466 319 LXXIII
1693 278 1889 334 PB/EF
1893 283 1932 334 Α
1942 283 1980 335 Τ
1988 282 2066 338 10.

250 378 377 433 Illud
405 389 580 434 autem
606 380 937 451 Epitaphium
957 397 1099 438 anno
1115 384 1238 440 596.
1267 387 1437 456 primo
1465 391 1644 444 statim
1674 392 1822 446 initio

249 471 663 538 consignandum
684 512 698 532 ,
729 488 901 540 neque
927 475 1100 529 serius
1131 477 1398 530 tantillum
1427 479 1629 534 dill‘erri
1664 496 1822 549 posse

252 561 413 613 cenis
432 561 564 613 adeo
584 564 912 630 argumentis
935 566 1297 631 probavimus,
1321 576 1377 621 ut
1394 569 1438 620 si
1460 578 1671 622 aestates
1697 570 1822 625 inde

250 651 535 718 computari
556 651 810 719 debeant,
836 656 922 709 illa
945 657 1060 724 ejus
1079 659 1203 711 anni
1233 659 1283 712 in
1310 674 1528 714 censum
1558 663 1724 731 prima
1748 664 1820 717 sit

249 741 538 794 revocanda
566 782 583 806 ,
629 753 683 796 et
727 755 914 813 quarta
939 748 1154 801 demum
1188 751 1299 803 lucc
1330 753 1402 804 sit
1429 754 1554 805 anni
1582 753 1702 807 399.
1730 754 1813 808 cui

243 830 403 897 ipsmn
439 833 574 886 hanc
603 837 883 904 epistolam
911 839 1264 906 assignamtts.
1299 841 1480 912 Neque
1508 844 1649 897 enim
1691 845 1814 900 Hie-

237 937 526 993 ronymus,
553 928 690 980 sicut
713 944 897 983 revera
927 930 994 984 de
1026 931 1260 986 Fabiola:
1279 974 1294 996 ,
1320 939 1389 987 ita
1416 935 1576 988 etiam
1607 936 1675 991 de
1704 937 1810 990 Ne-

235 1017 428 1080 potiatti
461 1029 636 1073 morte
669 1036 728 1074 se
757 1022 928 1076 innuit
959 1024 1058 1076 sub
1081 1033 1320 1080 aestatem
1363 1029 1683 1096 scripsisse,
1716 1029 1808 1082 sed

231 1116 434 1160 tantum
463 1121 671 1178 quarta:
699 1114 901 1167 mstatis
931 1115 1191 1168 circulum
1222 1119 1359 1171 volvi
1408 1118 1568 1182 dicit,
1609 1135 1674 1174 ex
1704 1135 1808 1190 quo

224 1193 353 1248 illud
389 1198 572 1265 operis
598 1203 963 1269 composuerit
987 1221 1002 1255 ι
1026 1206 1165 1272 quod
1195 1216 1370 1260 tamen
1401 1209 1586 1276 primis
1607 1249 1622 1274 ,
1655 1218 1711 1263 ut
1737 1211 1806 1263 ita

221 1284 458 1339 dixerim
480 1328 498 1353 ,
535 1290 652 1356 ejus
677 1292 800 1344 anni
833 1293 1024 1348 diebus
1049 1296 1396 1350 elucubravit.
1444 1299 1651 1354 Rursus
1689 1310 1806 1353 ante

221 1375 318 1427 bac
347 1375 515 1441 ferme
539 1377 796 1431 biennium
826 1380 1155 1436 Pammachio
1193 1402 1284 1454 pro
1310 1387 1477 1440 subita
1515 1389 1806 1458 peregrina-

219 1463 353 1515 tione
379 1463 643 1530 Paulinm,
667 1468 946 1534 epistolam
965 1471 1163 1527 indicat
1183 1489 1213 1527 a
1234 1490 1292 1530 se
1312 1477 1525 1542 datam;
1551 1495 1668 1547 qua:
1683 1495 1801 1533 cum

216 1552 280 1604 ad
326 1553 456 1606 anni
503 1553 630 1608 597.
661 1557 823 1612 linem
867 1561 1152 1614 commode
1188 1564 1318 1617 satis
1351 1565 1802 1630 releratur,.hanc

216 1639 338 1694 599.
369 1651 428 1693 ut
457 1643 533 1696 illi
565 1646 824 1714 temporis
854 1656 998 1700 notae
1021 1651 1362 1718 respondeat,
1394 1655 1666 1710 ascribere
1705 1672 1797 1711 ne-

218 1744 364 1786 οεδεθ
394 1740 498 1786 est.

3306 299 3516 359 LXXIV

2004 397 2216 452 LXXX.
2258 400 2466 472 Scripta
2492 405 2699 474 quiaem
2727 423 2813 460 an.
2842 408 2963 464 598.
2987 413 3078 465 sed
3108 415 3372 484 aliquanto
3402 437 3514 489 post

1930 487 1998 538 ad
2027 486 2236 542 Hieron.
2261 491 2452 546 delata.
2479 523 2548 532 —
2582 495 2829 550 Prmlatio
2857 501 3063 582 quidem
3097 504 3293 560 Bullini
3321 510 3374 561 in
3402 486 3507 582 tripl

1924 583 2095 645 Δρχῶν
2123 577 2367 648 Origenis
2399 582 2595 637 librum
2624 601 2650 636 a
2685 601 2743 640 se
2773 577 2959 644 Latine
2983 595 3332 662 explicatum,
3368 577 3505 656 tam-

1923 669 2023 721 etsi
2063 684 2158 738 pro
2183 673 2407 740 epistola
2433 676 2500 729 ad
2537 677 2919 750 Hieronymum
2955 683 3138 739 haberi
3161 703 3264 742 non
3296 693 3499 758 possit,

1923 757 2040 811 beic
2070 768 2247 814 tamen
2277 763 2379 816 loci
2409 767 2658 833 ponitur,
2691 771 2831 838 quod
2862 787 2983 826 cum
3016 775 3067 829 in
3095 791 3158 829 ea
3187 795 3240 832 se
3269 781 3500 851 ﬁguratis

1918 848 2152 904 laudibus
2196 857 2442 909 exornari
2488 858 2844 931 Hieronymus
2871 869 3102 921 senserit
3125 910 3139 931 ,
3169 885 3232 925 ac
3258 888 3351 940 pro
3376 873 3498 929 Ori-

1915 941 2065 1007 genis
2091 941 2322 998 Patrono
2348 947 2536 1002 adduci
2573 950 2625 1003 in
2655 954 3040 1021 testimonium,
3075 959 3150 1012 illi
3174 964 3496 1034 respondere

1913 1039 2130 1086 coactus
2157 1033 2245 1096 sit,
2279 1044 2335 1088 ut
2366 1035 2641 1092 hominum
2673 1045 3005 1110 suspiciones
3039 1033 3323 1119 purgaret,
3352 1057 3493 1124 quod

1914 1117 2051 1173 datis
2077 1123 2142 1175 ad
2169 1123 2436 1180 Bullinum
2472 1129 2644 1196 ipsum
2674 1131 2868 1187 litteris
2898 1135 3038 1190 fecit.
3065 1117 3162 1194 uti:
3193 1142 3352 1210 igitur
3371 1117 3498 1199 unt.

1916 1206 2052 1262 linus
2077 1225 2163 1264 an.
2189 1213 2314 1266 597.
2343 1231 2405 1269 ex
2438 1218 2657 1274 Oriente
2685 1221 2907 1278 Bomam
2934 1206 3244 1295 advenerat,
3269 1235 3409 1301 quod
3439 1247 3496 1290 ut

1914 1313 2072 1354 nemo
2099 1303 2150 1355 in
2175 1304 2390 1360 dubium
2420 1320 2592 1382 vocet,
2621 1313 2876 1369 Eusebius
2912 1319 3306 1389 Cremonensis,
3329 1342 3486 1396 quem

1915 1403 2055 1444 anno
2083 1393 2381 1465 insequenti
2411 1401 2535 1456 598.
2561 1405 2661 1457 sub
2690 1405 2906 1463 Pascha:
2935 1411 3049 1466 dies
3076 1393 3361 1470 Palaestina
3383 1418 3490 1472 Bo-

1911 1494 2052 1533 mam
2073 1484 2190 1538 aliis
2211 1493 2536 1555 argumentis
2558 1495 2892 1552 ostendimus
2914 1499 3246 1569 discessisse,
3270 1506 3320 1559 in
3346 1510 3489 1576 Apo-

1907 1567 2012 1636 log.
2037 1570 2128 1623 lib.
2159 1574 2212 1626 5.
2240 1588 2354 1643 post
2381 1595 2571 1634 annum
2598 1599 2626 1636 a
2662 1585 2859 1642 Bullini
2888 1567 3292 1661 peregrinatione
3316 1567 3486 1667 prdie-

1902 1665 2010 1709 ctus
2054 1657 2266 1716 dicitur.
2319 1665 2392 1719 lbi
2424 1668 2510 1722 ille
2535 1685 2654 1724 cum
2687 1673 2796 1728 lere
2836 1657 3111 1734 biennium
3152 1657 3478 1751 substiterit,

1899 1757 2020 1815 puta
2050 1750 2119 1802 ab
2142 1752 2308 1820 Aprili
2336 1773 2517 1814 mense
2540 1762 2664 1817 597.
2693 1765 2758 1818 ad
2797 1782 2964 1836 usque
2994 1771 3364 1841 Septembrem
3393 1750 3477 1832 in?

282 1841 434 1907 Quod
457 1857 587 1897 vero
607 1844 788 1911 aliam,
808 1861 927 1915 qua,
949 1847 1179 1904 Fabiola,
1201 1851 1297 1919 ipsi
1328 1852 1654 1921 inscribitur,
1681 1857 1792 1925 ep;_
1895 1843 2167 1934 sequentis
2192 1845 2318 1900 598.
2344 1851 2571 1917 primum
2601 1855 2912 1926 Apologiam
2944 1860 3206 1932 Pamphili
3237 1882 3332 1934 pro
3355 1866 3475 1923 Ori-

214 1930 401 1983 stolant
424 1941 650 1999 spectat,
667 1949 786 1987 eam
813 1936 931 1989 ideo
952 1935 1070 1992 beic
1092 1938 1190 1992 loci
1216 1941 1601 2007 subuectimns,
1621 1947 1781 2014 quod,

211 2021 310 2074 etsi
332 2022 558 2088 pridem,
583 2038 703 2078 cum
733 2041 921 2095 nempe
949 2028 1060 2096 ipsa
1087 2029 1301 2084 Fabiola
1334 2033 1598 2090 Bethlemi
1617 2047 1780 2104 esset,

209 2113 364 2164 scribi
411 2111 640 2167 fortasse
687 2115 975 2186 inceperit,
1002 2135 1168 2190 usque
1220 2131 1397 2178 tamen
1445 2126 1496 2180 iu
1547 2144 1783 2196 praesens

212 2209 440 2270 tempus,
476 2214 593 2272 post
625 2205 744 2274 ejus
771 2209 972 2263 scilicet
1003 2221 1248 2279 mortem,
1275 2211 1486 2271 Domini
1524 2221 1782 2276 voluntate

205 2294 362 2346 dilata
387 2306 483 2360 est,
513 2300 654 2367 quod
679 2300 1030 2372 Hieronymus
1057 2307 1235 2360 tradit.
1261 2324 1411 2365 num.
1440 2312 1474 2365 8
1505 2312 1640 2368 hanc
1661 2316 1784 2369 red-

201 2382 330 2438 dens
355 2391 614 2443 memoriaa
652 2392 792 2446 illius
811 2433 826 2457 ,
869 2404 923 2447 ut
964 2395 1384 2453 Sacerdotalibus
1414 2404 1602 2472 prioris
1631 2407 1699 2458 ad
1726 2424 1780 2461 se

204 2476 471 2531 uoluminis
499 2479 680 2533 induta
705 2483 918 2536 vestibus
949 2501 1037 2554 per
1061 2489 1239 2541 mundi
1267 2489 1420 2561 hujus
1449 2494 1776 2550 solitudinem

202 2566 452 2635 gauderet,
473 2586 526 2621 se
540 2569 608 2621 ad
627 2580 810 2624 terram
825 2577 1227 2642 repromissionis
1256 2581 1532 2650 aliquando
1562 2587 1772 2640 venisse.

263 2655 503 2711 LXXIX.
547 2659 753 2730 Scripta
785 2681 872 2717 an.
897 2665 1022 2721 599.
1053 2677 1140 2720 aut
1189 2669 1312 2722 400.
1335 2702 1406 2711 —
1451 2673 1521 2728 Ut
1566 2678 1770 2732 certius

196 2743 306 2800 hzec
343 2749 575 2816 epistola
617 2760 909 2821 temporum
940 2756 1341 2816 characteribus
1367 2776 1585 2832 careat,
1630 2767 1768 2823 haud

197 2845 390 2892 temere
417 2851 595 2895 tamen
624 2848 890 2899 communi
925 2849 1204 2905 Doctorum
1238 2854 1510 2911 hominum
1542 2870 1760 2915 senten-

195 2927 258 2978 tia
289 2930 426 2983 circa
456 2948 546 2986 an.
570 2931 695 2988 400.
721 2934 843 2990 data
865 2949 1132 2995 censetur.
1167 2945 1324 2999 Certe
1353 2961 1473 3017 post
1501 2951 1629 3006 401.
1661 2954 1765 3007 dil-

195 3015 316 3071 lcrri
349 3022 489 3074 haud
518 3025 801 3080 commode
827 3038 1002 3096 potest
1025 3046 1038 3082 :
1062 3034 1258 3087 etenim
1282 3015 1396 3091 hmo
1424 3039 1509 3091 illa
1537 3050 1622 3095 est
1648 3042 1767 3096 Sal-

197 3106 331 3168 vina,
351 3125 474 3178 quin
504 3114 700 3180 primas
719 3115 1102 3186 Cbrysostomo
1125 3123 1418 3191 deferebat,
1447 3130 1601 3197 eique
1621 3145 1767 3185 sum-

195 3211 274 3249 ma
306 3199 356 3250 in
388 3200 608 3256 Christo
637 3208 1027 3264 necessitudine
1050 3211 1229 3279 juncta
1257 3225 1402 3282 erat,
1439 3229 1496 3272 ut
1525 3235 1646 3274 cum
1677 3222 1766 3278 ille

187 3287 826 3363 Constantinopolitanam
849 3302 1032 3357 sedem
1053 3304 1321 3363 dimittere
1345 3313 1650 3380 compulsus
1675 3330 1765 3370 es-

187 3390 286 3444 set,
321 3384 594 3451 ingressns
617 3387 995 3457 Baptisterium,
1021 3398 1467 3463 quemadmodum
1496 3402 1762 3458 Palladius

188 3472 365 3538 tradit,
388 3491 503 3526 eam
529 3478 592 3529 ad
621 3493 678 3532 se
705 3483 906 3535 vocarit
935 3483 1197 3539 Salviuam
1227 3487 1359 3542 beati
1382 3488 1620 3545 Nebridii
1640 3511 1762 3548 con-

179 3562 354 3632 jugem
374 3605 388 3627 ,
417 3582 529 3633 qui?
551 3569 840 3624 viduitatem
867 3590 1009 3626 suam
1046 3578 1304 3645 prtecipua
1341 3583 1521 3634 virtute
1543 3625 1558 3648 ,
1587 3594 1634 3636 et
1662 3585 1757 3638 It:-

186 3662 373 3707 aestate
388 3657 676 3714 decorabat.
696 3659 1109 3733 Cln'ysostomns
1131 3683 1257 3721 vero
1285 3685 1404 3723 cum
1432 3672 1758 3741 Origeuistas

181 3739 389 3797 Nistrize
436 3748 725 3805 menachos
771 3756 1126 3823 suscepisset,
1155 3757 1263 3826 jam
1304 3761 1370 3813 ab
1411 3777 1477 3816 eo
1517 3773 1756 3834 tempore

185 3836 326 3888 male
355 3839 492 3905 apud
537 3841 914 3912 Hieronymum
941 3848 1225 3914 audiebat,
1257 3855 1344 3920 qui
1373 3868 1493 3909 cum
1519 3872 1549 3910 e
1573 3858 1753 3914 Theo-

184 3923 314 3990 phili
354 3929 594 3994 partibus
637 3942 838 3997 staret,
873 3950 1236 4007 przecoucepta
1269 3943 1318 3994 in
1351 3961 1470 3998 cum
1500 3948 1752 4016 opinione

179 4023 252 4064 est
287 4015 536 4072 imbutus.
562 4020 766 4075 Exinde
788 4033 965 4078 autem
989 4027 1205 4084 minime
1229 4040 1312 4085 est
1334 4037 1635 4092 verosimile
1657 4055 1751 4108 per

178 4102 224 4154 id
258 4110 510 4175 temporis
539 4111 690 4166 datas
736 4115 801 4167 ad
845 4130 962 4170 eam
1005 4119 1241 4188 litteras,
1283 4139 1442 4194 quam
1486 4143 1585 4182 una
1630 4146 1747 4185 cum

175 4193 378 4251 Joanne
421 4203 617 4256 sentire
653 4205 722 4258 de
756 4205 984 4275 Origene
1013 4227 1116 4264 non
1149 4215 1746 4288 immeritoisuspicare-

175 4291 278 4338 tur.
326 4287 430 4342 Sed
465 4307 635 4362 neque
660 4304 784 4349 autc
814 4298 938 4352 595.
967 4306 1172 4356 censeri
1205 4305 1311 4360 ullo
1343 4309 1502 4362 modo
1533 4287 1744 4379 potest,

171 4377 595 4448 quandoquidem
625 4385 674 4437 in
693 4387 919 4453 epistola
941 4390 1005 4442 ad
1025 4389 1298 4447 Hcdibiam
1324 4377 1640 4464 :Quomodo,
1667 4377 1747 4456 in;

168 4468 314 4532 quit,
355 4467 515 4522 Vidua
543 4476 704 4529 vivere
740 4478 1060 4534 debeat......
1099 4499 1190 4537 nos
1219 4485 1270 4538 in
1294 4487 1490 4542 duobus
1517 4491 1704 4546 libellis
1724 4537 1738 4560 ,

169 4573 295 4623 quos
318 4561 385 4612 ad
409 4558 644 4630 Furiam,
668 4575 716 4619 et
738 4567 1000 4622 Salvinam
1018 4574 1312 4640 scripsimus
1339 4580 1536 4646 plenius
1556 4583 1742 4637 dictum

165 4658 422 4713 putamus.
452 4653 618 4707 Porro
648 4658 713 4710 ad
747 4659 961 4715 Furiam
992 4666 1266 4732 epistolam
1290 4711 1303 4731 ,
1336 4685 1454 4739 qum
1485 4673 1569 4725 isti
1600 4690 1740 4743 pra:-

163 4737 347 4804 lertur,
383 4743 449 4795 ad
477 4746 599 4798 anni
631 4747 756 4802 594.
784 4749 939 4804 linem
971 4764 1214 4822 spectare
1236 4737 1532 4830 jamimipra
1554 4737 1740 4820 osten-

158 4826 354 4883 dimns.
385 4833 460 4884 Ex
492 4834 575 4889 bis
605 4839 759 4906 igitur
789 4843 1022 4914 quinque
1048 4849 1262 4903 circiter
1289 4853 1466 4915 annis,
1495 4871 1630 4924 quos
1659 4858 1737 4911 in-

156 4927 232 4969 tra
266 4923 455 4986 vagari
491 4925 603 4978 lure
637 4927 704 4980 ad
735 4932 1000 4989 Salvinam
1048 4949 1260 5005 posset,
1289 4941 1373 4995 cui
1405 4943 1734 5013 alligeretur,

152 5006 316 5078 longe
344 5014 676 5068 commodior
708 5031 1000 5085 postremus
1024 5028 1168 5082 visus
1190 5040 1265 5083 est
1288 5047 1303 5094 ;
1335 5033 1476 5101 quod
1504 5035 1734 5092 Salvium

154 5107 328 5152 mater
345 5097 814 5172 Constantinopoli
835 5115 967 5180 apud
996 5115 1156 5171 ﬁliam
1185 5097 1367 5186 luisse,
1387 5124 1510 5178 dum
1533 5129 1732 5184 scribe-

153 5194 230 5238 ret
260 5188 550 5244 indicetur.
583 5192 745 5258 Certe,
785 5196 968 5266 inquit,
997 5220 1112 5260 cum
1144 5217 1307 5262 tecum
1334 5223 1508 5268 sancta
1531 5218 1594 5270 sit
1616 5235 1726 5272 ma-

169 5289 315 5343 er,~et
347 5281 496 5334 lateri
522 5293 612 5337 tuo
639 5287 821 5341 amitta
849 5291 1032 5348 Itwreat
1058 5299 1198 5368 virgo
1221 5314 1477 5372 perpetua,
1507 5318 1610 5362 etc.
1639 5309 1727 5365 Illa

147 5377 322 5421 autem
351 5386 452 5426 non
484 5375 587 5428 nisi
627 5386 749 5445 post
775 5376 1015 5439 Gildonis
1041 5389 1213 5443 mariti
1259 5393 1338 5444 sui
1382 5406 1607 5452 mortem
1637 5415 1724 5453 an.

147 5453 268 5512 398.
307 5457 773 5535 Constantinopoli
807 5471 1077 5539 trajecisse
1105 5479 1371 5534 credenda
1407 5493 1489 5536 est
1511 5527 1526 5549 ,
1568 5503 1724 5555 quam

148 5551 316 5603 tamen
365 5553 429 5608 ab
474 5571 617 5622 uno,
647 5569 741 5612 aut
771 5561 942 5616 altero
965 5581 1106 5621 anno
1127 5569 1237 5638 jam
1267 5572 1485 5628 alluisse
1533 5589 1599 5629 ex
1633 5578 1725 5630 iis-

147 5637 255 5694 dem
285 5647 465 5702 verbis
497 5665 732 5718 pronum
763 5654 832 5707 sit
859 5657 1084 5725 opinari.

1891 1945 2026 1997 geue
2045 1933 2281 1990 Latinam
2303 1938 2446 2006 fecit,
2474 1951 2583 1997 tum
2613 1946 2782 2014 ipsum
2806 1950 3050 2020 Origenis
3066 1969 3202 2024 opus
3226 1933 3288 2011 de
3316 1958 3470 2015 Prin-

1891 2021 2034 2088 cipiis
2057 2027 2253 2092 pariter
2273 2028 2458 2085 Latine
2484 2036 2664 2098 vertit,
2689 2039 2832 2094 unde
2865 2049 2973 2096 tota
3000 2021 3204 2100 dissidii
3230 2053 3465 2114 occasio,

1890 2117 2047 2180 atque
2067 2113 2253 2184 ingens
2276 2119 2326 2172 in
2352 2121 2587 2178 Ecclesia
2607 2127 2907 2184 incendium
2927 2145 3170 2190 exortum
3199 2149 3300 2195 est.
3324 2141 3466 2198 Duos

1890 2201 2006 2269 ejus
2030 2208 2211 2274 operis
2239 2209 2446 2278 priores
2475 2215 2640 2269 libros
2667 2218 3097 2290 Quadragesima:
3133 2228 3322 2283 diebus
3345 2246 3468 2299 pro-

1889 2308 2014 2360 pere
2041 2297 2452 2369 interpretatus,
2480 2305 2713 2376 reliquos
2741 2311 2900 2378 paulo
2942 2315 3144 2370 tardius
3177 2297 3463 2389 explicuit;

1887 2386 2028 2452 quod
2074 2388 2270 2444 iudicio
2309 2401 2423 2458 est,
2452 2395 2572 2451 huic
2611 2415 2753 2455 anno
2791 2403 2917 2458 598.
2964 2386 3462 2478 interpretationem

1885 2489 2006 2531 esse
2036 2478 2392 2550 tribuendam,
2415 2488 2675 2556 siquidem
2697 2503 2820 2548 ante
2849 2499 3138 2565 superioris
3167 2503 3291 2556 anni
3317 2505 3461 2570 Qua-

1882 2564 2236 2634 dragesimam
2269 2575 2496 2644 hyemali
2528 2589 2785 2647 tempore,
2816 2564 2976 2655 atque
3006 2589 3148 2644 invio
3180 2595 3312 2647 mari
3346 2595 3461 2651 Bo-

1881 2669 2020 2708 mam
2041 2662 2413 2732 aunavigasse,
2435 2677 2542 2721 tum
2571 2671 2694 2724 illud
2719 2677 2899 2742 operis
2919 2679 3211 2737 coniecisse
3235 2685 3457 2742 minime

1875 2745 2020 2798 credi
2048 2762 2143 2814 par
2164 2760 2266 2805 est.
2314 2752 2528 2810 Interim
2565 2759 2744 2816 divino
2769 2768 2996 2822 consilio
3023 2769 3218 2826 laetum
3250 2784 3333 2827 est
3354 2817 3368 2837 ,
3400 2788 3455 2830 ut

1877 2831 1928 2885 hi
1957 2833 2130 2903 Libri,
2161 2854 2296 2908 quos
2320 2857 2474 2900 caute
2509 2848 2642 2902 intra
2673 2852 2996 2911 domesticos
3021 2863 3250 2928 parietes
3280 2864 3452 2918 Bulli-

1875 2938 1975 2976 nus
2004 2927 2271 2993 servabat,
2303 2933 2368 2987 ad
2398 2935 2682 2992 Eusebium
2719 2927 3076 3010 pervenirent,
3099 2951 3189 3018 qui
3225 2952 3348 3004 totis
3378 2956 3453 3006 vi-

1873 3017 2020 3071 ribus
2051 3018 2362 3089 impugnare
2390 3026 2745 3095 blasplicmias
2772 3073 2786 3096 ,
2813 3049 3077 3090 venenum
3103 3017 3130 3104 ,ί
3149 3041 3289 3109 quod
3321 3044 3452 3100 late-

1880 3106 1968 3158 bat
1989 3147 2004 3170 ,
2036 3107 2087 3159 in
2125 3110 2312 3178 vulgus
2342 3114 2566 3178 prodere
2585 3157 2598 3178 ,
2628 3127 2682 3170 ut
2710 3120 3060 3189 simpliciores
3083 3140 3332 3185 caverent
3353 3173 3366 3194 .
3399 3146 3450 3188 et

1875 3193 2261 3268 Hieronymum
2288 3201 2600 3270 admouere,
2633 3219 2684 3262 ut
2715 3212 3091 3285 suspicionem,
3120 3218 3171 3275 iu
3200 3235 3357 3292 quam
3385 3240 3447 3282 ea

1873 3285 2181 3353 pratlatione
2213 3293 2540 3362 trahebatur,
2568 3313 2836 3370 purgaret.
2866 3305 2989 3362 Haec
3012 3325 3154 3374 vero.
3182 3285 3238 3368 ut
3263 3316 3436 3384 citius,

1869 3374 1969 3429 sub
1989 3378 2110 3431 anni
2133 3381 2332 3435 exitum
2357 3388 2534 3456 peragi
2565 3401 2874 3460 potuerunt;
2907 3414 3026 3454 nam
3050 3402 3312 3474 Bullinus,
3339 3413 3432 3480 qui

1866 3475 1988 3517 ante
2008 3466 2382 3539 Novembrem,
2409 3491 2514 3544 quo
2541 3478 2762 3538 Sirieius
2789 3486 2848 3542 P.
2868 3489 3007 3544 diem
3030 3494 3177 3559 obiit,
3197 3466 3436 3554 comniu—

1868 3554 2150 3612 nicatorias
2176 3561 2243 3614 ab
2284 3577 2350 3617 eo
2399 3565 2604 3623 litteras
2649 3575 2778 3628 satis
2814 3592 2968 3634 caute
3017 3582 3436 3655 impetraverat,

1864 3647 2160 3714 Aquileiam
2189 3655 2498 3724 contendit,
2530 3670 2584 3716 et
2611 3662 2995 3723 luvectivarum
3027 3647 3117 3728 lib.
3154 3678 3203 3730 1.
3231 3677 3298 3732 de
3327 3647 3436 3734 Eu;

1862 3734 2012 3789 sebio
2041 3744 2384 3809 conqueritur
2403 3786 2417 3809 ,
2443 3750 2581 3816 quod
2613 3753 2862 3822 elegisset
2896 3760 3169 3817 absentem
3204 3782 3264 3822 se
3294 3769 3436 3825 laee-

1861 3839 1980 3878 rare
2006 3842 2159 3892 quem
2192 3834 2452 3898 potuisset
2479 3840 2694 3906 gravius
2719 3845 2994 3902 confutare
3021 3865 3361 3918 prmsentem.

1931 3913 2168 3973 LXXXI.
2211 3922 2419 3993 Scripta
2446 3944 2532 3980 an.
2559 3929 2684 3985 599.
2710 3963 2778 3972 —
2807 3935 2884 3989 Ad
2909 3913 3106 3993 annum
3135 3941 3250 3997 haec
3272 3949 3437 4014 perti-

1860 4014 1950 4058 net
1977 4006 2098 4061 599.
2125 4011 2276 4080 cujus
2305 4017 2616 4074 assertionis
2647 4023 2914 4095 praacipna
2945 4041 3258 4099 argumenta
3288 4049 3434 4092 sunt.

1859 4097 2092 4153 Primum
2110 4104 2249 4171 quod
2267 4106 2422 4162 citius
2437 4109 2538 4164 hoc
2558 4127 2719 4179 anno,
2743 4128 2836 4172 aut
2860 4130 3004 4175 certe
3031 4123 3193 4192 elapsi
3228 4139 3435 4195 postre-

1858 4187 1958 4240 mis
1987 4193 2278 4256 mensibus,
2310 4196 2606 4255 rulliuianze
2645 4203 2988 4272 prmlationis,
3020 4211 3086 4265 ad
3119 4229 3278 4281 quam
3323 4216 3435 4271 haec

1857 4282 2135 4347 responsio
2162 4282 2422 4339 destinata
2448 4299 2551 4353 est,
2573 4295 2898 4362 exemplaria
2919 4298 2987 4352 ab
3015 4299 3161 4355 Urbe
3187 4303 3433 4374 accipere

1856 4371 2095 4438 potuisse
2141 4374 2498 4448 Hieronymus
2524 4397 2629 4436 non
2660 4385 2936 4454 videatur,
2979 4394 3429 4461 quemadmodum

1852 4476 1918 4514 ex
1940 4477 2118 4518 rerum
2145 4467 2211 4523 ab
2234 4468 2462 4526 Eusebio
2485 4482 2754 4542 gestarum
2783 4481 2943 4548 serie,
2970 4499 3127 4554 quam
3151 4504 3308 4559 supra
3341 4507 3430 4547 ex-

1851 4554 2130 4620 posuimus
2150 4597 2166 4621 ,
2211 4572 2540 4630 compertqu
2567 4577 2670 4623 est.
2701 4571 2938 4629 Alterum
2958 4619 2974 4644 ,
3005 4581 3145 4648 quod
3175 4554 3291 4638 heic
3313 4585 3424 4654 jam

1851 4656 1956 4696 non
1983 4643 2185 4700 dubitet
2227 4649 2284 4703 S.
2335 4651 2532 4709 Doctor
2569 4656 2835 4716 Bullinum
2864 4643 3204 4734 spiritualium
3235 4643 3424 4744 paren-

1848 4739 1972 4797 tum,
1995 4734 2279 4792 Chromatii
2302 4751 2460 4811 atque
2484 4744 2720 4813 Eusebii,
2746 4752 2994 4810 desiderio
3024 4759 3093 4811 ad
3119 4734 3334 4828 patriam
3349 4780 3426 4817 re-

1847 4832 2074 4877 uocatum
2097 4842 2235 4896 :qua
2271 4829 2336 4883 de
2366 4847 2425 4886 re
2451 4836 2587 4890 sicut
2615 4849 2736 4893 ante
2766 4846 3058 4909 superioris
3088 4849 3212 4899 anui
3258 4850 3419 4902 liuent

1847 4913 2042 4966 certior
2067 4915 2179 4982 ipse
2205 4917 2316 4970 lieri
2347 4936 2448 4974 non
2476 4926 2644 4990 potuit
2670 4929 2737 4981 ob
2769 4929 3003 4984 locorum
3028 4934 3358 5004 distantiam,
3391 4957 3418 4990 a

1844 5001 2038 5068 quibus
2059 5002 2173 5057 haec
2199 5006 2564 5074 mittebantur,
2592 5015 2660 5066 ita
2685 5031 2790 5067 non
2819 5018 2918 5070 nisi
2949 5030 3067 5086 post
3092 5022 3290 5092 aliquot
3317 5001 3421 5080 sal-

1848 5101 1950 5143 tem
1977 5107 2188 5147 menses
2211 5095 2276 5148 ab
2298 5097 2415 5164 ejus
2441 5101 2612 5153 reditu
2643 5112 2791 5154 certo
2816 5103 3182 5163 altirniavertt.
3213 5113 3299 5170 Sic
3325 5133 3419 5168 au-

1847 5189 1950 5232 tem
1982 5183 2216 5237 rationes
2242 5185 2459 5251 inimus,
2491 5199 2546 5241 ut
2576 5204 2684 5244 non
2714 5200 2838 5245 ante
2868 5195 2982 5263 ejus
3014 5198 3138 5253 anui
3168 5201 3414 5272 Septent-

1843 5269 1992 5324 brem
2025 5271 2266 5326 Bullinus
2293 5274 2634 5342 discesserit,
2666 5294 2729 5332 ac
2753 5296 2879 5338 vere
2901 5285 2968 5339 de
2996 5269 3381 5351 Euscbioidixe

1843 5359 1909 5408 ι’ίι
1933 5395 1948 5419 ς
1981 5372 2040 5410 Se
2067 5359 2135 5410 ab
2159 5374 2224 5410 eo
2257 5361 2496 5427 potuisse
2533 5379 2828 5435 prasente»:
2869 5378 3072 5444 gravius
3118 5389 3410 5457 confutari,

1841 5462 1983 5512 quem
2008 5447 2261 5501 absentem
2289 5450 2516 5508 lacerare
2543 5458 2822 5518 maluisset.
2853 5467 2931 5522 Ad
2961 5468 3077 5528 hazc
3101 5475 3144 5528 si
3176 5447 3409 5548 legitima

1842 5537 2144 5603 snpputatio
2187 5546 2304 5603 est,
2333 5555 2434 5609 qua
2476 5551 2880 5617 mgrotationem
2921 5537 3411 5634 Hieronymivauuo

1843 5627 2115 5694 superiore
2139 5632 2500 5697 exposuimus,
2529 5653 2748 5698 necesse
2774 5657 2876 5714 est,
2902 5661 2957 5704 ut
2978 5654 3044 5708 ab
3071 5656 3270 5724 aliquot
3293 5661 3402 5729 jam

1844 5715 2113 5772 mensibus
2163 5719 2550 5794 convaluisset,
2591 5745 2710 5786 cum
2754 5734 2868 5792 luec
2908 5741 2972 5794 ad
3004 5715 3400 5810 Aquileiensem
