4048 6192
581 341 764 398 LXXV

585 463 953 536 presbyterum
981 423 1192 522 scripsit
1211 489 1226 515 ,
1256 441 1466 517 quando
1486 449 1656 507 neque
1670 421 2027 536 Incommodi,
2049 432 2144 476 ne-

592 522 696 627 que
719 522 948 625 repepta:
973 537 1288 599 valetudinis
1315 530 1640 590 mentionem
1669 522 1813 627 facit.

2005 299 2384 360 PIL‘EFATIO.

2255 429 2382 485 pum
2423 413 2774 484 Hieronymus
2801 408 3042 479 degeret.
3083 406 3190 464 Sed
3229 405 3417 477 viginti
3455 420 3661 470 annos,
3693 420 3824 476 quos

2256 513 2520 569 numerat,
2547 505 2842 573 inemptos,
2870 515 2978 556 non
3006 513 3135 554 vero
3159 507 3375 554 exactos
3402 511 3496 566 par
3520 505 3604 552 est
3628 495 3826 551 intelli-

3613 287 3824 346 LXXVI

659 587 1439 702 S';:;‘—a_'&;c:an.
1469 619 1596 677 599.
1617 645 1688 658 —-
1713 614 1795 670 Ex
1826 619 1948 667 toto
1982 605 2153 662 ferme
2257 610 2422 668 gere:
2447 596 2636 664 partim
2666 593 2879 664 quidem
2917 590 3059 662 quod
3099 587 3333 644 medium
3359 587 3484 642 581.
3514 587 3566 641 in
3608 599 3827 642 censum

2270 701 2281 702 κ
2476 685 2658 702 suae-
2697 697 2819 702 ---μ
2893 680 3026 702 ---αλ
3072 692 3295 702 -....,.-,
3339 686 3515 702 _.._._._
3558 675 3826 702 “mm.-.

596 740 844 792 contextu
871 726 1049 782 elucet
1073 721 1326 790 scriptam
1352 715 1490 769 hanc
1518 710 1682 766 fuisse
1708 703 2030 776 pauio'post,
2057 709 2154 752 eo-

594 827 712 882 dem
738 833 912 876 tamen
932 830 1097 880 anno,
1119 827 1225 882 quo
1243 807 1543 878 longiorem
1567 801 1635 856 de
1653 797 1841 854 eodem
1867 801 2158 863 argumen-

599 931 670 978 ιο.
692 927 788 968 seu
810 917 995 966 contra
1020 906 1279 961 Joannem
1300 883 2160 964 ’Jerosolymitanum,’l‘ractatum

597 1004 662 1059 ad
701 997 1100 1058 Pammacliium
1133 992 1309 1054 misit,
1342 1000 1501 1058 quem
1531 983 1590 1037 in‘
1611 975 1999 1050 Opusculorum
2024 967 2166 1025 serie

600 1107 719 1147 cum
745 1089 1012 1153 dabimus,
1039 1083 1106 1138 ad
1136 1098 1224 1136 an.
1247 1077 1375 1135 ⁸599.
1404 1073 1668 1146 pertinere
1693 1063 2039 1153 ostendemus
2057 1098 2074 1122 ,
2103 1069 2167 1111 ac

601 1184 878 1237 doctorum
925 1150 1200 1230 hominum
1238 1164 1565 1238 argumentis
1588 1201 1605 1226 ,
1637 1158 1726 1229 qui
1754 1157 1806 1210 in
1837 1150 1978 1208 aliud
2007 1157 2166 1217 atque

603 1270 747 1326 aliud
773 1279 984 1337 tempus
1002 1237 1344 1324 distulerunt,
1373 1255 1627 1310 faciemus
1654 1248 1807 1304 satis.
1833 1242 1938 1299 Sed
1960 1240 2067 1294 duo
2089 1237 2172 1290 in-

610 1362 763 1416 terim
801 1333 1068 1413 momenta
1107 1365 1285 1423 Opera:
1326 1346 1552 1418 pretium
1587 1340 1796 1396 videtur
1819 1333 2012 1390 exinde
2041 1343 2169 1399 pro-

610 1454 752 1509 ferre
776 1452 829 1506 in
857 1448 1110 1510 medium,
1135 1453 1191 1498 ut
1209 1439 1347 1512 quod
1369 1447 1516 1493 certo
1541 1428 1795 1489 constitui
1822 1423 2166 1496 postulamus,

611 1543 723 1597 suis
743 1539 1033 1596 rationibus
1061 1544 1346 1602 utcumque
1374 1543 1477 1582 non
1500 1531 1699 1579 careat.
1732 1519 1970 1574 Primum
1995 1513 2174 1580 itaque

612 1642 714 1698 est,
739 1631 878 1703 quod
905 1623 1329 1685 Commentarios
1353 1620 1406 1674 in
1439 1613 1834 1673 Ecclesiastem,
1860 1615 1916 1662 et
1933 1604 2178 1673 explana-

616 1695 810 1777 tionem
852 1718 1091 1789 epistolae
1121 1714 1186 1768 ad
1216 1709 1477 1781 Ephesios
1497 1747 1512 1772 ,
1542 1721 1571 1758 a
1601 1718 1660 1757 se
1687 1713 1804 1755 ante
1829 1711 1990 1752 annos
2025 1695 2180 1763 [crine

617 1815 787 1867 decem
810 1781 1180 1866 concinnatam
1208 1801 1395 1863 tradit;
1421 1813 1576 1868 quos,
1607 1804 1663 1848 ut
1682 1792 1750 1847 de
1773 1781 2182 1844 Commentariis

620 1912 820 1957 tantum
852 1901 1089 1955 dicamus
1110 1935 1126 1961 ,
1160 1894 1298 1948 circa
1339 1903 1536 1944 annum
1573 1883 1701 1941 590.
1725 1881 2014 1936 adornasse
2041 1873 2180 1930 idem

623 1996 735 2062 ipse
770 1997 991 2045 testatur
1015 1995 1124 2040 tum
1147 1983 1308 2046 alibi,
1339 1989 1450 2033 tum
1494 1974 1760 2047 praecipue
1790 1970 1842 2023 in
1872 1963 2182 2022 eorumdem

623 2058 930 2151 praefatione
957 2077 1022 2131 ad
1045 2075 1258 2132 Paulam
1279 2080 1334 2126 et
1357 2066 1723 2126 Eustochium,
1755 2060 1865 2123 ubi,
1898 2065 2008 2127 post
2029 2058 2187 2125 ferme

621 2147 1012 2241 quinquennium
1038 2208 1053 2230 ,
1083 2180 1148 2219 ex
1177 2176 1282 2232 quo
1309 2161 1474 2214 Roma
1509 2153 1785 2214 evasisset,
1811 2147 1948 2202 istud
1976 2160 2036 2200 se
2057 2158 2188 2212 ope-

621 2233 696 2316 ris
717 2233 1038 2327 suscepisse,
1067 2251 1373 2324 planissime
1399 2245 1616 2301 indicat.
1645 2241 1736 2295 His
1766 2253 1924 2309 porro
1948 2236 1992 2290 si
2021 2233 2189 2288 ferme

622 2351 809 2406 decem
830 2344 1156 2417 adjunxeris,
1178 2353 1348 2394 annus
1371 2335 1600 2393 efﬁcitur
1625 2329 1750 2387 599.
1777 2328 2018 2383 Alterum
2038 2363 2054 2388 ,
2082 2335 2189 2392 quo

626 2442 766 2496 idem
810 2452 982 2492 annus
1021 2431 1286 2503 colligitur
1312 2471 1328 2495 ,
1376 2433 1750 2496 argumentum
1776 2418 1897 2474 inde
1922 2417 2188 2488 petimus,

625 2532 767 2604 quod
789 2531 890 2586 sub
915 2525 1165 2598 Opusculi
1193 2522 1354 2577 linem
1383 2534 1443 2574 se
1471 2517 1601 2572 dicit
1626 2524 1742 2567 ante
1768 2527 1928 2565 annos
1955 2506 2193 2561 tredecim

631 2621 949 2678 Antiochiam
973 2614 1342 2672 celeberrimam
1364 2611 1535 2663 urbem
1557 2605 1854 2666 deseruisse,
1875 2609 1928 2654 ut
1949 2599 2003 2652 in
2023 2597 2182 2666 agris,

629 2730 691 2767 ac
719 2709 990 2766 solitudine
1016 2701 1363 2759 adolescentia:
1382 2699 1572 2766 deﬂens
1601 2702 1827 2766 peccata,
1855 2688 2043 2746 Christi
2065 2687 2119 2740 in
2141 2699 2197 2738 se

635 2798 1029 2858 misericordiam
1089 2793 1394 2863 deﬂecteret.
1447 2786 1775 2847 Enimvero,
1823 2795 1926 2834 non
1967 2777 2066 2831 nisi
2131 2774 2199 2828 ab

635 2901 824 2947 exacto
865 2902 1004 2944 anno
1044 2884 1170 2940 5S6.
1196 2881 1250 2936 hi
1281 2878 1534 2935 tredecim
1577 2870 1850 2940 supputari
1893 2868 2001 2922 ullo
2041 2865 2200 2920 modo

638 2990 890 3052 possunt,
923 2975 1181 3047 siquidem
1217 2983 1384 3040 usque
1423 2967 1487 3022 ad
1533 2962 1821 3034 superioris
1864 2958 1990 3014 585.
2021 2959 2203 3025 Augu-

639 3087 779 3130 stum
799 3085 1034 3128 mensem
1060 3068 1247 3122 Romae
1266 3076 1386 3117 cum
1410 3058 1715 3114 constitisse
1735 3058 2065 3122 compertum
2085 3055 2168 3102 est
2185 3063 2201 3111 ;

639 3181 744 3238 quo
766 3174 1002 3233 tempore
1025 3172 1143 3214 cum
1166 3157 1218 3211 in
1238 3154 1509 3210 Orientem
1535 3146 1930 3214 annavigasset,
1947 3139 2067 3194 aliis
2085 3136 2206 3190 sub-

643 3227 765 3311 inde
793 3227 1096 3323 regionibus
1123 3242 1434 3317 peragratis,
1462 3249 1572 3293 tum
1597 3237 1811 3292 demum
1838 3229 2072 3285 substitit
2091 3227 2204 3281 An-

643 3321 1074 3413 tiochiae—:quam
1122 3339 1309 3392 urbem
1359 3333 1479 3386 ideo
1523 3345 1583 3384 se
1630 3327 1827 3382 indicat
1870 3321 2206 3386 deseruisse,

645 3433 788 3506 quod
817 3433 871 3488 in
897 3432 1014 3502 ejus
1033 3427 1293 3490 Ecclesia,
1316 3422 1383 3476 ad
1403 3435 1561 3491 quam
1588 3418 1657 3472 ob
1683 3414 2069 3470 ordinationem
2091 3426 2212 3481 per.

650 3505 820 3584 linere
841 3525 1128 3584 videretur,
1145 3534 1265 3574 cum
1287 3514 1567 3589 splendide
1587 3520 1768 3581 posset
1790 3523 2011 3564 munere
2031 3505 2214 3562 Sacer-

651 3618 783 3672 dotii
809 3611 1044 3682 defungi,
1073 3609 1256 3664 maluit
1281 3619 1438 3676 agros
1466 3619 1528 3658 ac
1557 3599 1899 3657 solitudinem
1927 3604 2210 3666 appetere,

653 3721 708 3764 ut
728 3703 1099 3764 adolescentiae
1119 3709 1334 3772 peccata
1363 3695 1668 3769 ptrnitentia
1691 3692 1914 3748 deleret.
1935 3688 2213 3744 Tredecim

653 3813 780 3871 ergo
818 3797 969 3852 annis
1014 3793 1140 3850 386.
1178 3787 1566 3860 superadditis,
1600 3783 1837 3839 exoritur
1869 3779 1992 3836 599.
2019 3778 2109 3849 qui
2139 3778 2213 3830 illi

653 3868 920 3946 'l‘ractatui
949 3882 1296 3955 assignandus
1325 3888 1439 3945 est;
1467 3878 1715 3946 idemque
1741 3873 1841 3943 ipsi
1867 3872 1931 3925 ad
1951 3868 2220 3939 Theophi-

657 3985 763 4036 ium
793 3977 1030 4049 epistolae
1059 3971 1388 4034 tribuendus,
1416 3982 1534 4038 qua:
1558 3974 1610 4021 et
1637 3964 1795 4034 paulo
1816 3970 1935 4032 post
1962 3960 2083 4013 data
2105 3966 2219 4022 est,

660 4083 714 4127 ut
745 4080 851 4126 tota
880 4065 1136 4122 orationis
1159 4062 1325 4118 series
1350 4069 1402 4114 et
1430 4064 1710 4112 contextus
1754 4052 1978 4122 probat,
2007 4058 2061 4103 at
2091 4060 2222 4117 qua-

657 4157 1128 4231 dringentesimum
1181 4166 1286 4208 non
1341 4147 1578 4218 attigisse
1631 4142 1948 4215 persuadent
1993 4151 2112 4207 qure
2154 4135 2224 4190 de

665 4255 867 4311 Isidoro
912 4245 1272 4305 Alexandrino
1326 4241 1641 4314 presbytero
1690 4235 1889 4290 ibidem
1943 4231 2222 4292 dicuntur,

664 4361 820 4415 quem
863 4343 1015 4400 initio
1053 4337 1320 4412 sequentis
1350 4334 1472 4388 anni
1506 4332 1815 4386 damnatum
1849 4322 2224 4391 intelligemus.

666 4411 843 4491 Sibilo
869 4443 1045 4488 tamen
1069 4411 1244 4486 secius
1269 4426 1478 4481 videtur
1500 4421 1688 4478 ordine
1717 4412 2070 4488 prmponenda
2092 4411 2227 4466 dua-

668 4526 765 4579 bus
797 4519 1215 4593 praecedentibus
1245 4516 1347 4571 hoc
1378 4525 1551 4568 tamen
1579 4511 1694 4577 ipso
1721 4521 1861 4560 anno
1887 4502 2013 4560 599.

736 4610 1000 4671 LXXXIII
1027 4621 1080 4666 ct
1107 4606 1389 4665 LXXXIV.
1419 4603 1638 4671 Scripta:
1663 4617 1751 4654 an.
1776 4597 1902 4652 400.
1921 4625 1993 4637 --
2018 4594 2233 4650 Priores

669 4708 960 4761 amicorum
989 4696 1308 4757 Pammacbii
1335 4705 1388 4750 et
1411 4691 1606 4748 Oceani
1635 4690 1699 4744 ad
1737 4689 2116 4758 Hieronymum
2145 4685 2232 4738 lit-

674 4813 822 4861 uerae,
848 4787 1272 4864 quandoquidem
1298 4799 1520 4854 pronum
1542 4789 1622 4836 est
1650 4778 1854 4848 opinari
1879 4777 2030 4831 datas
2054 4774 2237 4845 paucis

675 4888 946 4947 mensibus
971 4893 1096 4941 ante
1126 4876 1432 4948 Hieronymi
1461 4870 1894 4942 responsionem,
1927 4881 2082 4936 quam
2111 4865 2238 4920 sub-

675 4980 956 5044 nectimus,
979 4989 1044 5032 ex
1067 4975 1166 5028 hac
1187 4971 1298 5040 ipsa
1319 4962 1646 5022 aestimanda:
1667 4966 1810 5015 sunt.
1833 4957 1964 5011 Hcce
1995 4968 2154 5024 porro
2173 4953 2238 5008 ad

672 5085 868 5126 annum
893 5067 1037 5122 hunc
1061 5062 1189 5120 400.
1214 5055 1507 5115 revocanda
1533 5061 1646 5117 est,
1673 5049 1777 5105 hoc
1795 5090 1810 5114 ,
1834 5057 1891 5102 ut
1914 5046 2068 5101 nobis
2089 5045 2240 5100 vide-

679 5176 764 5218 tur
801 5155 1122 5216 ineluetabili
1167 5158 1478 5221 argumento
1499 5186 1512 5210 ,
1545 5142 1684 5214 quod
1715 5140 1842 5196 dum
1870 5137 2134 5208 epistolam
2175 5135 2242 5190 de

677 5252 975 5322 Seraphim,
1006 5254 1052 5302 et
1073 5243 1284 5300 Calculo
1308 5238 1375 5294 ad
1403 5238 1686 5292 Damasum
1718 5230 1837 5286 beic
1866 5228 1996 5282 citat
2021 5239 2246 5279 numero

676 5346 711 5400 5
730 5385 744 5406 ,
768 5317 886 5396 eam
922 5348 1039 5393 ante
1056 5334 1228 5406 viginti
1251 5345 1411 5386 annos
1428 5327 1613 5383 editam
1639 5321 1962 5393 profiteatur.
1988 5317 2104 5372 lam
2117 5329 2246 5369 vero

681 5443 874 5493 nemo,
899 5405 1128 5494 opinor
1153 5425 1206 5477 in
1232 5421 1450 5474 dubium
1478 5415 1722 5476 vocabit,
1761 5410 1902 5482 quod
1947 5422 2045 5462 nos
2084 5405 2246 5460 certis

681 5524 817 5577 adeo
842 5515 1135 5574 rationibus
1157 5527 1254 5567 suo
1280 5512 1402 5565 loco
1427 5505 1784 5568 ostendimus,
1816 5516 1933 5556 eam
1963 5495 2245 5568 epistolam

682 5615 747 5667 ad
795 5627 884 5664 an.
931 5605 1058 5662 58L
1097 5601 1326 5657 medium
1370 5597 1566 5652 debere
1621 5592 1852 5656 ascribi,
1881 5605 2002 5645 cum
2056 5597 2248 5653 nempe

682 5696 1139 5763 Cotistantinopoli
1161 5692 1297 5762 apud
1319 5691 1374 5745 S.
1390 5690 1697 5758 Gregorium
1721 5684 1835 5751 ejus
1852 5684 1996 5737 urbis
2020 5680 2240 5749 Episco—

2261 695 2444 756 putet,
2473 685 2663 754 partim
2696 697 2858 747 vero,
2886 680 3027 751 quod
3071 692 3298 733 numero
3339 686 3515 731 utatur
3558 675 3828 740 rotundo;

2263 791 2385 831 nam
2411 785 2558 828 certo
2582 772 2779 826 certius
2805 779 2886 825 est
2906 785 2978 825 ex
3001 782 3176 823 rerum
3204 767 3360 832 serie,
3392 768 3614 836 ipsoque
3635 766 3833 834 episto~

2270 866 2332 920 Ite
2360 874 2636 928 contextu,
2659 879 2775 918 eam
2804 871 2928 916 ante
2952 861 3260 914 damnatum
3284 859 3336 912 in
3363 857 3718 911 Alexandrina
3739 854 3834 926 Sy-

2269 957 2409 1011 nodo
2434 957 2739 1022 Origenem,
2760 953 2861 1008 hoc
2881 967 3025 1006 anno
3053 950 3334 1020 prodiisse.
3366 949 3500 1004 Hinc
3528 959 3705 1004 tamen
3733 960 3833 1010 est.

2269 1047 2411 1119 quod
2442 1047 2723 1102 mallemus
2749 1043 3098 1109 Pammacbii,
3126 1051 3284 1112 atque
3311 1040 3510 1095 Oceani
3539 1040 3744 1095 litteras
3773 1039 3836 1093 ad

2271 1138 2594 1207 superiorem
2623 1135 2748 1190 399.
2773 1143 3052 1188 excordem
3073 1145 3354 1194 revocare,
3384 1139 3442 1183 ut
3467 1129 3712 1182 nimirum
3739 1128 3836 1182 ali-

2273 1235 2401 1295 quot
2429 1240 2640 1280 menses
2668 1223 3068 1278 intercesserint
3097 1220 3164 1272 ad
3197 1218 3506 1288 Hieronymi
3533 1218 3835 1286 reSponsio-

2274 1330 2394 1370 nem
2417 1356 2432 1382 ,
2462 1315 2654 1385 quibus
2680 1313 2782 1368 ille
2821 1311 3068 1381 Origenis
3106 1310 3269 1364 libros
3296 1308 3364 1363 de
3383 1309 3676 1376 Principiis
3700 1306 3840 1361 Lati-

2277 1418 2376 1458 nos
2403 1402 2598 1471 facere,
2628 1417 2830 1472 eosque
2853 1415 2957 1455 una
2983 1414 3104 1454 eum
3133 1397 3482 1468 hacepistola
3513 1398 3727 1453 mittere
3754 1413 3842 1466 po-

2277 1497 2439 1550 tuerit
2466 1496 2708 1549 Romam.

2351 1587 2614 1643 LXXXV.
2657 1586 2861 1654 Scripta
2888 1601 2974 1640 an.
2997 1584 3124 1640 400.
3143 1613 3214 1624 -
3238 1582 3460 1646 Earum,
3486 1593 3604 1649 quae
3623 1577 3688 1633 ad
3707 1577 3843 1632 Pau-

2283 1679 2446 1734 linum
2463 1680 2676 1748 scriptae
2696 1677 2979 1742 habentur,
3007 1674 3192 1730 ordine
3213 1684 3479 1743 postrema
3501 1677 3602 1725 est.
3628 1669 3703 1722 Ea
3728 1667 3847 1721 Hie-

2286 1783 2536 1839 ronymus
2561 1783 2619 1822 se
2646 1767 2783 1837 apud
2813 1766 2870 1821 S.
2893 1765 3270 1835 Presbyterum
3300 1767 3520 1816 excusat
3539 1797 3554 1822 ,
3575 1756 3714 1829 quod
3746 1755 3846 1810 Da.

2275 1860 2517 1926 nielem,
2545 1867 2601 1913 ut
2645 1872 2704 1912 se
2747 1857 3008 1912 facturum
3057 1851 3710 1925 promiserat,explicare
3759 1861 3850 1917 per

2290 1961 2497 2022 tempus
2538 1965 2644 2005 non
2692 1952 3038 2020 potueritzet
3078 1946 3294 2010 Libros,
3323 1943 3527 2014 inquit,
3555 1946 3664 2013 περι
3687 1949 3852 2012 Δρχενν

2291 2057 2469 2111 nuper,
2492 2038 2822 2105 Pammachio
2840 2047 3011 2092 nostro
3026 2037 3256 2107 jubente,
3273 2037 3626 2104 interpretatus
3648 2045 3850 2086 sum....

2290 2147 2389 2202 quo
2414 2131 2640 2185 detentus
2669 2147 2818 2200 apere
2844 2129 3054 2198 implere
3079 2145 3182 2182 non
3228 2126 3372 2197 potui
3392 2165 3406 2189 ,
3425 2125 3570 2191 quod
3606 2122 3856 2192 .promise-

2291 2238 2403 2276 ram
2428 2221 2537 2286 tibi,
2560 2231 2606 2274 et
2638 2220 2899 2274 Danielem
2917 2227 3145 2272 nostrum
3163 2232 3368 2270 rursum
3389 2209 3857 2282 comperendinavi:

2296 2323 2404 2368 tum
2429 2327 2576 2366 num.
2599 2311 2652 2366 4.
2675 2311 2774 2366 sub
2799 2310 2959 2365 linem
2984 2309 3049 2363 ab
3075 2310 3188 2378 ipso
3218 2307 3504 2377 procinctu,
3533 2313 3584 2359 et
3611 2304 3857 2371 interpre-

2295 2405 2496 2458 tationis
2521 2403 2728 2458 exordio
2753 2401 3052 2473 supradicta
3073 2399 3341 2453 necessitas
3371 2413 3449 2450 me
3473 2393 3709 2449 retraxit.
3726 2391 3862 2446 IIinc

2299 2507 2454 2547 nemo
2475 2495 2793 2561 negethanc
2819 2488 3111 2560 Epistolam
3137 2486 3450 2542 brevissimo
3476 2481 3755 2538 intervallo
3780 2494 3864 2534 se-

2299 2592 2475 2638 cutam
2521 2596 2641 2637 esse
2669 2582 2847 2636 libros
2879 2577 3166 2650 Origenis,
3195 2592 3330 2646 quos
3377 2573 3537 2630 modo
3570 2572 3672 2627 sub
3711 2571 3865 2640 hujus

2300 2676 2424 2729 anni
2451 2674 2578 2730 400.
2602 2673 2808 2728 initium
2823 2671 3024 2726 Latine
3047 2670 3346 2741 explicatos
3368 2666 3618 2728 diximus,
3641 2675 3865 2730 eamque

2304 2764 2791 2836 interpretationem
2816 2777 2937 2818 cum
2965 2760 3231 2831 superiori
3256 2758 3481 2830 epistola
3516 2755 3582 2810 ad
3612 2754 3866 2809 Pamma-

2305 2855 2482 2910 chium
2509 2855 2748 2910 missam.

2377 2945 2660 3001 LXXXVI.
2684 2941 2992 2999 LXXXVII.
3014 2937 3341 2997 LXXXVIII.
3371 2934 3658 2994 LXXXIX.
3689 2933 3797 2989 XC.
3822 2941 3873 2986 et

2309 3038 2444 3094 XCI.
2485 3037 2710 3107 Scripta:
2738 3054 2825 3090 an.
2854 3035 3055 3091 400-
3073 3029 3522 3102 Sobsequentium
3548 3042 3639 3082 sex
3669 3024 3876 3094 Episto-

2311 3129 2505 3193 larum,
2529 3125 3008 3197 quanqnam'facile
3034 3122 3173 3178 idem
3199 3121 3448 3177 omnibus
3469 3132 3639 3172 annus
3683 3113 3876 3169 natalis

2311 3220 2397 3286 sit,
2420 3220 2532 3275 sive
2558 3229 2764 3288 tempus
2790 3218 2928 3273 inter
2946 3231 3036 3270 an.
3059 3213 3165 3272 400
3183 3221 3236 3267 et
3255 3212 3380 3268 IOI.
3405 3208 3536 3264 ordo
3557 3217 3731 3260 tamen
3757 3219 3876 3272 prae-

2312 3320 2558 3382 posterus
2583 3311 2634 3365 in
2663 3324 2729 3365 eo
2751 3317 2853 3374 est,
2880 3306 3022 3378 quod
3044 3301 3333 3361 LXXXIX.
3359 3296 3641 3369 TbeOphili
3670 3295 3880 3351 caeteris

2315 3399 2670 3472 praeponenda
2697 3399 2958 3452 videatur.

2387 3491 2504 3547 Una
2541 3489 2833 3557 eademque
2862 3486 2915 3540 in
2961 3483 3046 3537 bis
3083 3496 3179 3536 sex
3208 3478 3446 3549 epistolis
3465 3477 3735 3544 temporis
3760 3482 3884 3530 nota

2318 3591 2421 3649 est,
2447 3591 2502 3637 et
2535 3579 2834 3641 character,
2877 3574 3126 3629 nimirum
3165 3569 3441 3639 Origenis,
3475 3581 3538 3621 ac
3571 3567 3887 3636 furiosorum

2321 3674 2608 3738 hominum,
2636 3668 2726 3738 qui
2755 3665 2990 3736 Origenis
3014 3662 3244 3717 lnaresim
3267 3661 3322 3714 in
3348 3658 3538 3713 Nitriae
3564 3656 3889 3710 Monasteriis

2321 3779 2502 3827 serere,
2523 3777 2583 3813 ac
2608 3757 2827 3827 fundare
2848 3752 3135 3822 cupiebant,
3157 3749 3429 3806 damnatio
3453 3748 3507 3803 in
3532 3745 3888 3802 Alexandrina

2322 3851 2572 3926 Synodo,
2602 3865 2720 3920 qua:
2763 3844 3046 3915 Theophili
3087 3845 3140 3900 in
3181 3842 3368 3913 primis
3395 3853 3557 3911 opera
3599 3836 3698 3892 sub
3735 3835 3894 3904 hujus

2305 3925 2446 4001 anni
2487 3943 2592 4000 400
2631 3941 2840 3997 initium
2880 3946 3062 3993 coacta
3091 3942 3196 3991 est.
3244 3933 3511 3989 Prazterea
3542 3943 3730 3984 omnes
3755 3928 3893 3982 datm
3927 3925 3934 3928 ’

2327 4046 2450 4095 sunt
2473 4033 2636 4109 (quod
2658 4048 2723 4090 ex
2749 4045 2931 4088 earum
2957 4036 3211 4084 contextu
3236 4025 3517 4096 perspicue
3537 4019 3727 4092 liquet)
3751 4029 3898 4074 ante-

2328 4143 2487 4200 quam
2533 4124 2850 4198 Synodicam
2893 4121 3009 4191 ejus
3050 4116 3277 4174 Concilii
3319 4113 3600 4185 epistolam
3645 4110 3832 4166 Graece
3870 4123 3900 4162 a

2329 4220 2652 4297 Theophila
2675 4217 2926 4285 scriptam
2977 4212 3332 4281 Hieronymus
3383 4205 3625 4261 Latinam
3676 4201 3899 4262 faceret.

2332 4313 2473 4386 quod
2495 4314 2584 4368 ille
2606 4310 2762 4382 paulo
2783 4316 2906 4378 post
2929 4304 3084 4373 hujus
3110 4301 3234 4357 anni
3260 4297 3496 4354 medium
3522 4303 3778 4350 executus
3799 4300 3899 4352 est,

2335 4383 2393 4461 ut
2417 4403 2578 4458 certis
2601 4397 2927 4470 argumentis
2964 4408 3086 4448 mox
3125 4387 3454 4447 adducendis
3477 4385 3550 4440 ad
3589 4398 3705 4453 seq.
3737 4383 3900 4453 epist.

2336 4495 2701 4553 ostendemus.
2744 4487 3014 4544 Prioribus
3052 4484 3232 4552 itaque
3259 4488 3463 4549 septem
3494 4476 3559 4531 ad
3599 4488 3866 4529 summum
3887 4513 3902 4534 ,

2337 4595 2429 4642 aut
2451 4595 2574 4641 octo
2602 4579 2873 4637 mensibus
2890 4570 3436 4644 comprehenduntur,
3459 4576 3620 4636 atque
3646 4564 3750 4618 illis
3770 4562 3907 4618 adeo

2340 4679 2428 4732 hic
2455 4692 2485 4731 a
2513 4674 2668 4730 nobis
2693 4669 2825 4726 ordo
2849 4667 3170 4722 constitutus
3193 4670 3297 4726 est,
3317 4671 3478 4729 quem
3505 4654 3906 4710 concinniorem

2339 4783 2404 4823 ex
2435 4781 2522 4830 eo,
2548 4777 2708 4834 quem
2738 4762 2876 4815 inter
2908 4771 2967 4810 se
3006 4753 3206 4809 habent
3231 4757 3476 4822 respectu
3501 4786 3518 4813 ,
3549 4743 3790 4798 arbitrati
3816 4755 3910 4796 su-

2344 4871 2483 4924 mus,
2513 4870 2576 4910 ac
2607 4867 2694 4910 res
2723 4851 2836 4921 ipsa
2860 4849 2974 4901 visa
3001 4853 3085 4902 est
3112 4842 3399 4912 postulare.

2415 4923 2573 5004 XCII.
2614 4943 2792 4997 Latine
2830 4937 3030 4991 reddita
3066 4950 3154 4987 an.
3177 4931 3302 4987 400.
3333 4939 3442 4999 post
3471 4926 3604 4981 med.
3627 4953 3697 4966 ——
3728 4923 3878 4978 Ilunc
3898 4962 3912 4984 ,

2337 5056 2466 5112 qua:
2483 5037 2744 5090 hactenus
2766 5039 3062 5098 temporum
3085 5022 3278 5091 injuria
3304 5017 3638 5075 intercidisse
3661 5013 3914 5069 credeba-

2349 5103 2455 5194 t-ur,
2486 5120 2762 5192 Theophili
2797 5113 3116 5188 Synodicam
3145 5111 3425 5182 epistolam
3475 5106 3542 5161 ad
3569 5103 3882 5160 Palaestinos
3901 5141 3915 5162 .

2348 5237 2411 5276 ac
2439 5215 2598 5288 Cypri
2631 5213 2918 5280 Episcopus
2937 5248 2954 5273 ,
2982 5205 3168 5260 Latine
3209 5201 3469 5258 redditam
3501 5197 3568 5252 ab
3594 5195 3919 5264 Hieronymo

2351 5283 2584 5365 diximus
2611 5309 2734 5372 post
2761 5299 2992 5353 medium
3022 5295 3146 5349 anni
3174 5283 3703 5362 quadringentesimi.
3753 5283 3923 5350 Hujus

2352 5395 2663 5454 assertionis
2708 5389 2834 5447 illud
2875 5389 3110 5459 palmare
3137 5393 3219 5439 est
3241 5385 3617 5452 argumentum
3640 5415 3655 5441 ,
3687 5372 3830 5443 quod
3858 5389 3924 5428 ex

2355 5488 2511 5543 tertio
2538 5485 2594 5540 S.
2645 5481 2886 5538 Doctoris
2915 5479 3078 5533 Libro
3097 5484 3280 5529 contra
3303 5468 3571 5524 Rufiinum
3600 5464 3926 5524 desumitur.

2355 5594 2512 5650 quem
2551 5575 2771 5630 Librum
2813 5568 2946 5624 nihil
2982 5559 3326 5622 dubium'est
3366 5559 3508 5614 circa
3537 5553 3776 5609 medium
3803 5553 3932 5606 aiini

2365 5641 2489 5726 λοι.
2514 5668 2678 5722 fuisse
2697 5670 2998 5719 exaratum.
3029 5655 3230 5723 Nempe
3253 5651 3324 5705 ibi
3344 5649 3469 5704 dum
3495 5659 3558 5701 ex
3587 5642 3783 5700 ordine
3811 5641 3938 5698 Hie-
