4048 6192
208 284 439 344 LXXVII

211 416 461 473 ronymus
486 416 765 470 memorat,
783 422 900 476 quae
920 417 1073 463 antea
1095 424 1159 465 ex
1180 410 1481 480 Theophilo
1513 426 1601 477 per
1619 412 1777 480 ferme

211 492 478 556 biennium,
502 504 647 549 esset
673 497 1067 567 interpretatus,
1093 502 1265 570 primo
1286 503 1462 557 statim
1484 503 1601 558 loco
1627 505 1778 572 ponit

210 582 542 653 Synodicam,
566 586 759 641 deinde
790 589 1095 645 Paschalem
1122 608 1210 646 an.
1233 594 1363 648 401.
1388 604 1562 648 contra
1592 594 1775 664 Orige-

210 689 359 737 nem,
386 675 618 745 illiusque
660 677 987 746 Discipulos,
1019 693 1126 737 tum
1176 685 1396 739 alteram
1444 686 1775 755 insequentis

210 761 332 814 anni
352 764 583 817 adversus
605 765 1003 834 Apollinarium,
1028 781 1074 823 et
1096 773 1322 826 eumdem
1354 773 1618 843 Origenem
1633 792 1652 839 ;
1678 788 1775 829 nec

206 850 342 903 aliud
367 866 424 907 se
452 853 727 921 profitetur
746 855 1029 927 Theophili
1056 860 1293 929 Operam
1320 863 1676 917 transtulisse.
1700 863 1770 919 Ut

204 938 360 1007 igitur
388 944 675 1011 perSpicue
701 956 909 1001 constet
934 964 997 1002 ex
1030 951 1217 1005 ordine
1238 994 1253 1017 ,
1280 966 1385 1022 quo
1425 954 1650 1022 singulae
1685 970 1774 1008 re-

199 1040 512 1094 censentur,
542 1032 611 1086 ad
643 1049 845 1088 annum
871 1037 1449 1109 quadringentesimum
1481 1042 1619 1097 hanc
1646 1057 1772 1111 per-

197 1116 388 1181 tinere,
412 1135 533 1187 qua:
559 1123 768 1175 caeteris
798 1124 916 1178 loco
942 1129 1223 1195 praecedit,
1249 1130 1299 1183 id
1332 1140 1504 1185 tamen
1531 1146 1771 1186 commo-

191 1206 314 1259 dius
359 1208 489 1263 inita
532 1211 737 1267 ratione
780 1214 1112 1285 intelligitur,
1154 1229 1212 1274 ut
1255 1236 1439 1275 verum
1490 1225 1559 1277 sit
1603 1223 1773 1280 ferme

1641 298 2023 358 PREFATIO.

3206 321 3464 379 LXXVIII

1888 424 2116 475 constet.
2158 415 2290 475 Eam
2320 420 2411 475 ille
2454 432 2724 478 conventus
2750 427 2923 483 litteris
2950 435 3214 487 memorati
3252 435 3272 508 ί
3290 436 3465 491 Theo-

1887 505 2048 576 phili)
2076 509 2305 577 scripsit,
2331 522 2384 565 et
2416 529 2508 578 per
2535 512 2802 568 Eusebium
2835 517 3212 590 Presbyterum,
3233 505 3321 595 qui
3350 528 3450 581 sibi

1882 599 2113 666 quaedam
2164 600 2411 656 obtulerat
2456 604 2699 674 Capitula
2737 608 3064 680 blasphemiae
3103 631 3165 670 ex
3211 620 3453 688 Urigenis

1881 685 2057 742 Libris
2103 703 2390 760 excerpta,
2434 694 2777 751 deferendam
2826 705 3118 761 commisit.
3164 707 3255 762 llic
3297 685 3455 777 porro

1882 777 2144 835 Eusebius
2187 798 2291 836 non
2334 785 2471 840 alius
2516 799 2598 841 est
2644 790 2712 841 ab
2756 791 2846 845 illo
2876 792 3227 851 Cremonensi
3256 802 3451 857 celebri

1878 866 2189 941 Ilieronymi
2218 875 2423 941 amico,
2476 893 2541 932 ac
2578 878 2823 949 Origenis
2861 882 3157 939 fautoribus
3204 903 3452 958 perquam

1878 958 2117 1026 infenso,
2145 978 2301 1032 quem
2348 967 2531 1022 nonne
2574 969 2642 1021 ab
2680 986 2821 1023 anno
2850 973 2978 1028 598.
3019 976 3196 1029 medio
3225 980 3451 1035 vidimus

1877 1053 2182 1108 constitisse
2202 1096 2216 1118 ,
2252 1065 2413 1126 atque
2448 1059 2571 1111 inde
2600 1072 2718 1129 post
2745 1062 2912 1116 ferme
2949 1065 3217 1120 biennium
3246 1067 3448 1123 disces-

1876 1143 2029 1208 sisse,
2056 1147 2405 1217 intelligimus
2433 1160 2542 1204 tum
2571 1152 2689 1206 aliis
2714 1161 3043 1222 argumentis
3066 1200 3081 1221 ,
3117 1168 3224 1214 tum
3262 1166 3450 1231 ιιι-ιιιιί-

1878 1248 1980 1302 pne
2009 1250 2076 1289 ex
2106 1238 2276 1304 primo
2306 1239 2689 1295 lnvectivarum
2720 1245 2915 1299 Rttfllni
2960 1248 3120 1303 Libro
3143 1292 3157 1313 ,
3190 1252 3273 1305 ubi
3300 1268 3445 1311 eum.

188 1297 473 1355 triennium
514 1306 851 1383 excurrisse,
877 1310 1020 1378 quod
1051 1313 1208 1368 aliter
1247 1326 1497 1371 constare
1535 1333 1641 1371 non
1686 1333 1778 1388 po-
1878 1322 2157 1378 Mediolani
2183 1341 2302 1380 cum
2330 1340 2489 1392 esset,
2520 1330 2586 1385 de
2613 1333 2840 1400 quadam
2865 1340 3227 1395 commentitia
3255 1340 3412 1411 Orige
3434 1373 3446 1383 -

184 1391 342 1443 terit.

1878 1416 1963 1469 nis
1988 1418 2248 1471 sententia
2281 1419 2617 1489 impugnasse
2646 1438 2704 1477 se
2733 1426 3045 1481 dicit.'l’unc
3089 1429 3249 1497 igitur
3277 1431 3443 1487 Euse-

259 1480 452 1583 XCIII.
484 1484 672 1540 XCIV.
694 1498 744 1583 et
772 1489 928 1545 XCV.
970 1492 1154 1548 Latine
1179 1497 1391 1552 reddita:
1412 1538 1425 1562 ,
1456 1509 1547 1553 aut
1577 1502 1779 1569 scriptas
1878 1506 1966 1559 bio
1992 1506 2290 1562 Mediolano
2318 1480 2668 1579 proficiscenti
2696 1516 2973 1583 epistolam
2994 1480 3446 1575 commendati—ervit

188 1569 351 1639 paulo
406 1584 523 1639 post
558 1581 890 1645 superiorem.
922 1612 995 1622 —
1019 1585 1219 1639 Causas
1239 1629 1254 1652 ,
1286 1589 1477 1657 quibus
1511 1599 1617 1643 tres
1645 1590 1773 1644 istas

188 1661 480 1728 epistolas,
516 1679 741 1733 quarum
773 1672 979 1737 priores
1005 1674 1128 1727 dua:
1157 1686 1361 1729 tantum
1389 1678 1766 1748 Hieronymum

193 1753 539 1821 interpretem
574 1755 787 1821 habent,
818 1760 1247 1833 Ilieronymiunis
1272 1775 1443 1819 tamen
1474 1781 1762 1820 accensea-

188 1857 306 1896 mus
328 1884 346 1908 ,
395 1846 724 1901 reddidimus
751 1851 1007 1918 superiori
1044 1853 1369 1920 praefationis
1415 1864 1598 1923 parte,
1631 1870 1764 1924 quas

191 1933 430 1988 recolere
458 1935 576 1989 heic
603 1937 701 1991 loci
726 1954 825 1992 nan
853 1951 1023 1994 vacat.
1051 1942 1155 1996 Sed
1182 1944 1321 2011 quod
1347 1948 1599 2014 temporis
1622 1946 1762 2015 Epo-

189 2022 345 2076 cltam
375 2025 701 2094 singularum
726 2041 951 2098 Spectat,
981 2048 1060 2087 ea:
1086 2036 1215 2088 satis
1235 2038 1497 2092 concinne
1523 2052 1641 2091 cum
1666 2055 1758 2092 su-

190 2114 386 2180 periori
412 2116 680 2187 Synodica
700 2122 989 2189 cohzcrent,
1015 2135 1173 2195 atque
1196 2128 1335 2181 inter
1354 2144 1411 2183 se
1432 2141 1763 2186 connectun-

188 2215 306 2271 tur,
341 2216 400 2259 ut
442 2208 616 2264 eidem
656 2225 796 2265 anno
822 2215 1345 2286 quadringentesimo
1371 2221 1604 2286 circiter,
1640 2238 1762 2278 esse

190 2298 503 2354 tribuendas
548 2319 652 2356 non
699 2304 915 2359 dubium
960 2312 1048 2363 sit.
1100 2310 1358 2365 Nimirum
1408 2316 1612 2383 priores
1641 2315 1760 2370 dua:

185 2386 224 2440 Τ
230 2388 504 2458 heOphilo,
533 2394 757 2463 ejusque
785 2398 1025 2465 epistola:
1053 2401 1258 2456 directo
1284 2405 1633 2474 reSpondent,
1663 2424 1760 2463 nec

182 2481 453 2536 dubitandi
500 2485 645 2539 locus
686 2497 807 2552 est,
839 2491 966 2557 quin
1019 2493 1071 2547 id
1116 2494 1268 2551 brevi
1320 2498 1618 2566 intervallo,
1652 2502 1759 2558 imo

183 2586 331 2637 quam
365 2575 627 2631 citissime
657 2576 883 2634 fecerint
911 2582 1216 2654 Dionysius,
1241 2602 1303 2642 ac
1329 2589 1527 2661 Synodi
1550 2591 1756 2648 Jeroso-

183 2660 450 2730 Iymitante
483 2665 667 2721 Patres
689 2709 705 2733 ,
731 2677 841 2724 tum
889 2688 985 2741 pro
1028 2677 1104 2729 rei
1140 2680 1521 2748 magnitudine,
1555 2683 1622 2739 de
1652 2701 1751 2755 qua

178 2754 451 2821 agebatur,
484 2765 591 2810 tum
621 2761 805 2825 etiam,
836 2765 976 2833 quod
1004 2781 1069 2821 ex
1098 2783 1277 2824 earum
1302 2783 1551 2829 contextu
1574 2816 1589 2840 ,
1637 2754 1753 2831 ma-

175 2858 270 2910 gna
297 2845 347 2898 id
386 2861 484 2901 eos
509 2849 870 2907 sollicitudine
903 2859 1211 2923 praestitisse
1237 2863 1523 2933 colligitur.
1557 2868 1751 2925 Verum

174 2934 255 2987 illa
275 2977 289 2999 ,
314 2953 483 3003 quam
513 2940 832 2998 Anastasius
861 2944 999 3016 Papa
1042 2949 1108 3003 ad
1153 2951 1580 3024 Simplicianum,
1610 2958 1749 3016 haud

171 3025 388 3081 dubium
415 3030 544 3099 quin
588 3031 1037 3093 Mediolanensem
1081 3040 1423 3113 Episcopum,
1456 3047 1626 3113 dedit,
1661 3050 1749 3106 Iu-

168 3116 287 3171 siori
316 3118 529 3189 indiget
555 3123 899 3192 probatione,
930 3136 990 3181 ut
1028 3128 1094 3183 ad
1132 3130 1270 3185 idem
1316 3142 1524 3204 tempus
1557 3140 1745 3193 referri

1873 1597 2213 1662 Anastasius,
2262 1618 2382 1668 qua:
2448 1603 2569 1657 ideo
2616 1620 2757 1658 anno
2805 1609 3323 1678 quadringentesimo
3375 1616 3444 1667 sit

1870 1689 2200 1742 ascribenda.
2220 1690 2322 1744 Sed
2348 1690 2483 1744 idem
2501 1704 2707 1762 tempus
2718 1697 2916 1749 clarius
2941 1698 3163 1752 fortasse
3184 1702 3440 1755 evincitur

1868 1793 1931 1831 ex
1964 1780 2073 1847 ipsa
2116 1780 2445 1849 Simpliciani
2471 1798 2718 1849 persona,
2749 1790 2834 1839 cui
2866 1790 3086 1853 epistula
3117 1790 3433 1847 destinatur.

1866 1871 1959 1928 Ille
1988 1874 2151 1933 enim,
2181 1884 2235 1928 ut
2265 1891 2330 1929 ex
2362 1875 2767 1933 Mediolanensis
2797 1880 3045 1933 Ecclesia!
3075 1886 3434 1939 monumentis

1863 1977 2193 2035 Compertum
2241 1978 2360 2028 est,
2419 1984 2539 2023 cum
2581 1969 2767 2023 XVIII.
2822 1971 3080 2025 Calendas
3120 1977 3437 2043 seplemhris

1864 2055 2053 2110 obivrit
2074 2098 2089 2121 ,
2114 2057 2253 2111 docti
2286 2058 2390 2111 Viri
2421 2075 2540 2113 eum
2568 2076 2805 2115 mensem
2836 2063 2958 2115 anni
2990 2063 3145 2132 hujus
3172 2065 3431 2134 quadrin-

1864 2149 2138 2216 gentesimi
2168 2164 2285 2203 esse
2312 2150 2449 2202 facili
2476 2162 2787 2220 argumento
2813 2153 3267 2209 demonstrarunt.
3298 2157 3426 2211 Nam

1863 2251 2004 2289 anno
2045 2237 2339 2306 insequenti
2385 2238 2508 2293 ιοι.
2548 2250 2657 2307 post
2689 2239 3020 2294 Consulatum
3052 2242 3140 2297 Fl.
3170 2243 3434 2299 Stilicouis

1861 2327 1956 2378 viri
1984 2327 2272 2392 clarissimi,
2302 2327 2442 2381 XVI.
2488 2326 2736 2383 Calendas
2783 2330 2952 2383 Julius
2977 2370 2993 2397 ,
3020 2330 3315 2399 Venerius,
3346 2336 3433 2404 qni

1861 2417 2205 2485 Simpliciano
2234 2420 2525 2485 successit,
2557 2420 2971 2476 Mediolanensis
3000 2424 3291 2493 Episcopus
3321 2441 3433 2478 me-

1862 2517 2099 2560 moratur
2125 2508 2174 2561 in
2206 2508 2390 2563 codice
2418 2509 2696 2563 Canounm
2719 2511 2967 2566 Ecclesiae
2991 2513 3279 2579 Africanae,
3309 2531 3429 2585 cap.

1858 2598 1991 2653 LVI.
2022 2600 2111 2653 ubi
2154 2599 2219 2654 ad
2264 2616 2384 2654 eum
2416 2600 2606 2669 legatio
2630 2602 2928 2656 destinatur
2956 2619 2986 2657 e
3026 2605 3267 2658 Concilio
3291 2604 3426 2660 Car-

1863 2689 2156 2759 thagineusi
2182 2688 2244 2744 V.
2271 2690 2453 2759 Neque
2479 2690 2639 2760 igitur
2656 2693 2829 2747 serius
2856 2692 2956 2746 hoc
2982 2708 3123 2748 anno
3144 2694 3269 2749 400.
3297 2698 3427 2749 scri-

1856 2781 1983 2835 bere
2011 2780 2076 2834 ad
2107 2780 2503 2850 Simplicianum
2530 2782 2842 2835 Anastasius
2874 2783 3076 2851 potuit,
3111 2799 3282 2853 neque
3309 2801 3425 2839 rur-

1854 2886 1945 2925 sus
1965 2881 2088 2926 ante
2102 2872 2348 2926 eumdem
2371 2886 2567 2925 annum
2590 2871 2726 2925 hanc
2749 2870 2915 2935 dedit,
2930 2887 3090 2941 quam
3106 2882 3425 2927 conventum

1853 2962 2135 3031 Theophili
2158 2964 2347 3018 litteris
2373 2962 2441 3017 de
2466 2962 2711 3032 Origenis
2736 2962 3084 3017 damnatione
3109 2962 3345 3017 scribere
3364 2979 3425 3017 se

1857 3052 2153 3123 proﬁtetur.
3180 3058 3186 3065 ’

170 3240 2967 3284 ——___._________________________

772 3345 1691 3468 EPISTOLE
1768 3357 2036 3471 ιν.
2103 3346 2822 3465 CLASSIS

162 3546 311 3598 quas
348 3551 761 3598 aranearum
810 3555 887 3598 se
928 3556 1205 3601 INEUNTB
1249 3559 1417 3603 ANNO
1458 3541 1598 3604 501.
1647 3563 1845 3617 usque
1890 3563 1973 3607 sn
2014 3541 2153 3602 1ι20.
2200 3559 2330 3602 sua:
2374 3558 2651 3601 seruam
2684 3558 2845 3601 nm:
2877 3558 3073 3603 eiusat
3117 3560 3415 3604 scatrsir.

225 3676 405 3735 XCVI.
457 3680 671 3749 Scripta
698 3700 758 3735 ac
782 3682 963 3737 Latine
1004 3684 1201 3737 reddita
1243 3702 1332 3740 an.
1362 3686 1488 3741 401.
1523 3717 1588 3728 —-
1618 3688 1745 3756 Epi-

157 3771 406 3825 stolarum
433 3781 651 3840 quarta:
697 3772 853 3841 hujus
882 3772 1078 3829 Classis
1096 3774 1337 3830 ordinem
1365 3777 1506 3831 ducit
1557 3778 1743 3833 isthaec

157 3861 417 3926 paschalis
448 3864 741 3933 Theophili
770 3865 991 3933 epistola
1018 3876 1194 3920 contra
1238 3867 1501 3938 Origenem
1523 3910 1537 3933 ,
1571 3869 1741 3923 illius-

154 3967 246 4014 que
290 3953 603 4023 discipulos,
655 3970 813 4024 quam
846 3956 1200 4027 Hieronymus
1226 3957 1409 4011 Latine
1436 3961 1739 4028 explicavit.

155 4037 208 4092 lu
240 4042 353 4112 ejus
410 4044 571 4099 calce
604 4059 715 4098 xu.
744 4044 833 4098 die
880 4048 1077 4099 mensis
1109 4046 1382 4100 Pharmnti
1410 4047 1612 4101 Pascha
1642 4047 1740 4104 dc-

155 4134 447 4197 mmtiatur,
485 4134 633 4203 quod
674 4135 958 4189 manifesto
998 4152 1197 4189 annum
1255 4147 1461 4205 spectat
1509 4139 1639 4203 401,
1687 4150 1743 4193 ut

153 4226 345 4291 optime
375 4244 406 4280 a
430 4226 607 4282 Card.
636 4225 847 4280 Norisio
871 4236 1104 4280 notatum
1132 4238 1232 4281 est.
1265 4228 1339 4282 Ea
1364 4243 1552 4302 agape
1584 4229 1742 4284 Phar-

149 4318 274 4370 muti
308 4319 429 4373 dies
459 4319 607 4387 apud
642 4318 864 4372 Latinos
921 4334 1034 4372 xiv.
1075 4320 1275 4387 Aprilis
1307 4321 1630 4388 respondet;
1685 4330 1743 4375 ut

150 4407 285 4462 enim
310 4409 369 4464 S.
406 4410 736 4463 Ambrosius
766 4409 924 4477 epist.
950 4412 1017 4461 ad
1047 4408 1331 4480 EpiscOpos
1353 4428 1441 4479 per
1467 4409 1741 4464 Emiliam

146 4496 426 4553 verissime
460 4498 659 4561 tradit,
710 4496 999 4564 Plturmuli,
1058 4500 1146 4568 qui
1176 4501 1368 4569 primus
1397 4501 1537 4569 apud
1564 4498 1738 4571 Αἰθυ-

144 4591 273 4655 ptios
304 4602 378 4646 est
408 4592 609 4645 mensis
636 4632 650 4654 ,
690 4591 875 4659 incipit
900 4608 975 4646 vr.
1004 4593 1265 4646 Calendas
1288 4594 1506 4661 Aprilis,
1540 4604 1593 4649 et
1624 4594 1741 4647 ﬁni-

68 4726 90 4757 Γ
142 4694 225 4736 tur
255 4700 351 4738 vn.
380 4683 667 4738 Calendas
700 4683 822 4737 Maii
866 4701 879 4738 :
910 4684 983 4738 Ea
1012 4700 1143 4738 vero
1170 4684 1257 4739 die
1286 4686 1482 4755 Aprilis
1506 4702 1613 4750 xlv,
1649 4702 1738 4741 an.

72 4758 81 4777 ’
138 4773 259 4839 ιοι,
293 4776 348 4829 in
382 4775 639 4828 Ecclesia
671 4774 911 4829 Romana
963 4774 1210 4843 paschale
1264 4775 1455 4830 festum
1501 4777 1741 4830 celebra-

140 4874 246 4917 tum
276 4877 389 4929 est,
414 4864 597 4931 Cyclo
615 4864 753 4921 Solis
780 4881 929 4920 xvrtt.
955 4865 1122 4920 Luna:
1147 4881 1225 4920 ιιι.
1259 4866 1339 4921 lit.
1368 4867 1431 4931 F,
1462 4868 1601 4936 quod
1624 4876 1742 4937 post

136 4953 342 5007 Norisi';
388 4965 715 5022 argumenta
758 4955 809 5008 in
859 4955 1077 5010 dubium
1143 4972 1395 5011 revocare
1426 4974 1530 5011 non
1562 4958 1736 5012 liceat.

134 5043 531 5113 Quamobrem
563 5042 867 5111 Martianmi,
914 5046 1253 5116 aliorumque
1307 5047 1581 5101 Editornm
1603 5089 1618 5113 ,
1651 5049 1737 5117 qui

136 5138 327 5190 harum
391 5131 765 5201 epistolarum
811 5135 1050 5191 ordinem
1129 5136 1435 5201 invertunt,
1516 5152 1740 5205 eamque

137 5227 301 5294 priori
332 5226 467 5280 loco
497 5230 751 5286 censent,
797 5238 913 5291 qua:
952 5226 1073 5280 anni
1119 5227 1444 5295 insequentis
1472 5226 1575 5279 402
1595 5267 1609 5289 ,
1641 5242 1737 5294 pa-

138 5316 374 5370 schalem
412 5314 644 5385 cyclum
695 5311 1000 5375 denuntiat.
1035 5315 1190 5367 nobis
1235 5329 1385 5368 error
1415 5313 1511 5366 fui;
1558 5330 1741 5367 emcn-

138 5403 362 5470 dandus,
389 5419 565 5476 quem
589 5412 642 5455 et
671 5402 949 5483 paschales
965 5404 1323 5465 characteres,
1345 5404 1433 5472 qui
1454 5404 1739 5457 certissimi

139 5510 397 5551 annorum
456 5496 677 5550 indices
727 5502 874 5558 sunt,
929 5504 983 5547 et
1036 5494 1443 5548 Mediolanensis
1474 5494 1571 5547 Ms.
1599 5495 1740 5547 unde

142 5588 323 5644 inedita
370 5588 724 5657 origeniante
768 5597 945 5637 causa:
976 5596 1319 5661 monumenta
1365 5584 1586 5636 mutuati
1646 5597 1738 5634 su-

146 5696 263 5748 mus,
291 5678 551 5751 apprime
582 5680 803 5731 cavent.
858 5672 997 5728 Nihil
1024 5688 1151 5731 vero
1181 5673 1403 5729 dubium
1454 5680 1555 5738 est,
1592 5672 1729 5725 hanc

1849 3688 1916 3743 ab
1976 3687 2298 3758 Hieronymo
2325 3686 2425 3739 hoc
2466 3687 2580 3753 ipso
2605 3700 2746 3739 anno
2775 3685 2976 3740 Latinis
3005 3689 3221 3744 auribus
3256 3689 3420 3745 fuisse

1848 3777 2123 3841 donatam,
2146 3767 2283 3845 quod
2304 3790 2367 3830 ex
2395 3776 2553 3828 tertio
2581 3775 2820 3840 ejusdem
2849 3776 2900 3827 in
2936 3775 3207 3829 Bullinum
3250 3778 3387 3831 libro
3410 3821 3423 3842 ,

1849 3869 1935 3923 ubi
1965 3884 2082 3922 eam
2104 3867 2388 3936 Synodicm
2418 3865 2845 3933 interpretationi
2875 3866 3164 3932 subnectit,
3198 3869 3422 3936 aliisque

1852 3960 2047 4028 passim
2082 3958 2400 4011 testimoniis
2430 3957 2585 4024 plane
2611 3965 2947 4023 compertum
2978 3965 3080 4009 est.

1918 4046 2103 4101 XCVII
2132 4056 2184 4099 et
2212 4045 2439 4101 XCVIII.
2468 4045 2688 4115 Scripta!
2712 4062 2799 4097 an.
2852 4044 2978 4099 402.
3004 4074 3073 4085 --
3094 4044 3261 4099 Simul
3304 4061 3425 4113 pro-

1847 4136 2077 4199 dit-runt,
2111 4144 2270 4204 atque
2318 4136 2543 4188 invicem
2581 4135 2781 4202 juncta:
2834 4146 2960 4187 sunt
2986 4135 3104 4187 dna:
3155 4135 3270 4187 isne
3312 4136 3423 4200 epi-

1848 4226 2041 4289 stolze,
2097 4240 2317 4292 quarum
2369 4226 2548 4291 priore
2600 4225 2865 4290 paschalis
2930 4225 3420 4292 interpretationem

1850 4313 2189 4371 Pammachio
2214 4328 2274 4366 ac
2298 4313 2559 4366 Marcella:
2594 4314 2857 4379 inscribit,
2889 4325 2947 4367 ut
2976 4329 3118 4367 anno
3151 4316 3419 4382 praeterito

1848 4406 2081 4461 fecerat:
2110 4404 2351 4471 Accipite,
2386 4404 2574 4473 inquit,
2624 4419 2861 4473 graecam,
2912 4414 2957 4456 et
3007 4404 3218 4457 latinam
3271 4406 3419 4457 etiam

1849 4497 1941 4549 hoc
1964 4511 2105 4549 anno
2146 4494 2430 4564 epistolam,
2480 4509 2541 4546 ne
2567 4510 2767 4547 rursum
2794 4494 3015 4549 hteretici
3057 4496 3363 4549 mentiantur
3388 4513 3418 4549 a

1848 4588 1991 4641 nobis
2032 4586 2272 4657 pleraque
2299 4586 2376 4640 vel
2404 4586 2601 4651 addita,
2630 4585 2708 4639 vel
2744 4596 2966 4653 mutata;
2993 4596 3046 4641 et
3073 4588 3231 4656 paulo
3260 4587 3418 4651 infra,

1850 4676 2046 4747 Siquid
2058 4686 2225 4729 autem
2254 4677 2335 4729 llic
2362 4677 2528 4728 minus
2555 4677 2793 4729 adversus
2818 4677 3085 4747 Origenem
3103 4679 3295 4731 dictum
3326 4690 3419 4741 est,

1846 4767 1897 4819 in
1925 4767 2164 4835 prtcteriti
2187 4768 2309 4819 anni
2334 4766 2546 4835 epistola
2574 4767 2876 4820 continetur.
2906 4769 3048 4822 Satis
3081 4783 3207 4823 vero
3237 4768 3415 4821 elucet

1846 4857 2086 4925 epistola:
2124 4868 2275 4923 mtas,
2306 4872 2424 4911 cum
2458 4856 2670 4911 Beatum
2715 4859 3042 4914 Anastasium
3083 4860 3283 4929 Papam
3313 4859 3421 4912 Ita:-

1849 4950 2027 5003 rcticos
2060 4950 2294 5019 persequi
2320 4950 2470 5015 dicit,
2498 4950 2654 5018 eique
2685 4951 2878 5003 multos
2905 4952 3213 5019 imprecatur
3232 4965 3414 5008 annos.

1848 5049 1897 5091 ut
1923 5042 2171 5093 Ita'reseas
2195 5040 2415 5092 rediviva
2442 5039 2698 5106 plantaria
2726 5055 2814 5107 per
2842 5039 2980 5091 illius
3023 5036 3245 5090 studium
3273 5038 3421 5107 longo

1851 5141 2074 5203 tempore
2099 5130 2327 5197 arefacta
2354 5129 2657 5181 moriantur.
2691 5128 2899 5180 Etenim
2928 5125 3194 5179 Anastasii
3220 5128 3412 5186 obitus.

1846 5231 1907 5275 ut
1938 5224 2113 5275 serius
2134 5218 2371 5289 protrahi
2401 5219 2588 5285 possit,
2617 5218 2738 5269 huic
2759 5231 2899 5269 anno
2925 5217 3049 5271 402.
3083 5219 3279 5284 Aprilis
3324 5218 3417 5281 27,

1845 5307 2243 5377 oonsignandns
2274 5315 2374 5368 est,
2431 5304 2570 5371 quod
2600 5304 2871 5373 PrOSperi,
2904 5314 2957 5359 et
2996 5305 3292 5359 Marcellini
3320 5306 3414 5362 Cn-

1847 5400 1990 5453 mitis
2035 5395 2314 5456 chronica,
2350 5402 2459 5445 tum
2506 5400 2686 5445 vetera
2736 5393 2989 5463 pleraque
3039 5395 3419 5467 Martyrologia

1847 5496 2128 5543 testantur.
2158 5481 2308 5547 Quod
2335 5490 2512 5532 autem
2552 5482 2715 5550 primo
2742 5499 2851 5538 vere
2895 5485 3256 5540 alexandrinas
3278 5505 3418 5556 apes,

1846 5594 2038 5649 nempe
2080 5573 2364 5643 TheOphili
2415 5573 2637 5630 alteram
2668 5578 2969 5647 paschalem
3001 5596 3061 5637 se
3090 5581 3218 5635 dicit
3245 5589 3420 5636 trans-

1846 5673 2090 5737 mittere;
2126 5680 2231 5722 non
2268 5663 2332 5719 de
2382 5664 2482 5718 alia
2530 5667 2760 5735 paschali
2806 5671 2948 5739 loqui
2997 5679 3208 5727 constat
3256 5686 3413 5739 quam
