4048 6192
592 372 806 430 LXXIX

594 487 850 549 subnexa,
882 496 1002 552 quae
1050 478 1319 541 nimirum,
1362 480 1420 526 ut
1470 469 1823 540 Hieronymus
1879 471 2061 524 notat.
2097 461 2150 515 in

595 587 822 649 quatuor
845 583 1022 644 partes
1055 567 1330 631 dividitur,
1363 577 1591 633 quarum
1617 560 1790 631 prima
1822 556 2007 649 ﬁdeles
2032 554 2163 649 hor-

598 646 739 721 tatur
769 665 833 719 ad
864 660 1132 733 paschalia
1164 657 1302 712 festa
1330 653 1670 710 sanctissime
1706 646 2051 711 celebranda,
2082 647 2163 700 al-

599 767 709 811 tera
733 751 1034 821 Apollinarii
1059 748 1356 817 discipulos,
1380 745 1535 800 tertia
1559 744 1841 812 Origeuem
1871 740 2164 809 impugnat,

597 860 661 898 ac
688 842 899 897 tandem
927 840 1193 895 hmreticis
1214 838 1278 893 ad
1299 834 1663 907 paenitentiam
1686 830 1941 891 invitatis.
1969 827 2169 883 Pascha

603 932 880 997 undecima
907 931 994 986 die
1023 930 1223 984 mensis
1247 927 1521 983 Pharmuti
1551 924 1864 980 denuntiat:
1892 920 2033 991 quod
2074 935 2169 989 pe-

604 1020 755 1077 rinde
784 1029 867 1077 est
890 1019 1116 1084 Latinis,
1146 1033 1208 1073 ac
1232 1017 1344 1071 vni.
1373 1016 1494 1070 Idus
1522 1015 1722 1083 Aprilis
1746 1029 1760 1078 ;
1792 1027 1894 1081 qua
1917 1025 2045 1065 sane
2062 1009 2169 1075 die,

604 1124 693 1164 an.
723 1108 851 1176 402,
879 1109 1032 1179 eyclo
1053 1108 1194 1162 Solis
1240 1121 1351 1160 six.
1377 1103 1543 1158 Lunae
1574 1118 1647 1157 IV.
1676 1102 1756 1156 lit.
1789 1102 1832 1155 E
1864 1101 1916 1155 in
1949 1112 2170 1154 romana

601 1199 840 1255 Ecclesia
869 1197 1197 1253 Dominicum
1219 1194 1420 1250 Pascha
1449 1200 1719 1262 peractum
1752 1200 1855 1245 est.

674 1288 843 1344 XCIX
879 1298 934 1343 et
975 1287 1039 1344 C.
1081 1287 1301 1358 Scriptw
1326 1302 1412 1338 an.
1446 1283 1570 1338 404.
1597 1311 1669 1323 -
1696 1281 1825 1335 Hcic
1873 1278 2039 1334 semel
2069 1318 2084 1341 ,
2116 1285 2176 1331 ut

600 1380 878 1451 paschales
924 1380 1184 1449 epistolae,
1214 1392 1333 1449 qua:
1360 1374 1601 1446 ejusdem
1649 1370 1950 1442 argumenti
2005 1378 2168 1438 atque

608 1471 842 1525 auctoris
872 1478 1019 1536 sunt,
1073 1468 1176 1523 sibi
1211 1467 1463 1522 continuo
1520 1462 1827 1525 succedant,
1877 1469 2175 1527 temporum

606 1562 848 1617 ordinem
879 1561 1264 1616 autevertimus
1289 1576 1304 1612 :
1332 1572 1452 1627 quae
1472 1555 1613 1609 enim
1635 1560 1929 1622 sequuntur
1967 1550 2086 1604 dua:
2111 1547 2179 1602 ad

602 1668 798 1708 annum
823 1652 1092 1722 pertinent
1113 1650 1241 1715 404,
1262 1658 1378 1718 post
1399 1646 1455 1702 S.
1487 1646 1665 1700 Paula:
1686 1644 1910 1704 obitum,
1932 1641 2021 1711 qui
2048 1639 2172 1708 ejus

609 1742 735 1796 anni
764 1757 860 1795 vn.
888 1740 1150 1795 Calendas
1195 1736 1491 1792 februarias
1519 1733 1765 1802 contigit.
1792 1731 1946 1794 Nam,
1970 1731 2061 1794 ita,
2096 1729 2180 1782 in-

607 1832 723 1901 quit
748 1830 1105 1901 Hieronymus
1134 1830 1187 1884 in
1216 1828 1394 1899 priore
1410 1826 1475 1881 ad
1496 1824 1851 1894 Theophilum
1872 1839 1928 1877 n.
1958 1821 2012 1875 2.
2040 1820 2180 1875 San-

608 1929 703 1975 cta!
722 1936 783 1973 ac
808 1920 1104 1974 venerabilis
1141 1917 1325 1972 Paulae
1343 1919 1602 1987 confectus
1626 1931 1738 1969 sum
1763 1914 2083 1979 dormitione,
2103 1921 2180 1975 ut,

612 2011 794 2079 absque
835 2009 1162 2064 translatione
1204 2009 1356 2079 hujus
1400 2006 1542 2061 Libri
1568 2005 1713 2075 (puta
1741 2003 2046 2073 paschalcm
2072 2001 2184 2071 epi-

611 2096 827 2168 stolam)
843 2114 997 2168 usque
1019 2099 1071 2151 in
1099 2098 1482 2168 praesentiarum
1507 2096 1637 2149 nihil
1655 2093 1800 2148 aliud
1825 2093 1981 2146 divini
2002 2091 2184 2161 Operi:

606 2190 912 2258 scripserim.
944 2189 1466 2244 Prodieruntautcm
1492 2187 1652 2242 simul
1682 2202 1808 2252 una,
1846 2195 1956 2243 tum
1997 2186 2087 2240 illa
2117 2186 2183 2241 ad

610 2279 1111 2350 Theophilum,qna
1135 2280 1203 2334 ad
1242 2294 1362 2334 eum
1399 2278 2184 2347 Paschalisinterpretationem

623 2369 841 2434 direxit,
879 2370 1068 2440 suique
1095 2371 1147 2424 in
1183 2386 1250 2427 eo
1277 2386 1439 2440 opere
1462 2370 1665 2424 Latinis
1694 2371 1910 2426 auribus
1932 2371 2183 2427 donando

617 2458 818 2514 laboris
853 2461 1118 2515 rationem
1149 2461 1353 2527 reddit;
1382 2473 1491 2517 tum
1515 2464 1636 2535 ipsa
1664 2462 2011 2519 Alexandrini
2037 2463 2181 2519 Pon-

615 2547 774 2602 tiﬁcis
828 2548 1094 2620 paschalis
1141 2551 1366 2620 epistola
1400 2591 1414 2618 ,
1454 2568 1612 2623 quam
1656 2555 1820 2609 latine
1867 2553 2186 2624 eXplicatam

614 2637 771 2691 simul
796 2641 865 2694 ad
890 2639 1140 2695 eumdem
1169 2642 1335 2707 misit,
1383 2656 1446 2697 ac
1489 2643 1756 2711 prioribus
1784 2644 1977 2699 litteris
2022 2658 2189 2713 copu-

615 2728 762 2782 lavit.
787 2728 858 2785 Ut
876 2744 1004 2785 vero
1021 2731 1164 2785 nulla
1187 2732 1254 2786 de
1278 2733 1621 2802 cpistolarum
1646 2743 1802 2789 aetate
1816 2735 2076 2790 dubitatio
2096 2736 2183 2800 sit,

615 2834 736 2887 quae
763 2820 918 2890 plane
947 2822 1260 2893 intelligitur
1286 2838 1355 2879 ex
1390 2823 1573 2880 Paula:
1601 2825 1786 2891 obitu;
1818 2825 1871 2879 id
1917 2826 2089 2894 ipsum
2120 2840 2187 2880 ex

615 2910 852 2977 paschali
875 2911 1186 2981 charactere
1208 2914 1410 2970 certius
1446 2915 1734 2971 constabit.
1762 2914 2016 2971 Indicitur
2042 2916 2185 2971 enim

618 2999 820 3056 Pascha
846 3002 1101 3072 vigesima
1132 3005 1369 3060 secunda
1415 3005 1503 3060 die
1529 3006 1729 3061 mensis
1754 3007 2048 3071 Pharmuti,
2087 3006 2188 3063 hoc

619 3100 704 3147 est
730 3091 868 3162 apud
896 3092 1167 3150 Romanos
1190 3095 1398 3151 decima
1423 3096 1654 3165 septima
1685 3097 1906 3165 Aprilis,
1930 3112 2032 3166 qua
2060 3112 2190 3152 sane

615 3181 724 3248 die,
766 3182 978 3239 Norisio
1019 3194 1205 3241 nostro
1249 3195 1562 3253 annotante,
1594 3201 1739 3241 anno
1767 3187 2032 3242 bissextili
2058 3188 2184 3242 404.

623 3272 828 3329 Pascha
864 3276 1195 3331 celebratum
1242 3276 1373 3344 fuit,
1424 3277 1576 3347 cyclo
1613 3276 1756 3332 Solis
1783 3292 1891 3331 xxi.
1922 3276 2089 3332 Luna:
2116 3292 2187 3330 v1.

623 3364 704 3418 lit.
733 3362 795 3418 ϐ.
822 3364 883 3417 Β.
1350 3402 1355 3409 .

693 3452 757 3509 CI
802 3464 858 3510 et
904 3454 1013 3509 CII.
1046 3455 1265 3525 εει-ἔρια
1297 3457 1419 3511 circ.
1465 3472 1553 3513 an.
1591 3457 1712 3513 402.
1745 3488 1818 3499 —
1861 3459 2190 3516 Benedictini

619 3542 862 3600 Monaehi
911 3545 1104 3616 quibus
1154 3556 1425 3615 acceptam
1473 3549 1756 3606 referimus
1799 3549 1859 3606 S.
1907 3555 2190 3622 Augustini

625 3635 936 3703 editionem,
985 3638 1083 3693 bas
1109 3638 1243 3693 duas
1285 3640 1537 3709 epistolas
1582 3642 1634 3696 in
1673 3656 1869 3697 annum
1914 3646 2194 3701 conferunt

621 3725 749 3793 402,
781 3726 860 3782 his
877 3728 1021 3784 ducti
1042 3730 1384 3800 conjecturis,
1407 3732 1546 3802 quod
1570 3733 1817 3787 nimirum
1845 3734 2058 3803 scriptae
2087 3737 2191 3791 sint

623 3826 743 3887 post
770 3816 1064 3874 Pauliniani
1108 3835 1408 3892 regressum
1437 3837 1505 3877 ex
1532 3823 1818 3878 Occidente
1848 3825 1902 3879 in
1947 3825 2190 3880 Palaesti-

624 3922 783 3974 nam;
816 3910 1241 3981 quandoquidem
1272 3913 1596 3982 Augustinus
1646 3915 1819 3983 ipsum
1866 3915 2083 3979 salutat,
2113 3918 2193 3970 vi-

624 3997 913 4068 cissimque
930 3999 998 4054 ab
1028 4000 1141 4069 ipso
1166 4016 1260 4070 per
1276 4000 1656 4074 Hieronymum
1687 4005 1967 4060 salutatur.
1997 4006 2188 4071 Porro,

625 4087 908 4157 inquiunt,
946 4089 1137 4144 missus
1180 4090 1519 4148 Paulinianus
1547 4110 1576 4148 a
1603 4094 1763 4151 fratre
1807 4111 1905 4151 suo
1932 4097 2195 4169 Hierony-

627 4190 717 4230 mo
743 4175 794 4230 in
818 4175 1161 4234 Occidentem
1196 4195 1338 4235 anno
1366 4181 1492 4249 598,
1524 4194 1581 4237 ut
1610 4200 1765 4239 suum
1792 4200 2077 4242 commune
2098 4203 2193 4258 pa-

630 4266 941 4322 trimonium
971 4267 1305 4337 divenderet,
1335 4271 1402 4326 de
1425 4288 1533 4343 quo
1558 4273 1918 4347 Hieronymus
1950 4277 2001 4331 in
2032 4279 2191 4346 epist.

629 4357 721 4423 56,
753 4357 819 4412 ad
844 4358 1265 4426 Pammachium,
1297 4378 1403 4417 non
1436 4364 1593 4419 rediit
1620 4364 1917 4430 Bethleem,
1969 4366 2070 4420 nisi
2096 4367 2197 4420 sub

630 4445 789 4501 ﬁnem
838 4449 963 4501 anni
995 4450 1115 4504 ιοι.
1173 4451 1439 4507 Praeterea
1495 4453 1851 4525 Hieronymus
1896 4456 2196 4524 Augustino

633 4551 775 4591 nunc
803 4540 1113 4594 transmittit
1134 4541 1441 4612 Apologiam
1464 4559 1614 4599 suam
1631 4545 1886 4601 adversus
1904 4546 2194 4612 Bullinum,

632 4643 728 4684 seu
785 4629 1030 4698 primam,
1080 4644 1177 4685 seu
1206 4633 1535 4699 secundam;
1583 4635 1736 4704 cujus
1766 4639 1924 4694 verba
1954 4640 2197 4709 quaedam

629 4718 835 4790 profert
858 4720 1185 4790 Augustinus
1212 4722 1265 4791 in
1317 4725 1474 4792 epist.
1520 4724 1747 4792 CLXVI,
1779 4742 1872 4782 nu.
1923 4730 2008 4784 15.
2040 4728 2198 4785 Certe

626 4812 733 4882 jam
756 4812 825 4868 ad
850 4812 1235 4884 Hieronymum
1267 4813 1546 4868 Maledicta
1576 4833 1670 4870 sua
1697 4818 1897 4871 miserat
1924 4819 2192 4885 Bullinus,

632 4904 706 4958 uti
729 4904 923 4960 dicitur
947 4905 1000 4960 in
1028 4904 1127 4960 hac
1166 4906 1323 4976 epist.
1359 4923 1505 4962 num.
1533 4908 1621 4973 30,
1653 4909 1799 4980 quod
1828 4911 2046 4981 quidem
2075 4914 2199 4970 fecit

633 4994 721 5050 ille
747 5006 865 5066 post
892 4997 1205 5067 Apologiam
1234 4998 1490 5070 priorem,
1520 5001 1702 5072 sicque
1729 5004 2068 5059 occasionem
2103 5021 2196 5074 po-

629 5088 843 5143 steriori
894 5089 1135 5160 prmbuit,
1169 5099 1225 5145 ut
1278 5106 1344 5145 ex
1374 5090 1561 5146 eadem
1594 5094 1896 5162 posteriore
1941 5096 2197 5166 Apologia

637 5189 800 5248 patet,
830 5196 949 5251 quin
975 5183 1227 5253 Apologia
1257 5184 1487 5252 pertinet
1514 5182 1579 5237 ad
1606 5199 1694 5237 an.
1718 5184 1843 5239 402.
1869 5185 1995 5240 Haec
2021 5185 2197 5241 Bene-

632 5271 953 5326 dictinorum
979 5282 1103 5327 sunt
1126 5283 1463 5345 argumenta,
1489 5276 1682 5345 quibus
1728 5286 1783 5330 ut
1808 5276 1943 5330 nihil
1970 5292 2200 5346 repona-

635 5375 775 5425 mus,
803 5376 866 5415 ea
895 5370 1068 5417 tamen
1098 5378 1215 5433 qua:
1237 5364 1305 5419 de
1335 5367 1542 5419 Asterie
1582 5367 1697 5435 ejus
1748 5367 1991 5437 epistolas
2024 5368 2200 5437 perla-

639 5461 756 5506 tore
800 5449 1072 5517 subdunt,
1120 5468 1343 5524 qumque
1399 5454 1522 5510 inde
1568 5457 1898 5526 conjectant.
1946 5457 2065 5512 Iieic
2093 5457 2198 5511 loci

637 5540 956 5602 omittimus,
1009 5541 1147 5607 quod
1199 5543 1304 5596 alio
1353 5557 1536 5607 sensu,
1568 5554 1729 5612 atque
1757 5545 1945 5601 ordine
1992 5546 2198 5601 consti-
2258 5614 2263 5621 .

641 5629 836 5685 tuenda
859 5642 1192 5696 censeamus,
1217 5641 1377 5704 atque
1398 5634 1732 5701 explicanda.

703 5720 839 5779 CIII.
874 5718 1082 5789 Scripta
1105 5737 1189 5775 an.
1233 5721 1362 5779 I05.
1392 5751 1463 5763 —
1489 5723 1656 5794 Hanc,
1694 5732 1756 5784 ut
1802 5741 1961 5797 supra
1986 5726 2199 5784 monui-

2008 346 2393 406 PR/EFATIO.

3650 351 3836 409 LXXX

2271 476 2410 528 mus,
2443 461 2752 535 Hieronymi
2783 463 2849 518 ad
2880 463 3232 534 Augustinum
3287 466 3567 535 epistolam
3604 467 3835 526 Benedi-

2270 552 2395 605 ctini
2422 561 2545 607 ante
2574 568 2667 608 sex
2690 568 2858 612 annos
2879 554 3055 609 datam
3082 564 3288 625 putant,
3316 571 3509 625 nempe
3530 556 3657 624 597,
3688 558 3837 628 cujus

2271 644 2549 697 sementim
2581 644 2766 699 isthmc
2812 645 3040 700 aﬂ'erunt
3079 655 3412 714 argumenta.
3443 648 3713 702 Asterium
3747 650 3842 720 hy-

2275 735 2648 804 podiaconum,
2674 739 2761 807 qui
2790 738 3085 807 superioris
3110 738 3419 809 Hieronymi
3446 739 3691 807 epistola:
3722 755 3843 808 por-

2278 826 2401 879 titor
2422 825 2601 891 fuerit,
2630 839 2790 897 atque
2818 828 2869 881 in
2905 828 3003 882 hac
3034 828 3147 897 ipsa
3186 827 3369 881 statim
3400 828 3553 882 initio
3578 829 3840 895 laudatur,

2274 917 2359 973 bis
2385 920 2568 973 volunt
2595 935 2660 975 ex
2690 918 2908 975 Oriente
2950 919 3006 974 in
3054 919 3308 985 Africam,
3361 929 3416 975 et
3465 936 3496 976 e
3539 932 3726 975 contra
3772 938 3834 976 ex

2274 1009 2454 1064 Africa
2507 1011 2558 1064 in
2605 1012 2877 1066 Orientem
2922 1012 3243 1080 navigasse;
3275 1010 3472 1081 quippe
3518 1012 3798 1080 epistolam
3826 1053 3841 1077 ,

2264 1114 2432 1168 quam
2464 1098 2549 1153 hic
2597 1099 2952 1170 Hieronymus
3007 1100 3248 1154 recolita
3293 1115 3354 1156 se
3404 1116 3544 1155 anno
3586 1102 3845 1169 superiori

2194 1200 2212 1215 "
2277 1190 2450 1245 eidem
2478 1192 2687 1245 Asterio
2715 1192 3163 1255 commendatam,
3200 1193 3252 1245 in
3281 1207 3382 1260 qua
3412 1202 3695 1263 promptum
3724 1193 3837 1246 red-

2276 1280 2415 1334 deret
2442 1281 2760 1336 salutationis
2786 1282 3019 1351 oﬂicium,
3048 1282 3266 1337 minime
3292 1282 3469 1337 induci
3515 1292 3761 1351 possunt,
3785 1290 3841 1337 ut

2278 1371 2498 1424 credant
2527 1386 2644 1425 eam
2695 1372 2862 1441 ipsam
2891 1387 3032 1437 esse,
3060 1388 3218 1441 quam
3270 1372 3427 1426 modo
3473 1371 3843 1441 expendimus,

2279 1471 2334 1517 et
2357 1462 2508 1532 cujus
2538 1464 2743 1517 initium
2775 1472 2877 1527 est,
2903 1464 2967 1517 In
2992 1464 3103 1532 ipso
3136 1465 3462 1535 profectionis
3486 1465 3700 1518 articulo
3724 1481 3847 1518 san-

2280 1552 2348 1605 cti
2371 1553 2464 1619 ﬁlii
2478 1554 2636 1605 nostri
2656 1553 2836 1606 Asterii
2859 1552 3234 1623 Hypodiaconi.
3286 1554 3571 1620 Prmterea,
3596 1570 3715 1607 cum
3736 1554 3850 1609 beic

2281 1643 2545 1711 signiticet
2572 1643 2930 1715 Hieronymus
2958 1661 3017 1699 se
3044 1645 3096 1698 in
3120 1649 3450 1700 monasterio
3478 1648 3842 1711 constitutum,

2283 1731 2628 1787 nihilominus
2656 1737 2807 1788 uariis
2835 1735 2950 1788 hinc
2975 1736 3093 1789 inde
3122 1736 3363 1805 ﬂuctibus
3388 1739 3551 1806 quati,
3580 1747 3699 1806 post
3740 1754 3837 1793 an-

2284 1836 2408 1874 num
2437 1820 2563 1885 597,
2593 1822 2707 1876 hinc
2732 1823 2891 1877 scribi
2924 1825 3163 1892 potuisse
3189 1840 3295 1878 non
3331 1835 3536 1893 putant,
3564 1828 3659 1880 sed
3700 1835 3847 1883 ante-

2283 1926 2439 1980 quam
2470 1911 2557 1965 ille
2600 1925 2722 1965 cum
2766 1911 2970 1969 Joanne
3012 1913 3456 1985 Jcrosolymitano
3497 1917 3748 1973 rediisset
3800 1919 3851 1974 in

2283 2002 2541 2071 gratiam:
2572 2003 2718 2073 quod
2750 2005 2966 2059 minime
2987 2005 3210 2075 legerint
3244 2006 3416 2076 ipsum
3442 2008 3510 2061 ab
3540 2009 3628 2061 illa
3660 2024 3850 2065 recon—

2284 2091 2553 2146 ciliatione
2612 2108 2779 2163 usque
2823 2094 2889 2149 ad
2944 2098 3343 2165 persecutiones
3413 2100 3467 2153 in
3536 2100 3785 2154 eumdem
3824 2116 3852 2154 a

2285 2179 2585 2250 Pelagianis
2624 2183 2936 2251 concitatas,
2993 2188 3329 2266 occasionem
3379 2189 3449 2243 ita
3495 2191 3854 2260 conquerendi

2285 2271 2559 2334 habuisse.
2582 2274 2812 2329 Proinde
2838 2275 2988 2342 istas,
3010 2277 3077 2331 de
3098 2278 3291 2347 quibus
3311 2279 3515 2347 agimus
3550 2279 3855 2351 Hieronymi

2284 2362 2509 2427 litteras,
2541 2380 2671 2434 quas
2711 2366 2894 2420 tertias
2919 2382 3123 2439 earum,
3175 2385 3293 2438 qua:
3323 2370 3617 2438 Augustino
3663 2372 3857 2425 inscri-

2287 2452 2505 2521 buntur,
2534 2470 2631 2510 nos
2653 2456 2921 2525 ducimus,
2946 2459 3020 2512 illi
3050 2461 3311 2514 secundas
3332 2459 3562 2516 laciuut:
3588 2462 3655 2517 de
3674 2463 3858 2531 primis

2287 2544 2452 2607 enim,
2502 2559 2620 2612 qua:
2665 2546 3074 2613 interciderunt,
3104 2559 3159 2604 et
3185 2552 3374 2619 quibus
3423 2554 3752 2623 Augustinus
3777 2570 3859 2611 re—

2287 2632 2501 2703 spondit
2528 2632 2701 2689 Habeo
2728 2638 2947 2706 gratiam
2990 2639 3127 2709 quod
3159 2682 3174 2706 ,
3207 2651 3337 2709 etc.,
3366 2642 3570 2698 nullum
3595 2644 3859 2717 utrimque

2289 2734 2370 2779 est
2398 2725 2635 2780 dubium.

2360 2819 2517 2888 Atqui
2549 2820 2601 2873 in
2625 2819 2809 2889 primis
2841 2823 2998 2891 plane
3026 2826 3447 2881 commentitinm
3474 2827 3687 2883 videtur
3708 2829 3862 2884 nobis

2292 2908 2421 2964 illud
2452 2912 2647 2966 Asterii
2681 2915 2962 2982 repetitum
3008 2916 3108 2972 iter
3141 2918 3191 2971 in
3222 2917 3494 2974 Orientem
3524 2935 3593 2975 ex
3634 2921 3814 2976 Africa
3844 2962 3859 2985 ,

2290 3001 2442 3071 cujus
2464 3018 2564 3058 nec
2591 3005 2709 3059 vola
2735 3014 2819 3060 est
2843 3048 2858 3072 ,
2907 3024 3006 3062 nec
3030 3010 3308 3080 vestigium
3336 3012 3387 3065 in
3418 3012 3747 3083 Hieronymi,
3774 3021 3864 3067 aut

2292 3093 2570 3161 Augustini
2596 3096 2980 3165 epi~tolis.imo
3005 3115 3104 3154 una
3136 3109 3338 3156 tantum
3392 3104 3508 3158 vice
3553 3115 3861 3174 susceptum

2293 3195 2358 3234 ex
2385 3181 2571 3238 iisdem
2599 3197 2682 3240 est
2711 3187 3013 3259 intelligere
3046 3208 3060 3247 :
3085 3192 3237 3259 Quod
3269 3203 3455 3262 suapte
3482 3195 3643 3249 etiam
3672 3206 3860 3251 natura

2290 3276 2750 3333 verosimillimum
2777 3290 2877 3336 est.
2914 3282 3113 3337 Deinde
3136 3323 3152 3348 ,
3179 3285 3318 3354 quod
3349 3295 3636 3355 promptum
3662 3287 3863 3340 saluta-

2293 3367 2443 3421 tionis
2473 3368 2688 3439 oﬁicium
2714 3371 2942 3440 appellet
2973 3373 3325 3443 Hieronymus
3352 3413 3367 3437 ,
3394 3377 3726 3443 superiorem
3757 3378 3868 3447 epi-

2292 3461 2485 3513 stolam
2512 3461 2646 3514 adeo
2673 3477 2779 3515 non
2831 3463 3179 3531 incongruum
3229 3478 3309 3518 εει
3340 3463 3610 3530 arbitrari,
3644 3478 3704 3521 ut
3759 3484 3862 3523 non

2292 3548 2411 3603 aliis
2427 3549 2600 3603 verbis
2623 3551 2751 3603 satis
2774 3552 3157 3604 convenienter
3177 3565 3291 3605 eam
3315 3553 3573 3620 patuisset
3591 3556 3860 3612 recolere:

2295 3638 2411 3693 hmo
2438 3638 2699 3708 siquidem
2730 3649 2784 3694 et
2813 3634 3026 3695 brevior
3046 3649 3147 3706 est,
3173 3651 3226 3695 et
3255 3640 3566 3713 Hieronymi
3590 3647 3865 3716 undequa-

2294 3743 2398 3796 que
2435 3743 2670 3783 amorem
2714 3730 2877 3799 spirat
2907 3730 2958 3783 in
2989 3730 3362 3799 Augustinum.
3422 3729 3550 3785 Vide
3574 3773 3589 3798 ,
3639 3734 3811 3804 inquit
3842 3776 3858 3801 ,

2293 3826 2539 3885 quantum
2567 3828 2614 3870 te
2633 3819 2861 3889 diligam,
2906 3828 2958 3872 ut
2987 3835 3049 3872 ne
3067 3831 3365 3890 provocatus
3392 3823 3635 3876 uoluerint
3657 3841 3871 3896 respon-

2295 3909 2431 3974 dere,
2464 3925 2552 3962 nec
2579 3910 2779 3962 credam
2804 3919 2945 3962 tuum
2980 3926 3107 3976 esse,
3131 3912 3265 3980 quod
3280 3912 3333 3965 in
3353 3912 3510 3966 altero
3539 3917 3671 3985 forte
3696 3932 3867 3984 repre-

2296 3998 2582 4071 henderem.
2627 3999 2754 4064 Sed,
2808 4000 2948 4070 quod
3000 4015 3207 4054 summa
3259 4004 3560 4071 argumenti
3587 4013 3692 4071 est,
3746 4005 3867 4060 ideo

2297 4070 2581 4158 promptam
2607 4090 2963 4144 salutationem
2992 4100 3169 4152 vocat,
3200 4070 3344 4161 quod
3373 4092 3559 4146 eodem
3610 4070 3868 4165 temporis

2296 4178 2519 4233 articulo
2537 4179 2659 4233 data
2680 4191 2782 4247 est,
2813 4195 2919 4250 quo
2945 4180 3044 4236 sibi
3087 4182 3306 4235 reddita:
3331 4192 3454 4237 sunt
3472 4182 3752 4254 Augustini
3787 4187 3870 4241 lit-

2279 4267 2448 4337 teras,
2482 4270 2547 4324 In
2575 4271 2708 4339 ipso,
2753 4271 2944 4340 inquit,
2972 4272 3296 4341 profectionis
3320 4273 3536 4327 articulo
3582 4277 3748 4329 sancti
3777 4277 3873 4345 filii

2299 4364 2459 4417 nostri
2484 4362 2670 4418 Astcrii
2698 4362 3057 4435 Hypodiaconi
3089 4364 3354 4418 necessarii
3385 4365 3502 4430 mei,
3534 4364 3872 4421 Beatitudinis

2301 4463 2400 4507 tuta
2424 4454 2609 4507 litterte
2636 4454 2703 4508 ad
2735 4471 2815 4507 me
2841 4463 3189 4524 pervenerunt.
3224 4453 3360 4509 Illud
3411 4471 3623 4526 quoque
3670 4459 3873 4526 Optime

2298 4543 2538 4614 quadrat,
2570 4546 2710 4616 quod
2741 4548 2817 4600 ait
2848 4547 2993 4601 Hier.
3028 4547 3183 4600 variis
3212 4548 3330 4600 hinc
3382 4548 3502 4602 inde
3530 4565 3584 4603 se
3631 4550 3873 4618 ﬂuctibus

2298 4637 2475 4705 quati;
2520 4645 2636 4690 erat
2681 4637 2823 4691 enim
2854 4635 3207 4707 Jerosolymis
3233 4652 3298 4691 eo
3326 4644 3587 4706 tempore,
3636 4639 3723 4691 cui
3778 4654 3874 4692 nos

2300 4728 2580 4794 epistolam
2607 4729 2985 4798 consignamus
3007 4769 3021 4793 ,
3053 4728 3248 4782 Ituflini
3277 4726 3437 4782 factio
3465 4745 3479 4781 :
3506 4738 3661 4783 erant
3687 4728 3874 4800 Orige-

2302 4816 2478 4883 nistte,
2504 4818 2593 4888 qui
2620 4817 3003 4889 Hieronymum
3052 4832 3155 4886 qua
3201 4818 3522 4887 maledictis,
3571 4833 3674 4887 qua
3721 4822 3870 4874 ealu-

2303 4910 2482 4974 mniis,
2525 4911 2754 4980 aliisque
2801 4908 3262 4979 persecutiouibus
3310 4911 3648 4981 impetereut,
3701 4921 3759 4965 et
3803 4914 3877 4966 sic

2301 5002 2660 5071 conquerendi
2690 5000 2748 5055 S.
2776 5002 2918 5055 Patri
2943 5001 3280 5056 occasionem
3306 5002 3513 5057 darent.
3532 5001 3687 5057 Nulla
3718 5005 3876 5074 igitur

2302 5106 2460 5146 causa
2509 5107 2630 5146 cum
2684 5091 2775 5155 sit,
2819 5107 2921 5159 qua
2971 5091 3076 5145 alio
3104 5102 3352 5164 torquere
3382 5094 3690 5166 Hieronymi
3719 5096 3877 5149 verba

2303 5181 2612 5246 debeamus,
2643 5194 2870 5249 eumque
2895 5182 3177 5249 ordinem,
3227 5199 3384 5253 quem
3427 5192 3617 5253 sponte
3646 5184 3884 5239 indicant

2304 5280 2633 5340 pervertere,
2664 5270 2800 5324 hanc
2837 5272 3119 5341 epistolam
3152 5275 3417 5341 superiori
3464 5275 3840 5331 subnectimus
3865 5315 3881 5338 ,

2304 5369 2463 5429 atque
2490 5375 2631 5415 anno
2659 5361 2956 5432 insequenti
2981 5364 3109 5429 405,
3143 5365 3445 5431 tribuimus,
3475 5366 3617 5435 quod
3669 5381 3700 5419 a
3728 5380 3787 5421 se
3817 5367 3885 5420 ab

2305 5464 2371 5506 co
2399 5458 2638 5519 tempore
2661 5450 2839 5507 datam
2871 5455 3044 5523 primo
3072 5454 3252 5508 statim
3280 5457 3442 5507 verbo
3471 5454 3808 5523 proﬁteatur.

2377 5542 2506 5598 CIV.
2537 5542 2744 5614 Scripta
2791 5545 2963 5598 eodem
3011 5562 3099 5597 an.
3131 5545 3255 5599 405.
3296 5572 3367 5583 -
3397 5543 3560 5607 Illud,
3603 5559 3672 5599 ex
3725 5543 3883 5614 hujus

2308 5635 2548 5706 epistola:
2570 5644 2680 5690 toto
2700 5645 2954 5692 contextu
2980 5635 3170 5705 liquet,
3202 5634 3506 5707 Hieronymi
3535 5635 3744 5690 litteras
3772 5647 3884 5691 tum

2314 5728 2441 5786 illas
2473 5727 2762 5798 superioris
2789 5727 2915 5784 anni
2945 5727 3159 5783 Asterie
3202 5723 3629 5787 commendatas.
3656 5733 3774 5783 tum
3802 5742 3864 5783 re
