4048 6192
191 309 395 365 LXXXI
430 304 435 310 ’

191 421 450 476 centiores
475 433 506 472 a
533 418 796 472 Praesidio
832 414 1170 477 deferendas.
1206 412 1441 466 nondum
1489 410 1708 478 Augusti
1731 436 1756 448 -

193 530 314 567 num
346 513 640 580 accepisse,
665 525 785 564 eum
812 517 1020 577 arrepta
1051 506 1334 560 occasione
1355 502 1602 573 Cypriani
1633 500 1760 552 Dia-

195 605 314 659 coni
360 611 751 672 peropportuna
778 641 792 662 ,
823 600 959 652 hanc
1005 599 1120 666 ejus
1159 597 1446 664 diligentiae
1473 635 1488 658 ,
1521 608 1584 646 ac
1634 591 1754 644 fidei

197 695 475 748 commisit.
500 693 729 760 Quippe,
764 691 1009 759 inquiunt
1032 687 1320 740 doctissimi
1371 685 1604 738 editores
1653 681 1752 734 Be-

196 784 463 842 nedictini,
514 783 581 835 de
614 783 754 834 illius
802 795 921 833 cum
973 777 1188 832 [infliuo
1239 774 1502 828 discordia
1558 772 1754 824 nullum

194 874 408 926 verbum
467 871 637 931 facit;
683 870 960 937 aperitque
1005 867 1165 920 etiam
1207 865 1289 917 hic
1324 864 1490 916 libere
1533 860 1656 930 quid
1688 859 1756 912 de

193 962 331 1014 illius
371 962 420 1013 in
450 961 601 1013 libris
627 960 834 1013 Veteris
855 956 1177 1011 Testamenti
1207 969 1268 1007 ex
1298 953 1521 1005 Ilebrzeo
1552 959 1760 1004 verten-

189 1051 267 1102 dis
294 1050 482 1102 labore
512 1049 730 1110 sentiat,
761 1047 1166 1116 haudquaquam
1203 1045 1252 1096 id
1283 1042 1520 1097 facturus
1548 1056 1650 1093 non
1674 1053 1758 1092 se-

184 1139 306 1193 dato
339 1142 392 1194 in
426 1141 618 1210 primis
660 1139 969 1208 Hieronymi
999 1138 1198 1200 animo,
1228 1136 1273 1188 si
1320 1149 1443 1188 eum
1495 1132 1760 1201 prioribus

183 1230 429 1294 epistolis
487 1233 600 1282 suis
629 1237 979 1290 commotum,
1006 1226 1370 1292 olTensumque
1415 1223 1576 1275 fuisse
1607 1221 1759 1274 intel-

181 1318 431 1371 lexisset.
463 1319 673 1372 Rursus
722 1327 829 1371 tres
877 1316 1033 1369 simul
1086 1317 1213 1368 alias
1241 1313 1508 1382 Epistolas
1537 1313 1760 1364 antehac

181 1409 418 1475 scriptas
443 1409 644 1475 jungit,
693 1421 913 1475 quarum
965 1405 1286 1473 posteriores
1337 1403 1514 1462 duas.
1572 1413 1761 1468 nempe

182 1495 372 1549 LXVII
406 1504 461 1548 ct
491 1497 551 1548 Gl
580 1496 721 1562 quod
745 1495 984 1548 crederet
1004 1495 1070 1546 ad
1104 1495 1483 1561 Hieronymum
1516 1505 1616 1543 non
1649 1505 1766 1556 pcr-

183 1587 420 1648 venisse,
480 1586 715 1652 priorem
750 1599 874 1638 vero
905 1584 1015 1637 LVI
1059 1583 1198 1651 quod
1245 1584 1464 1636 minime
1508 1582 1758 1649 perlatam

184 1677 346 1730 fuisse
373 1677 600 1730 Sciebat.
646 1675 777 1727 llinc
813 1689 972 1741 porro
991 1674 1272 1724 conficitur
1299 1687 1364 1723 ex
1394 1686 1572 1724 rerum
1599 1670 1756 1733 serie,

182 1783 342 1837 quam
373 1765 742 1834 exposuimus,
773 1765 840 1817 ad
869 1777 956 1815 an.
987 1763 1097 1816 403
1125 1763 1310 1829 ipsam,
1335 1760 1404 1814 dc
1433 1775 1532 1828 qua
1555 1759 1758 1827 agimus

183 1857 461 1926 epistolam
497 1855 782 1922 pertinere.

250 1945 369 1999 CV.
423 1943 634 2012 Scripta
681 1942 853 1994 eodem
882 1957 966 1992 an.
996 1939 1120 1993 405.
1150 1967 1219 1978 —
1249 1937 1554 2006 Respondet
1581 1937 1758 2005 Augu-

188 2037 309 2088 stini
358 2036 556 2088 litteris
579 2075 592 2097 ,
630 2049 733 2086 non
765 2032 830 2084 iis
855 2031 1070 2100 quidem
1100 2045 1192 2098 per
1216 2029 1535 2098 Cyprianum
1563 2027 1754 2089 allatis,

171 2125 274 2178 sed
307 2125 541 2185 duabus,
571 2139 689 2191 quae
713 2123 811 2173 sibi
840 2122 997 2190 paulo
1026 2131 1148 2172 ante
1177 2118 1402 2172 redditte
1429 2117 1655 2179 fuerant,
1677 2116 1758 2169 ni-

192 2216 382 2266 mirum
413 2212 601 2266 LXVII
630 2221 683 2264 ct
715 2211 777 2264 Cl
824 2219 879 2263 ut
923 2225 989 2265 ex
1039 2224 1188 2276 num.
1246 2209 1280 2261 4
1311 2208 1638 2275 intelligitur,
1669 2207 1757 2259 ubi

186 2304 431 2369 quaedam
489 2303 556 2356 de
582 2301 744 2354 verbo
773 2303 964 2368 repetit
1006 2314 1072 2352 ex
1100 2299 1284 2351 iisdem
1337 2297 1576 2365 epistolis
1605 2310 1762 2363 supe-

189 2395 320 2446 tiore
362 2406 514 2444 anno
564 2391 666 2443 sibi
711 2389 970 2450 directis;
1017 2389 1156 2441 unde
1211 2389 1325 2438 lucc
1375 2388 1485 2454 ipsa
1517 2385 1666 2438 facile
1694 2385 1758 2438 ad

188 2484 318 2536 hunc
356 2498 561 2535 annum
614 2482 720 2535 405
770 2479 982 2532 videtur
1029 2478 1329 2531 referenda.
1365 2477 1514 2540 Quod
1551 2490 1758 2528 rursum

189 2575 334 2628 facile
367 2573 659 2627 conficitur
690 2587 755 2626 ex
789 2586 938 2625 num.
965 2571 1018 2636 l,
1052 2569 1138 2623 ubi
1164 2567 1448 2637 Augustini
1480 2567 1757 2636 epistolam

189 2667 395 2730 LXVII,
426 2665 496 2719 de
527 2680 630 2734 qua
663 2664 782 2717 beic
803 2660 1124 2730 expostulat,
1155 2668 1277 2712 ante
1304 2659 1404 2712 hoc
1421 2657 1590 2712 ferme
1606 2660 1760 2728 quin-

187 2759 479 2829 quennium
509 2756 559 2810 in
591 2756 758 2808 insula
781 2753 955 2806 Adriae
981 2751 1108 2804 dicit
1130 2750 1394 2802 iuventam
1425 2749 1585 2800 luisse
1610 2763 1639 2801 a
1663 2748 1752 2803 Si-

189 2849 378 2909 sinuio,
411 2844 554 2914 quod
576 2858 672 2896 nos
699 2844 838 2895 circa
865 2856 952 2894 an.
972 2840 1076 2894 598
1101 2837 1431 2891 ostendimus
1448 2837 1753 2904 contigisse.

189 2937 406 2990 Addunt.
435 2936 630 3003 smpius
659 2933 852 2986 laudati
874 2931 1192 2985 Benedictini
1221 2930 1482 2993 Editorcs,
1516 2945 1546 2982 e
1568 2929 1759 2996 quibus

191 3025 298 3080 haec
324 3028 446 3080 fere
475 3037 684 3092 sumpta
711 3032 850 3086 sunt,
906 3021 1280 3089 lIierooymum
1312 3019 1504 3086 partim
1546 3017 1758 3085 quidem

187 3115 564 3185 superioribus
594 3112 837 3181 epistolis
864 3109 1206 3177 respondere,
1235 3108 1328 3161 sed
1361 3107 1550 3174 partim
1600 3105 1762 3158 etiam

191 3207 359 3270 alteri,
395 3220 525 3274 qua:
552 3206 772 3256 minime
791 3202 1074 3270 reperitur,
1104 3201 1277 3262 inqua
1310 3199 1561 3250 nimirum
1592 3199 1767 3263 Angu-

191 3301 353 3352 stinus
395 3294 738 3365 significabat
765 3293 1042 3361 epistolam
1073 3290 1380 3359 quamdam,
1413 3289 1498 3342 eui
1542 3301 1768 3355 re5p0n-

190 3405 300 3444 sum
341 3389 642 3458 ﬂagitabat,
677 3402 706 3439 a
737 3400 795 3440 se
822 3386 1046 3454 primum
1078 3383 1358 3436 Profuturo
1386 3379 1653 3445 traditam,
1685 3392 1769 3432 se-

192 3483 357 3537 cundo
383 3483 611 3536 missam
636 3479 798 3531 fuisse
819 3492 914 3545 per
939 3475 1218 3544 quemdam
1245 3473 1430 3537 alium,
1453 3472 1766 3540 atquehuuc

191 3575 337 3626 maris
366 3572 601 3625 timuisse
624 3568 939 3627 discrimina,
970 3575 1014 3618 et
1047 3564 1381 3633 navigationis
1407 3571 1626 3614 mutasse
1645 3577 1768 3614 con-

191 3663 371 3715 silium.
402 3661 550 3715 Tum
570 3657 823 3719 snbdtmt,
861 3655 998 3709 istud
1046 3663 1223 3707 tamen
1263 3653 1578 3720 rescriptum
1607 3666 1764 3704 suum

195 3754 578 3824 Hieronymum
610 3766 716 3804 non
750 3750 958 3803 misisse
981 3757 1102 3800 ante
1128 3745 1374 3816 Cypriani
1401 3744 1625 3798 reditum
1644 3785 1658 3808 ,
1679 3743 1768 3812 qui

191 3845 341 3898 simul
391 3854 445 3898 et
477 3843 633 3898 illius
659 3840 893 3908 perlator
922 3837 1019 3890 fuit
1042 3878 1056 3898 ,
1083 3836 1231 3904 juxta
1271 3834 1552 3902 epistolam
1585 3835 1767 3901 Augu-

192 3935 307 3986 stini
339 3935 458 3988 beic
488 3930 656 3985 CXVI
683 3945 830 3983 num.
863 3929 952 3992 30,
971 3935 1025 3980 et
1047 3925 1264 3980 alterius
1293 3924 1603 3994 Hieronymi
1629 3922 1767 3977 CXH

191 4028 395 4096 scripta:
424 4032 668 4080 eXettnte
695 4035 837 4074 anno
857 4021 980 4074 404.
1009 4018 1093 4072 vel
1117 4017 1310 4071 serius.

257 4116 385 4168 CVI.
416 4115 638 4182 Scripta
684 4115 811 4181 forte
847 4125 932 4161 an.
957 4108 1080 4162 405.
1109 4134 1182 4146 ——-
1217 4106 1423 4159 Eximia
1473 4104 1660 4158 isthaec
1697 4103 1763 4156 ad

194 4204 468 4271 Sunniam,
508 4214 560 4258 et
605 4203 868 4256 Fretelam
894 4199 1118 4268 epistola
1151 4199 1291 4250 inter
1328 4196 1444 4249 illas
1468 4195 1760 4264 computari

194 4296 341 4359 solet,
372 4309 612 4365 quarum
642 4302 772 4345 retas
824 4290 1000 4343 ntinus
1044 4297 1326 4355 comperta
1359 4293 1476 4350 est,
1533 4299 1596 4338 ac
1623 4294 1771 4338 certo

197 4385 418 4454 tempori
445 4399 558 4438 non
589 4381 894 4449 afﬁguntnr.
915 4379 1080 4433 Secus
1101 4377 1309 4430 videtur
1341 4375 1511 4438 nobis,
1539 4383 1593 4428 et
1621 4382 1772 4427 notas

193 4475 410 4530 minime
458 4477 719 4528 obscuras
751 4470 1018 4524 invenisse
1071 4467 1362 4526 credimus,
1391 4465 1581 4534 quibus
1626 4465 1770 4517 illam

195 4567 267 4636 (l)
300 4565 366 4619 ad
397 4578 606 4618 annum
635 4561 743 4615 405
769 4558 974 4613 referre
1003 4571 1103 4611 nec
1132 4554 1526 4609 incommodum
1554 4554 1641 4616 sit,
1673 4569 1771 4607 nec

193 4658 432 4712 .tilticile.
469 4654 610 4710 Illud
644 4654 872 4723 primum
920 4651 973 4703 in
1000 4648 1248 4704 confesso
1277 4656 1397 4712 est,
1432 4646 1572 4716 quod
1611 4646 1772 4714 probe

189 4749 346 4803 etiam
375 4755 628 4803 notatum
649 4754 732 4799 est
752 4743 1081 4806 Martiameo,
1108 4755 1371 4809 nunquam
1395 4738 1770 4807 Hieronymum

192 4837 679 4894 Iuculentissimam
709 4833 849 4886 hanc
878 4831 1155 4899 epistolam
1184 4828 1397 4882 silentio
1425 4825 1586 4880 fuisse
1635 4841 1775 4894 pra:-

188 4930 514 4989 teriturum,
544 4927 588 4978 si
615 4925 759 4977 illam
791 4932 900 4976 tum
929 4920 1180 4987 temporis
1207 4918 1569 4973 elucubrasset
1594 4956 1609 4980 ,
1652 4931 1771 4970 cum

187 5019 467 5073 adversus
498 5013 766 5066 Bullinum
794 5027 892 5081 pro
913 5026 972 5066 se
997 5011 1253 5065 scriberet
1277 5007 1610 5078 Apologiam.
1640 5006 1773 5060 Cum

187 5111 331 5163 enim
367 5105 427 5161 id
460 5104 704 5158 maxime
731 5118 825 5172 per
848 5104 1163 5158 calumniam
1206 5103 1462 5169 obiiceret
1499 5100 1776 5170 presbyter

189 5196 594 5270 Aquileiensis,
626 5196 678 5248 in
728 5193 1152 5263 suggillationem
1202 5192 1366 5246 LXX.
1420 5191 1773 5260 Interpretum

190 5302 504 5361 susceptam
549 5289 621 5344 ab
646 5289 970 5358 Hieronymo
997 5285 1340 5341 lnstrumenti
1377 5285 1572 5339 veteris
1601 5292 1779 5338 trans-

191 5383 446 5440 lationem
472 5423 488 5447 ,
527 5382 622 5434 vix
645 5380 791 5435 credi
815 5388 988 5448 potest
1013 5379 1391 5446 Hieronymus,
1416 5384 1472 5428 ut
1492 5373 1779 5427 adversarii

253 5496 322 5559 Il)
344 5494 715 5559 Videsishanc
735 5493 894 5554 ipsam
920 5489 1178 5559 epistolam
1202 5487 1392 5559 ετξ-ειεξιτ
1407 5482 1781 5559 cling-.3112

190 5546 371 5621 δι’(ιῖιο
394 5558 510 5608 low
533 5556 734 5621 videtur
750 5546 870 5621 ream
883 5546 1237 5621 praescripsisse
1257 5546 1788 5621 SLPater_anteqpam¢

188 5603 501 5670 eliciam—ve;
539 5603 719 5667 Graeco
742 5603 1124 5663 translationem.
1160 5611 1266 5670 sive
1290 5603 1681 5670 Gallicanagngut
1703 5615 1784 5651 vo-

191 5665 656 5740 lant—femet—Jdavret
675 5676 794 5727 vide
819 5679 873 5724 et.
895 5673 943 5722 in
965 5685 1077 5722 eum
1096 5669 1326 5722 Psalterii
1346 5667 1511 5719 locum
1536 5665 1702 5713 Notas.

1569 331 1574 334 -
1632 297 2011 354 PREFATiO.

3196 310 3434 372 LXXXII

1866 409 2180 469 calumniam
2223 411 2565 476 retunderet,
2601 414 2720 469 hinc
2763 416 2883 472 inde
2923 423 3160 491 exempla
3189 431 3428 484 emendi-

1868 513 1994 553 care
2024 501 2257 554 voluisse
2281 542 2295 566 ,
2328 511 2496 570 atque
2535 503 2674 557 hanc
2712 520 2867 560 unam
2896 511 3168 577 epistolam
3215 517 3426 572 silentio

1866 604 2127 656 premere,
2155 606 2254 660 qua
2285 594 2544 646 continuo
2571 593 2735 648 LXX.
2788 596 3105 666 lnterpretes
3152 604 3285 660 bene
3329 623 3422 660 au-

1863 680 2038 744 diunt,
2071 692 2125 735 et
2153 698 2253 750 qua
2277 686 2519 736 omnium
2552 685 3031 741 luculentissimum
3064 705 3154 758 pro
3180 710 3235 747 se
3278 700 3426 750 testi-

1865 772 2101 823 monium
2164 771 2433 826 adducere
2486 779 2767 842 potuisset.
2814 777 3060 832 Nondum
3115 783 3268 850 igitur
3307 802 3424 841 eam

1861 860 2213 915 adornaverat
2243 880 2256 916 :
2289 878 2410 930 qum
2435 865 2661 932 proinde
2713 879 2836 935 post
2863 871 3100 925 medium
3129 875 3252 928 anni
3282 878 3384 930 I09.
3408 919 3423 943 ,

1862 949 1946 1001 cui
1976 951 2238 1016 posterior
2267 952 2576 1022 Hieronymi
2606 957 2860 1024 Apologia
2887 961 3152 1027 tribuitur,
3185 974 3427 1020 statuen-

1862 1037 1928 1090 da
1979 1048 2082 1092 est.
2135 1041 2238 1094 Sed
2272 1056 2458 1095 rursus
2511 1053 2630 1111 post
2683 1047 3047 1115 insequentem
3101 1067 3297 1106 annum
3330 1057 3452 1109 I05

1865 1141 1970 1180 non
1997 1129 2208 1182 videtur
2229 1130 2520 1185 dill'crcnda
2547 1150 2561 1197 ;
2593 1136 2849 1202 siquidem
2881 1139 3016 1193 haud
3035 1143 3279 1207 fallimur,
3310 1161 3430 1200 cum

1867 1220 1920 1270 in
1954 1221 2111 1287 hujus
2136 1223 2258 1274 anni
2286 1225 2511 1290 cpistola
2559 1226 2696 1279 CVII
2745 1230 2811 1281 ad
2841 1228 3031 1283 Ltrtam
3081 1249 3199 1286 mox
3232 1237 3431 1291 subne-

1869 1310 2086 1374 ctenda,
2116 1327 2233 1364 eam
2266 1319 2551 1369 memorari
2584 1318 2738 1371 nobis
2765 1325 3140 1386 persuasimus.
3177 1327 3248 1379 Ibi
3299 1329 3424 1383 llic-

1869 1413 2126 1498 ronymus
2151 1417 2267 1470 quae
2305 1405 2607 1460 chriSIiana:
2632 1408 2888 1476 Religioni
2915 1422 3037 1466 tunc
3067 1419 3318 1486 temporis
3343 1436 3431 1474 ac-

1868 1490 2159 1575 cessissent
2187 1490 2512 1545 incrementa
2543 1510 2860 1552 enumerans
2891 1518 2902 1551 :
2936 1501 3009 1554 De
3038 1503 3213 1564 India.
3236 1509 3424 1575 inquit,

1868 1572 2098 1638 Perside,
2129 1575 2422 1644 rEt/tiOpia,
2457 1585 2816 1638 monachorum
2846 1591 3067 1655 quotidie
3091 1595 3259 1646 turbas
3285 1572 3434 1649 susci-

1863 1665 2066 1731 pimus:
2111 1667 2344 1736 deposuit
2393 1669 2657 1737 pharetras
2684 1676 2971 1742 Armenius,
3003 1680 3209 1736 IIUNNI
3239 1685 3432 1740 PSAL-

1861 1753 2120 1809 TERIUM
2167 1759 2383 1819 discunt,
2415 1769 2544 1825 etc.,
2579 1766 2768 1832 quibus
2801 1772 3079 1833 p0stremis
3120 1775 3292 1828 verbis
3323 1792 3427 1830 non

1860 1843 2015 1907 alios,
2063 1861 2221 1914 quam
2266 1847 2525 1903 Sunniam
2573 1868 2634 1906 ac
2690 1854 2949 1911 Fretclam
3001 1860 3264 1927 Hunnos,
3313 1867 3426 1920 sive

1861 1934 2067 1989 Ilunnis
2102 1938 2352 1994 finitimos
2375 1942 2644 1998 credimus
2667 1947 2908 2012 indicari,
2934 1968 3068 2020 quos
3108 1956 3264 2010 modo
3321 1960 3402 2013 his

2873 2002 2907 2012 ,,
2941 2002 2963 2020 .,
2991 2002 3066 2008 ἡ--
3108 2002 3262 2010 -..νη
3321 2002 3402 2013 ...υ

1861 2023 1928 2077 de
1975 2027 2168 2095 quibus
2195 2031 2400 2099 agimus
2429 2035 2645 2099 litteris,
2678 2037 2916 2093 Psalmos
2944 2043 3221 2109 docuerat,
3246 2002 3428 2101 cornu;

1861 2117 2128 2172 variantes
2155 2121 2408 2176 lectiones
2433 2139 2635 2192 graecas
2680 2139 2836 2198 atque
2886 2133 3076 2187 latinas
3119 2141 3335 2204 propius
3364 2140 3429 2192 ad

1865 2205 2169 2261 hebraicam
2227 2211 2447 2279 exigens
2491 2219 2787 2270 veritatem.
2817 2219 2923 2272 Cur
2969 2223 3134 2287 enim,
3185 2227 3283 2278 nisi
3313 2244 3428 2282 eam

1865 2297 2144 2362 epistolam
2177 2300 2228 2352 in
2258 2303 2436 2355 animo
2487 2305 2688 2370 habuit,
2737 2324 2960 2379 eamque
3001 2315 3198 2380 scripto
3243 2327 3390 2371 notat
3416 2361 3430 2385 ,

1878 2386 2184 2442 Psalterium
2217 2391 2298 2444 his
2334 2394 2538 2460 tribuit,
2568 2412 2737 2466 coque
2784 2401 2900 2455 illos
2925 2403 3056 2457 dicit
3083 2404 3279 2459 dudum
3308 2424 3430 2462 etu-

1866 2475 2028 2539 ditos,
2060 2489 2113 2532 et
2143 2495 2245 2533 non
2293 2483 2466 2549 potius
2518 2484 2783 2552 depositas
2816 2492 3054 2558 sugittas,
3097 2504 3150 2547 et
3181 2494 3431 2552 bellicosa

1861 2582 2083 2640 pectora
2127 2572 2178 2626 in
2230 2575 2690 2632 mansuetudinem
2738 2579 3080 2656 Christianam
3134 2602 3429 2656 conversa,

1864 2662 2069 2732 aliaque
2115 2663 2166 2718 id
2192 2679 2376 2733 genus,
2410 2683 2528 2733 qua:
2559 2683 2741 2723 eorum
2794 2671 3020 2742 ingeniis
3069 2678 3236 2745 aptari
3267 2681 3433 2748 magis

1863 2754 2372 2812 viderentur?Cum
2428 2775 2556 2814 vero
2601 2761 2687 2815 illa
2723 2763 2786 2816 ad
2831 2765 3032 2820 Lastam
3073 2769 3294 2835 epistola
3341 2785 3430 2823 an.

1863 2846 1989 2908 405,
2016 2855 2071 2900 ιιι
2094 2863 2215 2901 mox
2247 2851 2615 2914 ostendemus,
2643 2861 2765 2906 ante
2788 2855 2988 2908 obitum
3021 2857 3229 2910 Sancta:
3254 2859 3430 2914 Paula:

1864 2937 2081 2989 omnino
2107 2940 2174 2991 sit
2202 2940 2534 3003 collocanda,
2564 2942 2652 3008 qui
2682 2943 2804 2994 anni
2842 2944 2944 2996 60$
2970 2947 3198 3011 septimo
3243 2947 3434 3000 Calen-

1866 3027 1961 3079 das
2007 3028 2298 3081 februarias
2328 3033 2549 3098 contigit
2575 3048 2590 3093 ;
2635 3031 2816 3084 isthzec
2843 3033 2907 3085 ad
2933 3033 3190 3086 Sunniam
3223 3053 3285 3090 ac
3313 3037 3438 3091 Fre-

1869 3119 2047 3180 tclam,
2077 3135 2192 3186 qttzc
2222 3119 2364 3171 illam
2416 3121 2752 3186 praecessiSse
2786 3122 3116 3191 intelligitur,
3173 3127 3238 3180 ad
3270 3144 3430 3197 supe-

1868 3205 2068 3258 riorem
2112 3221 2306 3258 annum
2338 3207 2442 3260 405
2489 3217 2609 3276 post
2635 3219 2883 3284 exaratos
2935 3222 3119 3267 contra
3171 3215 3436 3272 Bullinum

1869 3295 2228 3364 apologeticos
2277 3297 2437 3350 libros
2467 3296 2650 3352 referri
2679 3314 2773 3368 per
2797 3316 2953 3369 quam
2984 3304 3264 3359 commode
3290 3317 3438 3376 pote-

1868 3386 1957 3439 rit.

1942 3475 2096 3530 CVII.
2129 3475 2336 3546 Scripta
2363 3493 2450 3530 an.
2499 3477 2629 3552 403..
2658 3508 2727 3518 ——
2750 3479 2826 3542 Si.
2857 3496 2975 3550 qua:
3007 3482 3168 3537 modo
3197 3489 3441 3554 exposui-

1871 3581 1990 3619 mus
2030 3565 2095 3618 ad
2121 3565 2535 3635 consignandam
2567 3566 2686 3620 lmic
2716 3582 2855 3620 anno
2896 3569 3173 3638 epistolam
3206 3575 3270 3626 ad
3300 3577 3439 3630 Sun-

1870 3656 2011 3710 niam
2059 3670 2121 3710 ac
2159 3655 2444 3719 Fretelam,
2479 3657 2706 3725 legitima
2738 3669 2878 3723 sunt,
2915 3661 3102 3717 istbmc
3123 3664 3187 3718 ad
3219 3666 3435 3734 Laetam,

1871 3763 1987 3816 qua:
2016 3756 2133 3816 post
2161 3747 2360 3816 aliquot
2388 3747 2575 3801 saltem
2605 3747 2674 3800 ab
2699 3763 2760 3801 ea
2789 3765 3001 3805 menses
3023 3753 3218 3807 dictata
3247 3767 3349 3820 est,
3374 3759 3439 3811 ad

1873 3839 1995 3892 anni
2019 3840 2174 3893 linem
2191 3838 2472 3908 spectabit.
2495 3838 2650 3891 Certe
2670 3837 2735 3890 ad
2759 3838 3242 3906 insequentemdtM
3265 3853 3440 3896 trans-

1875 3927 2002 3980 ferri
2033 3943 2362 3997 nequaquam
2388 3935 2560 3996 potest
2585 3942 2600 3991 ;
2627 3927 3052 3997 quandoquidem
3089 3928 3210 3985 heic
3239 3933 3434 4001 passim

1877 4019 2118 4072 meminit
2148 4019 2323 4071 Paula:
2355 4018 2556 4081 Matris,
2586 4032 2705 4086 quas
2732 4019 2904 4072 adhuc
2932 4021 3092 4073 vitam
3123 4032 3339 4090 ageret,
3373 4039 3434 4076 ac

1878 4117 2055 4178 posset
2080 4117 2291 4175 neptem
2341 4122 2513 4170 suam,
2544 4106 2705 4160 Lmtm
2733 4107 2890 4158 ﬁliam
2919 4111 3118 4172 gremio
3147 4109 3347 4176 fovere,
3379 4128 3440 4167 ac

1879 4198 2132 4251 tenellum
2161 4196 2395 4249 animum
2427 4197 2492 4250 ad
2520 4197 2767 4250 virtutem
2799 4197 3114 4261 cll'ormare;
3146 4215 3266 4254 cum
3297 4202 3437 4254 illam

1878 4295 2087 4342 constet
2113 4285 2271 4354 hujus
2300 4285 2450 4337 initio
2479 4285 2602 4338 anni
2629 4285 2845 4338 obiisse.
2868 4285 3048 4354 Neque
3071 4289 3348 4343 obscurior
3376 4308 3437 4347 ea

1879 4387 2001 4428 nota
2031 4383 2110 4428 est
2135 4415 2150 4440 ,
2181 4388 2283 4442 qua
2325 4387 2472 4425 num.
2503 4373 2556 4424 2.
2606 4371 2844 4424 Getarum
2873 4375 3099 4440 rutilum,
3144 4393 3205 4430 ac
3253 4379 3440 4448 ﬂavum

1880 4468 2151 4520 exercitum
2184 4463 2347 4518 tradit
2374 4461 2718 4516 Ecclesiarum
2743 4464 3065 4534 circumferre
3109 4471 3320 4522 tentoria
3348 4512 3364 4537 ,
3399 4482 3443 4524 et

1879 4557 1992 4610 ideo
2021 4555 2235 4626 forsitan
2279 4565 2458 4607 contra
2486 4569 2575 4606 nos
2604 4568 2747 4622 a'qua
2769 4570 2994 4624 pugnare
3019 4557 3143 4620 acie,
3171 4561 3290 4628 quia
3332 4564 3446 4631 pari

1882 4647 2197 4717 Religionem
2234 4645 2519 4715 conﬁdunt.
2549 4645 2760 4699 Etenim
2787 4646 2971 4713 Gothi,
3001 4664 3136 4718 quos
3163 4649 3325 4706 Getas
3351 4666 3442 4704 vo-

1881 4750 1988 4800 cat.
2017 4753 2134 4792 cum
2161 4738 2227 4792 ab
2270 4753 2410 4790 anno
2436 4736 2540 4791 400
2571 4737 2620 4789 in
2675 4736 2877 4791 Italiam
2932 4737 3271 4806 irrupissem,
3321 4753 3441 4806 pos:

1881 4827 2155 4883 biennium
2185 4825 2414 4882 Arcadio
2459 4825 2502 4878 ν
2529 4835 2582 4881 et
2607 4825 2844 4880 Honorio
2866 4823 2910 4880 ν
2936 4822 3088 4878 Coss.
3121 4837 3304 4880 contra
3337 4825 3444 4880 Ro-

1882 4934 2096 4972 manum
2128 4917 2417 4970 exercitum
2470 4913 2681 4968 fortiter
2728 4928 2877 4982 :cqua
2922 4912 3036 4964 acie
3084 4913 3442 4966 dimicarunt:

1882 5007 2023 5079 quod
2056 5007 2285 5075 Prosper
2310 5005 2362 5058 in
2407 5001 2661 5057 Chronico
2687 5002 2936 5054 Adversus
2967 4997 3156 5052 Gothos
3198 5000 3346 5061 dixit,
3371 5018 3450 5054 ve-

1885 5102 2135 5154 hementer
2162 5097 2420 5162 utriusque
2446 5095 2602 5160 partis
2621 5091 2765 5145 clade
2788 5087 3055 5142 Pollentia!
3077 5089 3232 5158 fuisse
3256 5107 3452 5160 pugna-

1885 5198 2010 5241 tum.
2032 5186 2182 5250 Quod
2215 5185 2574 5246 Hieronymus
2597 5177 2831 5247 praelium
2863 5175 2990 5229 satis
3013 5189 3194 5245 aperte
3214 5180 3450 5248 respicit,

1886 5277 2130 5330 scribens
2159 5267 2460 5338 insequenti
2491 5282 2631 5320 anno
2656 5266 2758 5320 403

1958 5379 2140 5436 CVIII.
2175 5380 2386 5445 Scripta
2409 5389 2544 5428 anno
2570 5364 2694 5430 tot.
2722 5405 2792 5415 —
2810 5375 3078 5446 Dolorem,
3107 5394 3213 5450 quo
3240 5380 3308 5438 ob
3327 5383 3452 5434 dor-

1889 5475 2164 5532 mitiouem
2215 5468 2274 5523 S.
2323 5463 2508 5519 Paulte
2563 5465 2958 5534 conﬁciebatur,
3019 5477 3076 5522 ut
3122 5471 3242 5534 sibi,
3298 5480 3456 5539 atque

1890 5554 2193 5618 Eustochio
2222 5549 2519 5616 solaretur,
2551 5551 2690 5608 hanc
2712 5553 2779 5606 de
2822 5549 2937 5617 ejus
2963 5550 3227 5617 laudibus,
3265 5566 3327 5604 ac
3353 5553 3454 5605 vita

1895 5650 2174 5726 epistolam
2196 5644 2264 5699 ad
2285 5642 2419 5696 duas
2437 5638 2617 5701 lucubr
2628 5654 2900 5701 sttnncutas
2927 5639 3161 5711 dictavit,
3187 5641 3324 5712 quod
3343 5650 3461 5708 post
