4048 6192
609 289 863 346 LXXXIII

609 419 806 472 paucos
835 416 1041 457 menses
1068 401 1136 455 ab
1163 400 1278 469 ejus
1335 406 1512 453 morte
1541 395 1758 462 fecisse,
1783 394 1941 451 facile
1977 410 2041 450 ex
2069 404 2177 448 tota

608 493 861 547 orationis
909 492 1045 546 serie
1069 490 1363 558 colligitur.
1406 487 1532 556 Quo
1574 501 1703 540 vero
1754 495 1993 555 tempore
2023 485 2112 538 illa
2137 499 2169 539 e

611 582 743 636 vivis
767 580 1070 642 excesserit,
1121 577 1205 632 his
1245 576 1346 633 sub
1373 577 1614 647 epistola:
1656 577 1814 630 linem
1839 575 1980 629 notis
2008 587 2172 642 expoo

607 671 728 724 suit.
757 667 996 721 Dormivit
1015 675 1190 719 sancta
1208 682 1270 720 ac
1294 666 1438 720 beata
1473 665 1644 719 Paula
1672 666 1883 734 septimo
1914 662 2169 718 Calendas

606 759 911 830 februarias,
959 757 1106 810 tertia
1157 757 1368 812 Sabbati
1406 766 1516 828 post
1553 757 1674 809 solis
1721 755 2022 809 occubitum.
2071 752 2171 807 Se-

604 849 743 919 pulta
766 856 838 902 est
862 849 1038 918 quinto
1065 847 1321 902 Calendas
1350 847 1661 909 earumdem,
1695 845 1926 900 Honorio
1947 845 2172 914 Augusto

603 937 759 990 sexies
781 977 796 1000 ,
826 946 873 990 et
901 935 1200 990 Aristwneto
1253 935 1551 990 Consulibus
1581 951 1599 988 :
1625 935 1872 988 nimirum
1902 949 1989 988 an.
2041 933 2168 988 404.

671 1023 806 1080 CIX.
835 1023 1046 1094 Scripta
1067 1024 1245 1080 eodem
1268 1041 1356 1079 an.
1387 1025 1514 1079 404.
1544 1053 1614 1066 -—
1639 1023 1860 1078 Biennio
1888 1031 2172 1090 antequam

601 1122 787 1168 contra
828 1114 1172 1183 Vigilantium
1229 1121 1508 1167 tractatum
1567 1128 1634 1167 ex
1685 1112 1958 1182 proposito
1985 1111 2173 1164 elucu-

606 1201 808 1267 braret,
839 1202 974 1257 hanc
997 1217 1025 1256 a
1053 1217 1111 1257 se
1139 1202 1317 1256 datam
1340 1202 1621 1270 epistolam
1647 1201 1712 1255 ad
1735 1200 2007 1268 Riparium
2037 1197 2168 1252 Tar-

606 1305 955 1346 raconensem
984 1292 1098 1361 ipse
1129 1292 1179 1345 in
1208 1305 1273 1346 eo
1297 1288 1460 1345 Libro
1510 1299 1735 1346 testatur
1770 1289 2124 1358 Hieronymus
2153 1326 2170 1352 ,

607 1381 694 1436 ubi
725 1381 788 1435 de
812 1381 1018 1452 uigiliis,
1049 1382 1236 1451 inquit,
1265 1390 1310 1434 et
1339 1379 1800 1452 pernoctationibus
1845 1379 1898 1430 in
1937 1376 2174 1431 Basilicis

609 1471 894 1544 Martyrum
921 1489 1056 1542 stupe
1089 1473 1427 1537 celebrandis,
1451 1472 1505 1526 in
1532 1472 1695 1525 altera
1739 1470 1974 1539 epistola,
2023 1483 2175 1536 quam

603 1572 720 1616 ante
748 1563 842 1617 hoc
871 1567 1025 1634 ferme
1070 1563 1342 1629 biennium,
1391 1563 1582 1617 Sancto
1613 1561 1829 1630 Ripario
1888 1557 2175 1632 presbytero

607 1654 934 1723 scripseram,
961 1653 1199 1720 respondi
1239 1653 1468 1706 breviter.
1498 1651 1635 1704 Eum
1666 1663 1795 1704 vero
1843 1655 2126 1701 tractatum
2157 1687 2173 1712 ,

607 1755 663 1796 ut
693 1743 807 1810 ipse
831 1751 999 1808 notat,
1027 1743 1262 1808 dictavit,
1297 1743 1564 1811 festinante
1593 1740 1868 1794 admodum
1893 1740 2052 1809 fratre
2077 1737 2137 1793 Si
2148 1765 2174 1777 -

607 1836 794 1900 sinnio,
823 1842 868 1888 ct
893 1845 1097 1905 prapter
1123 1833 1432 1889 Sanctorum
1475 1833 1739 1903 refrigeria
1778 1831 1846 1884 ad
1889 1829 2178 1901 Egyptum

608 1926 685 1978 ire
731 1933 1049 1994 properante.
1081 1923 1180 1989 Qui
1223 1922 1488 1978 Sisinnius
1531 1922 1724 1991 partim
1772 1937 1838 1976 ex
1869 1920 2178 1990 prmlatione

609 2014 830 2069 secundi
857 2014 978 2069 libri
999 2012 1515 2068 Commentariorum
1539 2013 1590 2067 in
1632 2012 1962 2078 Zachariam,
1985 2010 2176 2080 partim

611 2121 675 2159 ex
701 2105 804 2159 alia
833 2104 977 2158 tertii
1005 2104 1124 2158 libri
1154 2104 1206 2157 in
1235 2103 1422 2168 Amos,
1454 2103 1768 2170 intelligitur
1795 2117 1864 2155 an
1899 2101 2003 2156 406
2023 2099 2178 2154 festi-

611 2207 768 2248 nasse
791 2193 869 2246 ire
902 2193 953 2246 in
982 2191 1300 2262 Egyptum,
1327 2207 1449 2246 cum
1474 2189 1900 2246 Commentarios
1929 2191 1981 2244 in
2025 2204 2177 2244 eum-

610 2282 732 2338 dem
796 2280 1104 2336 Zachariam
1154 2281 1422 2350 Exuperio
1467 2279 1736 2335 Tolosano
1781 2278 2100 2334 deferendos
2147 2293 2179 2333 a

610 2381 795 2428 sancto
841 2373 1060 2427 doctore
1103 2373 1432 2442 accepisset,
1482 2385 1615 2440 quos
1659 2371 1772 2440 ipse
1801 2370 1991 2425 eodem
2038 2385 2180 2423 anno

612 2463 738 2528 406,
773 2463 863 2532 qui
911 2444 1038 2516 sexti
1084 2464 1373 2515 consulatus
1411 2461 1619 2513 Arcadii
1663 2460 1899 2528 Augusti,
1931 2466 1977 2512 et
2010 2458 2180 2512 Anicii

620 2553 774 2608 Probi
804 2554 952 2623 fastis
977 2569 1156 2606 nomen
1185 2551 1446 2623 imposuit,
1482 2564 1512 2603 a
1543 2565 1602 2604 se
1653 2558 1876 2605 testatur
1903 2549 2182 2603 elucubra-

620 2655 723 2697 tos.
754 2641 917 2714 Igitur
964 2643 1237 2698 subductis
1282 2640 1581 2695 rationibus
1626 2639 1740 2694 haec
1781 2639 1850 2694 ad
1900 2639 2176 2709 Hiparium

612 2733 856 2804 cpistola,
885 2748 1002 2802 qua:
1027 2742 1153 2789 ante
1175 2734 1332 2803 ferme
1347 2731 1601 2786 biennium
1623 2731 1748 2786 data
1773 2739 1874 2797 est,
1898 2731 1964 2786 ad
1981 2746 2185 2789 annum.

610 2830 816 2893 spectat
835 2823 957 2877 404.

681 2909 795 2966 CX.
822 2928 842 2962 ε
872 2910 1078 2981 Scripta
1094 2913 1212 2964 circ.
1242 2926 1329 2963 an.
1355 2909 1481 2965 404.
1499 2909 1709 2964 —H:ec
1731 2910 1800 2965 de
1825 2910 2064 2979 epistola:
2083 2909 2182 2965 hu-

604 3002 694 3070 jus
720 3008 881 3055 aetate
904 2999 1171 3054 disserunt
1190 2999 1540 3054 Bencdictini.
1577 3017 1597 3051 ι
1618 2999 1748 3054 Post
1772 2999 2022 3072 Cypriani
2053 3013 2179 3068 pro-

609 3090 898 3145 fcctionem
950 3089 1001 3144 in
1033 3089 1396 3154 Palaestinam,
1447 3103 1568 3144 cum
1601 3089 1926 3158 Augustinus
1971 3088 2185 3144 reddita“

608 3182 708 3237 sibi
738 3197 831 3252 per
859 3182 1124 3238 Asterium
1159 3182 1316 3250 epist.
1350 3179 1472 3234 bcic
1501 3179 1584 3234 Cll
1615 3180 1836 3234 sentiret
1883 3179 2028 3234 Hier.
2072 3194 2178 3234 non

611 3271 746 3325 nihil
770 3270 1032 3325 offensum
1077 3271 1188 3325 suis
1211 3270 1427 3333 litteris,
1451 3285 1584 3336 quas
1614 3283 1708 3336 per
1739 3268 1939 3322 Italiam
1967 3282 2180 3337 sparsas

609 3360 791 3425 fuisse,
815 3374 912 3414 nec
934 3367 1107 3414 tamen
1129 3358 1194 3412 ad
1216 3359 1410 3426 ipsum,
1428 3358 1512 3411 cui
1533 3358 1742 3425 scripta:
1762 3367 1932 3421 erant,
1951 3358 2183 3427 perlatas

613 3451 934 3522 querebatur
959 3464 975 3513 ;
1004 3464 1108 3503 non
1131 3448 1356 3512 distulit,
1386 3447 1512 3516 quin
1542 3448 1798 3501 centinuo
1822 3447 1960 3501 hanc
1983 3449 2181 3517 episto-

611 3541 715 3594 lam
744 3539 1084 3604 rescriberet,
1126 3537 1214 3591 ubi
1243 3537 1367 3592 dum
1393 3537 1512 3605 ejus
1555 3537 1793 3605 querelis
1841 3536 2018 3592 facere
2045 3537 2178 3593 satis

611 3630 809 3693 studet,
843 3637 1068 3684 testatur
1089 3643 1147 3684 se
1172 3627 1484 3698 Apologiam
1515 3626 1775 3682 adversus
1796 3626 2065 3682 Rufﬁnum
2087 3642 2180 3682 ac-

610 3721 840 3791 cepisse,
865 3719 1045 3788 aitque
1075 3733 1134 3774 se
1161 3718 1308 3773 illius
1349 3718 1486 3773 inter
1509 3732 1603 3772 eos
1623 3726 1796 3772 enata:
1825 3717 2177 3775 dissensionis

609 3810 855 3879 exemplo
886 3808 1152 3874 territum,
1184 3822 1306 3862 cum
1332 3806 1574 3877 quaedam
1601 3806 1669 3861 ad
1696 3823 1756 3863 se
1781 3809 1832 3862 in
1859 3808 2178 3880 Hieronymi

608 3900 832 3972 epistola
877 3899 1080 3968 legeret
1110 3897 1276 3968 ipsius
1320 3897 1696 3967 indignationis
1727 3897 1942 3956 indicia.
1992 3899 2174 3969 Itaque

612 3993 841 4062 pertinet
869 3989 985 4044 haec
1023 3988 1248 4058 epistola
1301 3987 1369 4042 ad
1395 4002 1486 4041 an.
1542 3987 1755 4043 circiter
1779 3988 1906 4053 404,
1935 4003 2042 4058 quo
2066 3991 2173 4058 jam

607 4096 804 4136 annum
836 4079 1008 4134 aetatis
1048 4079 1541 4148 quinquagesimum
1560 4081 1806 4148 attigerat
1829 4079 2176 4149 Augustinus,

606 4172 697 4242 qui
749 4185 811 4226 se
839 4184 1022 4225 senem
1049 4182 1168 4224 esse
1196 4169 1496 4238 profitetur,
1539 4183 1749 4223 numer.
1779 4169 1814 4224 5
1841 4183 2175 4240 nequaquam

607 4264 678 4319 ibi
701 4263 846 4318 senis
887 4261 1102 4316 nomine
1125 4259 1223 4330 (uti
1270 4259 1534 4315 interdum
1562 4259 1718 4330 solet)
1748 4269 1938 4315 notans
1965 4269 2176 4317 aetatem

609 4352 870 4415 ultimam,
892 4365 1010 4419 qua:
1040 4349 1107 4404 ab
1126 4363 1267 4403 anno
1292 4348 1357 4403 61
1384 4348 1700 4415 inchoatur;
1729 4349 1962 4420 alioquin
1992 4351 2178 4406 remit-

609 4441 764 4497 tenda
793 4447 935 4495 esset
958 4439 1179 4508 epistola
1203 4439 1339 4493 ultra
1369 4453 1459 4492 an.
1489 4438 1614 4492 414.
1654 4457 1674 4490 ι

677 4529 812 4586 CXI.
843 4529 1045 4599 Scripta
1072 4527 1244 4582 eodem
1267 4544 1355 4583 an.
1401 4528 1529 4584 404.
1555 4557 1627 4570 ——
1650 4529 1934 4584 Prtesidius
1961 4529 2172 4585 tametsi

606 4621 660 4676 in
691 4618 850 4689 hujus
869 4618 1104 4688 epistola:
1123 4618 1462 4688 inscriptione
1477 4619 1837 4688 Consacerdos,
1867 4620 1919 4676 id
1939 4630 2020 4676 est
2047 4621 2179 4690 Epi-

608 4723 802 4780 sc0pus
841 4708 1136 4780 appellatur
1161 4749 1177 4776 ,
1202 4711 1248 4763 is
1295 4718 1470 4764 tamen
1531 4711 1748 4765 omnino
1789 4710 1999 4765 videtur
2034 4725 2175 4778 esse,

604 4815 784 4872 quem,
814 4799 881 4855 ad
917 4801 1041 4854 anni
1066 4798 1356 4869 superioris
1402 4807 1526 4868 puta
1567 4799 1796 4865 initium,
1821 4799 2178 4871 Hieronymus

605 4890 898 4960 Augustino
920 4887 1205 4960 plurimum
1235 4886 1626 4943 commendavit
1659 4887 1813 4955 epist.
1843 4886 2001 4953 CIII.,
2029 4903 2178 4943 eum-

603 4992 711 5048 que
738 4977 1044 5045 Diaconum,
1070 4994 1132 5032 ac
1162 4977 1259 5058 sibi
1295 4976 1731 5049 gennanissimum
1775 4976 1926 5032 dixit.
1970 4977 2050 5033 Ex
2071 4993 2177 5049 quo

603 5068 817 5135 iterum,
855 5069 950 5124 sed
999 5067 1168 5124 multo
1207 5068 1377 5138 magis
1417 5082 1482 5122 cx
1511 5067 1623 5144 ipsa
1651 5066 1750 5122 hac
1786 5068 2005 5138 epistola
2055 5069 2178 5126 licet

602 5160 917 5230 intelligere,
948 5175 1065 5216 eam
1091 5201 1107 5226 ,
1132 5175 1235 5229 qua
1264 5159 1545 5214 Prasidius
1574 5159 1866 5229 Augustino
1905 5174 2178 5216 commen-

601 5251 838 5317 dabatur,
863 5250 1195 5307 commodius
1222 5249 1379 5319 longe
1407 5263 1436 5301 a
1468 5249 1620 5304 nobis
1665 5250 1739 5303 illi
1766 5249 1878 5305 403
1905 5251 2172 5319 tributam,

599 5357 757 5412 quam
787 5341 944 5410 vulgo
970 5340 1029 5394 fit
1055 5341 1178 5397 597.
1213 5339 1338 5394 Ilazc
1366 5339 1574 5393 interim
1599 5379 1614 5406 ,
1645 5339 1713 5394 de
1737 5355 1841 5410 qua
1867 5341 2090 5411 agimus,
2116 5351 2173 5398 ut

599 5431 798 5498 optime
839 5428 1162 5484 Benedictini
1215 5427 1572 5493 adnotarunt,
1618 5429 1740 5483 data
1786 5440 1868 5486 est
1896 5432 2172 5487 occasione

599 5518 886 5589 superioris
934 5516 1195 5585 epistolae,
1220 5533 1373 5587 quam
1407 5531 1495 5584 per
1520 5516 1828 5572 Prwsidium
1854 5519 2166 5592 Hieronymo

599 5607 758 5673 mitti,
809 5608 913 5660 imo
939 5605 1088 5659 etiam
1135 5603 1504 5673 Hieronymum
1553 5620 1639 5672 per
1687 5608 1794 5675 ejus
1853 5609 2043 5664 litteras
2072 5611 2166 5664 sibi

600 5699 796 5766 ῃιικιιηοὶ
841 5697 1060 5766 postulat
1090 5693 1412 5764 Augustinus
1437 5709 1450 5757 ;
1483 5691 1624 5747 unde
1650 5693 1715 5748 ad
1766 5693 1903 5751 idem
1933 5706 2155 5778 tempus.

2040 279 2419 338 PREFATIO.

3578 276 3842 336 LXXXIV

2283 406 2377 446 seu
2407 407 2496 444 an.
2525 391 2629 445 404
2654 389 2809 446 facile
2837 392 3102 460 pertinere
3122 391 3451 462 intelligitur.

2348 479 2510 535 CXII.
2569 479 2776 550 Scripta
2826 481 2947 534 circ.
2999 481 3092 548 ﬁn.
3138 498 3225 535 an.
3275 481 3399 535 404.
3429 481 3848 539 —Beuedictini

2276 568 2342 624 ad
2395 567 2536 622 hunc
2577 568 2792 622 modum
2834 568 2901 623 de
2953 568 3108 637 hujus
3157 570 3394 638 epistolas
3441 573 3642 639 cpocha
3687 587 3853 642 argu-

2278 667 2598 713 mentantur.
2629 677 2648 710 ι
2675 657 2937 730 Cypriane
2965 659 3015 713 in
3047 658 3277 714 Africam
3301 663 3610 728 revertenti,
3639 663 3774 718 duas
3790 665 3855 719 ad

2276 750 2626 817 Augustinum
2679 751 2967 817 epistolas,
3024 750 3224 805 scilicet
3289 751 3408 806 beic
3458 751 3542 806 CV
3594 763 3650 808 et
3720 754 3857 812 hanc

2279 838 2446 904 ipsam
2477 836 2614 892 CXII
2643 839 2786 892 dedit
2841 839 3192 909 Hieronymus
3215 880 3230 904 ,
3258 840 3403 907 juxta
3433 843 3711 911 epistolam
3744 846 3857 901 Au-

2276 928 2472 996 gustini
2525 926 2641 981 heic
2687 927 2870 991 CXVI,
2916 944 2969 982 η.
2999 930 3086 982 56.
3141 927 3197 982 In
3246 928 3346 985 hac
3389 929 3528 984 CXII
3572 934 3858 1002 respondet

2280 1018 2449 1071 tribus
2477 1032 2540 1070 ex
2567 1017 2740 1071 allatis
2763 1019 2860 1071 sibi
2891 1034 2984 1087 per
3009 1019 3330 1090 Cyprianum
3361 1021 3628 1090 epistolis,
3653 1025 3856 1080 seiliéct

2277 1106 2412 1173 LVI,
2439 1107 2646 1163 LXVII.
2681 1118 2733 1163 et
2756 1107 2891 1164 CIV.
2917 1109 3054 1164 Nihil
3081 1124 3211 1164 vero
3238 1110 3306 1165 de
3331 1110 3444 1179 CX,
3493 1113 3623 1167 dicit
3644 1155 3670 1180 ,.
3696 1131 3853 1184 quam

2280 1199 2419 1252 haud
2449 1199 2607 1252 dubie
2633 1199 2863 1253 nondum
2889 1210 3186 1269 acceperat.
3217 1201 3493 1256 Scribebat
3519 1218 3646 1273 ergo
3672 1221 3855 1262 versus

2282 1292 2440 1342 linem
2463 1289 2585 1342 anni
2607 1289 2732 1344 404.
2759 1288 2918 1344 Certe
2946 1304 3050 1343 non
3073 1291 3226 1344 citius
3251 1307 3266 1356 ;
3300 1292 3724 1363 quandoquidem
3745 1295 3852 1366 jam

2278 1387 2654 1432 exauctoratus
2681 1387 2796 1432 erat
2818 1378 3050 1432 Joannes
3075 1377 3506 1451 Chrysostomus,
3551 1392 3607 1437 ut
3632 1398 3738 1439 non
3762 1386 3856 1441 ob-

2279 1483 2435 1522 scure
2461 1469 2724 1537 significat
2753 1470 2803 1523 in
2830 1469 2928 1523 hac
2956 1471 3064 1539 ipsa
3097 1487 3150 1524 n.
3185 1472 3237 1524 6.
3267 1489 3286 1524 ι

2349 1556 2528 1612 CXIII.
2557 1557 2736 1628 Latine
2779 1558 2980 1612 reddita
3024 1569 3070 1613 et
3124 1559 3307 1615 CXIV.
3337 1561 3545 1633 Scripta
3591 1581 3680 1619 an.
3719 1566 3846 1622 405.

2277 1647 2428 1700 -ιιι
2486 1648 2646 1702 certis
2697 1651 3019 1716 argumentis
3078 1649 3131 1703 in
3184 1649 3333 1704 Notis
3382 1653 3752 1708 constituimus
3793 1655 3858 1711 de

2282 1737 2426 1790 hisce
2446 1737 2701 1804 epistolis,
2736 1745 2794 1790 ut
2819 1752 2923 1790 non
2949 1754 3072 1806 una,
3128 1740 3570 1808 quemadmodum
3600 1743 3855 1800 hactenus

2281 1827 2524 1890 obtinuit,
2555 1827 2646 1881 sed
2672 1828 2791 1880 dua:
2816 1828 2920 1880 sint
2946 1828 3224 1896 habendae,
3247 1846 3468 1900 quarum
3491 1835 3653 1887 altera
3682 1834 3856 1903 potio.

2281 1933 2339 1972 re
2367 1917 2448 1970 sui
2477 1927 2624 1985 parte
2645 1926 2901 1982 truncata,
2926 1918 3301 1990 Hieronymum
3329 1923 3566 1977 habuerit
3592 1926 3855 1994 interpre-

2283 2017 2410 2074 tcm,
2442 2009 2629 2070 altera,
2657 2025 2775 2079 quae
2801 2011 2999 2080 integra
3033 2013 3142 2065 visa
3171 2021 3253 2067 est
3275 2054 3289 2078 ,
3318 2015 3559 2069 emndem
3610 2019 3856 2086 prarferat
3889 2032 3894 2036 '

2281 2107 2574 2154 auctorem.
2605 2099 2739 2153 Hinc
2765 2114 2922 2168 porro
2948 2109 3221 2171 utramque
3264 2103 3362 2156 sub
3405 2103 3541 2158 idem
3591 2113 3857 2175 tempuse

2281 2192 2336 2244 S.
2367 2191 2604 2245 Doctoris
2625 2191 2826 2245 calamo
2853 2194 3136 2262 profecisse
3164 2194 3490 2263 colligimus,
3522 2198 3659 2266 quod
3689 2199 3740 2252 in
3771 2199 3854 2252 al-

2286 2290 2420 2346 tera,
2450 2280 2562 2335 sive
2604 2280 2764 2335 CXIV
2787 2298 2887 2351 qua
2911 2283 3326 2352 tbeuphilensem
3361 2286 3546 2340 librum
3575 2303 3693 2342 cum
3721 2303 3855 2357 prae-

2282 2370 2504 2428 ﬁxasua
2532 2370 2777 2439 epistola,
2811 2371 2960 2439 cujus
3003 2373 3162 2428 breve
3203 2374 3338 2427 istud
3367 2374 3716 2444 fragmentum
3763 2393 3856 2434 su-

2283 2470 2484 2528 perest,
2521 2461 2584 2513 ad
2613 2461 2962 2530 Theophilum
3019 2465 3333 2529 remittebat,
3382 2467 3754 2536 impedimenta
3802 2469 3856 2526 in

2282 2551 2373 2606 illo
2388 2566 2549 2620 opere
2570 2552 2962 2621 interpretando
2985 2565 3252 2622 causatur,
3270 2573 3387 2626 qua:
3407 2570 3529 2612 sunt
3555 2557 3858 2616 Isaurorum

2281 2645 2544 2714 repentina
2560 2645 2776 2713 eruptio,
2809 2642 3090 2710 Phoenicis,
3122 2646 3428 2718 Galileteque
3455 2652 3681 2718 vastitas,
3708 2669 3858 2725 aspe-

2281 2735 2408 2787 ritas
2445 2733 2634 2803 Iiyemis
2656 2775 2672 2799 ,
2700 2751 2760 2786 ac
2788 2738 2948 2803 fames
2975 2736 3319 2792 intolerabilis.
3353 2738 3476 2794 Hice
3502 2755 3630 2795 vero
3656 2757 3859 2798 annum

2281 2823 2532 2880 denotant
2570 2823 2675 2878 405
2696 2839 2800 2893 quo
2829 2824 2987 2878 Isauri
3010 2866 3027 2891 ,
3053 2828 3268 2881 vastatis
3299 2827 3581 2897 Pbmnicis,
3609 2829 3860 2888 Galilete-

2281 2929 2384 2983 que
2432 2913 2754 2983 regionibus,
2811 2922 3070 2970 terrorem
3101 2916 3416 2985 Palaestinm,
3467 2933 3529 2974 ac
3585 2922 3858 2990 praecipue

2281 3003 2982 3074 .Icrosolymmintulerunt;
3030 3006 3170 3061 unde
3213 3017 3268 3060 et
3294 3011 3460 3064 fames
3508 3010 3860 3069 intolerabilis

2281 3103 2394 3149 orta
2423 3105 2524 3149 est.
2567 3094 2763 3164 Hyems
2804 3111 3014 3166 quoque
3065 3095 3220 3166 hujus
3247 3100 3372 3153 anni
3402 3100 3452 3154 in
3495 3099 3696 3170 aliquot
3745 3102 3863 3171 jam

2280 3186 2602 3242 exauctorati
2622 3184 2988 3254 Chrysostonii
3017 3187 3224 3253 litteris,
3270 3188 3426 3243 solito
3453 3191 3691 3258 asperior
3717 3190 3862 3246 dici-

2282 3284 2386 3330 tur.
2417 3275 2619 3331 Exinde
2661 3287 2833 3332 autem
2861 3277 3169 3348 Hieronymi
3197 3279 3451 3346 epistolas
3475 3279 3540 3333 ad
3567 3279 3683 3349 ejus
3729 3285 3861 3337 anni

2281 3363 2393 3420 fere
2435 3366 2666 3421 medium
2710 3366 2896 3420 deduci
2949 3376 3184 3434 praestat,
3214 3367 3353 3434 quod
3407 3367 3494 3420 ubi
3546 3369 3860 3427 dilationem

2281 3469 2428 3510 suam
2468 3457 2520 3509 in
2567 3455 2934 3510 convertendis
2961 3454 3239 3524 Theophili
3265 3454 3477 3523 scriptis
3503 3469 3746 3526 excusat,
3804 3478 3864 3519 se

2280 3546 2408 3601 dicit
2434 3545 2605 3601 diebus
2633 3553 2820 3597 sanctae
2848 3543 3259 3614 Quadragesimae
3281 3544 3576 3614 grauissimo
3607 3547 3864 3620 languore

2281 3637 2358 3702 (1)
2405 3645 2688 3706 correptum
2709 3649 2832 3702 pene
2851 3634 3022 3686 mortis
3047 3634 3198 3687 limen
3225 3636 3379 3705 fuisse
3403 3635 3702 3707 ingressum.
3736 3639 3859 3696 Vid.

2281 3725 2444 3781 Notas
2470 3724 2535 3778 ad
2565 3721 2780 3778 easdem
2807 3721 2978 3792 Epist.
3009 3721 3171 3777 CXIII
3196 3731 3250 3778 et
3273 3722 3455 3780 CXIV.

2351 3815 2510 3872 CXV.
2553 3815 2758 3884 Scripta
2794 3815 2968 3869 eodem
2994 3832 3080 3869 an.
3113 3816 3237 3872 405.
3267 3847 3336 3857 -
3358 3818 3612 3888 Epistulae
3645 3828 3862 3891 tempus

2281 3908 2608 3965 Benedictini
2637 3909 2878 3963 Editores
2900 3909 2970 3964 ita
2993 3910 3330 3979 investigant.
3366 3929 3385 3962 ι
3419 3912 3564 3966 Ilanc
3588 3911 3858 3986 Hierony-

2281 4015 2400 4056 mus
2429 4016 2523 4070 per
2551 3999 2784 4056 Firmum
2813 4003 3143 4067 transmittit,
3168 4017 3432 4057 excusans
3474 4003 3614 4074 quod
3645 4005 3714 4059 ab
3739 4008 3858 4062 Au-

2279 4090 2491 4160 gustino
2515 4101 2858 4160 provocatus,
2889 4092 3304 4162 compulsusque
3317 4092 3384 4147 ad
3402 4093 3856 4165 respondendum,

2281 4180 2333 4235 id
2361 4179 2574 4235 demum
2598 4181 2782 4236 fecerit
2802 4183 2883 4237 vel
2913 4182 3130 4246 invitus,
3157 4183 3358 4238 scilicet
3377 4185 3533 4253 epist.
3560 4185 3717 4242 CXII.
3735 4202 3857 4257 quas

2281 4271 2479 4327 idcirco
2499 4287 2667 4342 pauco
2709 4280 2948 4342 tempore
2989 4273 3143 4327 istam
3171 4273 3331 4329 CXV.
3362 4277 3720 4344 prmcesserit.
3752 4279 3857 4333 Su-

2279 4364 2514 4433 spicatur
2539 4377 2750 4432 quoque
2799 4365 3124 4432 Augustinus
3153 4365 3204 4418 in
3253 4365 3595 4434 subsequenti
3626 4367 3855 4436 epistola

2281 4470 2428 4509 num.
2463 4456 2514 4508 I.
2545 4453 2891 4523 Hieronymo,
2939 4455 3246 4523 priusquam
3292 4454 3429 4509 hanc
3468 4455 3531 4508 ad
3564 4456 3735 4524 ipsum
3779 4461 3856 4512 di-

2279 4551 2473 4607 ctaret,
2497 4541 2759 4598 redditam
2786 4541 2950 4598 fuisse
2976 4544 3254 4613 epistolam
3284 4559 3434 4598 suam
3461 4543 3576 4600 CX.
3603 4545 3728 4602 Haec
3754 4549 3854 4618 igi-

2281 4642 2366 4688 tur
2388 4648 2493 4688 non
2520 4641 2723 4688 temere
2746 4632 2813 4688 ad
2842 4648 2930 4687 an.
2963 4634 3176 4689 circiter
3204 4633 3330 4690 405.
3361 4643 3661 4690 revocatur.
3688 4655 3711 4689 ο

2349 4721 2534 4778 CXVI.
2576 4723 2786 4793 Scripta
2811 4723 2901 4777 sub
2925 4724 3058 4778 idem
3082 4734 3297 4793 tempus.
3316 4754 3388 4766 —-
3411 4743 3431 4776 ι
3466 4725 3652 4782 Denuo
3681 4727 3854 4783 Bene-

2280 4810 2485 4876 dictini,
2542 4811 2724 4877 Lecta,
2781 4813 3047 4882 inquiunt,
3101 4815 3376 4883 superiore
3421 4815 3678 4884 epistola,
3727 4832 3850 4872 mox

2280 4901 2415 4958 hanc
2439 4902 2623 4958 CXVI.
2667 4903 2734 4958 ad
2771 4903 3147 4974 Hieronymum
3191 4905 3466 4974 rescripsit
3503 4906 3848 4976 Augustinus,

2279 5009 2384 5064 qua
2415 5004 2525 5050 tum
2557 4995 2643 5052 isti
2671 5003 2954 5064 postrema:
2975 5009 3070 5063 per
3089 4994 3324 5050 Firmum
3351 4997 3548 5063 allatas.
3595 5007 3705 5051 tum
3731 4997 3842 5050 alii-

2279 5085 2505 5152 duabus,
2535 5100 2664 5153 quas
2684 5085 2977 5155 Cyprianus
2991 5085 3245 5143 retulerat
3265 5089 3470 5145 scilicet
3485 5088 3599 5162 CV.
3615 5099 3670 5144 et
3689 5087 3847 5145 CXII.

2279 5173 2584 5244 respondet.
2622 5191 2642 5226 ι

2346 5262 2551 5318 CXVII.
2592 5261 2798 5334 Scripta
2839 5264 2970 5334 forte
3013 5283 3100 5321 an.
3147 5268 3273 5324 405.
3304 5299 3374 5309 —
3400 5269 3566 5340 Hujus
3607 5272 3850 5327 meminit

2281 5356 2332 5410 in
2361 5353 2500 5408 libro
2544 5363 2728 5408 contra
2757 5354 3118 5425 Vigilantium,
3145 5373 3300 5425 quem
3329 5358 3464 5412 nihil
3498 5360 3848 5416 dubitandum

2279 5443 2344 5498 ad
2368 5457 2564 5497 annum
2585 5442 2708 5498 406.
2735 5444 3020 5514 pertinere.
3041 5444 3143 5508 Ne,
3171 5447 3355 5516 inquit,
3378 5464 3577 5502 rursum
3596 5450 3850 5519 malignus

2338 5530 2413 5592 (1)
2437 5530 2712 5599 Vereor_ne
2734 5532 2840 5582 haec
2863 5532 3034 5599 eadem
3069 5533 3153 5599 illa
3175 5536 3455 5599 gravissima
3491 5540 3743 5599 aegrotatio
3762 5541 3828 5588 sit

2311 5605 2419 5666 uani
2442 5593 2513 5666 in”
2523 5593 2802 5666 praefatione
2825 5594 3028 5666 tertii_iu_
3051 5595 3200 5666 Amos
3220 5593 3588 5666 librinmemorat
3602 5635 3615 5655 ,
3632 5611 3850 5666 quaeque

2278 5653 2329 5699 S.
2353 5653 2535 5702 doctori
2574 5655 2780 5714 contigit
2800 5666 2926 5703 anno
2948 5655 3098 5705 dubio
3123 5655 3286 5716 procul
3308 5656 3414 5707 404.
3442 5657 3582 5709 Sexti
3607 5653 3847 5710 ‘cbnsu'la-

2279 5720 2358 5762 tus
2379 5711 2564 5762 Arcadii
2587 5712 2807 5775 Augusti,
2836 5721 2886 5766 et
2910 5715 3054 5764 Anitii
3079 5715 3235 5765 Probi.
