4048 6192
188 222 373 279 LXXX
384 223 425 277 ν

191 333 450 403 lnterpres
476 333 635 400 dicat,
684 332 855 400 ﬁctam
888 348 921 387 a
948 347 1027 387 me
1054 332 1334 396 materiam,
1382 331 1463 385 cui
1506 330 1758 384 rhetorica

189 425 551 478 declamatione
572 425 921 493 respondeam,
953 424 1080 477 sicut
1107 424 1271 485 illam,
1304 437 1452 491 quam
1484 419 1665 487 scripsi
1690 418 1758 469 ad

189 513 382 568 Gallias
405 513 588 566 Matris
608 522 655 567 et
681 511 834 568 Filia
856 514 985 567 inter
1008 530 1061 567 se
1085 514 1449 565 discordantes.
1478 509 1569 563 llis
1595 520 1755 576 porro

185 605 603 658 ruentissimum
629 619 764 672 opus
791 603 1076 671 designari,
1125 612 1180 657 et
1222 601 1360 672 quod
1406 615 1573 669 pauco
1622 612 1750 652 sane

187 704 426 764 tempore
450 695 516 748 ab
542 695 634 749 illo
673 704 859 748 contra
886 694 1227 764 Vigilantium
1272 693 1472 762 scripto
1509 690 1748 752 distaret,

182 785 535 852 conjecimus:
567 792 626 838 ut
669 784 795 854 quid
843 786 984 837 enim
1016 793 1249 838 veterem
1294 781 1610 836 calumniam
1638 789 1748 833 tum

180 875 392 930 demum
418 875 903 930 commemoraret?
930 873 1091 927 Forte
1131 874 1289 927 etiam
1316 872 1571 942 malignus
1594 872 1751 923 inter-

179 981 289 1031 pres
317 963 564 1019 Bullinus
592 965 771 1025 fuerit,
802 964 891 1033 qui
922 978 1041 1017 cum
1074 964 1127 1017 in
1161 962 1309 1015 libris
1363 960 1750 1015 lnvectivarum

176 1055 303 1107 nihil
334 1054 640 1122 hujusmodi
672 1054 992 1121 Hieronymo
1022 1051 1302 1120 ohjecerit,
1324 1050 1391 1103 de
1436 1064 1529 1104 ore
1566 1058 1748 1118 postea

170 1144 472 1198 detraxisse
520 1143 787 1214 putandus
812 1144 913 1198 sit:
939 1158 1057 1211 qua:
1086 1142 1406 1210 conjectura:
1432 1156 1630 1195 annum
1669 1140 1750 1194 la-

167 1233 266 1287 cile
297 1235 431 1290 404.
460 1244 553 1289 aut
580 1243 889 1303 sequentem
917 1233 1043 1288 405.
1071 1233 1370 1302 designant.

224 1323 478 1378 CXVIII.
521 1325 730 1393 Scripta
759 1343 846 1378 an.
872 1325 997 1378 406.
1027 1324 1345 1385 —Juliano,
1375 1332 1431 1377 ut
1456 1322 1651 1377 smculo
1668 1336 1757 1390 pc-

164 1416 307 1468 nitus
341 1416 469 1469 vale
494 1416 655 1480 dicat,
694 1415 939 1485 proponit
983 1415 1266 1468 imitandos
1306 1413 1549 1467 Sanctum
1593 1414 1756 1464 virum

165 1507 586 1571 Pammac/rium,
612 1517 658 1561 et
683 1509 1065 1579 ferventissimo:
1088 1509 1209 1575 ﬁdei
1240 1506 1517 1560 Paulinum
1558 1505 1755 1576 presby-

164 1610 346 1660 terum,
376 1600 467 1666 qui
492 1615 594 1651 non
620 1599 785 1652 solum
814 1600 1037 1663 divitias,
1079 1599 1170 1651 sed
1186 1615 1239 1651 se
1260 1600 1397 1666 ipsos
1419 1597 1636 1650 Domino
1664 1596 1751 1649 ob-

166 1691 407 1741 tulerunt.
439 1689 571 1742 llinc
614 1688 779 1755 probe
820 1688 1121 1752 conﬁcitur,
1163 1702 1336 1756 neque
1380 1696 1506 1740 ante
1544 1700 1744 1739 annum

164 1782 288 1846 397,
334 1790 427 1833 aut
456 1780 580 1835 398.
612 1793 719 1849 quo
747 1779 1117 1833 Pammachius
1167 1778 1510 1832 monasticam
1559 1778 1742 1838 vitam,

167 1882 284 1941 post
313 1871 552 1925 Paulina:
601 1872 789 1925 uxoris
812 1870 1039 1934 obitum,
1081 1869 1360 1938 amplexus
1412 1880 1533 1933 esu
1568 1882 1741 1938 neque

164 1973 282 2033 post
296 1963 420 2017 409,
443 1979 550 2032 quo
572 1963 821 2017 Paulinus
838 1972 1141 2030 assumptus
1158 1971 1239 2016 est
1254 1962 1319 2016 ad
1344 1962 1738 2030 Episcopatum,

165 2055 442 2123 epistolam
473 2054 871 2108 recensendam.
925 2052 1142 2107 Interim
1188 2068 1308 2106 cum
1360 2053 1499 2106 inter
1542 2051 1739 2107 Juliaui

168 2145 486 2198 tentationes
524 2152 935 2208 Commemorat,
976 2141 1319 2195 Vastationem
1348 2143 1499 2195 totius
1525 2142 1740 2197 barbaro

168 2234 299 2286 ltoste
325 2232 633 2295 Prouincia),
657 2242 703 2285 et
729 2232 781 2285 in
808 2231 1064 2285 communi
1092 2231 1486 2300 depopulatione
1514 2232 1740 2300 privatas

167 2327 537 2391 possessionum
553 2327 659 2393 ejus
678 2326 871 2385 ruinas.
896 2325 1098 2379 abactos
1123 2333 1485 2385 armentorum,
1507 2340 1567 2376 ac
1594 2340 1742 2392 peco-

165 2430 268 2467 rum
287 2431 490 2486 greges,
525 2416 713 2469 uinctos
747 2416 1035 2485 occisosque
1060 2416 1306 2480 servulos,
1334 2424 1492 2483 atque
1519 2414 1619 2468 alia
1648 2414 1743 2466 hu-

163 2504 415 2571 iusmodi,
434 2519 631 2558 annum
653 2506 872 2559 innuere
898 2505 1027 2559 406.
1048 2520 1153 2575 quo
1171 2504 1283 2557 haec
1303 2506 1578 2568 scriberet,
1600 2503 1738 2557 haud

167 2597 390 2650 obscure
419 2595 750 2664 intelligitur.
796 2594 1018 2663 Eruptio
1042 2593 1187 2649 enim
1215 2594 1588 2659 Barbarorum,
1620 2608 1740 2663 qua:

166 2684 274 2738 illas
299 2685 554 2754 regiones
596 2684 852 2753 pervasit,
884 2683 1022 2737 haud
1050 2684 1149 2737 alia
1177 2683 1411 2752 putanda
1439 2690 1542 2747 est,
1579 2697 1736 2751 quam

166 2776 267 2841 illa,
295 2791 425 2847 quae
451 2775 518 2829 ad
545 2791 632 2828 an.
658 2775 779 2830 405.
799 2774 1090 2830 Stilichone
1112 2774 1174 2830 ll.
1202 2784 1256 2830 et
1277 2774 1562 2829 Anthemio
1582 2774 1735 2831 Coss.

165 2868 383 2936 contigit
408 2866 510 2920 sub
546 2865 903 2935 Rhadaguiso,
934 2865 1379 2935 quemadmodum
1411 2867 1462 2919 in
1490 2866 1738 2935 Prosperi

165 2956 410 3012 chronica
432 2956 797 3025 eousignatur.
823 2955 984 3025 Igitur
1011 2956 1076 3009 ad
1106 2956 1431 3026 insequentis
1452 2958 1576 3011 anni
1608 2958 1735 3013 406.

168 3046 206 3100 si
235 3049 398 3101 mavis
416 3047 583 3101 etiam
607 3046 788 3111 linem,
810 3061 916 3101 non
934 3047 1223 3116 incongrue
1248 3047 1360 3116 ipsa
1384 3047 1494 3102 hsce
1515 3049 1737 3116 epistola

166 3150 472 3193 ηςοαιιυτ.

228 3227 414 3285 CXIX.
466 3230 671 3299 Scripta
698 3229 789 3283 sub
822 3229 915 3298 ﬁn.
943 3228 1066 3282 anni
1090 3227 1215 3283 406.
1237 3229 1611 3285 —-Sisinnium
1629 3230 1742 3285 Mo-

165 3320 382 3375 nachum
408 3320 511 3391 qui
539 3331 647 3373 tum
670 3320 915 3382 aliorum,
949 3328 1059 3373 tum
1103 3318 1346 3374 Miuervii
1371 3329 1424 3374 et
1450 3320 1739 3376 Alexandri

165 3413 493 3479 qua-stiones
518 3409 584 3464 ad
613 3410 989 3480 Hieronymum
1035 3409 1245 3474 detulit,
1297 3409 1401 3464 hoc
1444 3426 1585 3466 anno
1612 3411 1736 3466 406.

164 3501 422 3571 legaverat
456 3502 513 3554 in
541 3501 812 3555 Orientem
828 3508 1042 3553 sanctus
1062 3499 1359 3568 Exuperius
1379 3500 1586 3554 Tolosa:
1610 3501 1740 3570 Epic

163 3607 348 3662 scopas
370 3607 507 3648 cum
537 3591 734 3661 ingenti
749 3590 988 3661 pecunia,
1012 3600 1069 3644 ut
1096 3589 1479 3645 Monacborum
1502 3591 1741 3647 Palesti-

162 3698 239 3737 na:
283 3693 449 3754 atque
500 3681 714 3753 Egypti
757 3681 948 3750 inopia:
974 3681 1300 3746 subveniret,
1346 3690 1404 3736 ut
1445 3691 1649 3738 constat
1674 3698 1739 3739 ex

163 3772 483 3840 prmfatione
508 3770 1018 3827 Commentariorum
1041 3771 1096 3825 in
1113 3770 1473 3827 Zacehariam.
1495 3773 1743 3829 Pervenit

162 3864 425 3919 Bethleem
485 3862 663 3916 ultimo
682 3861 794 3930 jam
822 3862 1053 3914 autumni
1093 3870 1335 3932 tempore,
1367 3863 1506 3933 quod
1536 3878 1601 3918 ex
1628 3864 1743 3917 lau-

164 3953 279 4007 data
303 3952 626 4022 praefatione
648 3960 977 4020 compertum
995 3961 1097 4017 est,
1115 3966 1178 4006 ac
1196 3953 1400 4008 traditis
1420 3953 1745 4023 Hieronymo

165 4043 379 4109 litteris,
426 4042 580 4116 quod
618 4056 681 4097 ex
724 4041 825 4096 bac
870 4046 1006 4112 ipsa,
1051 4041 1121 4097 de
1148 4057 1249 4112 qua
1278 4044 1484 4113 agimus
1519 4043 1742 4113 epistola

166 4152 216 4189 n.
246 4137 296 4190 Ι.
321 4139 517 4207 liquet,
541 4143 874 4191 moraturum
906 4149 964 4189 se
987 4134 1059 4190 ibi
1089 4151 1244 4204 usque
1267 4135 1335 4187 ad
1359 4136 1490 4188 diem
1515 4134 1744 4205 Epipha-

166 4227 356 4280 niorum
390 4226 883 4297 promiseratzquo
909 4225 1215 4294 largissime,
1262 4224 1440 4279 subdit
1483 4225 1742 4296 Hierony—

168 4328 300 4379 mus,
333 4316 530 4385 spatio,
566 4314 779 4383 singulis
815 4329 893 4365 me
920 4328 1280 4381 responsurum
1309 4313 1577 4381 putabam;
1605 4330 1746 4366 cum-

166 4418 254 4471 que
274 4406 479 4475 furtivis
501 4404 726 4457 noctium
748 4400 1197 4456 lucubratiunculis
1213 4401 1280 4453 ad
1300 4403 1562 4471 plerosque
1582 4403 1745 4457 dieta-

165 4507 284 4557 rem,
310 4502 362 4547 et
387 4492 614 4562 expletis
643 4492 781 4557 aliis,
807 4507 885 4544 me
905 4490 972 4543 ad
996 4500 1228 4556 vestram,
1267 4490 1505 4546 Minervii
1545 4493 1748 4549 scilicet

165 4588 216 4634 et
238 4582 564 4648 Alexandri,
592 4582 736 4649 quasi
762 4580 1107 4650 diﬂicillimam
1136 4596 1455 4646 reseruarem,
1486 4581 1647 4636 subito
1662 4599 1749 4635 su-

165 4674 383 4726 menit
404 4687 644 4726 asserens
667 4686 720 4724 se
737 4671 871 4724 illico
892 4673 1253 4741 profecturum.
1284 4671 1426 4727 Nihil
1448 4673 1625 4743 itaque
1649 4674 1749 4727 du-

164 4763 446 4818 .n‘tandum
487 4772 617 4817 ante
664 4760 1083 4832 Epiphaniorum
1111 4761 1247 4827 dies,
1276 4772 1433 4832 atque
1458 4764 1595 4819 adeo
1622 4772 1749 4820 ante

162 4851 480 4906 Ianuarium
510 4851 837 4920 insequentis
861 4849 987 4904 anni
1012 4864 1271 4915 mensem,
1300 4861 1540 4907 coactum
1564 4854 1752 4908 Hiero-

164 4955 394 5011 nymum
441 4953 676 5008 propere
722 4940 1081 5009 respondere,
1138 4940 1412 5009 ipsamque
1471 4943 1748 5011 epistolam

164 5028 455 5085 decembri
486 5026 647 5092 hujus
670 5030 789 5081 anni
815 5028 937 5083 406.
961 5030 1389 5085 commodissime
1416 5032 1593 5085 tribui.

232 5118 407 5174 CXX.
442 5126 501 5172 et
522 5114 711 5170 CXXI.
746 5117 952 5187 Scripta:
970 5121 1062 5173 sub
1080 5120 1216 5173 idem
1245 5130 1456 5189 tempus.
1483 5152 1553 5161 —
1576 5123 1751 5178 Vasti-

170 5218 329 5264 tatem
356 5225 388 5264 a
412 5208 746 5273 Gothorum,
776 5206 1261 5278 Wandalorumque
1291 5213 1585 5282 irruptione
1623 5215 1750 5270 Gal-

170 5300 252 5354 liis
280 5301 510 5363 illatam,
539 5312 664 5367 qua:
693 5298 795 5352 sub
817 5299 1014 5354 exitum
1038 5302 1163 5355 anni
1184 5302 1308 5356 406.
1350 5303 1591 5372 contigit,
1620 5320 1755 5359 nus-

172 5405 325 5457 quam
347 5390 435 5445 bis
462 5388 667 5444 litteris
691 5388 1044 5461 Hieronymus
1070 5404 1353 5458 memorat,
1376 5411 1531 5461 quam
1578 5405 1752 5449 tamen

174 5480 391 5535 minime
418 5479 652 5535 silentio
678 5480 1038 5549 praeteriisset,
1066 5484 1111 5538 si
1137 5493 1389 5553 posteam
1408 5485 1633 5550 cladem,
1654 5502 1756 5555 qua

180 5573 501 5642 Aquitaniae,
550 5571 943 5641 Narbonensis,
990 5574 1312 5647 aliarumque
1362 5576 1757 5634 Provinciarum

1606 214 1986 275 PRAFA'NO.

3176 220 3436 277 LXXXVI

1872 330 2030 386 urbes
2079 330 2208 388 loris
2251 332 2480 403 gladius,
2528 343 2685 406 atque
2729 336 2872 394 Intus
2920 339 3087 396 fames
3138 342 3437 406 vastabant,

1867 423 2188 492 scripsisset.
2216 425 2425 495 Quippe
2455 427 2676 482 Iledibia
2703 443 2769 484 ex
2812 431 2915 484 illis
2954 438 3068 486 erat
3104 434 3435 503 regionibus,

1864 514 2004 582 quod
2038 516 2224 584 primis
2247 519 2427 571 statim
2454 518 2611 586 hujus
2638 520 2877 587 epistola:
2902 522 3077 576 verbis
3102 534 3433 593 compertum

1862 611 1965 656 est.
2008 605 2123 657 Alia
2166 622 2230 660 ex
2271 615 2421 675 parte
2447 610 2789 677 qumstioues,
2816 626 2949 679 quas
2992 616 3295 669 enodandas
3322 617 3436 670 ha‘c

1864 706 2229 762 proposuerat,
2267 715 2359 767 per
2382 701 2626 755 eumdem
2655 702 3004 770 Apodemium
3024 705 3205 759 delata:
3226 718 3347 761 sunt
3367 710 3433 763 ad

1862 781 2264 854 Hieronymum,
2290 802 2386 854 per
2410 804 2587 857 quem,
2615 790 2682 843 ab
2704 791 2913 853 iisdem,
2935 802 2992 845 ut
3009 794 3232 855 videtur.
3255 796 3435 852 Gallia:

1860 872 2075 935 ﬁnibus,
2108 875 2320 944 Algasia
2347 892 2472 932 suas
2499 879 2566 931 ad
2596 881 2845 934 eumdem
2884 895 3123 937 sanetum
3156 885 3433 941 Ductorem

1858 959 2170 1018 deferendas
2210 967 2697 1033 commendaverat,
2730 970 2872 1038 quod
2903 986 2970 1025 ex
3016 973 3290 1042 utriusque
3317 977 3433 1043 epi-

1858 1055 2011 1107 stola:
2042 1056 2191 1109 initio
2220 1068 2448 1111 constat.
2492 1060 2603 1115 Sub
2647 1062 2783 1115 idem
2834 1064 3008 1133 itaque
3039 1076 3245 1135 tempus
3274 1071 3433 1125 etiam

1858 1151 2136 1212 utramque
2189 1145 2495 1218 Hieronymi
2550 1151 2952 1217 responsionem
3009 1153 3187 1209 datam
3249 1157 3433 1223 fuisse,

1858 1248 2085 1299 pronum
2114 1243 2197 1287 est
2245 1238 2482 1300 credere,
2536 1248 2587 1292 et
2629 1239 2763 1294 forte
2806 1257 2899 1310 per
2927 1245 3173 1299 eumdem
3222 1264 3435 1318 quoque

1861 1320 2237 1388 Apodemium,
2267 1324 2391 1377 dum
2427 1326 2477 1378 in
2510 1328 2729 1395 patriam
2757 1332 3149 1399 regrederetur.
3177 1336 3329 1402 Quod
3375 1348 3434 1393 ut

1862 1412 2320 1467 verosimillimum
2349 1417 2439 1479 sit,
2471 1420 2735 1484 posterior
2781 1421 2881 1475 ista
2920 1423 2986 1477 ad
3014 1426 3302 1494 Algasiam,
3334 1444 3431 1483 nec

1860 1499 1971 1567 ipsa
2014 1501 2393 1558 Wandalorum
2437 1510 2695 1569 meminit,
2728 1521 2782 1564 et
2833 1522 3005 1567 tamen
3034 1525 3181 1569 certo
3211 1520 3427 1583 certius,

1857 1605 1961 1642 nou
2004 1592 2104 1644 nisi
2138 1603 2258 1661 post
2286 1597 2409 1649 anui
2438 1597 2561 1651 406.
2594 1600 2797 1668 aliquot
2841 1604 3028 1658 saltem
3061 1623 3274 1663 menses
3308 1611 3428 1665 data

1852 1687 1953 1732 est.
1983 1678 2114 1733 Cum
2140 1684 2279 1736 enim
2324 1688 2603 1752 quaestion.
2632 1686 2702 1740 Χ.
2737 1689 3022 1761 nemp/mm
3067 1701 3267 1751 mentio
3295 1700 3428 1755 inci-

1849 1770 2037 1836 disset,
2066 1771 2146 1825 De
2173 1791 2249 1836 eo,
2280 1775 2470 1845 inquit,
2500 1779 2552 1832 in
2580 1778 2837 1849 Prop/icta
2863 1785 3017 1838 Amos
3046 1789 3245 1855 plenius
3262 1792 3425 1846 disse-

1847 1862 2058 1916 ruimus.
2094 1863 2159 1917 Et
2188 1880 2346 1933 porro
2390 1867 2519 1921 nihil
2569 1880 2650 1923 est
2694 1870 3042 1931 dubitandum
3088 1877 3190 1933 hoc
3234 1884 3421 1937 eodem

1847 1966 2006 2017 anno,
2040 1955 2125 2019 qui
2144 1957 2273 2009 sexti
2309 1956 2611 2013 Consulatus
2641 1962 2845 2016 Arcadii
2895 1966 3128 2037 Augusti,
3171 1982 3218 2025 et
3257 1976 3425 2029 Anicii

1849 2040 2005 2096 Probi
2031 2047 2179 2115 fastis
2209 2064 2388 2103 nomen
2428 2053 2690 2119 imposuit,
2737 2070 2829 2109 eos
2859 2056 3286 2121 Commentarios
3310 2069 3424 2122 elu-

1848 2134 2116 2228 cubratas.
2142 2137 2303 2207 Igitur
2325 2140 2407 2193 sin
2438 2144 2612 2196 mitius
2626 2146 2691 2197 ad
2718 2148 2842 2199 anui
2873 2149 3028 2217 hujus
3059 2155 3240 2219 linem,
3270 2159 3422 2228 cujus

1850 2222 2036 2277 ultimo
2065 2241 2199 2294 pene
2223 2228 2311 2282 die
2342 2229 2393 2281 in
2421 2229 2617 2284 Gallias
2655 2236 2924 2293 exercitus
2968 2222 3422 2303 Barbarorum'ir-

1847 2316 2011 2408 rupit,
2045 2315 2126 2369 hae
2152 2316 2270 2371 duae
2297 2320 2454 2374 simul
2474 2321 2672 2389 juncta:
2701 2325 2941 2394 epistola:
2967 2333 3259 2391 referenda:
3278 2353 3421 2408 sunt,

1847 2402 1947 2458 hac
1972 2415 2221 2474 poterunt
2244 2413 2449 2465 ratione
2476 2412 2542 2465 ad
2563 2415 2686 2468 anni
2714 2418 3040 2489 insequentis
3064 2425 3188 2480 407.
3214 2402 3419 2486 initium

1846 2496 2057 2562 deduci,
2092 2508 2148 2553 ut
2176 2502 2409 2557 nondum
2434 2504 2791 2577 Hieronymus
2810 2520 2914 2566 tam
2940 2514 3095 2585 longe
3110 2518 3313 2577 dissita:
3329 2540 3419 2579 re-

1844 2587 2017 2657 gionis
2044 2590 2248 2647 cladem
2277 2592 2553 2662 audiverit,
2579 2598 2727 2668 cujus
2746 2610 2923 2657 tanien
2953 2606 3087 2661 fama
3106 2610 3289 2667 orbem
3311 2614 3420 2671 cito

1845 2680 2096 2746 pervasit.

1912 2769 2119 2829 CXXII.
2168 2772 2374 2843 Scripta
2394 2793 2478 2831 an.
2509 2778 2636 2833 407.
2654 2810 2725 2820 -
2752 2781 2878 2839 Hrec
2905 2785 3117 2844 demum
3166 2793 3411 2861 epistola,

1843 2874 1996 2925 quant
2018 2862 2136 2915 ideo
2163 2864 2227 2917 ad
2249 2880 2316 2919 an
2339 2867 2461 2921 407.
2486 2868 2807 2935 distulimus,
2835 2874 3190 2936 Barbarorum
3219 2887 3268 2937 in
3292 2886 3416 2941 Gal-

1845 2947 1940 3000 Iias
1967 2949 2314 3018 irruptionem
2336 2969 2400 3008 ac
2423 2957 2723 3011 vastitatem
2754 2962 3109 3033 llierouymus
3132 2983 3410 3027 memorat.

1846 3035 1915 3090 Ut
1957 3052 2148 3106 nempe
2174 3041 2471 3107 Rusticum,
2513 3045 2579 3097 ad
2622 3062 2781 3115 quem
2826 3050 3017 3107 littera:
3062 3057 3416 3131 demittantur,

1845 3128 2096 3219 Artemia:
2122 3130 2361 3200 conjugis
2388 3147 2499 3185 sua:
2525 3148 2799 3191 conversae
2840 3143 3087 3212 exemplo
3128 3148 3194 3202 ad
3243 3128 3419 3219 ptent-

1848 3218 2079 3311 tentiam;
2092 3220 2306 3311 excitet,
2352 3233 2671 3293 monentque
2686 3228 3032 3299 jurisjurandi
3052 3253 3153 3306 qua
3181 3218 3422 3311 testi/ica-

1847 3307 1980 3360 tione
1990 3307 2247 3373 pollicitus
2276 3321 2401 3375 erat,
2420 3323 2475 3365 ut
2493 3314 2771 3386 conjugem
2790 3320 2860 3372 ad
2883 3336 3057 3379 sancta
3080 3307 3417 3390 transeuntem

1846 3396 1957 3449 loca
1987 3397 2062 3449 vel
2090 3399 2276 3463 statim,
2309 3392 2387 3453 uel
2414 3412 2586 3471 postea
2608 3420 2912 3475 sequeretur,
2931 3415 3177 3473 miseram
3207 3425 3421 3492 proci“-

1846 3486 1941 3540 cia:
1969 3487 2083 3555 ejus
2108 3488 2296 3543 faciem
2326 3490 2396 3545 ob
2422 3493 2605 3548 oculos
2635 3502 2816 3565 ponit:
2852 3517 2969 3571 qua:
2997 3486 3338 3568 annum-407.
3362 3526 3418 3570 ut

1846 3592 2004 3676 supra
2020 3580 2383 3676 ostendimus,
2413 3582 2675 3676 designat.
2709 3588 2859 3655 Quod
2875 3594 2920 3647 si
2942 3604 3008 3660 te,
3038 3598 3227 3670 inquit,
3247 3606 3318 3657 rei
3336 3610 3415 3676 [ac

1846 3668 2057 3722 miliaris
2079 3679 2243 3725 tenent
2276 3674 2518 3743 reliquiae,
2552 3687 2605 3729 ut
2628 3682 2813 3735 scilicet
2837 3694 2884 3737 et
2910 3699 3092 3745 mortes
3112 3668 3413 3765 amicorum,

1846 3770 1893 3815 et
1919 3764 2099 3816 civium
2132 3764 2325 3831 videas,
2348 3776 2393 3819 et
2431 3768 2607 3822 ruinas
2641 3772 2841 3825 urbium
2869 3787 3018 3846 atque
3038 3784 3295 3850 villarum,
3317 3764 3422 3843 sal-

1848 3864 1943 3942 tem
1969 3856 2099 3937 inter
2122 3857 2423 3925 captiuitatis
2450 3860 2605 3923 mala,
2634 3871 2680 3913 et
2703 3866 2891 3931 feroces
2921 3868 3140 3924 hostium
3170 3876 3355 3942 rullus,
3373 3891 3421 3932 et

1854 3941 2133 3999 Provincite
2177 3957 2277 4000 tute
2321 3947 2521 4015 inﬁnita
2549 3953 2841 4022 naufragia,
2874 3964 3037 4012 teneto
3064 3962 3287 4018 tabulam
3313 3941 3420 4032 pce-

1848 4036 2087 4089 nitentia.

1919 4126 2147 4181 CXXIII.
2202 4126 2409 4197 Scripta
2455 4146 2543 4183 an.
2590 4133 2903 4207 lO9.—:—Ut
2947 4139 3301 4209 Ageruchiam
3352 4150 3423 4206 ab

1851 4216 2096 4271 ineundis
2120 4216 2365 4271 secundis
2381 4222 2578 4287 nuptiis
2605 4223 2933 4290 dehortetur,
2957 4241 3149 4297 printer
3173 4234 3420 4305 Bigamize

1851 4306 2207 4369 incommoda,
2234 4321 2294 4361 ea
2323 4307 2536 4363 demum
2559 4323 2864 4380 exaggerat,
2893 4331 3009 4384 quze
3029 4322 3148 4388 ejus
3173 4331 3422 4395 temporis

1851 4398 2181 4453 calamitates
2205 4397 2519 4453 inferebant.
2555 4400 2629 4454 Ex
2662 4402 2742 4455 his
2766 4402 3032 4474 Hispaniae
3068 4411 3290 4484 jamjam
3316 4436 3423 4487 φα.

1852 4489 2045 4553 ritum,
2073 4495 2117 4539 et
2147 4488 2309 4541 Roma
2339 4489 2451 4557 ipsa
2479 4490 2530 4543 in
2554 4492 2744 4559 gremio
2769 4510 2859 4548 suo
2880 4512 2979 4551 non
3007 4517 3099 4569 pro
3124 4506 3305 4575 gloria,
3334 4513 3424 4564 τεά

1855 4593 1946 4646 pro
1968 4578 2129 4630 salute
2159 4592 2424 4647 pugnans;
2471 4580 2572 4634 imo
2599 4598 2661 4635 ne
2684 4598 2916 4654 pugnans
2943 4590 3164 4660 quidem,
3195 4598 3285 4651 sed
3331 4617 3427 4654 au-

1854 4681 1933 4731 ro,
1962 4675 2007 4719 et
2032 4676 2210 4720 cuncta
2250 4668 2556 4737 supellectile
2581 4672 2732 4726 vitam
2757 4678 3022 4733 redimens.
3050 4682 3179 4748 Quae
3208 4688 3423 4755 quidem

1856 4759 1986 4813 satis
2011 4767 2208 4827 aperta:
2238 4768 2380 4814 nota:
2427 4770 2553 4815 sunt.
2580 4763 2708 4818 anui
2745 4766 2871 4823 409.
2904 4784 3025 4823 cum
3065 4775 3248 4829 scelere
3271 4781 3426 4832 semi-

1859 4851 2059 4904 barbari
2096 4852 2390 4921 proditoris,
2421 4852 2689 4910 Stiliconis
2714 4859 2920 4913 scilicet
2946 4875 2974 4912 a
3006 4860 3259 4919 Vandalis
3297 4882 3426 4936 pro.

1856 4943 2023 5011 gnati,
2050 4945 2151 4998 sub’
2178 4945 2335 4997 linem
2367 4947 2657 5012 superioris
2683 4949 2805 5000 anni
2832 4949 2900 5002 ab
2948 4949 3160 5004 Alarico
3205 4957 3423 5013 obsessa

1860 5042 1943 5087 est
1966 5033 2157 5098 Roma,
2186 5049 2326 5101 qum,
2349 5044 2403 5085 ut
2429 5036 2652 5087 salutem
2680 5047 2964 5104 utcumque
2984 5038 3290 5111 redimeret,
3311 5046 3432 5103 bar-

1861 5125 1989 5177 baro
2013 5125 2142 5177 Duci
2173 5124 2437 5193 ingentem
2467 5124 2574 5175 vim
2601 5125 2711 5176 auri
2734 5125 3004 5192 appendit.

1931 5214 2164 5267 CXXIV.
2210 5214 2416 5280 Scripta
2435 5229 2521 5265 an.
2545 5211 2671 5265 409.
2710 5214 2787 5265 vel
2814 5215 2937 5267 410.
2957 5244 3027 5254 -
3052 5217 3225 5274 Prima
3251 5228 3429 5283 statim

1862 5304 2104 5370 epistola:
2144 5302 2327 5364 verba,
2370 5316 2474 5368 quo
2501 5298 2697 5366 scripta
2730 5302 2798 5354 sit
2830 5311 3092 5373 tempore,
3146 5310 3317 5378 palam
3350 5316 3433 5371 fa-

1864 5397 2027 5447 ciunt.
2062 5392 2191 5443 Ante
2218 5405 2400 5451 annos,
2436 5389 2625 5455 inquit,
2654 5390 2852 5444 circiter
2880 5393 3067 5459 decem,
3115 5398 3335 5459 Sanctus
3362 5410 3437 5461 vir

1866 5485 2226 5541 Pammachius
2252 5485 2322 5537 ad
2342 5498 2419 5536 me
2434 5482 2700 5551 cujusdam
2719 5488 2983 5544 schedulas
2998 5495 3155 5558 misit,
3181 5511 3294 5564 qua:
3320 5496 3442 5551 Ori-

1870 5577 2008 5640 qenis
2034 5584 2137 5634 περὶ
2160 5581 2320 5644 Αρχῶν
2339 5573 2665 5641 interpretata
2690 5576 2944 5632 volumina
2966 5583 3291 5648 continerent,
3325 5595 3440 5640 etc.
