4048 6192
646 271 930 330 LXXXVII

646 389 931 445 Enimvero
960 379 1279 438 Pammachii
1327 379 1531 432 litteras
1581 374 1874 431 LXXXIII.
1922 390 2055 447 quas
2099 376 2219 431 heic

645 481 865 536 llieron.
890 476 1092 535 recolit.
1123 473 1186 526 ad
1207 487 1295 525 an.
1321 469 1446 525 399.
1468 484 1592 526 esse
1618 470 1946 525 revocandas
1975 485 2073 525 suo
2099 472 2216 526 loco

644 572 1005 630 ostendimus;
1032 578 1186 634 atque
1209 567 1342 619 adeo
1365 565 1550 620 isthmc
1576 565 1643 619 ad
1671 566 1902 629 Avitum,
1930 573 2039 633 post
2055 581 2216 618 annos

645 666 845 718 circiter
863 664 1028 713 decem
1055 660 1197 722 data,
1219 657 1284 710 ad
1311 657 1439 712 409.
1467 656 1548 711 vel
1575 656 1639 709 ad
1670 657 1794 711 410.
1825 656 2108 725 spectabit.

714 749 922 806 CXXV.
966 749 1170 816 Scripta
1194 764 1283 800 an.
1316 748 1440 801 411.
1463 776 1533 786 -
1553 746 1665 799 Non
1692 761 1975 814 possumus
2002 744 2125 812 quin
2148 743 2214 796 ad

640 842 908 896 Bullinum
930 839 1040 903 jam
1065 837 1171 889 fatu
1200 835 1438 890 functum
1465 836 1783 898 referamus,
1818 852 1934 905 quae
1954 851 2101 887 num.
2125 833 2212 895 18,

637 933 704 984 tle
748 930 988 985 Grnnnio
1032 929 1281 980 dicuntur
1328 929 1379 980 in
1435 927 1534 980 hac
1578 926 1799 995 cpistola
1842 942 1857 980 :
1904 924 2211 977 Testudinco

640 1020 899 1074 Grunnius
923 1020 1180 1071 incedebat
1230 1019 1297 1069 ad
1333 1017 1636 1086 loquendum
1661 1015 1845 1085 gradu,
1875 1026 1920 1067 et
1952 1032 2038 1082 per
2062 1016 2216 1065 inter-

638 1111 769 1163 ualla
795 1110 1024 1179 qutedum
1047 1109 1131 1160 ria:
1157 1124 1319 1176 pauca
1335 1108 1481 1160 verba
1507 1108 1762 1175 carpebat,
1793 1116 1846 1158 ut
1873 1122 1984 1158 eum
2013 1115 2212 1173 putares

634 1202 918 1272 singultire,
952 1217 1053 1252 non
1077 1200 1326 1268 proloqui.
1362 1198 1426 1252 Et
1451 1208 1616 1251 tamen
1642 1215 1754 1251 cum
1784 1214 1955 1249 mensa
1980 1197 2212 1261 apposita

639 1292 882 1344 librorum
901 1291 1209 1353 exposuisset
1227 1300 1433 1352 struem,
1466 1298 1595 1353 etc.,
1618 1288 1683 1341 ad
1717 1287 1874 1340 linem
1908 1300 2072 1354 usque
2094 1286 2211 1352 ejus

638 1384 866 1437 numeri.
912 1384 1085 1452 Atque
1115 1382 1214 1435 huc
1255 1396 1360 1434 uno
1388 1381 1599 1449 quidem
1628 1387 1943 1449 argumento
1996 1376 2209 1445 infringi

636 1484 881 1542 putamus
906 1472 1237 1540 conjecturas
1257 1471 1531 1525 doctorum
1557 1470 1851 1530 hominum,
1871 1467 1959 1537 qui
1976 1482 2064 1519 an.
2082 1466 2207 1519 406.

634 1563 751 1616 sine
781 1562 1123 1631 ambiguitate
1160 1560 1439 1629 epistolam
1467 1558 1817 1619 trilntendant,
1848 1571 2115 1623 unamque
2144 1569 2206 1608 ex

634 1653 701 1707 iis
729 1668 850 1708 esse
881 1655 1081 1714 volunt,
1113 1668 1245 1721 quas
1267 1650 1533 1704 Sisinnins
1556 1661 1679 1702 tunc
1711 1648 1966 1716 temporis
1988 1663 2018 1700 e
2040 1646 2208 1700 Palat-

635 1744 776 1796 stina
805 1743 971 1796 redux
998 1742 1185 1795 detulit
1214 1740 1265 1793 in
1295 1740 1623 1807 Hispaniam.
1664 1737 1795 1792 Nam
1826 1753 1945 1806 qua:
1970 1736 2069 1790 sub
2093 1736 2209 1804 epi-

636 1835 789 1888 stolze
829 1834 991 1887 linem
1036 1832 1105 1887 de
1142 1830 1411 1899 Exnpcrio
1437 1829 1648 1883 Tolosa:
1675 1829 1959 1897 EpiSCnpo,
1987 1826 2208 1896 ejusque

634 1925 996 1995 elecmosynis
1022 1923 1169 1989 dicit,
1201 1922 1267 1976 ad
1314 1922 1639 1991 pr:eteritum
1687 1929 1893 1988 tempus
1942 1926 2205 1988 spectant,

634 2023 692 2067 ut
714 2029 806 2068 cas
831 2014 1216 2084 cleemosynas,
1239 2026 1370 2082 quas
1395 2027 1491 2081 per
1516 2009 1806 2065 Sisinnium
1830 2008 2045 2078 IEgypti
2087 2021 2205 2061 mo-

636 2106 885 2159 nasteriis
910 2103 1243 2172 elargiendas
1274 2101 1659 2166 transmiserat,
1706 2098 1825 2153 heic
1854 2100 2070 2152 omnino
2101 2113 2206 2151 non

632 2196 849 2259 indicat,
882 2194 975 2248 sed
1006 2194 1154 2254 alias,
1185 2207 1314 2262 quas
1345 2208 1438 2261 per
1476 2191 1526 2245 id
1565 2204 1776 2261 quoque
1806 2190 2059 2258 temporis
2088 2204 2207 2242 ero-

520 2332 540 2345 .
631 2295 800 2356 garct.
836 2284 1213 2351 Quamobrem,
1245 2297 1364 2336 cum
1396 2284 1568 2350 palam
1616 2282 1705 2344 sit,
1761 2281 1861 2335 sub
1893 2281 2049 2335 linem
2081 2281 2204 2334 anni

628 2374 757 2429 M0.
786 2389 1095 2442 supremum
1117 2372 1257 2426 diem
1278 2370 1547 2425 Bullinum
1575 2370 1795 2437 obiisse,
1826 2386 1945 2441 qua:
1982 2370 2069 2424 hic
2088 2370 2205 2439 ejus

630 2464 737 2533 jam
758 2463 1018 2517 demortui
1040 2464 1099 2515 tit
1116 2462 1332 2527 mentio,
1360 2460 1502 2531 cogit
1524 2468 1581 2515 ut
1601 2460 1667 2515 ad
1697 2462 2066 2531 insequentem
2100 2460 2207 2514 sal-

632 2564 743 2608 tem
769 2555 895 2609 411.
928 2552 1208 2623 epistolam
1250 2551 1603 2617 deducamus;
1633 2553 1685 2606 in
1710 2568 1866 2622 quem
1902 2553 2060 2607 etiam
2107 2566 2207 2621 ap-

634 2644 806 2712 prime
845 2642 1115 2707 convenit,
1162 2657 1280 2712 qune
1309 2642 1409 2697 sub
1438 2642 1553 2711 ejus
1580 2643 1736 2717 linem
1764 2642 2081 2712 exprimitur
2112 2642 2206 2695 tri-

635 2734 867 2787 stissima
896 2734 983 2787 illa
1013 2733 1249 2788 universi
1290 2733 1433 2787 orbis
1482 2732 1636 2797 facie,
1667 2742 1787 2802 post
1813 2743 2040 2800 captam,
2065 2730 2208 2786 dire-

631 2832 879 2892 ptamque
909 2822 1126 2888 Urbem,
1159 2832 1214 2876 ut
1224 2823 1398 2892 juxta,
1430 2832 1538 2890 post
1564 2822 1790 2875 miserias
1811 2822 1917 2892 ejus
1945 2823 2202 2888 temporis,

632 2922 679 2967 et
704 2914 885 2981 ubique
911 2914 1110 2983 gladios
1150 2913 1424 2977 saevientes,
1455 2912 1579 2966 satis
1617 2913 1752 2965 dives
1790 2920 1933 2977 esset,
1961 2912 2049 2981 qui
2075 2926 2205 2980 pane

631 3020 733 3057 non
759 3003 1025 3073 indigeret,
1066 3013 1113 3058 et
1158 3004 1371 3058 nimium
1417 3013 1614 3073 potens,
1658 3004 1743 3072 qui
1771 3004 1955 3056 servire
1983 3019 2083 3056 non
2112 3018 2201 3056 co-

629 3075 846 3164 geretur.

700 3184 929 3240 CXXVI.
959 3184 1162 3256 Scripta
1183 3202 1270 3239 an.
1301 3184 1427 3240 “2.
1472 3215 1545 3225 —
1584 3184 1714 3239 Cum
1751 3185 1815 3239 ad
1844 3184 2201 3240 Marcellinum

633 3275 922 3331 Tribunum
957 3277 1008 3330 in
1050 3277 1282 3330 Africam
1324 3277 1406 3329 lue
1432 3276 1624 3330 littera:
1652 3275 1787 3329 datm
1811 3285 1952 3341 sunt,
1985 3277 2036 3330 in
2064 3276 2200 3331 Eze-

634 3366 772 3420 chiel
818 3369 1250 3432 commentarios,
1297 3374 1357 3420 ut
1395 3382 1544 3419 num.
1572 3366 1626 3418 2.
1669 3368 2004 3435 perspicuum
2042 3369 2200 3422 estin

642 3456 759 3522 ipso
778 3455 1013 3508 dictandi
1049 3456 1270 3509 exordio
1312 3455 1528 3508 Hieron.
1553 3455 1927 3517 intermiserat,
1954 3456 2095 3524 quod
2117 3457 2202 3510 ni-

638 3547 801 3599 mium
839 3549 1038 3598 animus
1079 3546 1188 3605 eius
1249 3543 1646 3597 Occidentalium
1687 3541 2096 3612 Provinciarum,
2155 3554 2203 3600 et

636 3637 856 3689 maxime
880 3635 1027 3690 Urbis
1056 3635 1231 3689 Roma:
1253 3635 1528 3688 vastatione
1546 3637 1783 3704 confusus
1809 3644 1949 3687 esset.
1978 3633 2089 3688 Hoc
2110 3653 2201 3688 au-

636 3739 735 3780 tem
780 3744 912 3780 anno
942 3744 1053 3781 cum
1093 3736 1191 3782 tres
1232 3728 1531 3797 explicasset
1575 3724 1729 3780 libros
1756 3725 1946 3779 subitus
1990 3726 2201 3796 impetus

634 3818 970 3873 Barbarorum
991 3821 1062 3873 sic
1089 3819 1306 3891 zEgypti
1335 3821 1559 3885 limitem,
1591 3817 1899 3881 Patrestime,
1929 3816 2200 3884 Pluznicis,

636 3910 806 3983 Syriae
842 3913 1154 3981 percurrit...
1198 3922 1253 3964 ut
1290 3912 1372 3965 ria:
1414 3928 1592 3963 manus
1637 3927 1807 3964 eorum
1860 3910 2200 3964 misericordia

635 4000 820 4057 Christi
850 4002 1062 4070 potuerit
1091 4001 1318 4055 evadere.
1367 4000 1544 4069 Itaque
1573 4000 1675 4053 alio
1695 4000 1761 4054 ab
1781 4013 1847 4054 eo
1869 4041 1884 4065 ,
1920 4015 2026 4070 quo
2050 4010 2199 4070 capta

634 4092 803 4147 Iinuia
831 4101 911 4146 est
930 4134 945 4156 ,
990 4106 1131 4145 anno
1160 4090 1242 4144 lue
1272 4091 1458 4145 litterae
1486 4090 1866 4158 'consignandre
1887 4100 2029 4155 sunt,
2062 4091 2200 4159 quod

632 4182 750 4253 ipse
775 4182 978 4249 verbis;
1002 4182 1096 4235 hoc
1122 4191 1288 4236 autent
1310 4197 1443 4234 anno
1468 4181 1798 4250 apertissime
1821 4181 2074 4236 declarat.
2107 4182 2201 4239 Hic

633 4290 763 4329 vero
798 4289 903 4329 non
946 4274 1045 4329 nisi
1080 4274 1214 4329 alter
1250 4282 1366 4342 post
1393 4272 1546 4328 Urbis
1590 4274 1968 4342 vastationem,
2009 4290 2203 4344 nempe

636 4368 763 4423 M2.
803 4368 1081 4422 commode
1117 4375 1285 4436 potest
1327 4366 1563 4434 intelligi;
1588 4365 2011 4435 quandoquidem
2036 4366 2200 4420 Com-

638 4459 882 4512 mentarii
905 4459 956 4509 in
980 4456 1330 4520 Ezechielem,
1356 4471 1485 4524 quos
1512 4457 1697 4510 eodem
1720 4456 1819 4511 hoc
1845 4472 1983 4511 anno
2008 4459 2197 4512 iterum

639 4546 708 4600 ab
735 4545 953 4599 exordio
980 4544 1045 4598 ad
1071 4547 1282 4599 tertium
1315 4559 1481 4613 usque
1514 4545 1702 4600 librum
1731 4547 1994 4613 perduxit,
2023 4548 2076 4601 in
2107 4563 2204 4600 an-

576 4630 591 4644 ’
640 4649 766 4689 num
793 4633 1157 4701 insequentem
1183 4633 1309 4686 415.
1335 4633 1535 4687 dill‘erri
1569 4648 1669 4686 non
1699 4634 1888 4703 placet.
1922 4635 2104 4691 Sentio
2127 4646 2203 4688 ta-

642 4739 762 4779 men
792 4738 858 4778 ex
905 4722 1125 4791 epistola
1166 4721 1289 4775 heie
1314 4723 1437 4775 151.
1463 4737 1516 4777 n.
1546 4721 1600 4775 8.
1647 4731 1754 4776 tum
1786 4724 1885 4777 alia
1925 4725 2203 4794 Augusﬁni

639 4817 762 4871 190.
806 4831 857 4870 c.
895 4813 949 4869 6.
991 4829 1137 4868 num.
1192 4812 1265 4866 20
1304 4813 1475 4884 colligi
1531 4813 2110 4881 posse,‘Marcellinum
2134 4817 2202 4869 ab

641 4908 962 4977 Hieronymo
983 4920 1085 4958 non
1107 4912 1262 4957 antea
1286 4902 1605 4956 sciscitatum
1630 4902 1789 4958 fuisse
1815 4904 1882 4959 de
1909 4905 2202 4959 animarum

638 4998 862 5068 origine,
891 5009 1049 5066 quam
1082 4994 1149 5048 ab
1183 4992 1474 5062 Augustino
1510 4996 1906 5063 reSponsionem
1936 4994 2120 5049 hacde
2151 5011 2205 5048 re

639 5088 950 5156 accepisset.
976 5085 1121 5139 Hanc
1149 5092 1323 5138 autem
1354 5084 1751 5153 responsionem
1778 5101 1882 5138 non
1907 5085 2060 5139 aliam
2088 5099 2208 5139 esse

640 5194 800 5251 quam
847 5177 1082 5247 ejusdem
1116 5174 1391 5245 Augustini
1429 5189 1515 5245 ep.
1561 5175 1683 5239 145,
1716 5189 1835 5242 qua:
1874 5174 1938 5227 ad
1982 5175 2203 5243 August.

643 5281 884 5322 mensem
930 5264 1053 5318 anni
1093 5263 1199 5319 412
1226 5271 1448 5332 spectat,
1478 5272 1634 5332 atque
1664 5262 1797 5317 adeo
1824 5262 1890 5315 ad
1920 5262 2209 5332 insequen-

642 5365 751 5411 tem
771 5357 898 5410 41⁸5.
931 5354 1236 5425 llieronymi
1260 5354 1657 5424 responsionem
1677 5354 1842 5409 videri
1862 5368 2015 5423 posse
2033 5363 2209 5407 trans-

645 5443 935 5498 ferendam.

717 5528 972 5584 CXXVII.
1019 5527 1220 5596 Scripta
1247 5530 1418 5581 eodem
1440 5546 1525 5584 an.
1553 5533 1678 5586 412.
1724 5562 1795 5573 —
1842 5534 1968 5588 Post
2012 5533 2212 5601 aliquot

651 5619 770 5672 dies
808 5632 872 5670 ex
912 5630 1018 5683 quo
1042 5624 1193 5683 capta
1221 5615 1387 5667 Roma
1421 5628 1522 5681 est,
1557 5619 1866 5689 direptaque
1906 5623 1973 5676 ab
2003 5621 2212 5675 Alarico

654 5718 796 5759 anno
826 5704 948 5759 410.
980 5712 1104 5772 puta
1150 5702 1445 5769 Septembri
1476 5720 1676 5769 mense,
1708 5709 1947 5763 Marcella
1977 5711 2118 5766 diem
2146 5713 2220 5766 ob

2059 262 2445 319 PREFATIO.

3585 269 3891 338 LXXXVIII

2322 375 2416 441 iit,
2441 375 2582 446 quod
2609 375 2710 431 sub
2733 374 2893 445 hujus
2932 376 3172 447 epistolce
3194 376 3354 433 tinem
3382 380 3610 451 copiose
3636 383 3894 458 Hierony-

2321 483 2438 522 mus
2461 474 2661 522 narrat.
2693 466 2854 537 Atqui
2881 467 2980 521 sub
3000 467 3240 537 ejusdem
3265 469 3493 533 initium,
3521 474 3662 540 quod
3690 475 3759 528 ab
3784 478 3894 545 ejus

2319 566 2491 611 morte
2539 555 2642 610 huc
2680 572 2846 624 USqtle
2870 557 3113 611 laudibus
3143 561 3395 631 prosequi
3425 560 3635 616 Sancte
3664 563 3893 623 {tentiam

2318 648 2630 702 memoriam
2660 648 2974 711 distulisset.
3025 657 3080 703 et
3108 649 3360 704 biennium
3392 657 3717 722 pra-terissi-t
3743 660 3890 714 silen-

2320 737 2407 798 tio,
2430 739 2647 790 tristitia:
2671 738 2955 792 iucrcdiblis
2978 738 3141 795 fuisse
3179 752 3448 803 causatur,
3481 761 3583 813 qua
3608 761 3667 800 se
3691 750 3892 816 romani

2318 825 2525 895 imperii
2565 829 2846 896 captivitas
2890 829 3160 894 ail‘ecerat,
3190 833 3297 885 imo
3351 836 3628 891 universus
3664 840 3808 891 orbis
3836 852 3886 895 et

2317 916 2552 969 cladibus
2579 918 2829 982 alilictus,
2861 928 2913 971 ut
2943 919 3070 971 nihil
3098 921 3313 990 dignum
3344 923 3603 979 Maro-lla:
3649 927 3891 982 laudibus

2316 1006 2417 1059 dici
2458 1016 2580 1060 tunc
2611 1023 2768 1075 posse
2797 1008 3078 1077 judiCaret.
3116 1013 3190 1064 Eo
3218 1012 3375 1082 igitur
3399 1018 3610 1081 eripieto
3637 1020 3889 1085 temporis

2315 1097 2506 1163 spatio,
2532 1113 2621 1151 an.
2647 1099 2762 1151 scil.
2801 1099 2906 1152 412
2932 1101 3251 1155 melioribus
3278 1106 3529 1173 auspiciis
3560 1106 3889 1177 Epitaphium

2314 1186 2429 1250 cjtts
2463 1189 2736 1241 memoria:
2765 1188 3050 1256 dedicavit,
3081 1192 3223 1260 quod
3253 1193 3533 1264 Principia:
3573 1196 3775 1267 Virgini
3816 1200 3891 1253 in-

2314 1274 2516 1327 scribit.

2381 1365 2657 1422 CXXVIII.
2683 1367 2887 1439 Scripta
2902 1386 2986 1423 an.
3012 1371 3551 1437 iiIi—Pacatulam,
3575 1392 3730 1445 quam
3756 1377 3890 1433 hisce

2312 1453 2502 1508 litteris
2543 1472 2675 1525 quas
2718 1471 2905 1528 postea
2944 1461 3144 1515 lectura
3183 1471 3348 1526 esset,
3391 1466 3604 1520 ermlire
3629 1467 3886 1537 intelligit,

2312 1552 2488 1597 natam
2530 1545 2764 1616 biennio,
2811 1558 2899 1601 aut
2926 1552 3156 1604 triennio
3199 1563 3483 1621 antequam
3511 1557 3789 1623 epistolam
3815 1560 3889 1613 is-

2312 1642 2417 1687 tam
2447 1630 2728 1700 scriberet,
2759 1640 2891 1692 satis
2916 1643 3200 1697 manifesto
3230 1644 3426 1698 indicat
3448 1646 3545 1699 sub
3564 1649 3680 1714 ejus
3710 1647 3885 1714 “item,

2311 1736 2430 1778 cum
2462 1727 2541 1778 sui
2569 1729 2823 1794 temporis
2864 1729 3071 1783 deﬂens
3097 1732 3450 1799 calamitates,
3497 1735 3665 1798 Orbis,
3700 1738 3885 1805 inquit,

2311 1823 2560 1869 terrarum
2587 1820 2752 1871 ruit...
2787 1819 2919 1874 Urbs
2949 1823 3157 1892 inclyta,
3190 1834 3235 1878 et
3265 1823 3485 1880 Romani
3512 1828 3711 1896 imperii
3740 1842 3889 1900 caput

2310 1923 2412 1960 uno
2442 1909 2621 1962 Itausta
2635 1916 2715 1963 ‘est
2746 1911 2978 1966 incendio
3011 1929 3029 1966 :
3055 1916 3197 1968 nulla
3218 1927 3290 1969 est
3312 1918 3470 1987 regio,
3500 1934 3616 1984 qua
3640 1936 3742 1973 non
3770 1938 3888 1975 caru-

2310 1998 2383 2052 les
2425 1998 2684 2056 Romanos
2722 2003 2921 2057 habeat.
2969 2005 3037 2058 Et
3078 2008 3234 2074 paulo
3280 2007 3412 2060 intra
3441 2024 3460 2061 :
3502 2008 3597 2062 llis
3644 2008 3889 2064 Pacatula

2310 2104 2482 2146 nostra
2526 2104 2645 2146 nata
2686 2104 2756 2147 cst
2801 2097 3105 2163 temporibus
3138 2115 3152 2150 :
3197 2099 3326 2151 inter
3354 2098 3459 2151 hac
3486 2099 3763 2167 crepundia
3790 2102 3891 2170 pri-

2308 2198 2444 2234 utaut
2480 2183 2669 2251 carpsit
2710 2194 2927 2245 artatem,
2968 2195 3085 2238 ante
3108 2187 3366 2257 lacrymas.
3396 2189 3601 2249 scitura,
3633 2206 3787 2257 quant
3816 2192 3887 2243 ri-

2308 2288 2439 2327 sum.
2484 2274 2609 2329 llmc
2645 2289 2773 2329 vero
2802 2276 3104 2330 tri5tissima
3132 2293 3307 2332 rerum
3337 2278 3520 2343 facies,
3552 2295 3709 2348 quam
3738 2291 3885 2349 capta

2302 2364 2412 2434 jam
2445 2365 2605 2431 Urbe,
2633 2377 2687 2422 et
2714 2369 2917 2422 romani
2964 2370 3167 2438 imperii
3199 2379 3441 2424 truncato
3465 2372 3657 2439 capite,
3688 2370 3888 2426 descri-

2309 2456 2406 2523 bit,
2434 2458 2486 2511 in
2511 2459 2669 2512 alium
2701 2460 3035 2515 commodius
3061 2475 3278 2524 annum,
3301 2476 3459 2529 quam
3481 2462 3586 2514 415
3605 2463 3889 2518 convenire

2310 2559 2414 2598 non
2443 2546 2650 2601 videtur
2677 2562 2690 2610 ;
2721 2563 2820 2601 nec
2848 2547 2959 2618 ipsa
2992 2547 3174 2601 itidem
3193 2546 3471 2614 infantula,
3504 2564 3623 2618 qua:
3648 2557 3706 2603 ut
3733 2551 3887 2604 citius

2308 2634 2408 2689 sub
2434 2634 2572 2689 idem
2603 2643 2813 2705 tempus
2838 2652 2965 2706 quo,
2989 2638 3182 2691 cecidit
3210 2638 3404 2700 Roma,
3435 2639 3490 2692 in
3520 2637 3690 2694 lucem
3721 2655 3884 2695 vene-

2307 2725 2397 2788 rit,
2427 2741 2492 2779 ex
2523 2734 2634 2780 toto
2658 2728 2922 2796 superiori
2951 2737 3203 2782 contextu
3224 2771 3239 2793 ,
3281 2731 3564 2785 triennium
3596 2733 3887 2787 excessisse

2306 2813 2570 2868 credenda
2597 2818 2686 2880 sit,
2715 2817 2909 2885 quippe
2936 2833 3054 2885 qua:
3086 2819 3296 2871 interim
3341 2820 3392 2872 in
3425 2822 3539 2874 sinu
3563 2823 3738 2875 matris
3766 2838 3885 2890 gar-

2306 2902 2425 2956 rula
2466 2920 2594 2983 voce
2618 2904 2901 2970 balbutiret,
2942 2920 3041 2959 nec
3065 2907 3110 2959 si
3140 2909 3288 2960 modo
3332 2909 3609 2963 litterarum
3649 2911 3889 2965 elementa

2306 3003 2644 3061 cognosceret,
2694 2997 2831 3048 ultra
2861 2994 3061 3065 aliquid
3108 3007 3307 3065 posset,
3337 3014 3493 3069 quam
3520 3000 3741 3069 syllabas
3758 3001 3889 3070 jun-

2304 3098 2438 3152 gere.

2375 3172 2612 3230 CXXIX.
2644 3174 2848 3245 Scripta
2875 3192 2963 3231 an.
2986 3176 3111 3232 414.
3168 3207 3233 3217 -
3257 3177 3374 3232 Jam
3411 3178 3637 3248 duplicis
3688 3179 3891 3234 Prasio-

2305 3273 2471 3321 cturte
2502 3266 2759 3321 honorem
2809 3276 3139 3338 transegerat
3171 3268 3464 3334 Dardanus,
3505 3285 3624 3324 cum
3660 3270 3792 3323 istas
3829 3271 3890 3325 ad

2305 3370 2425 3409 eum
2453 3356 2657 3412 litteras
2682 3357 3037 3428 Hieronymus
3065 3358 3372 3422 destinavit,
3413 3369 3470 3412 ut
3497 3362 3597 3413 sub
3619 3375 3814 3415 earum
3838 3362 3893 3415 li-

2306 3461 2428 3502 nem
2458 3449 2790 3517 perspicuum
2820 3457 2920 3501 cst.
2949 3449 3026 3502 Ac
3050 3449 3278 3516 primum
3306 3447 3396 3500 ille
3442 3450 3724 3516 pra-lectus
3749 3452 3895 3507 Prm-

2305 3540 2442 3593 torio
2463 3538 2750 3594 Galliarum
2781 3537 2896 3603 luit,
2923 3553 3013 3591 an.
3033 3538 3137 3591 409
3158 3546 3375 3591 notante
3403 3538 3735 3595 Gothofredo
3753 3543 3891 3597 Cod.

2306 3631 2508 3685 Thcod.
2536 3631 2627 3684 lib.
2652 3628 2766 3691 XII,
2787 3629 2891 3682 'I‘it.
2912 3630 2961 3694 1,
2984 3628 3051 3682 de
3072 3628 3515 3693 Centurionibus,
3534 3630 3636 3700 leg.
3651 3630 3891 3687 CLXXI.

2307 3722 2534 3775 ltursnm
2554 3735 2676 3774 vero
2691 3718 2933 3773 eamdem
2962 3718 3326 3787 prmfecturam
3341 3722 3601 3788 gessitan.
3619 3722 3743 3786 415,
3759 3732 3893 3777 nte:

2307 3811 2515 3865 Tironis
2542 3811 2786 3880 Prosperi
2815 3810 3071 3865 chronico
3102 3810 3333 3877 elicitur,
3357 3811 3444 3865 ubi
3470 3811 3695 3865 Dardani
3726 3816 3894 3881 potis-

2306 3902 2499 3955 simum
2542 3901 2798 3955 industria
2840 3902 3087 3956 Jovinum
3131 3910 3437 3972 tyrannum,
3465 3917 3655 3957 averso
3684 3905 3752 3959 ab
3779 3907 3895 3975 ejus

2307 3992 2563 4046 societate
2585 3990 2849 4060 Ataulpho
2872 3990 3038 4061 Rege,
3067 4005 3381 4060 oppressum
3401 3991 3558 4045 tradit
3583 4008 3596 4043 :
3626 3992 3783 4062 Olym
3797 3997 3898 4063 pio‘

2306 4082 2466 4137 dorus
2509 4082 2807 4137 conllrmat.
2852 4082 2979 4138 llaec
3020 4091 3195 4136 autem
3232 4083 3363 4136 satis
3391 4094 3707 4154 argumento
3744 4096 3892 4152 sunt,

2307 4176 2557 4244 scriptam
2574 4189 2679 4230 non
2698 4176 2859 4230 fuisse
2879 4174 3161 4245 epistolam
3176 4183 3300 4229 ante
3320 4190 3407 4227 an.
3431 4176 3533 4230 414
3579 4175 3684 4230 Sed
3711 4193 3895 4232 rursus

2308 4283 2425 4321 cum
2456 4282 2571 4322 eam
2602 4268 2775 4337 primo
2813 4264 3318 4321 commentariorum
3349 4266 3401 4319 in
3428 4266 3716 4331 Jeremiam
3758 4268 3894 4323 libra

2309 4372 2426 4426 cap.
2454 4360 2488 4413 5
2507 4374 2536 4412 ει
2565 4374 2625 4414 se
2650 4374 2809 4427 nuper
2836 4357 3024 4412 editam
3050 4356 3209 4424 dicat,
3235 4360 3387 4427 isque
3405 4358 3540 4413 liber
3556 4367 3612 4411 ut
3630 4360 3806 4414 serius
3832 4362 3894 4413 ad

2310 4447 2675 4518 insequentem
2721 4463 2811 4502 an.
2858 4448 2963 4503 415
3008 4448 3248 4503 revocari
3296 4456 3476 4516 queat,
3526 4458 3584 4502 ut
3633 4464 3734 4502 suo
3778 4452 3897 4504 loco

2314 4547 2691 4604 monstramus,
2741 4538 2913 4607 palam
2955 4537 3033 4603 lit,
3076 4538 3339 4608 superiori
3384 4538 3519 4607 ipso,
3545 4553 3739 4607 nempe
3766 4541 3897 4603 414,

2312 4629 2593 4699 prodiisse.

2381 4718 2595 4774 CXXX.
2639 4718 2844 4789 Scripta
2866 4735 2955 4773 an.
2984 4718 3110 4773 414.
3153 4747 3227 4761 -
3268 4718 3458 4774 Tribus
3490 4718 3627 4773 haud
3654 4718 3901 4773 obscuris

2316 4811 2475 4873 notis,
2516 4824 2621 4880 quo
2662 4820 2900 4879 tempore
2935 4809 3002 4863 ad
3050 4810 3437 4863 Demetriadem
3469 4809 3751 4872 scriberet,
3784 4808 3900 4875 ipse

2318 4902 2670 4971 Hieronymus
2718 4901 2990 4954 indicavit.
3039 4901 3190 4954 Prior
3224 4901 3311 4954 illa
3355 4908 3438 4955 est
3467 4914 3612 4954 num.
3639 4897 3676 4951 2
3719 4899 3811 4952 ubi
3842 4911 3901 4951 se

2317 4992 2389 5044 ait
2419 5000 2713 5059 occupatum
2755 4990 2808 5042 in
2861 4988 3220 5057 explanatione
3257 4990 3431 5060 templi
3476 4990 3825 5044 Ezechielis...
3855 5002 3900 5044 et

2316 5082 2369 5133 in
2398 5098 2458 5134 ea
2477 5072 2617 5149 parte
2640 5079 2854 5142 delubri,
2882 5080 2936 5131 id
2961 5095 3063 5147 qua
3087 5078 3282 5133 “Sancta
3323 5078 3648 5145 Sanctorum,
3681 5090 3729 5133 et
3761 5079 3902 5149 Thy-

2320 5170 2573 5221 miamatis
2591 5169 2750 5222 altare
2778 5168 3095 5231 describitur,
3124 5168 3364 5222 maluisse
3404 5183 3675 5236 parumper
3700 5170 3774 5221 uti
3806 5170 3901 5221 hoc

2320 5255 2635 5322 diverticulo,
2677 5264 2731 5310 ut
2772 5258 2836 5309 de
2878 5256 3035 5310 altari
3078 5257 3314 5311 transiret
3354 5256 3424 5309 ad
3463 5256 3645 5320 altare,
3692 5258 3902 5312 scilicet

2323 5348 2732 5402 Demetriadem.
2776 5349 2905 5404 Post
2946 5363 3137 5417 nempe
3183 5362 3272 5401 an.
3315 5348 3419 5401 414
3440 5346 3505 5401 ad
3545 5364 3702 5416 quem
3730 5364 3903 5418 usque

2322 5437 2509 5490 deduci
2532 5441 2781 5506 postremi
2802 5436 3315 5494 Commentariorum
3342 5436 3395 5489 in
3429 5436 3758 5492 Ezccltielem
3790 5447 3904 5493 tres

2323 5527 2444 5582 libri
2475 5529 2558 5581 vix
2589 5539 2841 5599 possunt,
2872 5526 3081 5584 censeri
3114 5541 3443 5596 nequaquam
3471 5526 3628 5580 debet
3648 5528 3902 5597 epistola,

2323 5632 2440 5687 qua:
2458 5618 2560 5672 illis
2577 5619 2891 5675 intermissis
2911 5619 3107 5674 dictata
3125 5625 3229 5670 est.
3249 5615 3482 5669 Alteram
3499 5615 3903 5687 designat,cum

2330 5710 2705 5769 llcraclianum
2740 5711 2924 5767 Africae
2942 5710 3201 5765 Comitem
3222 5706 3286 5762 iis
3317 5707 3489 5761 verbis
3518 5708 3795 5777 describit,
3847 5717 3904 5763 ut
