4048 6192
211 294 475 352 LXXXIX

209 409 422 463 omnino
445 416 565 478 post
587 407 706 476 ejus
726 419 907 462 necem
935 402 1078 475 loqui
1107 401 1446 472 perspicuum
1476 397 1566 454 sit.
1621 396 1780 463 Quem

209 501 418 564 nescias,
465 501 558 563 ait,
610 509 780 552 utrum
825 498 1040 559 avarior,
1089 512 1156 548 an
1195 492 1449 548 crudelior
1487 487 1782 559 fuerit;cui

209 591 336 643 nihil
361 590 500 642 dulce
525 601 712 658 prater
739 590 908 641 vinum
928 597 973 641 et
997 589 1230 655 pretium,
1260 595 1306 637 et
1327 584 1411 652 qui
1440 582 1529 633 sub
1551 579 1776 633 occasio-

209 699 274 734 ne
298 684 508 750 partium
538 680 910 735 clementissimi
954 677 1211 742 Principis
1235 719 1250 740 ,
1278 675 1576 728 sa’vissimns
1603 671 1779 722 extite-

205 767 273 819 rit
311 777 663 834 tyrannorum,
690 773 795 818 etc.
839 763 934 816 llic
964 778 1052 814 an.
1085 761 1188 814 415
1212 773 1316 828 quo
1359 754 1572 810 Luciani
1606 753 1664 805 ν.
1694 751 1775 804 Cl.

205 855 402 922 collega
432 856 484 907 iu
512 855 794 908 consulatu
824 851 955 914 fuit,
984 850 1086 904 sub
1124 851 1346 917 August.
1376 858 1634 904 mensem,
1668 840 1778 893 No-

203 961 395 1005 varum,
420 955 474 998 ιιι
507 947 575 997 ait
609 946 856 1012 PrOSper,
912 943 963 995 in
995 941 1170 1011 Africa
1196 953 1363 992 rerum
1395 951 1512 988 rcus
1542 934 1778 985 honorem

201 1036 364 1088 emisit
392 1033 438 1089 et
465 1036 617 1088 ritam
640 1051 659 1088 :
686 1050 748 1088 ex
778 1048 882 1101 quo
912 1031 1062 1085 facile
1094 1039 1176 1083 est
1198 1028 1494 1096 intelligere
1520 1039 1622 1076 nou
1656 1031 1779 1074 ante

197 1128 436 1196 ejusdem
470 1143 560 1181 au.
590 1129 696 1181 415
726 1125 905 1197 linem,
929 1140 1046 1193 qua:
1070 1122 1136 1175 de
1165 1117 1504 1188 aequissimis
1525 1115 1638 1184 ejus
1667 1128 1775 1165 mo-

193 1219 339 1271 ribus
368 1218 729 1277 recitavimus,
759 1215 1138 1284 Iliero-uymum
1165 1211 1399 1264 scribere
1419 1206 1666 1275 potuisse.
1690 1203 1782 1256 Dc-

191 1310 356 1379 nique
381 1313 487 1362 sub
513 1309 672 1374 epist.
699 1307 855 1359 linem
884 1321 1004 1373 qua:
1030 1303 1181 1355 tertia
1210 1309 1333 1352 nota
1363 1307 1467 1359 cst,
1494 1295 1689 1349 librum
1721 1293 1783 1345 de

198 1399 513 1470 Virginitate
535 1399 784 1452 servanda
809 1405 926 1447 ante
954 1409 1112 1446 annos
1129 1391 1322 1442 circiter
1352 1387 1559 1456 triginta
1585 1385 1782 1438 editum

190 1505 219 1544 a
258 1504 320 1543 se
371 1497 548 1548 notat,
596 1487 684 1554 qui
731 1485 887 1548 liber,
940 1483 1053 1535 sive
1079 1481 1234 1548 epist.
1276 1476 1563 1531 XXIlcum
1594 1473 1658 1526 ad
1682 1471 1784 1526 584

191 1578 348 1633 certis
386 1575 721 1644 argumentis
765 1573 1058 1641 pertineat,
1110 1570 1245 1622 banc
1281 1567 1501 1637 propius
1537 1565 1692 1618 docet
1715 1561 1780 1615 ad

190 1670 358 1738 ipsmn
390 1667 498 1720 414
526 1664 902 1718 revoeandam.

255 1755 498 1812 CXXXI.
539 1751 798 1808 CXXXII.
841 1750 1059 1818 Scripta:
1086 1765 1172 1800 an.
1199 1745 1402 1800 4I5.—
1416 1743 1615 1797 Harum
1645 1752 1775 1795 tcta-

192 1859 291 1902 tem
318 1864 444 1902 cum
476 1847 578 1902 Cll.
603 1842 961 1898 Benedictiuis
989 1837 1278 1893 editoribus
1303 1835 1368 1888 ad
1390 1850 1476 1887 an.
1509 1833 1613 1887 415
1638 1833 1775 1886 refe-

189 1944 376 2007 rimus,
425 1939 566 2008 quod
612 1950 802 2006 nempe
841 1933 1126 1987 oceasioue
1157 1929 1326 1984 Orosii
1375 1927 1676 1997 Presbyteri
1720 1926 1770 1978 in

189 2032 526 2088 Palmsﬁnam
557 2031 658 2083 hoc
677 2041 816 2080 anno
838 2025 936 2078 sub
972 2037 1191 2077 vernum
1215 2031 1422 2088 tempus
1450 2016 1768 2086 navigantis,

190 2125 354 2192 prima
399 2123 595 2176 dictata
645 2118 738 2183 sit,
765 2115 906 2185 quod
937 2130 1003 2168 ex
1051 2128 1199 2167 num.
1230 2111 1265 2164 2
1301 2118 1528 2163 constat.
1555 2106 1772 2162 Orosius

189 2218 460 2269 enimvero
486 2221 607 2264 ante
634 2222 873 2264 mensem
904 2205 1103 2260 .Iulium
1130 2202 1463 2257 convincitur
1503 2200 1552 2253 iu
1601 2199 1773 2251 Palae-

188 2307 379 2358 stinam
425 2300 697 2369 appulisse
746 2298 847 2350 hoc
873 2310 1014 2348 anno
1037 2335 1051 2358 ,
1080 2291 1290 2362 quando
1316 2306 1382 2345 eo
1407 2304 1591 2343 mense
1618 2287 1773 2354 hujus

188 2395 306 2447 anni
349 2390 706 2458 Jerusolymis
746 2392 799 2441 in
827 2387 996 2440 aciem
1036 2381 1380 2438 descendisse
1405 2388 1591 2434 contra
1621 2377 1773 2431 Pela-

187 2485 324 2554 gium
372 2463 722 2550 disputando,
774 2491 934 2531 nemo
979 2473 1266 2528 inliciatur.
1317 2470 1484 2523 Porro
1527 2468 1768 2530 alteram,

118 2645 122 2648 η
186 2591 337 2645 quam
357 2573 518 2626 simul
541 2569 912 2642 perferendam
935 2567 1076 2621 idem
1105 2564 1323 2620 Orosius
1339 2561 1562 2629 accepit,
1583 2559 1770 2615 eodem

188 2669 342 2721 etiam
370 2677 614 2732 tempore
639 2677 761 2716 cum
779 2660 1060 2728 superiore
1084 2657 1335 2726 scriptam
1378 2654 1544 2708 fuisse
1575 2653 1772 2705 indicat

186 2773 288 2810 non
325 2757 487 2810 modo
527 2755 854 2824 Augustinus
893 2751 1009 2804 heic
1054 2764 1108 2802 n.
1144 2749 1166 2803 1
1211 2758 1265 2802 et
1309 2747 1360 2800 iu
1400 2745 1500 2798 alia
1548 2744 1768 2813 epistula

184 2846 411 2910 CLXIX,
443 2860 564 2914 cap.
609 2845 664 2910 4,
697 2859 750 2896 ιι.
790 2841 878 2904 1³5,
906 2849 960 2894 et
1014 2839 1108 2893 lib.
1143 2838 1201 2902 ἓ,
1231 2837 1453 2890 Retract.
1482 2851 1530 2888 c.
1557 2836 1646 2898 45,
1677 2833 1768 2888 sed

185 2941 336 2991 etiam
367 2938 729 3007 Hieronymus
753 2932 1012 3001 rescripto
1033 2945 1152 2995 suo,
1169 2944 1288 3000 qua:
1307 2929 1423 2983 heic
1447 2937 1528 2982 est
1547 2927 1768 2996 epistula

185 3028 465 3084 CXXXIV.

251 3117 538 3174 CXXXIII.
569 3115 777 3184 Scripta
802 3113 973 3167 eodem
995 3129 1082 3164 an.
1116 3111 1243 3165 415.
1295 3137 1368 3148 -
1417 3106 1653 3175 Tempus
1682 3105 1773 3159 hu-

181 3212 263 3280 jus
284 3209 533 3278 epistol:e
552 3205 775 3260 Orosius
805 3245 821 3269 ,
853 3205 940 3274 qui
971 3201 1278 3271 superiores
1300 3197 1366 3252 ad
1394 3197 1774 3265 Hieronymum

185 3301 504 3356 deferendas
534 3307 835 3365 acceperat,
873 3297 925 3348 in
958 3291 1310 3360 Apologetico
1331 3303 1454 3356 cap.
1485 3287 1520 3340 4
1549 3301 1656 3339 non
1677 3285 1773 3338 ob-

183 3407 336 3446 scure
362 3388 649 3457 significat.
674 3385 801 3439 Nam
823 3387 888 3438 de
913 3382 1360 3452 Jerosolymitano
1376 3383 1642 3432 conventu
1663 3373 1777 3427 dis-

186 3498 390 3546 serens,
415 3496 478 3534 ac
506 3480 573 3534 de
602 3478 798 3546 Pelagii
825 3489 1032 3538 errore,
1075 3473 1217 3544 quod
1249 3473 1411 3526 homo
1439 3470 1550 3523 suis
1574 3469 1776 3521 viribus

188 3585 367 3646 posset
395 3573 644 3627 mandata
671 3571 762 3624 Dei
791 3569 1083 3633 custodire,
1114 3567 1158 3620 si
1193 3565 1375 3628 Vellet,
1411 3562 1540 3619 Hoc.
1583 3559 1772 3629 inquit,

188 3666 377 3720 Beatus
411 3665 828 3733 Hieronymus...
865 3663 916 3713 in
947 3659 1177 3728 Epistola
1212 3673 1325 3719 sua,
1355 3670 1506 3723 quam
1529 3669 1689 3720 nuper
1709 3652 1776 3703 ad

189 3757 562 3828 Ctesiphontem
593 3752 769 3816 edidit,
802 3749 1149 3804 condemnavit
1181 3765 1198 3812 ;
1224 3747 1450 3800 similiter
1477 3753 1522 3796 et
1551 3742 1604 3794 in
1627 3740 1773 3807 libro,

188 3864 332 3917 quem
375 3862 512 3899 nunc
529 3844 723 3906 scribit,
769 3841 958 3895 collata
987 3841 1040 3891 iu
1073 3839 1276 3890 modum
1317 3835 1522 3904 Dialogi
1560 3835 1777 3886 alterca-

192 3939 323 3991 tione
367 3939 623 4006 confutat.
683 3934 902 3987 Ilabitus
933 3945 1094 4000 porro
1135 3923 1652 3983 estConvcntusille
1681 3921 1779 3976 sub

191 4031 394 4085 Joanne
418 4029 537 4098 ejus
567 4025 713 4080 orbis
746 4025 1028 4092 EpiscOpo,
1061 4036 1150 4073 an.
1183 4019 1285 4073 415
1308 4018 1406 4070 sub
1432 4015 1554 4069 Julii
1581 4014 1779 4067 mensis

194 4124 375 4183 finem,
409 4131 465 4174 ut
490 4135 554 4173 ex
586 4118 777 4172 eodem
803 4116 993 4170 Orosio
1020 4113 1268 4180 colligere
1298 4118 1400 4172 est,
1429 4109 1516 4177 qui
1543 4107 1680 4161 diem
1711 4107 1778 4160 47

195 4215 356 4269 fuisse
385 4223 510 4267 tunc
539 4220 691 4265 notat
728 4219 845 4262 ante
871 4209 1088 4277 primum
1112 4203 1466 4258 Encwuiorum
1491 4199 1645 4252 diem.
1677 4197 1782 4250 En-

195 4307 482 4360 cazniorum
512 4313 692 4354 autem
723 4300 840 4352 dies
871 4298 1094 4366 primus,
1121 4294 1260 4364 quod
1293 4293 1417 4344 alibi
1437 4298 1673 4343 notatum
1701 4295 1784 4341 est

194 4397 368 4461 nobis,
401 4403 520 4450 erat
554 4409 645 4446 nv
688 4389 1042 4460 Septembris,
1095 4395 1228 4440 teste
1258 4383 1576 4452 Nicephom,
1606 4379 1696 4431 lib.
1727 4377 1780 4443 8,

193 4487 331 4540 Ilist.
353 4500 475 4555 cap.
529 4483 616 4537 10.
670 4481 786 4536 Jam
821 4481 1000 4548 itaque
1026 4476 1246 4546 epistola
1275 4474 1339 4528 ad
1363 4470 1780 4540 Ctesiphontem,

192 4593 352 4646 quam
380 4592 543 4646 nuper
571 4575 750 4628 datam
775 4581 899 4626 ante
927 4568 1430 4639 Jerosolymitanum
1457 4564 1783 4616 Conventum

186 4667 444 4728 afﬁrmat,
475 4665 521 4719 si
547 4665 669 4734 quis
694 4678 809 4718 eam
834 4661 984 4716 malit
1008 4661 1166 4714 altius
1186 4658 1432 4722 evehere,
1455 4655 1520 4708 ad
1547 4651 1784 4722 ejusdem

187 4758 317 4812 anni
350 4757 457 4812 415
489 4754 719 4810 Iortasse
745 4753 953 4806 initium
977 4749 1260 4820 spectabit,
1306 4757 1452 4801 certe
1481 4745 1682 4799 diutius
1721 4742 1786 4796 il-

189 4850 304 4902 lum
335 4846 712 4908 aute‘vertisse,
763 4853 819 4896 ut
843 4857 965 4896 vere
996 4841 1193 4896 dixerit
1221 4837 1457 4901 Orosius,
1489 4836 1788 4889 nullatenus

187 4948 401 5010 pctest.
431 4938 543 4991 Nec
571 4935 792 5004 proinde
819 4948 1136 5004 quemquam
1175 4945 1391 4985 movere
1418 4928 1574 4982 debet
1601 4925 1786 4996 nuperi

183 5025 482 5097 cujusdam
519 5024 832 5093 Cbronologi
875 5025 1077 5093 Opinio,
1103 5021 1190 5089 qui
1249 5035 1364 5074 eam
1408 5017 1636 5071 triennio
1665 5023 1788 5070 ante

186 5119 451 5188 scriptam
479 5115 799 5174 arbitratur,
823 5115 931 5168 sive
959 5130 1046 5168 an.
1073 5113 1202 5167 412.
1232 5109 1372 5179 quod
1400 5123 1521 5162 cum
1552 5107 1788 5160 omnium

189 5209 396 5277 primus
417 5204 638 5274 scriptis
669 5202 880 5270 Pelagio
923 5203 1218 5257 occurrisse
1259 5199 1610 5268 Ilieronymus
1649 5195 1794 5249 dica-

102 5285 111 5292 ’
193 5309 303 5359 tnr.
327 5301 424 5354 sub
451 5297 584 5367 ipsis
611 5295 906 5360 Pelagianae
933 5294 1200 5349 haereseos
1243 5288 1548 5362 primordiis
1577 5286 1626 5340 id
1658 5301 1796 5354 pra:-

186 5395 390 5450 stitisse
420 5393 718 5446 videretur.

237 5482 524 5538 CXXXIV.
557 5479 772 5546 Scripta
793 5495 879 5530 an.
902 5477 1206 5532 Alﬁ—Per
1221 5473 1488 5537 Orosium,
1515 5488 1670 5542 quem
1691 5480 1800 5525 sta-

194 5575 284 5628 tim
298 5577 540 5643 impense
553 5569 740 5624 laudat
753 5568 900 5621 llier.
916 5570 1114 5637 quique
1131 5567 1463 5623 sub.'vernum
1481 5573 1688 5630 tempus
1708 5576 1795 5613 an.

193 5667 294 5721 416
315 5682 347 5722 e
373 5664 669 5722 Palmstina
693 5660 745 5712 in
777 5658 1005 5713 Africam
1030 5670 1307 5727 regressus
1336 5665 1438 5721 est,
1467 5670 1571 5712 non
1605 5655 1794 5706 imme-

1639 280 2024 338 PREFATIO.

3380 285 3468 339 XC

1894 394 1999 448 rito
2020 393 2256 448 creditur
2283 393 2467 448 istbtec
2491 393 2710 462 epistola
2739 396 3029 464 Augustino
3049 397 3276 458 reddita.
3303 401 3463 454 Certe

1890 494 2008 553 post
2028 485 2300 539 absolutos
2323 494 2433 539 tres
2460 484 2790 554 Dialogorum
2822 487 2982 542 libros
3009 498 3188 544 contra
3221 491 3456 560 Pelagia-

1887 589 2005 639 ιιος,
2037 574 2159 628 data
2191 585 2292 637 est;
2340 576 2550 629 tertium
2579 577 2718 628 enim
2742 575 2867 630 citat
2896 594 2949 630 ιι.
2983 580 3034 632 1.
3061 582 3112 632 in
3156 596 3258 646 quo
3280 582 3457 650 Augu-

1885 664 2082 716 stinum
2122 665 2410 718 laudasset.
2444 664 2606 728 Certe,
2652 666 2850 732 inquit,
2883 676 2929 719 et
2967 669 3019 718 in
3053 667 3282 738 Dialogo,
3312 687 3456 737 quem

1885 768 2043 822 nuper
2067 753 2224 816 edidi,
2256 763 2358 806 tua:
2395 755 2735 817 beatitudinis,
2766 765 2821 806 ut
2843 756 3051 824 dignum
3082 758 3262 825 fuerat,
3293 775 3455 812 recor-

1883 843 2034 897 datus
2058 862 2188 899 sum.
2225 845 2333 898 Eos
2360 862 2516 914 porro
2546 847 2708 899 libros
2751 862 2816 901 ex
2840 846 3014 900 Oresii
3048 849 3348 902 testimonio
3378 852 3457 903 iu-

1884 933 2168 1002 telligimus
2188 936 2252 988 ad
2281 936 2569 1004 superioris
2591 937 2713 988 anui
2745 937 2849 990 415
2882 940 3228 1004 posteriorem
3261 951 3457 1007 partem

1882 1035 2144 1092 spectare,
2198 1027 2363 1094 ipsam
2415 1043 2542 1086 vero
2585 1027 2885 1094 epistolam,
2935 1044 3054 1096 qua:
3083 1045 3242 1098 nuper
3264 1029 3330 1080 ab
3361 1030 3461 1082 illis

1884 1115 2074 1171 dictata
2105 1126 2207 1180 est,
2235 1135 2338 1170 non
2362 1119 2459 1170 nisi
2483 1117 2546 1169 ad
2573 1120 2810 1185 proxime
2837 1120 3199 1186 insequentem
3230 1120 3332 1174 416
3364 1119 3462 1172 hoc

1885 1212 2044 1261 etiam
2067 1216 2378 1276 argumento
2405 1207 2736 1262 referendam
2763 1210 3088 1263 censuimus.

1957 1297 2216 1361 CXXXV,
2243 1297 2504 1352 CXXXVI
2523 1311 2570 1352 et
2589 1298 2892 1353 CXXXVII.
2923 1300 3140 1368 Scripttz
3163 1299 3464 1353 αη.417.--

1890 1390 2086 1443 Ilarnm
2132 1406 2346 1444 causam
2391 1393 2688 1459 intelligere
2731 1403 2904 1447 estex
2937 1395 3208 1460 Augustini
3235 1395 3371 1447 libro
3399 1395 3462 1446 de

1887 1479 2048 1533 Gestis
2095 1481 2291 1548 Pelagii
2328 1482 2648 1544 subliuem;
2692 1483 2830 1536 unde
2879 1482 3037 1535 etiam
3085 1493 3292 1550 tempus
3321 1493 3462 1536 recte

1883 1571 2166 1637 colligitur,
2215 1586 2322 1638 quo
2351 1573 2488 1623 data:
2530 1581 2674 1624 sunt.
2723 1570 2797 1623 De
2817 1573 2894 1624 liis
2924 1582 3110 1636 autem,
3141 1574 3328 1641 inquit,
3353 1587 3463 1640 qutz

1879 1663 2096 1729 post/ioc
2112 1662 2366 1732 judicium
2389 1661 2662 1731 (nimirum
2686 1663 3060 1730 Dio<politanze
3090 1664 3317 1733 Synodi)
3336 1663 3403 1715 ibi
3429 1679 3461 1714 α

1876 1753 2040 1804 nescio
2051 1768 2146 1820 quo
2162 1769 2319 1805 cuneo
2335 1752 2662 1817 perditorum,
2682 1754 2765 1818 qui
2783 1753 2927 1804 valde
2939 1753 2989 1804 in
3005 1768 3289 1820 perversum
3303 1753 3460 1817 perlit-

1874 1841 2052 1895 bentur
2084 1840 2292 1911 Pelagio
2313 1840 2608 1912 suffragari,
2635 1842 2911 1894 incredibili
2931 1842 3146 1894 audacia
3174 1850 3457 1910 perpetrata

1874 1933 2128 1996 dicuntur,
2161 1941 2214 1983 ut
2234 1933 2360 1984 servi
2389 1931 2506 1997 Dei,
2534 1943 2580 1985 et
2609 1933 2811 1986 ancilla
2838 1933 2905 1984 ad
2930 1950 3103 1984 curam
3127 1933 3305 1986 Sancti
3328 1931 3455 1987 Hie-

1873 2023 2070 2092 ronymi
2108 2023 2428 2092 pertinentes,
2473 2022 2864 2076 sceleratissimo
2914 2026 3050 2077 cattle
3100 2025 3411 2092 afficerentur
3440 2065 3454 2086 ,

1875 2115 2116 2167 diaconus
2143 2115 2471 2175 occideretur,
2521 2116 2741 2181 atdi/icia
2768 2117 3191 2168 monasteriorum
3220 2115 3454 2168 incende-

1874 2216 2069 2265 rentur,
2086 2206 2169 2257 via:
2193 2205 2357 2272 ipsum
2374 2204 2435 2256 ab
2452 2204 2543 2256 ltoc
2569 2207 2778 2272 impetu,
2798 2214 2947 2272 atque
2969 2205 3457 2272 incursuiuipiormn

1875 2293 1928 2346 in
1955 2293 2052 2346 Dei
2079 2294 2420 2346 misericordia
2449 2301 2604 2346 turris
2625 2295 2866 2346 munitior
2891 2304 3110 2346 tueretur
3131 2333 3146 2356 ,
3194 2294 3458 2346 tacendum

1876 2387 2019 2438 nobis
2041 2385 2208 2455 potius
2234 2386 2398 2449 video,
2431 2395 2476 2437 et
2505 2385 2872 2454 expectandum
2890 2387 3013 2455 quid
3031 2385 3139 2438 illic
3159 2387 3343 2454 fratres
3367 2402 3460 2438 no-

1874 2479 1968 2530 stri
1997 2476 2241 2547 Episcopi
2265 2479 2328 2531 de
2357 2477 2434 2530 Itis
2459 2478 2610 2531 tantis
2635 2477 2782 2530 malis
2819 2478 3067 2546 agendum
3087 2478 3396 2540 existiment;
3427 2495 3460 2529 a

1873 2571 2050 2638 quibus
2101 2587 2183 2624 eos
2227 2571 2551 2623 dissimulare
2591 2586 2737 2638 posse
2781 2571 2891 2638 quis
2933 2570 3101 2622 credat
3130 2569 3155 2622 2’
3180 2568 3305 2622 llzec
3329 2584 3456 2623 sane

1873 2663 2010 2715 mala
2062 2663 2208 2715 bis-ce
2257 2662 2496 2728 epistolis
2545 2660 2886 2714 Innocentius
2927 2671 3224 2713 execratur.
3271 2661 3343 2713 Ex
3392 2675 3453 2714 ea

1872 2765 2047 2807 autem
2096 2754 2398 2806 narratione
2442 2752 2626 2821 liquet,
2674 2761 2793 2820 pot
2839 2752 3251 2818 Iliospulitanam
3279 2750 3454 2819 Syno-

1872 2847 2017 2910 dum,
2071 2863 2188 2916 qu;e
2238 2847 2461 2900 au.415
2490 2859 2673 2898 mense
2722 2843 3003 2897 Decembri
3053 2844 3316 2897 celebrata
3349 2851 3454 2907 est,

1871 2938 2117 3006 sequenti
2189 2953 2330 2990 anno
2383 2938 2488 2989 416
2539 2935 2605 2986 ab
2657 2936 2748 2986 illo
2801 2934 3126 3002 perditorum
3185 2932 3456 2983 hominum

1872 3043 2044 3080 cuneo
2075 3029 2214 3079 illata
2239 3029 2290 3079 in
2318 3027 2694 3094 llieruuyu‘mm
2729 3025 2885 3081 mala,
2908 3037 3077 3089 eaque
3103 3031 3217 3087 post
3244 3021 3445 3088 aliquot

1874 3119 2062 3170 saltem
2085 3116 2202 3182 ejus
2227 3115 2350 3166 anui
2379 3128 2616 3165 menses.
2640 3110 2745 3164 Sed
2769 3110 3021 3177 epistolas
3064 3109 3290 3176 ipsasad
3319 3108 3444 3160 anui

1878 3208 1979 3261 417
2018 3205 2351 3260 succedentis
2393 3203 2604 3257 initium
2643 3200 2958 3255 deferendas
2998 3214 3117 3254 esse
3165 3215 3228 3254 ex
3275 3199 3449 3267 priore

1879 3297 1987 3360 illa,
2015 3311 2132 3364 qua-
2159 3305 2241 3349 est
2277 3294 2341 3348 ad
2374 3293 2644 3347 Aurelium
2669 3333 2682 3354 ,
2713 3290 2905 3345 eruditi
2949 3290 3067 3355 viri,
3092 3299 3145 3344 et
3174 3291 3439 3358 praecipue

1876 3389 1957 3442 CI.
1990 3389 2049 3442 Ρ.
2095 3387 2434 3442 Constantius
2483 3382 2830 3438 contendunt.
2872 3381 3002 3436 Nam
3051 3382 3295 3436 Aurelius
3321 3421 3334 3443 ,
3362 3385 3452 3449 qui

1877 3494 2092 3546 Operam
2128 3477 2333 3531 videtur
2375 3474 2586 3529 dedisse
2639 3484 2698 3526 ut
2752 3473 3056 3544 Ilieronymi
3086 3473 3308 3534 litterze,
3337 3486 3456 3539 quae

1873 3573 1981 3638 jam
2014 3567 2392 3622 interciderunt
2416 3606 2430 3627 ,
2478 3564 2544 3617 ad
2573 3563 2940 3618 Innocentium
2991 3561 3328 3632 pervenirent
3356 3601 3369 3622 ,
3402 3570 3458 3614 et

1877 3661 2109 3715 vicissim
2131 3659 2198 3710 ab
2232 3657 2536 3710 Innocentio
2561 3655 2778 3722 jubetur
2803 3668 3012 3716 curare,
3046 3662 3102 3706 ut
3129 3653 3455 3722 Hieronymo

1880 3752 1996 3805 ista:
2043 3750 2365 3813 reddantur,
2419 3747 2506 3798 ille
2533 3757 2615 3797 est
2653 3745 2830 3812 Episc.
2869 3743 3337 3810 Carthaginiensis,
3368 3742 3455 3810 qui

1880 3856 2000 3895 Cum
2045 3839 2276 3906 Collegis
2306 3836 2641 3890 Millevitauzc
2665 3833 2866 3902 Synodi
2909 3833 3048 3884 circa
3102 3833 3225 3882 anni
3267 3831 3456 3882 41611-

1881 3946 2024 3995 nem,
2076 3929 2140 3982 ad
2182 3925 2546 3982 Innocentium
2575 3963 2592 3989 ,
2619 3932 2806 3976 contra
2833 3921 3122 3989 Pelagium,
3150 3929 3307 3987 atque
3335 3919 3457 3971 Cm-

1883 4021 2095 4075 lestium
2129 4019 2366 4072 scribens
2391 4057 2406 4081 ,
2449 4014 2830 4084 Hieronymum
2870 4027 2900 4065 τι
2933 4009 3338 4080 Pelagianorum
3382 4006 3460 4061 fa-

1883 4113 2060 4164 ctione
2115 4109 2401 4178 quidquam
2463 4120 2676 4173 passum
2726 4119 2846 4158 esse
2890 4103 3166 4171 ignorabat
3223 4117 3238 4155 :
3295 4108 3352 4153 ut
3392 4115 3456 4152 es

1884 4197 2150 4269 Synodica
2204 4204 2348 4249 recte
2398 4194 2700 4262 colligitur,
2755 4192 2844 4244 ubi
2898 4189 3294 4260 Hieronymiani
3366 4204 3461 4255 pro

1886 4288 2144 4343 catholica
2178 4286 2278 4339 Iide
2326 4285 2424 4338 zeli
2466 4285 2524 4335 Iit
2553 4282 2770 4335 mentio.
2819 4279 3024 4337 Rursus
3065 4293 3193 4332 vero
3237 4293 3302 4330 ex
3347 4276 3463 4344 ipso

1890 4377 2176 4434 Innocentii
2205 4375 2270 4429 ad
2302 4373 2572 4428 Aurelium
2599 4369 2845 4426 familiari
2883 4369 3163 4438 rescripto,
3201 4369 3452 4437 omnique

1887 4475 2002 4538 ejus
2045 4469 2197 4536 Papae
2236 4464 2579 4534 epistularum
2627 4461 2786 4527 serie,
2831 4459 3080 4514 facinoris
3109 4469 3211 4513 tam
3263 4460 3463 4512 atrocis

1892 4561 2130 4616 notitiam
2157 4600 2172 4625 ,
2200 4567 2320 4610 ante
2357 4557 2496 4609 hunc
2523 4554 2772 4609 eumdem
2803 4567 3000 4606 annum
3028 4553 3129 4606 417
3155 4565 3278 4605 eum
3309 4549 3453 4604 colli-

1890 4656 2032 4726 gitur
2058 4669 2163 4708 non
2182 4651 2432 4705 habuisse
2464 4665 2477 4702 :
2505 4663 2678 4718 neque
2707 4646 2842 4702 adeo
2871 4645 2987 4715 ejus
3019 4644 3227 4704 litteras,
3259 4641 3325 4695 de
3352 4641 3467 4710 qui-

1893 4745 1992 4798 bus
2017 4743 2223 4814 agimus
2254 4739 2547 4795 innotuisse
2580 4737 2824 4792 videntur
2855 4734 3150 4804 Augustino
3174 4773 3187 4796 ,
3220 4730 3307 4798 qui
3338 4728 3464 4780 dum

1895 4836 1996 4890 hoc
2033 4837 2252 4891 ineunte
2283 4847 2422 4888 anno
2449 4831 2640 4885 librum
2672 4828 2734 4882 de
2761 4827 2923 4881 Gestis
2953 4822 3150 4891 Pelagii
3187 4816 3465 4880 scriberet,

1895 4928 2012 4981 loco
2032 4941 2188 4996 supra
2218 4925 2376 4979 citato
2416 4923 2549 4976 dixit
2579 4917 2943 4988 expectandum
2977 4912 3099 4982 quid
3127 4907 3371 4978 Episcopi
3399 4907 3464 4959 de

1895 5019 1973 5072 Itis
2011 5018 2164 5071 tantis
2204 5015 2350 5068 malis
2386 5013 2638 5084 agendum
2682 5009 3042 5066 existimarent,
3088 5017 3118 5052 a
3164 4998 3343 5069 quibus
3384 5014 3469 5050 eos

1895 5109 2215 5162 dissimulare
2265 5119 2411 5169 posse
2459 5119 2561 5154 non
2608 5096 2849 5150 crederet.
2897 5091 3155 5144 Cmterum
3202 5101 3322 5141 cum
3370 5087 3472 5138 hoc

1898 5213 2038 5251 anno
2087 5197 2152 5250 1‘2
2196 5192 2370 5246 martii
2420 5191 2506 5243 die
2547 5194 2724 5238 vetera
2775 5186 3114 5234 monumenta
3169 5175 3465 5230 Innocentii

1899 5288 2102 5339 obitum
2155 5281 2489 5346 consignent,
2531 5271 2785 5341 epistolas
2829 5267 3118 5321 Februario
3170 5265 3361 5327 mensi,
3414 5273 3477 5316 ut

1901 5377 2077 5436 citius,
2116 5368 2444 5438 deputandas
2472 5379 2626 5419 nemo
2656 5375 2760 5415 non
2789 5359 3008 5429 judicet.

1972 5458 2285 5520 CXXXVIII
2331 5467 2385 5510 et
2421 5451 2708 5508 CXXXIX.
2760 5451 2979 5518 Scripta:
3031 5449 3150 5502 circ.
3197 5467 3284 5502 an.
3341 5448 3470 5502 417.

1903 5531 2116 5610 ;_Idem
2166 5547 2366 5602 facinus
2403 5545 2470 5598 ab
2515 5543 2880 5598 btereticorum
2929 5539 3240 5594 satellitibus
3286 5538 3472 5591 Iliero-

1911 5659 2070 5714 nymo
2107 5643 2418 5696 intentatum
2443 5676 2458 5702 ,
2487 5633 2786 5690 IlIouaStcrii
2829 5629 3129 5686 incendium
3153 5668 3171 5691 ,
3205 5643 3266 5681 ac
3289 5625 3476 5677 dinnns
