4048 6192
619 286 732 345 XCI

617 399 952 459 eversionem
990 395 1292 454 renuntiare
1327 391 1480 448 nobis
1522 390 1606 444 hae
1650 388 1842 444 litterze
1872 386 2006 442 visas
2031 394 2179 452 sunt,

620 508 754 560 quas
781 491 900 546 ideo
919 490 983 542 ad
1008 489 1145 543 idem
1173 488 1280 539 lere
1302 492 1509 549 tempus
1533 480 1796 551 pertinere
1812 477 2184 548 judicavimus.

620 583 823 638 Iudicat
851 584 900 635 in
928 581 1122 649 priore,
1156 578 1354 644 pulsam
1380 591 1486 629 esse
1509 590 1610 626 non
1637 573 1803 626 solum
1829 571 1893 624 de
1920 572 2042 624 urbe
2060 611 2074 632 .
2103 569 2193 623 sed

621 673 773 726 etiam
820 671 883 722 de
924 667 1214 720 Paliestina:
1251 663 1434 733 ﬁnibus
1483 662 1776 727 Catilinam,
1817 675 1924 731 quo
1977 659 2194 714 nomine

621 763 781 814 alium
805 799 820 822 ,
849 773 1004 826 quam
1035 755 1304 824 Pelagium
1335 755 1555 808 innuere
1581 752 1829 816 voluisse,
1857 765 1962 804 non
1992 757 2077 804 est
2100 762 2191 802 ve-

622 849 872 904 rosimile.
914 846 1032 900 Mox
1061 847 1158 899 sibi
1186 845 1314 898 dicit
1343 846 1520 897 melius
1553 845 1716 896 visum
1741 858 1847 896 esse
1886 843 2051 894 locum
2078 855 2192 891 nm-

620 949 747 1001 tare,
777 953 928 1004 quam
944 936 1065 1004 [idei
1091 936 1368 994 veritatem,
1390 933 1824 1002 adiﬁciorumque
1845 940 1891 983 et
1917 928 2196 982 mansionis

618 1028 956 1081 amanitatem
980 1026 1228 1088 amittere,
1258 1039 1410 1094 quam
1436 1038 1608 1075 eorum
1635 1020 1985 1074 communione
2014 1034 2198 1071 macu—

619 1119 717 1174 lari
734 1161 750 1186 ,
777 1119 956 1188 quibus
983 1118 1037 1170 in
1069 1116 1452 1186 prasentiarum
1485 1124 1574 1166 aut
1619 1112 1899 1166 cedendum
1936 1119 2078 1175 erat,
2109 1118 2197 1162 aut

619 1221 750 1264 certe
773 1210 996 1279 quotidie
1020 1226 1120 1261 non
1143 1209 1317 1278 lingua
1340 1247 1355 1270 ,
1384 1207 1473 1259 sed
1518 1207 1705 1276 gladiis
1744 1204 2112 1258 dimicandum.
2143 1203 2196 1257 In

620 1301 787 1355 altera
819 1300 1000 1360 etiam,
1041 1314 1160 1368 qua:
1200 1297 1370 1352 estad
1399 1297 1733 1365 Apronium,
1763 1312 1866 1349 non
1900 1305 2007 1348 tam
2054 1295 2200 1348 dolet

623 1392 826 1444 domum
854 1405 1000 1443 suam
1027 1387 1297 1442 secundum
1317 1387 1546 1440 carnales
1563 1402 1682 1453 opes
1709 1385 2060 1438 Itazreticorutn
2079 1400 2196 1453 per-

621 1479 955 1535 secutionibus
983 1481 1177 1548 penitus
1195 1493 1435 1540 euersam,
1457 1492 1615 1545 quam
1635 1476 1828 1545 gaudet
1845 1490 1964 1529 eam
1989 1475 2194 1529 Christo

624 1572 841 1642 propitio
860 1569 1207 1639 spiritualibus
1236 1568 1422 1620 diuitiis
1447 1566 1652 1636 repleri.
1681 1565 1943 1620 Cmterum
1973 1565 2024 1617 in
2047 1563 2201 1619 Locis

623 1661 834 1716 Sanctis
862 1661 1137 1730 proﬁtetur
1170 1659 1339 1728 quieta
1381 1673 1490 1710 esse
1515 1656 1685 1709 omnia
1704 1695 1720 1718 ,
1749 1664 1803 1710 et
1832 1653 2113 1709 ltzeretieos
2145 1671 2201 1708 os

625 1751 898 1821 impietatis
921 1767 1021 1802 non
1045 1749 1231 1801 audere
1255 1748 1453 1817 aperire
1481 1762 1500 1800 :
1529 1762 1648 1815 qua:
1679 1745 1872 1799 indicio
1895 1754 2037 1809 sunt,
2067 1744 2203 1800 hanc

625 1841 898 1910 aliquanto
925 1849 1042 1908 post
1068 1839 1397 1907 superiorem
1427 1847 1664 1905 tempore
1682 1876 1698 1900 ,
1745 1836 1954 1890 temetsi
1984 1834 2202 1889 easdem

627 1933 810 1986 turbas
833 1946 894 1985 ac
921 1939 1094 1984 motus
1119 1932 1357 1990 denmet,
1385 1943 1504 1982 esse
1526 1926 1909 1982 collocandam.

698 2020 854 2076 CXL.
903 2021 1109 2092 Scripta
1147 2021 1268 2074 circ.
1311 2019 1443 2072 idem
1471 2027 1688 2087 tempus.
1729 2045 1802 2056 —
1843 2016 2096 2070 Praesenti
2146 2015 2200 2069 in

626 2113 835 2169 Sanctis
872 2111 1031 2165 Locis
1068 2111 1333 2180 Cypriane
1358 2109 1480 2162 data
1525 2117 1627 2172 est,
1651 2116 1705 2162 et
1729 2121 1849 2162 cum
1878 2123 1981 2160 non
2013 2121 2120 2160 uno
2149 2106 2202 2159 in

626 2203 745 2258 loco
774 2203 1112 2272 Pelagianmn
1141 2200 1330 2270 dogma
1353 2201 1642 2268 impugnet,
1668 2213 1773 2252 non
1805 2208 1979 2252 tamen
2006 2197 2200 2252 acerbe

633 2294 789 2360 facit,
819 2302 876 2346 ut
902 2307 1007 2346 non
1038 2291 1326 2360 incongrue
1355 2290 1511 2342 liceat
1538 2287 1894 2357 argumentari
1917 2329 1933 2352 ,
1975 2287 2203 2355 expulso

630 2392 739 2460 jam
767 2389 835 2443 de
865 2388 1158 2442 Palu-stium
1193 2383 1385 2438 tinibus
1413 2381 1644 2451 Pelagio,
1684 2395 1803 2434 cum
1829 2380 1998 2450 quieta
2040 2386 2202 2433 essent

632 2481 844 2543 omnia,
889 2487 949 2532 ut
994 2478 1046 2531 in
1094 2475 1353 2544 superiori
1393 2473 1552 2543 epist.
1603 2479 1776 2535 notat,
1821 2469 1959 2525 hanc
2003 2471 2202 2539 pariter

627 2570 790 2626 fuisse
815 2576 1106 2623 exaratam.
1134 2563 1393 2634 Equidem
1418 2562 1652 2631 prznpoui
1676 2561 1886 2616 biennio
1908 2574 2067 2630 posse
2092 2574 2198 2613 non

628 2659 929 2715 inliciamur
951 2697 966 2722 ,
997 2664 1278 2724 antequam
1307 2653 1569 2707 violentas
1597 2651 1651 2705 in
1674 2651 2052 2722 Hieronymum
2080 2664 2203 2704 ma-

631 2763 731 2802 nus
759 2745 991 2801 haeretici
1033 2743 1367 2813 iujecissent;
1397 2739 1493 2794 sed
1533 2753 1690 2794 nemo
1710 2779 1726 2804 ,
1754 2753 2050 2808 speramus,
2077 2751 2199 2792 mo-

629 2841 762 2895 IeSte
804 2837 976 2902 feret,
1007 2849 1105 2889 nos
1130 2833 1247 2888 aliis
1273 2847 1344 2888 ex
1384 2829 1706 2900 conjecturis
1747 2829 1890 2884 hunc
1932 2829 1981 2883 ei
2026 2829 2199 2883 locum

627 2930 990 2993 constituisse,
1019 2927 1070 2982 in
1095 2940 1252 2997 quem
1276 2924 1530 2994 pleraque
1558 2921 1892 2977 commodius
1918 2921 2204 2977 convenire

627 3023 740 3078 visa
769 3031 912 3076 sunt.

698 3111 855 3168 CXLI
883 3118 938 3165 et
968 3107 1173 3165 CXLII.
1216 3105 1436 3176 Scripta:
1469 3104 1594 3159 circ.
1620 3120 1708 3158 an.
1741 3102 1865 3158 418.
1895 3131 1966 3144 -—
1990 3101 2206 3157 Indum-

629 3220 749 3260 mus
769 3202 1086 3274 jampridem
1121 3199 1172 3256 in
1200 3199 1437 3254 animum
1461 3239 1478 3263 ,
1509 3212 1618 3253 non
1649 3207 1706 3252 ut
1745 3196 1904 3267 vulgo
1928 3197 2198 3264 creditur,

628 3295 762 3350 duas
791 3291 1097 3362 Ilieronymi
1145 3289 1210 3344 ad
1247 3290 1602 3358 Augustinum
1647 3287 1743 3342 has
1767 3302 1887 3343 esse
1919 3288 2200 3357 epistolas,

630 3383 724 3439 sed
752 3397 930 3446 uuam,
963 3380 1114 3448 cujus
1135 3386 1254 3447 post
1277 3377 1722 3444 subscriptionem
1763 3376 2006 3444 quaadam
2041 3375 2203 3429 veluti

631 3471 896 3542 appendix
938 3467 1151 3524 brevior
1199 3467 1365 3520 altera
1431 3463 1661 3534 putanda
1701 3465 1788 3516 sit.
1836 3463 2100 3520 Orationis
2152 3465 2202 3519 in

641 3568 867 3628 utraque
892 3556 1203 3612 brevissima
1231 3555 1398 3612 series
1416 3593 1431 3617 ,
1460 3552 1852 3620 scripttunculaa
1896 3555 2205 3622 posterioris

633 3648 842 3703 indoles
863 3687 877 3710 ,
904 3645 1132 3700 maxime
1171 3659 1300 3699 vero
1341 3642 1438 3697 Ms.
1469 3641 1872 3698 Vindocinensis
1897 3646 2202 3700 monasmrii

634 3741 922 3796 auctoritas
943 3738 1224 3808 persuasit,
1249 3745 1306 3790 ut
1330 3737 1380 3789 in
1403 3733 1552 3790 Notis
1574 3735 1805 3789 diximus
1827 3735 1893 3788 ad
1917 3737 2057 3806 ipsas
2084 3736 2198 3806 epi-

635 3833 800 3886 stolas
827 3829 1007 3895 CXLI,
1036 3837 1090 3884 et
1113 3827 1273 3882 XLII.
1321 3826 1476 3883 Unde
1512 3825 1635 3880 licet
1674 3839 1770 3895 pro
1798 3841 1901 3880 una
1926 3841 2205 3882 recensere

634 3935 845 3979 tantum
877 3938 982 3977 non
1013 3921 1126 3975 ausi
1154 3920 1340 3984 simus,
1368 3918 1608 3972 ordinem
1639 3925 1836 3981 tamen,
1865 3933 2020 3986 quem
2043 3919 2200 3974 etiam

637 4012 776 4083 apud
798 4012 857 4066 S.
888 4010 1236 4080 Augustinum
1263 4006 1610 4072 obtinebant,
1649 4008 1965 4061 mutavimus
1984 4049 1999 4073 ,
2030 4017 2085 4062 et
2112 4023 2204 4062 ne-

636 4107 763 4159 dum
793 4103 958 4158 ferme
986 4100 1247 4156 decennio
1274 4096 1524 4168 disjungi,
1557 4111 1661 4151 uno
1689 4105 1846 4166 atque
1870 4098 2041 4152 eidem
2073 4107 2204 4152 tem-

638 4193 754 4265 pori
782 4203 1059 4261 utramque
1085 4189 1325 4243 volumus
1351 4187 1674 4258 consignari.
1703 4187 1797 4241 Est
1833 4197 2006 4242 autem
2035 4203 2205 4242 annus

639 4285 815 4340 circit.
847 4281 972 4338 418.
1002 4296 1122 4336 cum
1149 4280 1216 4334 de
1237 4279 1637 4347 Pelagianorum
1655 4275 1997 4334 damnatione
2024 4279 2074 4332 in
2108 4279 2205 4332 Pa-

637 4374 866 4441 lzestina,
892 4372 1164 4438 satellitio,
1187 4377 1241 4426 et
1264 4368 1495 4424 matibus
1523 4367 1634 4422 fere
1662 4368 1964 4438 loquantur,
1992 4371 2201 4424 tametsi

2037 269 2422 328 PREFATIO.

3738 273 3876 330 XCII

2297 381 2398 438 sub
2416 378 2784 450 :enlgmatibus
2802 421 2816 446 ,
2845 390 2904 436 ut
2927 390 3010 437 est
3037 379 3166 436 illud
3193 390 3355 451 capta:
3386 379 3675 436 Jerusalem
3699 399 3732 438 a
3757 382 3876 440 Na-

2300 473 2712 538 buchodonosor,
2736 490 2848 544 qua:
2867 473 3104 527 Jeremia:
3122 474 3247 527 nolit
3272 474 3450 527 audire
3473 475 3686 529 consilia
3717 491 3735 531 :
3759 477 3874 531 lau-

2297 565 2424 619 dent
2466 580 2674 633 quoque
2721 565 3103 634 Augustinum,
3146 565 3235 634 qui
3261 575 3439 618 contra
3481 567 3665 635 ﬂantes
3707 578 3876 622 ventos

2297 655 2484 708 ardore
2511 655 2628 718 ﬁdei
2671 656 2960 720 perstiterit.

2367 743 2595 799 CXLIII.
2628 743 2833 812 Scripta
2859 743 3051 797 videtur
3078 759 3249 798 versus
3291 744 3442 811 ﬁnem
3465 785 3482 810 ,
3511 761 3598 800 an.
3642 745 3767 803 419.
3805 778 3876 791 --
3908 801 3914 818 τ

2299 836 2485 891 Patres
2528 836 2856 890 Benedictini
2889 835 2968 890 sic
3007 844 3446 904 argumentantur
3469 836 3706 906 debujus
3721 847 3876 895 :rtate

2299 926 2559 993 epistolas.
2583 926 2776 980 Earum
2807 941 2938 995 quas
2961 926 3315 996 llieronymus
3338 926 3577 995 scripsit,
3611 927 3872 994 Epistola-

2301 1031 2421 1070 rum
2447 1017 2683 1071 omnium
2712 1015 3052 1070 novissimam
3078 1023 3225 1084 putat
3247 1014 3523 1079 Baronius,
3553 1017 3876 1089 retnittitque

2302 1120 2391 1159 an.
2435 1105 2543 1160 420
2591 1107 2642 1159 in
2677 1121 2832 1175 quem
2859 1104 3165 1175 llieronymi
3191 1105 3401 1166 obitus,
3441 1104 3588 1172 juxta
3627 1105 3872 1176 Prosperi

2300 1197 2646 1260 chronicum,
2695 1195 2897 1250 incidit.
2947 1196 3103 1250 Certe
3130 1194 3343 1264 quidem
3384 1194 3653 1249 Eustocliii
3705 1196 3874 1267 Virgi-

2303 1287 2385 1341 nis
2425 1286 2674 1340 dormitio
2702 1327 2716 1349 ,
2744 1286 2894 1354 cujus
2920 1285 3104 1338 dolore
3155 1298 3276 1338 sese
3320 1284 3666 1340 vehementer
3719 1301 3874 1341 occu—

2303 1388 2480 1446 patum
2526 1385 2746 1430 testatur
2786 1376 2905 1430 heic
2950 1376 3339 1446 Ilieronytnns,
3373 1391 3476 1429 non
3525 1376 3695 1430 multo
3750 1385 3871 1431 ante

2305 1468 2610 1536 prazdictnm
2638 1484 2833 1522 annutn
2884 1468 2990 1523 420
3015 1511 3031 1534 ,
3075 1471 3257 1539 reponi
3299 1477 3473 1539 potest
3505 1490 3518 1525 :
3550 1469 3874 1539 quandoqui-

2303 1557 2423 1612 dem
2452 1557 2719 1612 Palladius
2739 1558 3048 1613 Lausiacam
3082 1560 3353 1612 historiam
3384 1577 3470 1612 an.
3494 1559 3599 1615 419
3627 1569 3719 1613 aut
3745 1559 3869 1625 420,

2305 1647 2561 1710 scribens.
2589 1648 2640 1701 in
2673 1649 2806 1702 vivis
2830 1665 2950 1703 eam
2981 1664 3142 1718 agere
3168 1649 3394 1704 credidit
3419 1665 3538 1719 cap.
3569 1649 3692 1705 I25.
3723 1649 3871 1716 Quod

2307 1753 2433 1792 vero
2459 1739 2526 1792 ad
2557 1739 2806 1807 Epistula:
2847 1740 3165 1808 perlatorem
3212 1739 3573 1794 Innocentium
3604 1740 3875 1810 presbyte-

2306 1847 2422 1886 rum
2469 1831 2682 1896 attinet,
2740 1834 2782 1884 is
2810 1847 2899 1886 an.
2925 1832 3050 1895 419.
3103 1832 3169 1886 ad
3217 1831 3597 1901 perquirendos
3635 1830 3875 1888 NicmnOI

2305 1921 2548 1977 Canones
2593 1925 2786 1978 missus
2835 1939 2865 1976 a
2907 1924 3148 1979 Patribus
3189 1924 3448 1979 Africanis
3489 1924 3553 1977 ad
3599 1923 3873 1994 Cyrillum.

2307 2013 2432 2069 inde
2458 2015 2615 2069 rediit
2651 2015 2702 2068 in
2729 2015 2960 2070 Africam
2991 2031 3130 2069 anno
3149 2015 3336 2070 eodem
3359 2057 3375 2081 ,
3403 2026 3525 2070 ante
3549 2015 3617 2070 26
3645 2015 3873 2069 Novem-

2306 2103 2434 2168 bris,
2464 2114 2520 2158 ut
2556 2121 2622 2160 ex
2646 2106 2778 2161 Cod.
2805 2105 2937 2160 Can.
2971 2106 3119 2161 Eccl.
3161 2107 3327 2162 Afric.
3378 2107 3550 2173 titulo,
3586 2122 3636 2162 c.
3667 2107 3766 2162 I37
3810 2107 3875 2160 li-

2307 2206 2434 2266 quet
2469 2213 2485 2250 :
2516 2212 2684 2266 eaque
2709 2238 2725 2264 ,
2767 2199 2929 2253 dubio
2978 2198 3198 2267 procul,
3231 2198 3508 2253 occasione
3537 2197 3648 2252 viso
3697 2197 3876 2252 Iliero-

2307 2308 2488 2364 nymo,
2515 2294 2818 2362 epistolam,
2853 2294 2920 2347 de
2945 2309 3046 2362 qua
3068 2293 3259 2363 agitur,
3292 2291 3614 2347 all'ereudam
3639 2291 3865 2360 accepit,

2309 2381 2411 2437 hoc
2437 2383 2552 2452 ipso
2575 2398 2736 2449 anno,
2767 2399 2870 2437 non
2898 2382 3260 2452 subsequenti.
3288 2382 3492 2450 Quippe
3515 2380 3753 2450 cpistola:
3780 2379 3878 2434 ini-

2310 2476 2404 2541 tio,
2431 2490 2552 2529 cum
2583 2476 3196 2546 Hieronymus-excusat,
3225 2473 3722 2545 quodlnnocentius
3746 2487 3877 2526 anno

2309 2565 2579 2633 prtuterito,
2612 2567 2756 2635 quasi
2795 2581 3108 2634 nequaquam
3128 2565 3184 2618 in
3209 2565 3437 2634 Africam
3464 2579 3690 2617 reversus
3719 2563 3878 2632 ipsius

2308 2655 2376 2709 ad
2409 2656 2763 2725 Augustinum
2790 2655 2983 2723 scripta
3015 2670 3117 2709 non
3139 2655 3427 2723 sumpserit
3455 2695 3470 2721 ,
3497 2653 3694 2707 indicat
3723 2667 3877 2705 unam

2308 2755 2364 2802 et
2392 2747 2610 2800 alteram
2642 2745 2928 2799 Innocentii
2957 2746 3436 2814 peregrinationem
3481 2744 3533 2797 in
3560 2742 3831 2797 Orientem
3863 2759 3876 2792 :

2308 2853 2536 2909 quarum
2567 2838 2756 2907 prima,
2780 2837 3046 2907 siquidem
3074 2837 3416 2892 Innocentius
3443 2835 3512 2892 de
3533 2851 3629 2890 suo
3658 2835 3713 2889 in
3742 2832 3882 2888 Alri-

2309 2944 2426 2984 cam
2458 2927 2630 2982 reditu
2679 2927 2914 2982 incertus
2959 2936 3094 2995 erat,
3121 2943 3226 2982 non
3265 2927 3453 2983 eadem
3491 2937 3571 2980 est
3600 2941 3719 2981 cum
3751 2924 3837 2978 illa
3862 2966 3878 2990 ,

2309 3034 2466 3090 quam
2491 3032 2631 3072 anno
2655 3019 2781 3081 419,
2810 3017 3074 3074 Africana:
3113 3019 3314 3090 Synodi
3343 3019 3656 3073 auctoritate
3696 3030 3875 3072 susce-

2309 3111 2406 3180 pit.
2438 3109 2620 3180 Neque
2647 3119 2790 3165 recte
2829 3110 3087 3165 Baronius
3134 3110 3197 3164 iis
3248 3124 3313 3164 ex
3345 3109 3518 3163 verbis
3569 3106 3873 3178 Hieronymi

2311 3200 2515 3271 colligit
2533 3199 2816 3270 epistolam
2841 3215 2982 3256 anno
3011 3199 3302 3271 sequentia
3327 3199 3592 3270 legatione
3618 3197 3879 3252 Innocen-

2311 3294 2370 3348 tii
2397 3292 2573 3347 datam
2601 3293 2783 3348 fuisse.
2834 3311 2854 3346 s

2380 3381 2606 3438 CXLIV.
2659 3382 2866 3453 Scripta
2903 3383 3049 3437 initio
3085 3397 3172 3435 an.
3215 3379 3342 3435 420.
3373 3408 3444 3420 -
3469 3377 3615 3433 Hanc
3653 3374 3882 3448 denique

2311 3474 2592 3544 Augustini
2617 3474 2772 3543 epist.
2802 3473 2903 3526 sub
2951 3472 3074 3525 anni
3116 3470 3222 3526 420
3268 3470 3475 3524 initium
3530 3470 3708 3522 datam
3761 3467 3884 3524 inde

2311 3561 2783 3633 colligimus,quod
2810 3561 3013 3623 num.I,
3033 3568 3178 3614 notet
3199 3573 3258 3614 se
3277 3559 3508 3613 scribere
3531 3567 3643 3626 post
3669 3559 3886 3628 quinque

2311 3655 2470 3723 ferme
2495 3669 2656 3706 annos
2683 3651 2905 3706 evolutos
2927 3666 2990 3704 ex
3007 3665 3103 3720 quo
3123 3649 3176 3702 in
3197 3647 3449 3702 Orientem
3474 3648 3677 3701 miserat
3703 3647 3886 3701 librum

2313 3759 2412 3797 non
2439 3741 2867 3812 presumptionis,
2887 3739 2974 3794 sed
2999 3737 3380 3793 consultationis
3403 3752 3508 3791 sua:
3531 3736 3594 3790 ad
3627 3735 3886 3806 Hierony-

2311 3847 2478 3888 mum.
2525 3831 2622 3886 llic
2648 3831 2789 3885 enim
2819 3830 2953 3885 liber
2979 3829 3092 3899 ipsa
3120 3828 3210 3882 illa
3254 3835 3338 3882 est
3362 3827 3583 3895 epistola
3617 3825 3669 3879 in
3701 3838 3884 3879 recen-

2309 3923 2462 3977 sione
2503 3929 2681 3976 nostra
2710 3921 2834 3984 151,
2867 3934 2962 3989 per
2987 3917 3231 3974 Orosiam
3261 3917 3422 3971 missa
3458 3917 3512 3970 in
3549 3914 3882 3970 Palmstinam

2311 4027 2451 4066 anno
2474 4011 2618 4077 415,
2651 4020 2706 4064 ιιι
2732 4025 2796 4064 ex
2841 4009 3076 4079 ejusdem
3120 4007 3294 4063 Orosii
3332 4005 3677 4076 profectione,
3727 4012 3885 4075 atque

2311 4102 2490 4158 habita
2549 4102 2895 4173 Jerosolymis
2945 4108 3127 4155 contra
3193 4099 3464 4168 Pelagium
3525 4096 3884 4164 dESputatione

2311 4191 2378 4246 ad
2410 4209 2528 4246 eam
2553 4192 2710 4262 epist.
2756 4193 3106 4245 ostendimus.
3155 4190 3212 4246 Si
3244 4190 3378 4244 adeo
3405 4188 3557 4242 annis
3589 4187 3715 4252 415,
3753 4187 3886 4240 alios

2311 4283 2548 4352 quinque
2591 4281 2774 4348 addas,
2803 4281 2909 4337 420
2963 4280 3200 4348 efﬁcies,
3250 4280 3337 4334 cui
3385 4278 3662 4348 epistolam
3721 4277 3890 4332 consi~

2311 4385 2557 4441 gnamus.

1334 4480 1461 4536 Tres
1491 4480 1698 4550 reliquie
1724 4479 1972 4551 Epistolte
1997 4519 2013 4547 ,
2053 4496 2266 4548 quarum
2290 4489 2484 4551 tempus
2517 4483 2681 4536 minus
2716 4491 3025 4553 compertum
3050 4490 3143 4536 est.

707 4622 920 4680 Tresxin
947 4621 992 4677 ν
1018 4621 1253 4676 Classem
1279 4619 1582 4674 distulimus
1603 4617 1910 4690 llieronymi
1931 4617 2207 4688 epistolas,

637 4715 827 4787 quibus
857 4724 1026 4781 neque
1055 4725 1120 4765 ex
1147 4709 1404 4779 probabili
1429 4709 1656 4773 ratione,
1684 4723 1858 4778 neque
1885 4723 1952 4763 ex
1973 4707 2204 4762 erudito.

637 4823 752 4862 rum
780 4804 1055 4861 hominum
1085 4802 1348 4856 constanti
1370 4798 1686 4854 auctoritate
1707 4806 1906 4854 certam
1953 4798 2210 4866 temporis

639 4895 897 4962 epocham
926 4893 1197 4962 assignare
1223 4889 1318 4943 fuit
1352 4889 1676 4958 expeditum.
1711 4888 1864 4941 Prior
1893 4895 2068 4940 tamen
2091 4901 2210 4954 qua:

643 4994 725 5039 est
756 4984 820 5038 ad
853 4982 1264 5052 Exuperantium
1299 4978 1485 5033 CXLV
1513 4977 1722 5032 facilius
1747 4975 2064 5045 intelligitur
2094 4985 2212 5044 post

637 5090 833 5129 annum
862 5075 972 5130 586
999 5073 1119 5128 data
1144 5088 1210 5128 ex
1237 5071 1498 5127 Bcthlemi
1524 5109 1540 5132 ,
1568 5084 1724 5136 quam
1755 5077 1908 5124 antea
1931 5084 1960 5123 e
1979 5067 2212 5124 Calcidis

637 5178 842 5218 eremo.
884 5163 1016 5218 Vide
1050 5177 1165 5232 qua:
1195 5162 1247 5215 in
1293 5159 1443 5215 Notis
1484 5173 1549 5214 ex
1581 5157 1816 5212 Palladio
1844 5161 2208 5212 observamus.

640 5251 764 5308 Post
789 5252 1035 5309 eumdem
1079 5267 1275 5306 annum
1296 5291 1312 5318 ,
1354 5266 1474 5320 qua:
1500 5249 1740 5318 sequitur
1767 5249 1831 5303 ad
1882 5249 2209 5319 Evangelum

2311 4620 2516 4684 CXLVI
2548 4621 2751 4677 censeri
2779 4636 2843 4674 ex
2891 4635 2957 4674 eo
2979 4619 3139 4675 velim
3164 4660 3179 4686 ,
3206 4617 3345 4689 quod
3387 4633 3440 4672 n.
3469 4616 3507 4671 2
3533 4630 3593 4671 se
3627 4615 3789 4672 tradit
3811 4618 3888 4672 vi-

2313 4710 2456 4765 disse
2481 4711 2680 4775 Romae,
2710 4707 2849 4763 Inter
2871 4710 3182 4780 presbyteros
3203 4747 3219 4772 ,
3249 4706 3455 4761 absente
3482 4704 3752 4775 Episwpo
3805 4722 3885 4761 se-

2313 4802 2430 4855 dere
2474 4801 2761 4855 diaconum.
2811 4799 3061 4854 CXLVII.
3111 4799 3384 4852 Postrema
3413 4795 3479 4850 ad
3505 4795 3794 4851 Sabianum
3824 4797 3888 4850 iis

2313 4893 2506 4947 ascribi
2575 4893 2896 4960 temporibus
2965 4892 3133 4953 solet.
3180 4888 3374 4958 quibus
3421 4886 3630 4943 barbari
3677 4889 3885 4956 Imperii

2316 4993 2486 5037 terras
2525 4983 2848 5035 invaserant.
2915 4981 3069 5035 Certe
3117 4980 3396 5034 barbarum
3439 4979 3685 5032 maritum
3731 4979 3882 5048 ejus.

2316 5087 2472 5141 quam
2489 5071 2801 5127 Sabinianus
2822 5080 3149 5137 corruperat,
3171 5070 3400 5135 feminas,
3419 5083 3645 5138 eumque
3664 5067 3883 5124 militem

2320 5163 2483 5216 luisse
2510 5159 2702 5215 indicat
2731 5175 2875 5213 num.
2910 5161 2993 5212 11.

713 5405 1020 5472 Jamitaqne
1065 5406 1117 5456 in
1161 5414 1291 5457 recte
1333 5403 1629 5456 ordinandis
1659 5403 1955 5473 Hieronymi
1984 5402 2227 5471 epistolis,
2258 5399 2343 5463 qui
2401 5397 2648 5449 niaximus
2692 5395 2847 5464 ferme
2869 5404 2942 5450 est
2967 5395 3175 5449 editoris
3229 5392 3393 5460 labor,
3439 5408 3732 5465 summaque
3771 5394 3888 5449 inde

640 5491 976 5546 studiosorum
1009 5489 1220 5554 utilitas,
1266 5490 1509 5557 quidquid
1558 5491 1841 5559 potuimus,
1885 5494 1938 5545 in
1967 5505 2228 5546 commune
2276 5486 2592 5541 contulimus
2618 5501 2638 5541 :
2669 5502 2801 5541 nunc
2843 5497 3022 5542 cetera
3042 5500 3156 5544 aute
3179 5493 3466 5540 nostrarum
3495 5485 3719 5542 nartium
3747 5495 3883 5564 sunt,

641 5582 978 5647 conferamus.
