4048 6192
692 528 850 673 S.
955 531 1736 685 EUSEBII
1828 549 2988 703 HIERONYMI

537 827 1859 960 STBIDONENSIS
1957 849 3133 981 PRESBYTER!

1516 1092 2079 1263 VITA

501 1382 677 1472 EX
724 1384 855 1475 Ε]
859 1393 1002 1477 US
1062 1378 1783 1480 POTISSIMUM
1861 1400 2372 1489 SCRIPTIS
2429 1400 3171 1510 CONCINNATA

1020 1621 1130 1680 AD
1173 1621 1671 1683 EMINENTISS.
1719 1624 1783 1685 S.
1829 1627 1902 1684 R.
1952 1629 2021 1685 E.
2067 1628 2594 1698 CABDINALEM

803 1843 1876 1977 DOMINICUM
1947 1849 2751 1991 RIVIERA.

851 2103 2789 2142 ψ

684 2272 908 2329 CAPUT
946 2273 1231 2330 PRIMUM.

169 2392 209 2461 ἱ.
252 2406 555 2478 Hieronymi
589 2403 792 2458 Patria.
826 2405 888 2460 ll.
937 2404 1142 2460 Natalis
1172 2421 1355 2459 annus.
1392 2394 1478 2460 lli.
1527 2403 1742 2458 Nanten.

529 2495 622 2551 IV.
655 2495 898 2550 Parentes
920 2504 966 2549 et
995 2495 1374 2566 consanguinei.

231 2633 270 2686 l.
298 2632 572 2688 Eusebius
599 2631 980 2702 Hieronymus,
1015 2631 1212 2685 Doctor
1235 2630 1595 2686 Ecclesiarum
1625 2646 1740 2685 tua-

161 2724 351 2789 ximus,
385 2723 720 2788 Stridonem,
757 2721 990 2791 ignobile
1016 2721 1292 2791 Oppidum,
1335 2722 1499 2792 quod,
1531 2731 1588 2776 ut
1627 2723 1740 2792 ipse

159 2818 248 2883 ait,
266 2836 296 2870 a
313 2815 494 2871 Gothis
515 2831 765 2880 euersum,
793 2814 1067 2869 Dalmatia
1084 2814 1334 2884 quondam
1363 2813 1740 2884 Pannoniaque

155 2908 432 2976 con/inium
457 2907 559 2976 fuit
587 2904 728 2976 (Lib.
758 2906 822 2960 de
856 2903 966 2958 Vir.
1001 2905 1156 2961 ιιιιω,
1173 2922 1289 2974 cap.
1320 2906 1464 2974 ιαμ),
1497 2914 1615 2960 ortu
1639 2920 1737 2960 suo

157 3000 479 3054 nobilitavit.
516 2997 626 3054 Sed
653 2998 792 3052 banc
821 2997 1056 3064 laudem,
1099 2999 1336 3068 pristinis
1363 2999 1466 3054 loci
1496 2999 1736 3068 vestigiis

149 3089 254 3158 jam
280 3100 392 3145 tum
424 3089 495 3145 ab
521 3089 666 3144 illius
693 3104 808 3144 :evo
828 3087 941 3144 fere
961 3079 1173 3153 dnctis,
1208 3090 1388 3158 plures
1421 3089 1580 3144 hodie
1601 3089 1734 3143 civi-

154 3189 284 3236 tates
325 3189 476 3245 sunt,
525 3179 857 3250 diversaque
897 3180 1210 3252 provincias,
1254 3196 1376 3251 quae
1418 3182 1519 3236 sibi
1563 3181 1738 3236 vindi-

150 3281 288 3326 cent.
317 3271 766 3327 Concertationes
795 3285 1010 3342 quoque
1039 3271 1398 3326 recentiorum
1440 3271 1539 3325 bac
1575 3286 1736 3340 super

152 3365 278 3419 illud
328 3364 608 3419 Dalmatiae
652 3363 964 3419 adscribunt
1011 3383 1024 3418 :
1065 3372 1120 3418 et
1175 3363 1476 3418 Dalmatam
1517 3364 1732 3433 quidem

152 3455 537 3528 Hieronymum
579 3455 712 3510 dixit
762 3471 962 3526 suppar
1010 3455 1088 3510 illi
1139 3454 1382 3524 Scriptor
1436 3454 1726 3510 Palladius.

151 3547 316 3619 Vulgo
339 3549 530 3616 etiam,
558 3563 626 3604 ne
654 3548 942 3604 recitandis
971 3550 1263 3602 Auctorum
1299 3547 1604 3602 nominibus
1631 3548 1731 3602 im-

147 3655 440 3703 moremur,
474 3640 739 3695 sententia
784 3641 883 3694 ista
919 3639 1147 3706 obtinet,
1191 3649 1247 3695 et
1287 3641 1461 3710 magni
1497 3641 1729 3696 nominis

151 3730 359 3784 testium
383 3730 571 3784 nititur
599 3730 935 3785 auctoritate.
968 3728 1075 3784 Sed
1103 3729 1330 3798 primum
1361 3730 1474 3798 ipse
1500 3744 1560 3785 se
1587 3745 1728 3784 nun-

149 3835 302 3888 quam
331 3822 631 3876 Dalmatam
659 3822 718 3876 S.
750 3822 910 3877 Pater
933 3829 1106 3876 vocat.
1139 3821 1274 3890 Quin
1299 3823 1473 3891 potius
1499 3822 1604 3876 alio
1631 3837 1727 3876 na-

151 3921 255 3966 tum
284 3913 386 3968 sub
409 3913 551 3968 caelo
597 3913 816 3978 indicat,
859 3928 979 3968 cum
1010 3913 1156 3980 alibi,
1206 3922 1313 3968 tum
1347 3913 1568 3968 inferius
1607 3913 1725 3968 lau-

149 4001 320 4059 dando
351 4004 662 4059 testimonio
702 4006 753 4059 in
785 4004 1072 4074 Sophonize
1121 4015 1283 4075 caput
1322 4006 1570 4075 primum.
1609 4005 1727 4061 Non

148 4095 444 4152 estdeinde
480 4097 659 4152 locum
702 4097 946 4154 invenire
976 4099 1027 4152 in
1078 4097 1350 4152 Dalmatiae
1391 4097 1604 4163 ﬁnibus,
1635 4099 1725 4167 qui

149 4187 232 4240 vel
263 4189 494 4244 nominis
530 4189 900 4253 similitudine,
945 4190 1028 4245 vel
1073 4199 1230 4244 teme
1275 4192 1403 4254 situ,
1447 4193 1722 4261 antiquam

147 4274 443 4334 Stridonem
465 4279 667 4336 referre
687 4280 968 4335 commode
989 4281 1246 4336 videatur.
1271 4280 1379 4335 Nec
1392 4296 1519 4336 vero
1541 4296 1728 4350 quem-

146 4370 281 4436 piam
311 4371 375 4426 de
405 4373 624 4427 nomine
648 4374 886 4443 assignat
924 4373 1140 4437 Lucius,
1181 4388 1404 4443 magnus
1444 4373 1725 4428 sontentiai:

143 4454 255 4526 ej'ns
287 4463 497 4528 vindex,
525 4472 581 4519 et
621 4478 858 4532 nuperos
900 4479 1076 4519 rerum
1119 4465 1524 4520 Dalmaticat'um
1557 4466 1724 4519 ltistoo

143 4553 280 4607 ricns
311 4572 324 4619 ;
356 4557 444 4626 qui
487 4565 669 4610 autem
707 4555 932 4612 Sidrona
984 4557 1256 4611 Ptolemaei
1316 4558 1419 4611 ltuc
1459 4556 1720 4622 referunt,

141 4660 297 4712 quam
325 4649 479 4718 longe
503 4649 574 4704 ab
600 4651 744 4704 omni
771 4650 880 4704 veri
919 4650 1098 4719 specie
1142 4649 1412 4715 aberrent,
1446 4663 1591 4716 mox,
1627 4649 1716 4704 ubi

141 4737 201 4789 de
223 4739 476 4795 Liburnia
504 4741 762 4811 dicemus,
798 4742 1013 4811 planum
1047 4741 1171 4796 erit.

204 4831 310 4884 Alii
339 4831 629 4885 Pannonia:
659 4832 858 4886 malunt
891 4832 1123 4886 adtribui
1151 4848 1166 4896 ;
1202 4847 1322 4886 nam
1368 4844 1419 4886 et
1450 4833 1500 4886 in
1547 4832 1718 4886 Niem-

135 4922 212 4971 nis
243 4921 728 4986 subscriptiouibus
755 4921 988 4976 Domnus
1013 4922 1229 4992 quidam
1273 4921 1620 4978 Stridonensis
1657 4938 1721 4976 ex

139 5006 744 5080 l’annattieEpiscopus
781 5013 1108 5077 nominatur,
1154 5013 1299 5068 etab
1325 5027 1412 5077 eo,
1455 5014 1543 5084 qui
1588 5027 1718 5083 pro-

137 5103 279 5156 xime
316 5100 581 5173 praecedit
612 5097 708 5168 ibi,
752 5104 1010 5175 EpiscOpo
1053 5106 1328 5160 Dalmatia:
1355 5105 1716 5176 distinguitur.

137 5189 201 5244 Et
221 5209 528 5264 quanquam
575 5193 993 5265 subscriptiones
1016 5199 1140 5262 illm,
1171 5213 1294 5252 num
1336 5197 1717 5261 sintNiczenre,

137 5296 200 5334 an
232 5285 383 5340 alteri
423 5285 690 5358 sequioris
718 5290 978 5356 temporis
1015 5288 1232 5359 Synodo
1277 5287 1591 5351 tribuenda,
1633 5287 1718 5340 di-

135 5385 400 5444 sputatum
427 5389 546 5444 est;
573 5381 923 5437 nihilominus
948 5381 1257 5438 Stridonem
1277 5381 1563 5436 Pannoniae
1589 5380 1716 5434 olim
1754 5384 1762 5391 '

136 5471 476 5538 areensitam,
517 5474 649 5527 satis
695 5474 1040 5542 persuadent.
1078 5475 1186 5530 Nec
1233 5489 1328 5544 par
1355 5473 1576 5527 credere
1614 5481 1715 5536 est,

141 5560 272 5626 quod
303 5572 538 5618 autumat
577 5564 772 5619 dooms
810 5565 911 5630 vir,
951 5566 1111 5620 luisse
1151 5562 1490 5635 postmodum
1532 5578 1562 5616 e
1593 5559 1718 5614 Dai-

144 5653 289 5708 tuatia
336 5656 382 5710 in
413 5657 703 5714 Pannonia:
751 5673 975 5712 censum
1010 5659 1340 5722 translatam,
1373 5671 1489 5710 eum
1529 5651 1716 5707 Eccleo

606 5750 670 5813 S.
721 5751 1117 5813 HIERONYMI.
1170 5750 1216 5810 l.

1854 2275 2083 2367 siasticzc
2131 2279 2418 2347 provincia:
2454 2286 2740 2341 vetustiori
2780 2291 3053 2358 partitioni
3095 2298 3291 2367 sapius
3335 2305 3435 2359 ad-

1853 2364 2110 2421 lmreant.
2165 2368 2498 2427 Pannonium
2524 2387 2736 2446 quoque
2773 2393 2832 2433 se
2879 2381 2994 2451 ipse
3038 2364 3336 2446 subindicat
3375 2396 3433 2450 S.

1849 2453 2008 2511 Pater
2031 2496 2046 2522 ,
2112 2459 2200 2514 ubi
2256 2461 2488 2518 Patriam
2545 2479 2696 2522 suam
2761 2473 3056 2531 rusticitatis
3105 2485 3410 2542 ternacnlan

1851 2546 2043 2618 (Epist.
2081 2549 2213 2624 γιι)
2243 2565 2416 2621 vocat,
2445 2566 2498 2612 et
2537 2559 2866 2618 Castrucimn
2894 2577 3131 2626 veterem
3170 2576 3398 2635 amicum

1845 2635 2070 2695 fortasse
2083 2650 2138 2697 et
2155 2654 2587 2713 conterrsneum,
2611 2649 2931 2711 Pannonium
2951 2661 3224 2731 hominem,
3251 2667 3307 2720 id
3331 2683 3405 2724 est

1843 2735 2107 2824 terrenum
2122 2735 2326 2824 animal
2359 2737 2487 2807 (Ep.
2536 2738 2632 2794 LX
2651 2740 2812 2814 VII!)
2859 2749 3125 2818 appellat;
3171 2769 3278 2824 quo
3317 2775 3424 2816 non

1843 2819 2052 2877 videtur
2078 2823 2307 2882 dicteria
2333 2826 2496 2885 fuisse
2517 2833 2746 2889 amicum
2775 2837 3088 2906 petiturum,
3113 2819 3214 2898 nisi
3243 2857 3298 2901 et
3323 2851 3424 2905 sibi

1841 2910 1970 2966 illud
2001 2928 2282 2972 commune
2314 2933 2382 2973 ex
2427 2924 2602 2988 gentis
2646 2924 2859 2994 ingenio
2897 2927 3105 2984 fuisset.
3147 2932 3250 2988 Sed
3283 2941 3426 3005 quod

1839 3003 1989 3057 aiunt
2015 3007 2105 3072 qui
2142 3008 2210 3060 ab
2233 3008 2331 3062 Itac
2360 3020 2508 3078 parte
2537 3021 2701 3077 stant,
2737 3014 3045 3072 Stridonem
3090 3037 3208 3074 eam
3252 3003 3418 3082 fuisse

1840 3094 1906 3148 ad
1938 3095 2138 3149 Mur-am
2164 3097 2402 3163 ﬂuvium,
2430 3101 2562 3154 alias
2581 3102 2631 3155 in
2651 3103 2922 3160 Pannonia
2951 3110 3234 3177 superiori,
3265 3113 3422 3173 hodie

1841 3186 1894 3240 in
1921 3186 2079 3242 Stiria
2117 3189 2234 3243 XV.
2264 3189 2409 3244 mille
2441 3193 2682 3260 passibus
2729 3195 2865 3252 infra
2910 3199 3328 3274 liakeltburgum
3369 3211 3420 3264 in

1841 3275 2065 3345 Eurum,
2096 3294 2284 3335 versus
2321 3279 2652 3338 conﬂuentes
2697 3285 2860 3341 Mure:
2903 3289 2956 3344 in
2999 3291 3246 3355 Dravum,
3284 3298 3418 3366 sive,

1839 3367 1979 3436 quod
2009 3384 2076 3423 eo
2121 3378 2294 3425 tamen
2325 3371 2532 3436 recidit,
2585 3389 2751 3446 prope
2786 3393 2963 3434 arcem
3001 3380 3139 3437 Csan
3185 3385 3416 3459 Tornga,

1837 3472 1936 3511 nec
1963 3458 2061 3512 nisi
2089 3460 2191 3514 dici
2232 3461 2422 3517 itinere
2459 3463 2743 3520 distantem
2775 3484 2803 3521 a
2835 3469 3077 3536 Sabaria,
3117 3477 3264 3545 quod
3305 3458 3416 3535 noti

1836 3549 2066 3605 nominis
2093 3551 2142 3605 in
2172 3551 2436 3623 iluugaria
2462 3567 2542 3610 est
2583 3559 2838 3628 oppidum
2872 3580 2885 3616 :
2919 3564 2995 3631 lii,
3026 3566 3261 3638 inquam,
3299 3587 3415 3628 rem

1833 3638 2018 3695 dicunt
2056 3642 2447 3701 incredibilem.
2478 3647 2543 3702 Et
2571 3651 2834 3720 siquidem
2877 3656 3055 3711 nullus
3092 3660 3227 3716 alius
3265 3663 3416 3718 locus

1833 3741 1934 3796 est,
1966 3733 2051 3788 cui
2093 3737 2297 3805 possint
2340 3737 2774 3811 llieronymiana:
2817 3747 3002 3812 patria:
3040 3761 3222 3818 partes
3263 3756 3415 3822 adju-

1833 3822 2034 3890 dicare,
2057 3825 2157 3896 ipsi
2186 3827 2328 3896 quod
2357 3842 2765 3900 proposuerant,
2800 3834 2958 3903 plane
2985 3837 3284 3894 destruunt.
3321 3845 3416 3900 Est

1832 3915 1975 3969 enim
2006 3915 2152 3971 locus
2181 3919 2268 3974 ille
2295 3919 2348 3974 in
2381 3920 2555 3976 media
2585 3920 2699 3978 fere
2725 3923 3016 3992 Pannonia,
3044 3942 3150 3983 non
3189 3931 3257 3985 ad
3296 3934 3413 4000 ejus

1832 4003 2029 4061 limites
2059 4025 2071 4059 :
2105 4024 2203 4063 nec
2234 4013 2403 4079 potuit
2431 4027 2685 4083 unquam,
2724 4016 2866 4086 quod
2907 4017 2982 4071 ait
3033 4017 3409 4094 Hieronymus,

1833 4095 1998 4151 fuisse
2026 4099 2296 4154 Dalmatize
2323 4101 2582 4170 conﬁnis;
2619 4117 2778 4177 atque
2806 4109 2941 4164 adeo
2971 4109 3061 4164 illa
3091 4113 3206 4181 ejus
3237 4119 3406 4184 patria

1831 4187 2050 4242 Omnino
2080 4205 2184 4244 non
2212 4189 2332 4246 fuit.

1902 4278 2126 4349 Propius
2169 4280 2234 4335 ad
2272 4298 2455 4339 verum
2483 4285 2660 4342 dicere
2689 4289 2789 4343 visi
2829 4299 2975 4357 sunt,
3005 4295 3095 4362 qui
3129 4297 3180 4349 in
3209 4297 3409 4354 Libur-

1833 4372 1915 4425 nia
1945 4388 2060 4427 eam
2096 4375 2398 4442 collocant;
2439 4387 2555 4432 erat
2592 4381 2735 4436 enim
2777 4398 2838 4437 ea
2878 4387 3145 4453 provincia
3191 4391 3402 4447 Panno.

1831 4463 1932 4520 nia:
1959 4474 2012 4519 et
2039 4465 2313 4522 Dalmatia:
2341 4472 2692 4539 contermina,
2725 4475 2875 4530 etab
2917 4478 3016 4533 hac
3052 4483 3266 4550 quidem
3307 4488 3406 4543 De-

1832 4555 1933 4610 biis
1970 4556 2237 4612 Montibus
2276 4574 2304 4613 a
2345 4561 2608 4618 Strabone
2651 4569 2980 4630 memoratis.
3012 4572 3082 4627 ab
3111 4574 3194 4630 illa
3225 4589 3403 4634 autem

1830 4646 2015 4703 Titisio
2059 4647 2276 4706 ﬂumine
2325 4656 2693 4723 separabatur.
2742 4658 2910 4715 Porro
2966 4659 3037 4717 ibi
3084 4664 3405 4724 Ptolemmns

1832 4737 1964 4807 (Lib.
1999 4737 2079 4794 11.
2115 4759 2161 4796 c.
2197 4744 2284 4814 l7)
2323 4750 2695 4816 cognominem
2745 4751 2852 4806 fere
2893 4752 3077 4806 urbem
3118 4754 3402 4813 Stdronant

1830 4829 1970 4885 inter
2003 4833 2420 4890 mediterraneas
2462 4852 2725 4902 recenset,
2765 4842 2963 4912 datque
3003 4842 3290 4910 Liburnize,
3335 4848 3406 4904 ita

1829 4929 2003 4976 tamen
2053 4935 2104 4978 ut
2152 4926 2202 4979 in
2253 4927 2474 4982 limitem
2527 4931 2796 4984 Dalmatia:
2837 4931 3050 4992 incidat,
3114 4933 3275 5000 paulo
3313 4952 3407 4991 su-

1829 5027 1920 5082 pra
1951 5013 2072 5068 Titii
2096 5017 2265 5071 amnis
2294 5019 2487 5087 latntes,
2512 5021 2600 5088 qui
2631 5021 2934 5074 Liburniam
2963 5021 3098 5075 linit.
3123 5020 3278 5080 Salva
3305 5029 3406 5084 hoc

1827 5103 2043 5160 invento
2073 5107 2182 5161 visa
2228 5123 2314 5163 res
2351 5118 2474 5163 cst:
2509 5125 2630 5164 nam
2661 5110 2760 5162 etsi
2803 5109 3153 5178 Pannoniam,
3195 5117 3408 5174 Dalma-

1829 5196 2084 5265 tiamque,
2121 5213 2227 5253 non
2253 5207 2429 5253 autem
2461 5199 2769 5254 Liburniam
2813 5199 3168 5274 Hieronymus
3195 5223 3405 5265 memo-

1827 5293 1931 5346 rat,
1959 5286 2130 5351 potuit
2169 5286 2284 5353 ejus
2313 5301 2449 5353 aevo,
2491 5287 2708 5342 mutatis
2744 5289 2970 5346 subinde
3007 5295 3402 5364 provinciarum

1831 5374 2046 5438 ﬁnibus,
2091 5375 2219 5430 urbs
2259 5376 2345 5429 illa
2391 5392 2457 5432 ex
2503 5376 2757 5433 Liburnia
2802 5379 2856 5435 in
2909 5382 3243 5454 Dalmatiam,
3290 5393 3405 5450 sive

1830 5466 2158 5520 Pannoniam
2190 5465 2524 5534 immigrasse
2552 5486 2566 5523 ε
2594 5468 2705 5523 imo
2731 5479 2780 5525 et
2813 5477 2964 5542 satis,
2993 5487 3051 5531 ut
3073 5481 3269 5546 sentio,
3299 5495 3403 5552 est,

1831 5557 1876 5612 si
1900 5567 2178 5628 utramque
2211 5557 2536 5626 provinciam
2563 5561 2738 5616 neutri
2759 5562 2871 5634 ipsa
2897 5568 3184 5641 adscripta,
3219 5578 3406 5630 termi‘o
3458 5638 3461 5640 ,

1831 5658 2002 5704 naret.
2033 5648 2209 5705 Multis
2239 5649 2416 5720 itaque
2437 5652 2553 5709 haec
2579 5654 2844 5711 sententia
2872 5661 3160 5728 persuasit,
3192 5664 3403 5717 tametsi

2921 5749 3126 5823 (Une.)
