4048 6192
607 291 638 344 -ι
1881 274 1934 327 s.
1981 272 2352 327 tttenoxvm
2400 271 2578 327 ιἰτΑ.
3848 267 3883 326 tt

611 403 836 459 invicem
869 399 949 454 vel
981 413 1076 468 pro
1111 391 1415 454 Pannonian
1463 389 1546 442 vel
1585 402 1678 456 pro
1724 385 2001 441 Dalmatia:
2030 387 2186 440 laude

610 493 938 549 certantibus
965 507 980 543 ;
1009 497 1060 540 et
1091 486 1180 538 diu
1206 493 1306 546 est,
1334 479 1472 550 quod
1504 480 1782 533 meliorem
1806 477 1986 531 Critici
2011 478 2186 545 magni

611 585 843 640 nominis
868 577 1115 648 amplecti
1145 573 1406 628 nesciunt.
1438 573 1507 625 At
1537 585 1663 624 vero
1694 570 1914 623 nimium
1949 569 2036 622 illa
2074 569 2186 621 dis-

611 679 710 732 sita
751 686 831 732 cst
868 675 1053 729 civitas
1083 671 1153 726 ab
1179 684 1248 726 eo
1289 678 1448 725 terra:
1474 678 1665 733 tractu,
1693 682 1851 738 quem
1892 681 2092 727 rerum,
2132 670 2188 717 et

611 771 731 820 vita:
758 761 1189 834 llieronymiana:
1219 759 1390 815 series
1416 759 1682 828 signitieat
1714 776 1728 810 :
1762 772 1936 826 neque
1965 767 2045 808 est
2092 769 2182 808 ve-

612 855 846 909 rosimile
896 853 1106 924 longius
1140 867 1262 907 eum
1292 850 1361 905 ab
1389 865 1456 905 eo
1496 850 1614 904 solo
1650 859 1828 903 ortum
1857 847 2094 911 duxisse,
2135 845 2186 898 in

610 962 716 1016 quo
755 953 977 1014 apparet
1018 943 1299 1014 puerulum
1337 942 1537 1012 egisse,
1577 951 1643 994 et-
1679 955 1707 992 a
1751 939 1937 1009 primis
1964 937 2190 990 nucibus

603 1039 848 1109 juuxisse
873 1039 1155 1092 amicitias.
1198 1036 1471 1102 Tractum,
1504 1036 1742 1105 inquam,
1785 1035 1872 1103 qui
1903 1033 2190 1088 IEmOaam

607 1132 748 1185 inter
792 1139 847 1184 ct
897 1128 1196 1198 Aquileiam
1225 1127 1520 1196 interiacet,
1561 1128 1673 1180 sive
1704 1127 1758 1179 in
1787 1140 1971 1178 carum
2000 1123 2192 1176 vicinia

607 1233 713 1287 est,
743 1237 770 1274 a
797 1236 904 1290 quo
933 1220 1159 1276 Sidrona
1189 1219 1460 1273 Ptolemaai
1497 1227 1604 1270 tota
1645 1219 1781 1286 ipsa,
1829 1216 1881 1269 in
1919 1213 2072 1283 cujus
2099 1228 2194 1282 op-

609 1314 786 1382 posito
803 1321 884 1367 est
910 1312 1096 1375 limite,
1118 1310 1367 1365 Liburnia
1391 1309 1704 1363 intermedia
1726 1307 1996 1378 provincia
2020 1307 2085 1360 ab
2110 1315 2190 1358 st.

613 1403 817 1457 Deinde
843 1402 1116 1467 Liburnia,
1141 1410 1197 1454 ut
1225 1410 1279 1454 ct
1307 1399 1560 1454 Dalmatia
1595 1399 1806 1469 Illyrico
1839 1396 2192 1452 contineban-

615 1504 737 1557 tur;
785 1491 938 1561 cujus
966 1491 1086 1545 duze
1131 1489 1293 1544 veluti
1348 1499 1524 1558 partes
1571 1498 1761 1553 erant;
1800 1495 1855 1541 et
1891 1499 2194 1557 quanquam

611 1594 754 1637 totus
783 1582 872 1637 ille
900 1591 1099 1636 tractus
1129 1581 1386 1635 Dalmatia
1413 1581 1572 1634 etiam
1602 1579 1776 1634 dictus
1803 1578 2091 1648 aliquando
2111 1585 2197 1631 est

613 1691 710 1745 pro
738 1675 968 1746 Illyrico.
999 1673 1253 1728 Liburnia
1285 1687 1553 1743 nunquam
1594 1671 1693 1726 nisi
1735 1687 1828 1741 pro
1860 1670 2074 1741 Illyrici,
2107 1677 2199 1722 aut

626 1767 664 1817 si
697 1765 886 1829 matis,
932 1762 1205 1817 Dalmatia:
1251 1771 1400 1832 parte
1431 1761 1760 1830 itttclligizur.
1809 1760 2059 1816 Testatur
2100 1775 2196 1812 au-

625 1874 724 1913 tem
773 1858 885 1926 ipse
931 1856 1204 1925 conceptis
1242 1854 1420 1910 verbis
1469 1853 1527 1908 S.
1579 1853 1756 1920 l‘ater,
1798 1853 1851 1907 in
1894 1852 2001 1907 alio
2041 1865 2100 1906 se
2133 1851 2202 1904 ab

623 1949 816 2018 Illyrici
847 1947 963 2002 solo
993 1959 1171 2000 natum
1206 1964 1219 1998 :
1247 1943 1433 2012 Testis,
1467 1948 1709 2015 inquiens
1735 1945 1786 1998 itt
1819 1943 2195 2013 Sephon.cap.

619 2039 658 2092 I.
679 2053 818 2092 vers.
838 2037 891 2091 9..
911 2036 1153 2108 Illyrium
1170 2047 1263 2103 est,
1279 2038 1416 2090 testis
1439 2036 1678 2101 Thracia,
1703 2037 1857 2101 testis,
1880 2036 2040 2104 inquo
2060 2045 2200 2087 ortus

619 2148 729 2183 sum
745 2130 1101 2200 solumJgitur
1113 2129 1400 2193 Liburnim,
1420 2145 1537 2198 qua:
1556 2128 1764 2198 Illyrico
1781 2125 2203 2194 comprehende-

620 2222 798 2288 batttr,
823 2229 977 2275 natus
995 2234 1099 2274 non
1117 2229 1200 2273 est
1221 2236 1235 2272 :
1264 2219 1481 2274 omnino
1496 2231 1673 2273 autem
1697 2233 1801 2271 non
1820 2217 2059 2272 Sidrona.‘
2077 2216 2202 2270 Pto-

618 2311 818 2377 lemai,
870 2326 989 2382 quae
1036 2309 1342 2366 Liburniam
1393 2309 1460 2364 ad
1489 2308 1749 2363 orientem
1784 2310 1918 2374 linit,
1969 2323 2032 2362 ac
2053 2307 2201 2376 juxta

620 2403 796 2472 ipsum
837 2401 1181 2456 Ptolemmum
1229 2401 1341 2471 (qui
1393 2400 1586 2471 Illyrici
1643 2400 1777 2454 lines
1825 2401 1892 2454 ab
1936 2399 2088 2453 lstria
2129 2397 2196 2450 ad

622 2492 884 2548 Scardum
914 2507 1081 2561 usque
1112 2501 1348 2545 montem
1375 2503 1427 2544 et
1453 2493 1785 2561 superiorem
1813 2491 2048 2546 Mmsiam
2082 2506 2206 2560 pro-

623 2581 796 2653 ducit)
820 2581 998 2637 medio
1025 2581 1193 2636 ferme
1219 2581 1432 2653 Illyrico
1457 2599 1486 2635 a
1516 2591 1666 2652 tergo
1694 2583 1918 2652 adjacet.

695 2675 767 2730 At
791 2673 1065 2744 quoniam,
1099 2673 1327 2742 inquies,
1357 2673 1590 2743 denique
1625 2674 1744 2728 loco
1791 2675 1964 2728 natale
2004 2674 2062 2727 S.
2110 2672 2208 2727 Pa-

625 2767 724 2822 tris
751 2767 945 2831 solum,
968 2775 1024 2820 et
1046 2764 1186 2834 apud
1207 2779 1342 2835 quas
1357 2775 1544 2834 gentes
1575 2763 2050 2834 investigabimns?
2074 2763 2204 2834 Ego,

622 2859 670 2910 si
701 2871 860 2926 quam
889 2854 1018 2910 olim
1065 2855 1344 2920 Erasmus,
1388 2863 1442 2910 et
1472 2869 1580 2909 non
1625 2855 1693 2908 ita
1743 2853 1947 2924 pridem
1991 2855 2204 2920 Lucius,

625 2945 939 3016 praeposteri
989 2945 1150 3002 studii
1195 2954 1255 3001 et
1296 2943 1516 3000 allectus
1560 2960 1746 3015 parum
1785 2945 1930 3015 digni
1956 2945 2209 3015 gravibus

625 3037 759 3092 vit-is
810 3037 1205 3102 insimularuut,
1253 3037 1577 3091 sententiam
1623 3034 1884 3105 replicare
1937 3036 2098 3100 licet,
2157 3036 2210 3089 in

627 3130 799 3194 lstria,
823 3141 984 3200 atque
1007 3145 1068 3185 ea
1098 3129 1260 3184 ltalize
1283 3127 1498 3198 quidem
1525 3139 1747 3194 nostrae,
1773 3142 1894 3182 cum
1931 3127 2090 3198 longe
2114 3127 2212 3182 do-

625 3224 879 3280 ctissimis
919 3223 1302 3292 Seriptoribus,
1345 3238 1377 3277 e
1406 3237 1634 3293 quorum
1677 3236 1902 3276 numero
1939 3230 2020 3276 est
2061 3220 2208 3276 Tho-

628 3329 744 3372 tnas
792 3313 1213 3369 Archidiaconus
1263 3314 1630 3384 Spalatensis,
1685 3313 1776 3382 qui
1821 3313 1972 3368 initio
2017 3312 2210 3367 Smeuli

631 3405 772 3460 Xlll.
809 3405 959 3470 vixit,
994 3403 1252 3468 Blondus,
1282 3413 1338 3458 et
1375 3403 1644 3458 Marianos
1684 3403 1968 3470 Victorius,
2007 3405 2211 3459 consti-

631 3496 707 3550 tui
733 3495 935 3550 malim.
964 3495 1247 3564 Sdriguam
1281 3509 1420 3547 nunc
1448 3503 1660 3555 vocant.
1690 3495 1803 3548 sive
1841 3493 2024 3560 Sdrin,
2060 3496 2213 3564 oppi-

628 3585 814 3640 dulum
843 3584 896 3638 in
924 3583 1238 3653 'l‘etgestina
1263 3581 1508 3645 dimcesi,
1541 3583 1677 3636 inter
1707 3583 1917 3638 Petram
1960 3584 2208 3653 pilosam,

633 3677 909 3734 Portulam
934 3687 990 3732 et
1034 3676 1360 3731 Primoutem
1388 3676 1548 3730 situm
1581 3676 1664 3729 vix
1697 3675 1931 3729 millibus
1961 3691 2212 3745 passumu

635 3770 748 3826 XL.
777 3768 981 3825 distats
1006 3768 1074 3823 ab
1101 3768 1362 3839 Aquileia.
1392 3766 1448 3822 ιιι
1491 3770 1602 3838 ipse
1629 3767 1783 3822 nobis
1813 3767 1957 3823 visus
1985 3776 2068 3822 est
2097 3783 2213 3822 ma-

629 3860 835 3918 nifesto
865 3859 1100 3915 indicare
1146 3859 1503 3930 Hieronymus
1550 3859 1666 3913 loco
1708 3858 1952 3927 superius
1979 3858 2212 3926 laudato,

633 3955 680 4008 si
714 3968 815 4007 me:
843 3960 947 4004 tem
987 3950 1105 4019 ejus
1143 3960 1286 4004 recte
1333 3949 1689 4019 percepimus.
1731 3948 1884 4016 Quod
1929 3949 2072 4004 enim
2116 3951 2213 4016 ait,

632 4059 752 4098 eam
783 4043 1052 4097 cixitatem
1081 4039 1244 4094 fuisse
1283 4039 1540 4110 quondam
1580 4041 1854 4095 Dalmatia:
1893 4039 2214 4095 Pannonia:-

633 4149 737 4204 que
763 4131 1074 4196 continium,
1107 4139 1340 4186 veterem
1368 4145 1427 4185 se
1457 4132 1769 4186 memoriam
1810 4141 2074 4202 repetere,
2107 4147 2216 4186 non

634 4223 717 4278 sui
751 4222 1028 4291 temporis,
1074 4221 1342 4288 ostendit;
1383 4231 1438 4277 et
1469 4222 1610 4292 quod
1642 4223 1774 4278 duas
1808 4224 2045 4279 contines
2087 4240 2215 4294 pro-

635 4315 839 4368 vincias
893 4321 1172 4376 memorat,
1236 4313 1410 4368 locum
1461 4314 1770 4370 arbitrando
1822 4315 1980 4382 facit,
2042 4316 2216 4370 neutri

637 4402 800 4457 fuisse
829 4419 946 4458 eam
987 4404 1197 4474 preprie
1221 4403 1510 4459 addictam.
1546 4404 1712 4460 Porro
1741 4405 2059 4459 Dalmatiam
2087 4406 2214 4458 olim

635 4493 705 4548 ad
732 4493 900 4548 lstrire
923 4511 1092 4564 usque
1133 4497 1355 4552 limitem
1403 4497 1702 4567 pertigisse,
1732 4514 1798 4553 ex
1825 4499 2058 4567 antiquis
2079 4500 2216 4555 Geo-

636 4583 855 4653 graphis
885 4584 1172 4655 intelligas,
1202 4597 1362 4658 atque
1409 4589 1489 4642 his
1531 4591 1783 4652 maxime,
1815 4591 1905 4660 qui
1954 4606 2071 4645 eam
2119 4592 2220 4645 sub

637 4673 837 4736 Illyrici
882 4673 1141 4729 vocabulo
1183 4676 1514 4743 descrilmnt,
1551 4689 1606 4732 tll
1650 4695 1748 4734 nec
1793 4681 2104 4736 Dalmatiam
2151 4683 2219 4738 de

637 4782 854 4821 nonnue
880 4781 1112 4836 unquam
1138 4776 1349 4832 vocent,
1372 4783 1490 4821 cum
1521 4770 1708 4838 primis
1739 4769 2031 4840 Pomponio
2059 4772 2215 4840 Mela,

635 4857 874 4929 Scytnno
901 4853 1055 4922 Chio,
1089 4856 1314 4928 Scylace
1351 4866 1512 4927 atque
1549 4857 1688 4913 aliis.
1730 4858 1834 4914 Sed
1881 4875 2055 4929 neque
2106 4863 2220 4932 ipse

637 4948 895 5004 diflitetur
918 4946 1119 5002 dudum
1159 4948 1406 5003 laudatus
1429 4947 1646 5014 Lueitts,
1677 4964 1796 5003 cum
1837 4950 1996 5018 coepit
2027 4951 2214 5022 Illyrici

638 5040 894 5097 maritimi
936 5057 1130 5096 nomen
1161 5040 1522 5103 obsolescere,
1562 5055 1759 5111 proque
1797 5041 1914 5110 ejus
1947 5040 2219 5098 Dalmatia:

635 5133 950 5190 vocabulum
976 5133 1322 5205 frequentari,
1355 5131 1492 5189 hanc
1518 5148 1624 5188 non
1653 5133 1826 5188 solum
1851 5142 2061 5188 veteres
2091 5149 2217 5189 suos

635 5225 915 5290 terminos,
947 5226 1042 5281 sed
1072 5227 1349 5282 linitimam
1380 5240 1594 5297 quoque
1624 5224 1931 5280 Liburniam
1966 5240 2216 5295 compre-

637 5316 906 5371 hendisse.
936 5313 1238 5371 Conlinium
1271 5316 1400 5372 illud
1431 5319 1609 5386 itaque
1641 5316 1936 5382 Dalmatite,
1969 5315 2034 5370 ad
2075 5316 2217 5384 quod

636 5411 788 5457 notat
815 5403 875 5458 S.
905 5405 1062 5459 Pater
1087 5410 1314 5474 positam
1344 5410 1566 5476 patriam
1613 5423 1762 5462 suam
1798 5407 2127 5472 Stridonem,
2161 5408 2215 5461 in

635 5500 880 5545 extremo
920 5492 1187 5549 Liburnia
1215 5497 1282 5550 ad
1320 5497 1579 5552 Occasum
1619 5499 1786 5553 limite
1815 5499 2034 5553 omnino
2069 5513 2214 5568 qna:-

639 5579 864 5633 rendum
905 5590 1007 5634 est.
1040 5579 1120 5634 Eo
1147 5582 1392 5638 nimirum
1430 5586 1562 5642 lines
1589 5587 1876 5641 Pannoniae
1901 5588 2211 5656 superioris,

640 5688 760 5742 qum
785 5672 977 5728 exinde
998 5672 1065 5727 ad
1085 5677 1502 5743 septentrionem
1530 5681 1717 5748 vergit,
1744 5678 2211 5735 incurrunt..lstria

2296 401 2455 455 porro
2480 385 2811 440 contermina
2840 386 3053 457 utrique
3092 387 3298 458 regioni
3340 394 3423 442 est
3467 404 3479 441 :
3521 396 3682 458 atque
3716 388 3878 460 hujus

2293 476 2508 545 quidem
2542 475 2693 530 initio
2724 492 2911 530 versus
2935 477 3124 532 Ocram
3167 487 3403 531 montem
3439 477 3522 548 (ut
3548 492 3641 532 sua
3686 481 3767 533 his
3795 496 3876 534 ra-

2295 569 2368 620 tio
2394 575 2624 630 constet,
2658 584 2774 640 qua:
2817 568 2886 623 de
2927 569 3254 638 pcrobsruro
3300 569 3393 622 illo
3436 569 3708 624 Dalmatia:
3747 574 3876 626 olim

2296 660 2690 731 Pannonireque
2718 660 2971 727 confinio,
3018 661 3208 714 tradita
3234 661 3305 715 ab
3331 676 3398 716 eo
3425 672 3566 725 sunt,
3596 679 3715 732 qua:
3745 664 3879 718 alias

2296 751 2534 816 minime,
2565 761 2619 804 ut
2650 750 2905 805 hactenus
2935 760 3209 807 ostensum
3244 762 3345 817 est,
3375 754 3617 824 intelligi,
3657 765 3748 808 aut
3777 772 3872 809 ex-

2297 841 2479 910 plfe'tri
2510 845 2755 913 possunt)
2785 843 3088 898 Stridonem
3112 843 3386 911 collocari,
3411 855 3556 900 recta
3585 848 3720 900 ratio
3751 862 3872 916 pcr-

2295 933 2502 987 suadet.
2529 931 2602 987 Ita
2625 943 2679 987 et
2712 934 3016 989 Pannonius
3049 946 3104 989 et
3136 935 3396 998 Dalmata,
3435 938 3611 991 verius
3647 935 3876 992 fortasse

2295 1025 2456 1078 etiam
2484 1023 2664 1092 ltalus,
2694 1024 3122 1095 quandoquidem
3157 1025 3320 1080 Italia:
3346 1025 3493 1080 lstria
3516 1028 3623 1097 jam
3659 1029 3728 1082 ab
3766 1030 3875 1082 Att-

2295 1114 2477 1183 gusti,
2519 1113 2824 1184 Tiburiique
2884 1115 3210 1183 temporibus
3262 1116 3512 1170 attributa
3562 1126 3678 1181 est,
3721 1119 3875 1188 juxta

2299 1217 2532 1262 veterem
2571 1206 2889 1262 divisionem
2920 1208 3099 1262 vocari
3149 1212 3338 1278 potuit.
3381 1208 3562 1278 Neque
3609 1212 3714 1264 ulla
3761 1212 3905 1276 heic,

2298 1299 2863 1366 earumobjectionum
2893 1300 3069 1354 locum
3111 1300 3293 1366 habet,
3333 1302 3525 1371 quibus
3559 1303 3676 1357 alite
3717 1321 3876 1374 supe-

2299 1390 2408 1444 rius
2434 1393 2669 1444 recitata:
2698 1393 2978 1446 sententia:
3008 1391 3329 1446 refutantur.
3361 1393 3512 1462 Quod
3543 1410 3670 1449 vero
3700 1396 3880 1451 locum

2299 1495 2420 1534 eum
2449 1496 2570 1536 esse
2598 1480 2851 1550 diximus,
2902 1499 3060 1554 quem
3105 1483 3385 1554 Sdrignuttt
3421 1488 3518 1540 hac
3563 1494 3881 1556 tempestate

2299 1571 2596 1642 appellant,
2628 1575 2819 1642 partim
2865 1576 3217 1645 Antiquorum
3255 1576 3516 1645 opinioni,
3557 1579 3752 1648 partim
3783 1595 3880 1634 no-

2306 1664 2466 1717 minis
2485 1663 2673 1718 nescio
2699 1666 2782 1718 cui
2811 1665 3142 1720 similitudini
3165 1666 3383 1721 damus:
3413 1667 3641 1738 denique
3669 1680 3724 1725 et
3750 1685 3882 1739 pra:-

2303 1755 2532 1826 vulgatze
2560 1756 2853 1812 incolarum
2882 1759 3173 1824 traditioni,
3205 1760 3294 1830 qui
3323 1776 3374 1814 ιιι
3414 1757 3571 1832 hujus
3609 1763 3688 1816 rei
3718 1762 3880 1818 fidem

2304 1859 2706 1904 monumentum
2744 1851 2938 1906 ibidem
2983 1850 3204 1906 Eusebii
3249 1853 3414 1921 patris
3443 1869 3560 1907 cum
3598 1853 3884 1923 Epitaphio

2291 1940 2530 2000 .laminis
2575 1939 2807 1998 ittsculto
2845 1953 3136 1998 OSIentant.
3187 1943 3397 2012 Alioqui
3441 1945 3570 1998 satis
3614 1946 3885 2014 pr0posito

2307 2041 2491 2084 nostro
2513 2039 2614 2096 est,
2643 2033 2686 2087 si
2717 2033 2768 2086 iu
2796 2049 2862 2088 eo
2895 2033 3060 2088 lstria:
3084 2043 3252 2088 tractu
3276 2034 3549 2088 locandam
3575 2034 3884 2107 Hieronymi

2305 2122 2530 2192 patriam
2559 2123 2840 2188 evicimus,
2873 2126 3084 2180 tametsi
3114 2127 3242 2190 alio,
3288 2125 3549 2196 nobisque
3578 2127 3763 2196 ignoto
3794 2143 3886 2182 no.

2306 2215 2448 2270 mine
2475 2214 2782 2286 oppidulum
2814 2216 2940 2270 illud
2961 2217 3070 2286 jam
3105 2227 3214 2270 tum
3241 2217 3310 2272 ab
3339 2217 3578 2286 ejusdem
3611 2218 3670 2274 S.
3711 2219 3888 2274 Patris

2305 2322 2422 2360 αξιοο
2449 2322 2477 2359 a
2508 2306 2696 2361 Gothis
2735 2323 3006 2374 eversum,
3052 2308 3212 2363 modo
3246 2318 3484 2364 vocetur.
3520 2309 3682 2365 Certe
3725 2309 3888 2382 (quod

2306 2400 2532 2454 alterum
2563 2411 2934 2470 argumentum
2961 2411 3045 2456 est
3087 2401 3140 2455 in
3171 2401 3308 2456 hanc
3343 2401 3483 2470 rem)
3523 2401 3663 2456 haud
3705 2403 3890 2472 procul

2308 2491 2376 2545 ab
2407 2490 2730 2561 Aquileiensi
2754 2507 2882 2562 agro
2919 2492 3207 2557 exstitisse,
3243 2493 3494 2562 pleraque
3523 2494 3700 2547 omnia
3741 2508 3890 2548 com.

2310 2582 2534 2650 probant
2564 2580 2684 2634 vita:
2725 2583 2842 2650 ejus
2872 2582 3142 2652 adjuncta,
3190 2583 3352 2653 inque
3393 2584 3610 2653 scriptis
3650 2583 3893 2638 testimo-

2311 2671 2415 2724 nia.
2450 2669 2719 2740 Ejusmodi
2749 2682 2832 2726 est
2864 2672 2991 2726 illud
3024 2672 3216 2744 (Epist.
3257 2672 3411 2744 VII),
3443 2673 3586 2742 quod
3627 2673 3892 2728 Chroma.

2313 2761 2407 2825 tio,
2459 2760 2692 2816 Eusebio
2740 2772 2794 2816 et
2844 2761 3036 2819 Iovino
3086 2766 3512 2834 Aquileiensibus
3563 2765 3894 2836 Presbyteris

2311 2867 2551 2907 sororem
2585 2869 2756 2917 suam,
2791 2872 2911 2925 qua:
2941 2856 3112 2912 bonos
3153 2858 3206 2912 in
3254 2860 3424 2929 patria
3465 2860 3584 2913 vita:
3613 2861 3893 2930 magistros

2313 2961 2418 3000 non
2467 2945 2706 3014 haberet,
2737 2948 3103 3015 commendat,
3137 2965 3363 3021 eamque
3406 2951 3600 3006 Juliani
3653 2951 3891 3014 Diacoui,

2313 3046 2367 3092 ct
2408 3037 2647 3107 quidctn,
2697 3048 2754 3094 ut
2804 3040 2855 3094 in
2903 3056 3034 3096 mss.
3087 3042 3237 3096 libris
3279 3041 3494 3106 dicitur,
3545 3042 3894 3106 Aquileiensis,

2314 3128 2540 3184 fructum
2565 3145 2784 3197 Vocatts,
2818 3143 2874 3186 ut
2898 3133 3105 3188 crebris
3134 3134 3378 3204 epistolis
3409 3135 3460 3188 iu
3489 3143 3676 3188 sancto
3701 3148 3900 3204 propo-

2314 3222 2418 3276 sito
2446 3231 2770 3288 sustentem,
2798 3234 2851 3280 et
2893 3235 2949 3278 ut
2989 3227 3141 3280 etiam
3167 3243 3199 3280 tt
3225 3225 3376 3296 Papa
3413 3226 3708 3294 Valeriano,
3738 3227 3901 3296 Aqui»

2315 3313 2516 3369 leiense
2546 3322 2670 3369 tunc
2711 3314 2997 3386 Episcopo,
3030 3317 3099 3370 ad
3143 3333 3254 3370 eam
3292 3317 3682 3388 confortandam
3710 3318 3901 3372 litteras

2313 3401 2604 3471 impetrent,
2634 3413 2808 3472 rogat.
2839 3405 2893 3459 Si
2923 3405 3130 3474 longius
3163 3406 3369 3470 aberat,
3402 3407 3509 3460 imo
3536 3408 3636 3462 nisi
3681 3407 3902 3462 llnitima

2316 3501 2430 3548 erat
2472 3492 2730 3563 Aquileia:
2767 3493 3006 3561 Stridon,
3034 3496 3253 3550 minime
3277 3505 3361 3550 est
3396 3496 3724 3565 verosilime,
3752 3513 3904 3568 agen-

2317 3592 2424 3638 tem
2473 3584 2654 3655 utique
2702 3585 2753 3638 in
2807 3586 2976 3654 patria
3026 3596 3079 3641 et
3132 3585 3275 3640 domi
3324 3601 3568 3642 sororem
3617 3589 3904 3659 prsesentis

2316 3673 2480 3729 fuisse
2504 3673 2698 3731 Iuliani
2743 3674 3205 3732 adhortatiOuibns
3257 3677 3311 3732 in
3349 3680 3642 3734 sanctioris
3685 3680 3830 3743 vitae,
3875 3695 3902 3733 a

2317 3781 2424 3834 quo
2449 3763 2736 3828 exciderat.
2767 3768 3007 3822 instituto
3033 3769 3312 3823 solidatam
3344 3787 3358 3821 :
3393 3769 3628 3841 itemque
3650 3771 3718 3825 ab
3741 3770 3906 3842 Aqui-

2320 3856 2606 3912 leiensilms
2634 3857 2820 3914 amicis
2861 3859 3079 3929 petiisse
3114 3858 3520 3933 Hieronymum,
3550 3871 3605 3915 ut
3635 3862 3904 3932 frequet.ti

2318 3964 2434 4003 eam
2465 3947 2820 4019 Epistolarum
2851 3949 3042 4005 solatio
3081 3953 3452 4019 confoverent,
3501 3961 3660 4023 atque
3689 3955 3758 4008 ab
3789 3956 3906 4024 ipso

2321 4041 2647 4111 Aquileiensi
2692 4041 2960 4113 Episcopo
2990 4043 3199 4099 litteras
3229 4045 3282 4099 in
3311 4059 3428 4100 eam
3463 4061 3575 4099 rem
3606 4045 3903 4115 exigerent.

2320 4133 2439 4189 Alia
2465 4149 2528 4189 ex
2559 4144 2710 4204 parte
2739 4133 3101 4192 Emonenses
3138 4137 3375 4207 virgines
3407 4137 3538 4206 (non
3584 4135 3903 4190 Hemonen-

2320 4240 2418 4289 ses,
2446 4235 2499 4278 ιιι
2520 4222 2778 4281 hactenus
2801 4240 3079 4296 perperam
3109 4227 3301 4281 lectum
3328 4227 3430 4296 est)
3460 4235 3514 4280 et
3541 4227 3832 4280 Antonium
3853 4227 3904 4280 in

2321 4321 2505 4376 eadem
2527 4321 2741 4376 civitate
2760 4321 3071 4376 Monachum
3093 4322 3163 4376 ita
3187 4336 3282 4391 per
3300 4321 3562 4390 Epistolas
3579 4320 3901 4391 adloquitur,

2323 4423 2379 4466 ut
2409 4413 2460 4466 in
2489 4411 2682 4466 vicinia
2708 4413 2983 4468 exstitisse
3012 4413 3198 4482 patriae
3227 4427 3338 4467 sua:
3365 4411 3560 4466 indicet
3589 4429 3604 4465 :
3635 4419 3796 4481 atque.
3835 4411 3905 4466 ihi

2323 4504 2654 4574 cmnprimis,
2698 4504 2787 4560 ubi
2841 4504 2909 4560 de
2957 4507 3036 4560 sui
3089 4505 3320 4560 nominis
3367 4504 3727 4559 obtrectatore
3764 4503 3906 4572 apud

2324 4595 2456 4650 istos
2483 4596 2846 4665 conqueritur,
2883 4611 3038 4666 quem
3076 4612 3236 4650 ttuunt
3266 4595 3619 4664 eamdemque
3641 4607 3764 4650 esse
3785 4609 3907 4648 eum

2323 4700 2388 4739 eo
2429 4685 2613 4757 liquet,
2655 4686 2744 4756 qui
2790 4701 2914 4742 eum
2960 4685 3101 4758 apud
3149 4686 3524 4756 Aquileienses
3555 4685 3774 4739 sinistro
3812 4698 3910 4738 ore

2322 4773 2634 4830 dilaniabat.
2676 4776 2771 4830 Est
2809 4785 2988 4830 autem
3025 4774 3273 4842 .Emmia,
3298 4792 3416 4846 qua:
3445 4790 3584 4829 nunc
3607 4773 3905 4841 Lubacum,

2323 4864 2479 4935 vulgo
2504 4864 2709 4920 Laubac
2736 4868 3056 4938 appellatur,
3098 4867 3368 4922 limitauea
3397 4867 3522 4921 olim
3565 4868 3692 4920 urbs
3720 4865 3903 4926 Italiar.

2321 4963 2376 5008 et
2424 4965 2479 5009 ut
2527 4955 2818 5011 Ptolomaso
2850 4957 3063 5022 dicitur,
3118 4959 3258 5013 inter
3310 4958 3512 5012 Italiam
3565 4955 3665 5011 sub
3712 4955 3909 5010 Norico

2324 5045 2632 5110 Patutonim,
2663 5047 2868 5101 distans
2895 5062 3144 5116 passuum
3173 5048 3408 5101 millibus
3434 5047 3504 5100 ab
3530 5045 3776 5116 Aquileia
3802 5045 3906 5100 cir-

2323 5137 2456 5190 citer
2501 5137 2905 5206 quinquaginta.
2955 5138 3092 5204 Quid
3149 5139 3249 5193 hoc
3302 5139 3479 5206 itaque
3525 5137 3905 5201 verosimilius,

2323 5225 2462 5295 quod
2482 5224 2794 5280 dicebamus
2815 5268 2829 5291 ,
2857 5229 2910 5282 iu
2941 5229 3042 5282 isto
3070 5229 3338 5298 Aquiliam
3370 5229 3511 5282 inter
3533 5237 3696 5298 atque
3720 5227 3908 5282 Emo-

2323 5332 2444 5370 nam
2477 5325 2670 5382 tractu,
2700 5333 2888 5373 versus
2928 5321 3092 5389 Alpes
3127 5320 3317 5385 Julias,
3346 5333 3452 5389 quo
3483 5319 3604 5374 loco
3637 5319 3791 5386 juxta
3821 5334 3909 5372 ve-

2325 5416 2492 5460 terem
2519 5404 2950 5464 distributionem
2984 5419 3036 5465 in
3065 5411 3284 5466 eosdem
3331 5411 3590 5465 terminos
3633 5411 3908 5466 Pannonia

2326 5509 2380 5553 et
2409 5498 2692 5566 Dalmatia,
2725 5501 2861 5566 sive,
2901 5518 3020 5572 qua:
3065 5503 3159 5557 illo
3199 5513 3324 5557 tunc
3350 5502 3608 5557 vocabulo
3639 5518 3765 5572 pars
3797 5503 3912 5572 ejus

2322 5590 2707 5657 appellabatur,
2739 5591 2988 5646 Liburnia
3025 5593 3431 5658 concurrebant,
3463 5592 3778 5648 Stridmtettt
3811 5609 3909 5648 ua-

2325 5680 2430 5735 tale
2459 5679 2766 5751 Hieronymi
2793 5683 2968 5739 solum
3003 5683 3316 5739 exstitisse?
