  <div class='ocr_page' id='page_1' title='image "/cluster/home/n/w/nwhite01/storage/ocr_20150623/22/uva.x000826587/064.png"; bbox 0 0 4048 6192; ppageno 0'>
   <div class='ocr_carea' id='block_1_1' title="bbox 197 226 3489 317">
    <p class='ocr_par' dir='ltr' id='par_1_1' title="bbox 197 226 3489 317">
     <span class='ocr_line' id='line_1_1' title="bbox 197 226 3489 317; baseline -0.009 0"><span class='ocrx_word' id='word_1_1' title='bbox 197 246 233 317; x_wconf 77' lang='lat' dir='ltr'><strong>ii</strong></span> <span class='ocrx_word' id='word_1_2' title='bbox 1484 239 1546 305; x_wconf 81' lang='lat' dir='ltr'><strong>&#39;s.</strong></span> <span class='ocrx_word' id='word_1_3' title='bbox 1588 226 1968 303; x_wconf 70' lang='lat' dir='ltr'><strong>menoxvut</strong></span> <span class='ocrx_word' id='word_1_4' title='bbox 2012 232 2192 301; x_wconf 69' lang='lat' dir='ltr'><strong>\‘t&#39;l‘A.</strong></span> <span class='ocrx_word' id='word_1_5' title='bbox 3422 257 3489 311; x_wconf 67' lang='grc' dir='ltr'><strong>,ρ</strong></span> 
     </span>
    </p>
   </div>
   <div class='ocr_carea' id='block_1_2' title="bbox 286 357 1789 438">
    <p class='ocr_par' dir='ltr' id='par_1_2' title="bbox 286 357 1789 438">
     <span class='ocr_line' id='line_1_2' title="bbox 286 357 1789 438; baseline -0.007 -10"><span class='ocrx_word' id='word_1_6' title='bbox 286 371 349 428; x_wconf 82' lang='grc' dir='ltr'>η.</span> <span class='ocrx_word' id='word_1_7' title='bbox 392 370 512 427; x_wconf 84' lang='lat' dir='ltr'><strong>Alia</strong></span> <span class='ocrx_word' id='word_1_8' title='bbox 545 379 629 425; x_wconf 86' lang='lat' dir='ltr'><strong>est</strong></span> <span class='ocrx_word' id='word_1_9' title='bbox 658 362 723 425; x_wconf 85' lang='lat' dir='ltr'><strong>de</strong></span> <span class='ocrx_word' id='word_1_10' title='bbox 748 368 911 433; x_wconf 80' lang='lat' dir='ltr'><strong>anno,</strong></span> <span class='ocrx_word' id='word_1_11' title='bbox 942 381 1047 438; x_wconf 75' lang='lat' dir='ltr'><strong>quo</strong></span> <span class='ocrx_word' id='word_1_12' title='bbox 1076 367 1132 422; x_wconf 90' lang='lat' dir='ltr'><strong>in</strong></span> <span class='ocrx_word' id='word_1_13' title='bbox 1156 357 1335 421; x_wconf 78' lang='lat' dir='ltr'><strong>lucem</strong></span> <span class='ocrx_word' id='word_1_14' title='bbox 1364 362 1581 435; x_wconf 84' lang='lat' dir='ltr'><strong>prodiit,</strong></span> <span class='ocrx_word' id='word_1_15' title='bbox 1617 376 1789 431; x_wconf 88' lang='lat' dir='ltr'><strong>eaque</strong></span> 
     </span>
    </p>
   </div>
   <div class='ocr_carea' id='block_1_3' title="bbox 208 452 1789 530">
    <p class='ocr_par' dir='ltr' id='par_1_3' title="bbox 208 452 1789 530">
     <span class='ocr_line' id='line_1_3' title="bbox 208 452 1789 530; baseline -0.008 -11"><span class='ocrx_word' id='word_1_16' title='bbox 208 464 346 519; x_wconf 86' lang='lat' dir='ltr'><strong>haud</strong></span> <span class='ocrx_word' id='word_1_17' title='bbox 376 464 553 518; x_wconf 90' lang='lat' dir='ltr'><strong>minus</strong></span> <span class='ocrx_word' id='word_1_18' title='bbox 582 476 778 530; x_wconf 83' lang='lat' dir='ltr'><strong>auceps</strong></span> <span class='ocrx_word' id='word_1_19' title='bbox 804 469 963 530; x_wconf 90' lang='lat' dir='ltr'><strong>atque</strong></span> <span class='ocrx_word' id='word_1_20' title='bbox 1002 459 1229 513; x_wconf 87' lang='lat' dir='ltr'><strong>obscura</strong></span> <span class='ocrx_word' id='word_1_21' title='bbox 1261 457 1403 512; x_wconf 87' lang='lat' dir='ltr'><strong>inter</strong></span> <span class='ocrx_word' id='word_1_22' title='bbox 1426 454 1664 510; x_wconf 88' lang='lat' dir='ltr'><strong>eruditos</strong></span> <span class='ocrx_word' id='word_1_23' title='bbox 1706 452 1789 506; x_wconf 88' lang='lat' dir='ltr'><strong>di-</strong></span> 
     </span>
    </p>
   </div>
   <div class='ocr_carea' id='block_1_4' title="bbox 208 545 1787 627">
    <p class='ocr_par' dir='ltr' id='par_1_4' title="bbox 208 545 1787 627">
     <span class='ocr_line' id='line_1_4' title="bbox 208 545 1787 627; baseline -0.008 -15"><span class='ocrx_word' id='word_1_24' title='bbox 208 557 457 627; x_wconf 86' lang='lat' dir='ltr'><strong>sputatio.</strong></span> <span class='ocrx_word' id='word_1_25' title='bbox 484 554 681 609; x_wconf 83' lang='lat' dir='ltr'><strong>Locum</strong></span> <span class='ocrx_word' id='word_1_26' title='bbox 710 552 1013 624; x_wconf 59' lang='lat' dir='ltr'><strong>quaestioni,</strong></span> <span class='ocrx_word' id='word_1_27' title='bbox 1049 559 1103 605; x_wconf 89' lang='lat' dir='ltr'><strong>et</strong></span> <span class='ocrx_word' id='word_1_28' title='bbox 1136 549 1301 605; x_wconf 88' lang='lat' dir='ltr'><strong>variis</strong></span> <span class='ocrx_word' id='word_1_29' title='bbox 1322 548 1599 603; x_wconf 83' lang='lat' dir='ltr'><strong>hominum</strong></span> <span class='ocrx_word' id='word_1_30' title='bbox 1630 560 1692 601; x_wconf 89' lang='lat' dir='ltr'><strong>ea</strong></span> <span class='ocrx_word' id='word_1_31' title='bbox 1719 545 1787 600; x_wconf 91' lang='lat' dir='ltr'><strong>de</strong></span> 
     </span>
    </p>
   </div>
   <div class='ocr_carea' id='block_1_5' title="bbox 206 641 1789 713">
    <p class='ocr_par' dir='ltr' id='par_1_5' title="bbox 206 641 1789 713">
     <span class='ocr_line' id='line_1_5' title="bbox 206 641 1789 713; baseline -0.009 -8"><span class='ocrx_word' id='word_1_32' title='bbox 206 664 271 705; x_wconf 83' lang='lat' dir='ltr'><strong>re</strong></span> <span class='ocrx_word' id='word_1_33' title='bbox 296 647 571 703; x_wconf 76' lang='lat' dir='ltr'><strong>scatentiis</strong></span> <span class='ocrx_word' id='word_1_34' title='bbox 600 646 725 701; x_wconf 90' lang='lat' dir='ltr'><strong>fecit</strong></span> <span class='ocrx_word' id='word_1_35' title='bbox 766 646 1002 713; x_wconf 81' lang='lat' dir='ltr'><strong>Prosper</strong></span> <span class='ocrx_word' id='word_1_36' title='bbox 1038 645 1089 697; x_wconf 91' lang='lat' dir='ltr'><strong>in</strong></span> <span class='ocrx_word' id='word_1_37' title='bbox 1134 642 1405 697; x_wconf 88' lang='lat' dir='ltr'><strong>Chronico</strong></span> <span class='ocrx_word' id='word_1_38' title='bbox 1450 641 1681 708; x_wconf 81' lang='lat' dir='ltr'><strong>Integro,</strong></span> <span class='ocrx_word' id='word_1_39' title='bbox 1730 647 1789 691; x_wconf 89' lang='lat' dir='ltr'><strong>ut</strong></span> 
     </span>
    </p>
   </div>
   <div class='ocr_carea' id='block_1_6' title="bbox 206 730 1782 808">
    <p class='ocr_par' dir='ltr' id='par_1_6' title="bbox 206 730 1782 808">
     <span class='ocr_line' id='line_1_6' title="bbox 206 730 1782 808; baseline -0.007 -15"><span class='ocrx_word' id='word_1_40' title='bbox 206 747 417 804; x_wconf 82' lang='lat' dir='ltr'><strong>vocant,</strong></span> <span class='ocrx_word' id='word_1_41' title='bbox 466 738 606 808; x_wconf 88' lang='lat' dir='ltr'><strong>quod</strong></span> <span class='ocrx_word' id='word_1_42' title='bbox 650 753 716 793; x_wconf 83' lang='lat' dir='ltr'><strong>es</strong></span> <span class='ocrx_word' id='word_1_43' title='bbox 762 736 1064 791; x_wconf 86' lang='lat' dir='ltr'><strong>Lodonensi</strong></span> <span class='ocrx_word' id='word_1_44' title='bbox 1118 734 1307 789; x_wconf 82' lang='lat' dir='ltr'><strong>codice</strong></span> <span class='ocrx_word' id='word_1_45' title='bbox 1349 747 1451 787; x_wconf 90' lang='lat' dir='ltr'><strong>ms.</strong></span> <span class='ocrx_word' id='word_1_46' title='bbox 1499 730 1782 799; x_wconf 81' lang='lat' dir='ltr'><strong>Philippus</strong></span> 
     </span>
    </p>
   </div>
   <div class='ocr_carea' id='block_1_7' title="bbox 205 821 1787 900">
    <p class='ocr_par' dir='ltr' id='par_1_7' title="bbox 205 821 1787 900">
     <span class='ocr_line' id='line_1_7' title="bbox 205 821 1787 900; baseline -0.009 -15"><span class='ocrx_word' id='word_1_47' title='bbox 205 830 449 886; x_wconf 83' lang='lat' dir='ltr'><strong>Labbeus</strong></span> <span class='ocrx_word' id='word_1_48' title='bbox 488 831 691 900; x_wconf 87' lang='lat' dir='ltr'><strong>primus</strong></span> <span class='ocrx_word' id='word_1_49' title='bbox 719 828 906 893; x_wconf 89' lang='lat' dir='ltr'><strong>edidit,</strong></span> <span class='ocrx_word' id='word_1_50' title='bbox 944 840 998 881; x_wconf 90' lang='lat' dir='ltr'><strong>et</strong></span> <span class='ocrx_word' id='word_1_51' title='bbox 1042 840 1278 895; x_wconf 86' lang='lat' dir='ltr'><strong>nuperus</strong></span> <span class='ocrx_word' id='word_1_52' title='bbox 1308 824 1657 893; x_wconf 79' lang='lat' dir='ltr'><strong>Antiquarum</strong></span> <span class='ocrx_word' id='word_1_53' title='bbox 1685 821 1787 875; x_wconf 86' lang='lat' dir='ltr'><strong>Ca-</strong></span> 
     </span>
    </p>
   </div>
   <div class='ocr_carea' id='block_1_8' title="bbox 206 914 1784 990">
    <p class='ocr_par' dir='ltr' id='par_1_8' title="bbox 206 914 1784 990">
     <span class='ocr_line' id='line_1_8' title="bbox 206 914 1784 990; baseline -0.006 -13"><span class='ocrx_word' id='word_1_54' title='bbox 206 924 322 978; x_wconf 89' lang='lat' dir='ltr'><strong>nisii</strong></span> <span class='ocrx_word' id='word_1_55' title='bbox 353 924 639 978; x_wconf 85' lang='lat' dir='ltr'><strong>lectionum</strong></span> <span class='ocrx_word' id='word_1_56' title='bbox 662 922 853 976; x_wconf 84' lang='lat' dir='ltr'><strong>Editor</strong></span> <span class='ocrx_word' id='word_1_57' title='bbox 879 923 1209 990; x_wconf 79' lang='lat' dir='ltr'><strong>recognovit.</strong></span> <span class='ocrx_word' id='word_1_58' title='bbox 1241 919 1396 973; x_wconf 85' lang='lat' dir='ltr'><strong>Auno</strong></span> <span class='ocrx_word' id='word_1_59' title='bbox 1418 919 1562 973; x_wconf 83' lang='lat' dir='ltr'><strong>enim</strong></span> <span class='ocrx_word' id='word_1_60' title='bbox 1584 914 1784 971; x_wconf 87' lang='lat' dir='ltr'><strong>Christi</strong></span> 
     </span>
    </p>
   </div>
   <div class='ocr_carea' id='block_1_9' title="bbox 203 1007 1786 1080">
    <p class='ocr_par' dir='ltr' id='par_1_9' title="bbox 203 1007 1786 1080">
     <span class='ocr_line' id='line_1_9' title="bbox 203 1007 1786 1080; baseline -0.005 -11"><span class='ocrx_word' id='word_1_61' title='bbox 203 1015 323 1080; x_wconf 77' lang='lat'><strong>53!,</strong></span> <span class='ocrx_word' id='word_1_62' title='bbox 362 1014 531 1068; x_wconf 85' lang='lat' dir='ltr'><strong>Basso</strong></span> <span class='ocrx_word' id='word_1_63' title='bbox 554 1025 610 1068; x_wconf 89' lang='lat' dir='ltr'><strong>et</strong></span> <span class='ocrx_word' id='word_1_64' title='bbox 639 1014 862 1067; x_wconf 71' lang='grc' dir='ltr'><strong>Διιιςινῑο</strong></span> <span class='ocrx_word' id='word_1_65' title='bbox 886 1012 1229 1075; x_wconf 86' lang='lat' dir='ltr'><strong>Consulibus,</strong></span> <span class='ocrx_word' id='word_1_66' title='bbox 1260 1010 1488 1063; x_wconf 87' lang='lat' dir='ltr'><strong>natalem</strong></span> <span class='ocrx_word' id='word_1_67' title='bbox 1512 1009 1567 1064; x_wconf 88' lang='lat' dir='ltr'><strong>S.</strong></span> <span class='ocrx_word' id='word_1_68' title='bbox 1596 1007 1786 1062; x_wconf 86' lang='lat' dir='ltr'><strong>Hiero-</strong></span> 
     </span>
    </p>
   </div>
   <div class='ocr_carea' id='block_1_10' title="bbox 200 1099 1783 1178">
    <p class='ocr_par' dir='ltr' id='par_1_10' title="bbox 200 1099 1783 1178">
     <span class='ocr_line' id='line_1_10' title="bbox 200 1099 1783 1178; baseline -0.006 -18"><span class='ocrx_word' id='word_1_69' title='bbox 200 1108 340 1178; x_wconf 90' lang='lat' dir='ltr'><strong>nymi</strong></span> <span class='ocrx_word' id='word_1_70' title='bbox 372 1106 519 1162; x_wconf 90' lang='lat' dir='ltr'><strong>diem</strong></span> <span class='ocrx_word' id='word_1_71' title='bbox 542 1108 820 1176; x_wconf 74' lang='lat' dir='ltr'><strong>consiguat</strong></span> <span class='ocrx_word' id='word_1_72' title='bbox 850 1122 863 1156; x_wconf 89' lang='lat'>:</span> <span class='ocrx_word' id='word_1_73' title='bbox 890 1113 948 1159; x_wconf 87' lang='lat' dir='ltr'><strong>et</strong></span> <span class='ocrx_word' id='word_1_74' title='bbox 974 1104 1106 1158; x_wconf 84' lang='lat' dir='ltr'><strong>licet</strong></span> <span class='ocrx_word' id='word_1_75' title='bbox 1135 1115 1240 1156; x_wconf 91' lang='lat' dir='ltr'><strong>non</strong></span> <span class='ocrx_word' id='word_1_76' title='bbox 1270 1101 1399 1155; x_wconf 90' lang='lat' dir='ltr'><strong>satis</strong></span> <span class='ocrx_word' id='word_1_77' title='bbox 1422 1101 1559 1156; x_wconf 90' lang='lat' dir='ltr'><strong>bene</strong></span> <span class='ocrx_word' id='word_1_78' title='bbox 1589 1100 1689 1153; x_wconf 86' lang='lat' dir='ltr'><strong>sibi</strong></span> <span class='ocrx_word' id='word_1_79' title='bbox 1732 1099 1783 1151; x_wconf 90' lang='lat' dir='ltr'><strong>in</strong></span> 
     </span>
    </p>
   </div>
   <div class='ocr_carea' id='block_1_11' title="bbox 199 1192 1780 1271">
    <p class='ocr_par' dir='ltr' id='par_1_11' title="bbox 199 1192 1780 1271">
     <span class='ocr_line' id='line_1_11' title="bbox 199 1192 1780 1271; baseline -0.005 -20"><span class='ocrx_word' id='word_1_80' title='bbox 199 1199 349 1253; x_wconf 77' lang='lat' dir='ltr'><strong>annis</strong></span> <span class='ocrx_word' id='word_1_81' title='bbox 380 1199 736 1271; x_wconf 86' lang='lat' dir='ltr'><strong>supputandis</strong></span> <span class='ocrx_word' id='word_1_82' title='bbox 783 1206 1014 1262; x_wconf 89' lang='lat' dir='ltr'><strong>constet,</strong></span> <span class='ocrx_word' id='word_1_83' title='bbox 1065 1196 1153 1250; x_wconf 90' lang='lat' dir='ltr'><strong>ubi</strong></span> <span class='ocrx_word' id='word_1_84' title='bbox 1180 1203 1404 1249; x_wconf 87' lang='lat' dir='ltr'><strong>mortem</strong></span> <span class='ocrx_word' id='word_1_85' title='bbox 1438 1194 1555 1261; x_wconf 85' lang='lat' dir='ltr'><strong>ejus</strong></span> <span class='ocrx_word' id='word_1_86' title='bbox 1585 1192 1651 1245; x_wconf 88' lang='lat' dir='ltr'><strong>ad</strong></span> <span class='ocrx_word' id='word_1_87' title='bbox 1692 1206 1780 1243; x_wconf 89' lang='lat' dir='ltr'><strong>an.</strong></span> 
     </span>
    </p>
   </div>
   <div class='ocr_carea' id='block_1_12' title="bbox 196 1283 1782 1346">
    <p class='ocr_par' dir='ltr' id='par_1_12' title="bbox 196 1283 1782 1346">
     <span class='ocr_line' id='line_1_12' title="bbox 196 1283 1782 1346; baseline -0.008 0"><span class='ocrx_word' id='word_1_88' title='bbox 196 1289 298 1346; x_wconf 74' lang='grc'><strong>420</strong></span> <span class='ocrx_word' id='word_1_89' title='bbox 355 1291 669 1345; x_wconf 87' lang='lat' dir='ltr'><strong>Theodosio</strong></span> <span class='ocrx_word' id='word_1_90' title='bbox 702 1287 795 1344; x_wconf 76' lang='lat' dir='ltr'><strong>IX.</strong></span> <span class='ocrx_word' id='word_1_91' title='bbox 833 1298 889 1343; x_wconf 90' lang='lat' dir='ltr'><strong>et</strong></span> <span class='ocrx_word' id='word_1_92' title='bbox 914 1287 1230 1343; x_wconf 84' lang='lat' dir='ltr'><strong>Constantio</strong></span> <span class='ocrx_word' id='word_1_93' title='bbox 1264 1284 1357 1341; x_wconf 77' lang='grc' dir='ltr'>ιιι.</span> <span class='ocrx_word' id='word_1_94' title='bbox 1385 1284 1539 1340; x_wconf 81' lang='lat' dir='ltr'><strong>Coss.</strong></span> <span class='ocrx_word' id='word_1_95' title='bbox 1572 1283 1741 1339; x_wconf 87' lang='lat' dir='ltr'><strong>refert</strong></span> <span class='ocrx_word' id='word_1_96' title='bbox 1768 1299 1782 1334; x_wconf 87' lang='lat'><strong>:</strong></span> 
     </span>
    </p>
   </div>
   <div class='ocr_carea' id='block_1_13' title="bbox 191 1374 1783 1451">
    <p class='ocr_par' dir='ltr' id='par_1_13' title="bbox 191 1374 1783 1451">
     <span class='ocr_line' id='line_1_13' title="bbox 191 1374 1783 1451; baseline -0.006 -14"><span class='ocrx_word' id='word_1_97' title='bbox 191 1383 238 1437; x_wconf 90' lang='lat' dir='ltr'><strong>in</strong></span> <span class='ocrx_word' id='word_1_98' title='bbox 273 1398 346 1437; x_wconf 91' lang='lat' dir='ltr'><strong>eo</strong></span> <span class='ocrx_word' id='word_1_99' title='bbox 396 1392 576 1437; x_wconf 85' lang='lat' dir='ltr'><strong>tamen</strong></span> <span class='ocrx_word' id='word_1_100' title='bbox 621 1382 760 1451; x_wconf 87' lang='lat' dir='ltr'><strong>quod</strong></span> <span class='ocrx_word' id='word_1_101' title='bbox 792 1389 937 1436; x_wconf 84' lang='lat' dir='ltr'><strong>errat</strong></span> <span class='ocrx_word' id='word_1_102' title='bbox 988 1380 1230 1449; x_wconf 86' lang='lat' dir='ltr'><strong>(quippe</strong></span> <span class='ocrx_word' id='word_1_103' title='bbox 1268 1379 1358 1448; x_wconf 90' lang='lat' dir='ltr'><strong>qui</strong></span> <span class='ocrx_word' id='word_1_104' title='bbox 1388 1391 1558 1431; x_wconf 91' lang='lat' dir='ltr'><strong>annos</strong></span> <span class='ocrx_word' id='word_1_105' title='bbox 1597 1376 1673 1430; x_wconf 89' lang='lat' dir='ltr'><strong>illi</strong></span> <span class='ocrx_word' id='word_1_106' title='bbox 1718 1374 1783 1429; x_wconf 78' lang='lat' dir='ltr'><strong>9i</strong></span> 
     </span>
    </p>
   </div>
   <div class='ocr_carea' id='block_1_14' title="bbox 190 1469 1786 1541">
    <p class='ocr_par' dir='ltr' id='par_1_14' title="bbox 190 1469 1786 1541">
     <span class='ocr_line' id='line_1_14' title="bbox 190 1469 1786 1541; baseline -0.003 -15"><span class='ocrx_word' id='word_1_107' title='bbox 190 1474 311 1526; x_wconf 67' lang='lat' dir='ltr'><strong>vita:</strong></span> <span class='ocrx_word' id='word_1_108' title='bbox 331 1473 571 1540; x_wconf 85' lang='lat' dir='ltr'><strong>tribuit),</strong></span> <span class='ocrx_word' id='word_1_109' title='bbox 593 1473 831 1526; x_wconf 81' lang='lat' dir='ltr'><strong>ostendit</strong></span> <span class='ocrx_word' id='word_1_110' title='bbox 858 1478 1031 1525; x_wconf 85' lang='lat' dir='ltr'><strong>Ortum</strong></span> <span class='ocrx_word' id='word_1_111' title='bbox 1064 1471 1181 1541; x_wconf 83' lang='lat' dir='ltr'><strong>ejus</strong></span> <span class='ocrx_word' id='word_1_112' title='bbox 1202 1473 1359 1526; x_wconf 86' lang='lat' dir='ltr'><strong>citius</strong></span> <span class='ocrx_word' id='word_1_113' title='bbox 1391 1470 1513 1539; x_wconf 80' lang='lat' dir='ltr'><strong>poni</strong></span> <span class='ocrx_word' id='word_1_114' title='bbox 1539 1469 1786 1522; x_wconf 74' lang='lat' dir='ltr'><strong>maluisse</strong></span> 
     </span>
    </p>
   </div>
   <div class='ocr_carea' id='block_1_15' title="bbox 188 1560 1781 1635">
    <p class='ocr_par' dir='ltr' id='par_1_15' title="bbox 188 1560 1781 1635">
     <span class='ocr_line' id='line_1_15' title="bbox 188 1560 1781 1635; baseline -0.003 -17"><span class='ocrx_word' id='word_1_115' title='bbox 188 1578 345 1635; x_wconf 78' lang='lat' dir='ltr'><strong>quam</strong></span> <span class='ocrx_word' id='word_1_116' title='bbox 379 1564 572 1616; x_wconf 87' lang='lat' dir='ltr'><strong>serius.</strong></span> <span class='ocrx_word' id='word_1_117' title='bbox 610 1563 675 1617; x_wconf 85' lang='lat' dir='ltr'><strong>Et</strong></span> <span class='ocrx_word' id='word_1_118' title='bbox 704 1577 939 1618; x_wconf 88' lang='lat' dir='ltr'><strong>errorem</strong></span> <span class='ocrx_word' id='word_1_119' title='bbox 967 1562 1182 1632; x_wconf 84' lang='lat' dir='ltr'><strong>quidem</strong></span> <span class='ocrx_word' id='word_1_120' title='bbox 1204 1563 1356 1617; x_wconf 83' lang='lat' dir='ltr'><strong>illum</strong></span> <span class='ocrx_word' id='word_1_121' title='bbox 1386 1563 1473 1615; x_wconf 84' lang='lat' dir='ltr'><strong>alii</strong></span> <span class='ocrx_word' id='word_1_122' title='bbox 1502 1560 1781 1616; x_wconf 79' lang='lat' dir='ltr'><strong>commoda</strong></span> 
     </span>
    </p>
   </div>
   <div class='ocr_carea' id='block_1_16' title="bbox 190 1651 1778 1724">
    <p class='ocr_par' dir='ltr' id='par_1_16' title="bbox 190 1651 1778 1724">
     <span class='ocr_line' id='line_1_16' title="bbox 190 1651 1778 1724; baseline -0.003 -15"><span class='ocrx_word' id='word_1_123' title='bbox 190 1654 641 1724; x_wconf 82' lang='lat' dir='ltr'><strong>interpretatione</strong></span> <span class='ocrx_word' id='word_1_124' title='bbox 684 1654 935 1719; x_wconf 84' lang='lat' dir='ltr'><strong>elevant,</strong></span> <span class='ocrx_word' id='word_1_125' title='bbox 980 1654 1379 1722; x_wconf 84' lang='lat' dir='ltr'><strong>conciliantque</strong></span> <span class='ocrx_word' id='word_1_126' title='bbox 1425 1664 1605 1707; x_wconf 83' lang='lat' dir='ltr'><strong>secum</strong></span> <span class='ocrx_word' id='word_1_127' title='bbox 1660 1651 1778 1719; x_wconf 89' lang='lat' dir='ltr'><strong>ipso</strong></span> 
     </span>
    </p>
   </div>
   <div class='ocr_carea' id='block_1_17' title="bbox 192 1742 1774 1816">
    <p class='ocr_par' dir='ltr' id='par_1_17' title="bbox 192 1742 1774 1816">
     <span class='ocr_line' id='line_1_17' title="bbox 192 1742 1774 1816; baseline -0.003 -16"><span class='ocrx_word' id='word_1_128' title='bbox 192 1746 539 1816; x_wconf 79' lang='lat' dir='ltr'><strong>Prosperum,</strong></span> <span class='ocrx_word' id='word_1_129' title='bbox 580 1752 635 1799; x_wconf 70' lang='lat' dir='ltr'><strong>et</strong></span> <span class='ocrx_word' id='word_1_130' title='bbox 659 1760 780 1799; x_wconf 90' lang='lat' dir='ltr'><strong>cum</strong></span> <span class='ocrx_word' id='word_1_131' title='bbox 811 1759 875 1799; x_wconf 89' lang='lat' dir='ltr'><strong>eo</strong></span> <span class='ocrx_word' id='word_1_132' title='bbox 900 1755 1135 1799; x_wconf 78' lang='lat' dir='ltr'><strong>veterem</strong></span> <span class='ocrx_word' id='word_1_133' title='bbox 1168 1743 1299 1797; x_wconf 67' lang='lat' dir='ltr'><strong>Vita:</strong></span> <span class='ocrx_word' id='word_1_134' title='bbox 1331 1742 1638 1811; x_wconf 86' lang='lat' dir='ltr'><strong>Hieronymi</strong></span> <span class='ocrx_word' id='word_1_135' title='bbox 1667 1744 1774 1796; x_wconf 80' lang='lat' dir='ltr'><strong>Au-</strong></span> 
     </span>
    </p>
   </div>
   <div class='ocr_carea' id='block_1_18' title="bbox 187 1836 1769 1909">
    <p class='ocr_par' dir='ltr' id='par_1_18' title="bbox 187 1836 1769 1909">
     <span class='ocr_line' id='line_1_18' title="bbox 187 1836 1769 1909; baseline -0.003 -14"><span class='ocrx_word' id='word_1_136' title='bbox 187 1849 416 1904; x_wconf 89' lang='lat' dir='ltr'><strong>ctorem,</strong></span> <span class='ocrx_word' id='word_1_137' title='bbox 462 1838 555 1909; x_wconf 87' lang='lat' dir='ltr'><strong>qui</strong></span> <span class='ocrx_word' id='word_1_138' title='bbox 603 1837 911 1893; x_wconf 84' lang='lat' dir='ltr'><strong>Gennadius</strong></span> <span class='ocrx_word' id='word_1_139' title='bbox 939 1838 1097 1907; x_wconf 80' lang='lat' dir='ltr'><strong>vulgo</strong></span> <span class='ocrx_word' id='word_1_140' title='bbox 1125 1836 1371 1901; x_wconf 81' lang='lat' dir='ltr'><strong>habetur,</strong></span> <span class='ocrx_word' id='word_1_141' title='bbox 1423 1845 1478 1892; x_wconf 87' lang='lat' dir='ltr'><strong>et</strong></span> <span class='ocrx_word' id='word_1_142' title='bbox 1512 1844 1683 1891; x_wconf 88' lang='lat' dir='ltr'><strong>annos</strong></span> <span class='ocrx_word' id='word_1_143' title='bbox 1719 1836 1769 1890; x_wconf 91' lang='lat' dir='ltr'><strong>ei</strong></span> 
     </span>
    </p>
   </div>
   <div class='ocr_carea' id='block_1_19' title="bbox 186 1927 1768 1997">
    <p class='ocr_par' dir='ltr' id='par_1_19' title="bbox 186 1927 1768 1997">
     <span class='ocr_line' id='line_1_19' title="bbox 186 1927 1768 1997; baseline -0.003 -13"><span class='ocrx_word' id='word_1_144' title='bbox 186 1939 393 1984; x_wconf 82' lang='lat' dir='ltr'><strong>tantum</strong></span> <span class='ocrx_word' id='word_1_145' title='bbox 435 1928 506 1984; x_wconf 90' lang='lat'><strong>88</strong></span> <span class='ocrx_word' id='word_1_146' title='bbox 539 1928 724 1983; x_wconf 88' lang='lat' dir='ltr'><strong>tribuit</strong></span> <span class='ocrx_word' id='word_1_147' title='bbox 756 1946 768 1981; x_wconf 93' lang='lat'><strong>:</strong></span> <span class='ocrx_word' id='word_1_148' title='bbox 795 1927 1025 1997; x_wconf 88' lang='lat' dir='ltr'><strong>denique</strong></span> <span class='ocrx_word' id='word_1_149' title='bbox 1046 1936 1240 1981; x_wconf 91' lang='lat' dir='ltr'><strong>etcum</strong></span> <span class='ocrx_word' id='word_1_150' title='bbox 1267 1927 1582 1997; x_wconf 76' lang='lat' dir='ltr'><strong>Augustino,</strong></span> <span class='ocrx_word' id='word_1_151' title='bbox 1609 1940 1768 1996; x_wconf 88' lang='lat' dir='ltr'><strong>quem</strong></span> 
     </span>
    </p>
   </div>
   <div class='ocr_carea' id='block_1_20' title="bbox 182 2021 1764 2091">
    <p class='ocr_par' dir='ltr' id='par_1_20' title="bbox 182 2021 1764 2091">
     <span class='ocr_line' id='line_1_20' title="bbox 182 2021 1764 2091; baseline -0.003 -14"><span class='ocrx_word' id='word_1_152' title='bbox 182 2032 368 2077; x_wconf 90' lang='lat' dir='ltr'><strong>noster</strong></span> <span class='ocrx_word' id='word_1_153' title='bbox 393 2022 443 2076; x_wconf 88' lang='lat' dir='ltr'><strong>in</strong></span> <span class='ocrx_word' id='word_1_154' title='bbox 471 2021 726 2091; x_wconf 83' lang='lat' dir='ltr'><strong>Epistolis</strong></span> <span class='ocrx_word' id='word_1_155' title='bbox 754 2021 977 2076; x_wconf 79' lang='lat' dir='ltr'><strong>subinde</strong></span> <span class='ocrx_word' id='word_1_156' title='bbox 1010 2030 1259 2089; x_wconf 83' lang='lat' dir='ltr'><strong>tanquam</strong></span> <span class='ocrx_word' id='word_1_157' title='bbox 1282 2021 1526 2090; x_wconf 84' lang='lat' dir='ltr'><strong>dignitate</strong></span> <span class='ocrx_word' id='word_1_158' title='bbox 1546 2030 1764 2089; x_wconf 77' lang='lat' dir='ltr'><strong>patrem,</strong></span> 
     </span>
    </p>
   </div>
   <div class='ocr_carea' id='block_1_21' title="bbox 180 2111 1767 2180">
    <p class='ocr_par' dir='ltr' id='par_1_21' title="bbox 180 2111 1767 2180">
     <span class='ocr_line' id='line_1_21' title="bbox 180 2111 1767 2180; baseline -0.001 -13"><span class='ocrx_word' id='word_1_159' title='bbox 180 2123 330 2167; x_wconf 63' lang='lat' dir='ltr'><strong>vetate</strong></span> <span class='ocrx_word' id='word_1_160' title='bbox 373 2123 553 2168; x_wconf 88' lang='lat' dir='ltr'><strong>autem</strong></span> <span class='ocrx_word' id='word_1_161' title='bbox 596 2113 762 2180; x_wconf 73' lang='lat' dir='ltr'><strong>ﬁlium</strong></span> <span class='ocrx_word' id='word_1_162' title='bbox 806 2112 1111 2180; x_wconf 88' lang='lat' dir='ltr'><strong>compellat.</strong></span> <span class='ocrx_word' id='word_1_163' title='bbox 1146 2111 1278 2166; x_wconf 88' lang='lat' dir='ltr'><strong>Cum</strong></span> <span class='ocrx_word' id='word_1_164' title='bbox 1327 2124 1455 2166; x_wconf 87' lang='lat' dir='ltr'><strong>vero</strong></span> <span class='ocrx_word' id='word_1_165' title='bbox 1503 2112 1767 2167; x_wconf 85' lang='lat' dir='ltr'><strong>adversus</strong></span> 
     </span>
    </p>
   </div>
   <div class='ocr_carea' id='block_1_22' title="bbox 183 2200 1768 2272">
    <p class='ocr_par' dir='ltr' id='par_1_22' title="bbox 183 2200 1768 2272">
     <span class='ocr_line' id='line_1_22' title="bbox 183 2200 1768 2272; baseline -0.001 -15"><span class='ocrx_word' id='word_1_166' title='bbox 183 2203 492 2257; x_wconf 84' lang='lat' dir='ltr'><strong>histnricam</strong></span> <span class='ocrx_word' id='word_1_167' title='bbox 518 2204 817 2267; x_wconf 78' lang='lat' dir='ltr'><strong>veritatem,</strong></span> <span class='ocrx_word' id='word_1_168' title='bbox 849 2201 1152 2271; x_wconf 88' lang='lat' dir='ltr'><strong>seriemque</strong></span> <span class='ocrx_word' id='word_1_169' title='bbox 1186 2212 1365 2256; x_wconf 91' lang='lat' dir='ltr'><strong>rerum</strong></span> <span class='ocrx_word' id='word_1_170' title='bbox 1400 2200 1768 2272; x_wconf 82' lang='lat' dir='ltr'><strong>Hicronymia-</strong></span> 
     </span>
    </p>
   </div>
   <div class='ocr_carea' id='block_1_23' title="bbox 184 2292 1769 2363">
    <p class='ocr_par' dir='ltr' id='par_1_23' title="bbox 184 2292 1769 2363">
     <span class='ocr_line' id='line_1_23' title="bbox 184 2292 1769 2363; baseline 0 -15"><span class='ocrx_word' id='word_1_171' title='bbox 184 2304 367 2348; x_wconf 74' lang='lat' dir='ltr'><strong>uarum</strong></span> <span class='ocrx_word' id='word_1_172' title='bbox 425 2294 682 2348; x_wconf 90' lang='lat' dir='ltr'><strong>continuo</strong></span> <span class='ocrx_word' id='word_1_173' title='bbox 732 2302 929 2363; x_wconf 78' lang='lat' dir='ltr'><strong>pugnet</strong></span> <span class='ocrx_word' id='word_1_174' title='bbox 982 2292 1069 2346; x_wconf 86' lang='lat' dir='ltr'><strong>illa</strong></span> <span class='ocrx_word' id='word_1_175' title='bbox 1129 2292 1377 2362; x_wconf 89' lang='lat' dir='ltr'><strong>Prospcri</strong></span> <span class='ocrx_word' id='word_1_176' title='bbox 1429 2295 1661 2361; x_wconf 89' lang='lat' dir='ltr'><strong>notatio,</strong></span> <span class='ocrx_word' id='word_1_177' title='bbox 1714 2303 1769 2348; x_wconf 88' lang='lat' dir='ltr'><strong>et</strong></span> 
     </span>
    </p>
   </div>
   <div class='ocr_carea' id='block_1_24' title="bbox 182 2383 1769 2455">
    <p class='ocr_par' dir='ltr' id='par_1_24' title="bbox 182 2383 1769 2455">
     <span class='ocr_line' id='line_1_24' title="bbox 182 2383 1769 2455; baseline -0.001 -17"><span class='ocrx_word' id='word_1_178' title='bbox 182 2385 336 2455; x_wconf 79' lang='lat' dir='ltr'><strong>longo</strong></span> <span class='ocrx_word' id='word_1_179' title='bbox 369 2385 531 2439; x_wconf 88' lang='lat' dir='ltr'><strong>nimis</strong></span> <span class='ocrx_word' id='word_1_180' title='bbox 554 2384 830 2439; x_wconf 89' lang='lat' dir='ltr'><strong>intervallo</strong></span> <span class='ocrx_word' id='word_1_181' title='bbox 853 2383 910 2440; x_wconf 90' lang='lat' dir='ltr'><strong>S.</strong></span> <span class='ocrx_word' id='word_1_182' title='bbox 942 2384 1116 2439; x_wconf 85' lang='lat' dir='ltr'><strong>Patris</strong></span> <span class='ocrx_word' id='word_1_183' title='bbox 1138 2397 1312 2438; x_wconf 90' lang='lat' dir='ltr'><strong>ortum</strong></span> <span class='ocrx_word' id='word_1_184' title='bbox 1340 2393 1641 2453; x_wconf 68' lang='lat' dir='ltr'><strong>prarvertat,</strong></span> <span class='ocrx_word' id='word_1_185' title='bbox 1674 2401 1769 2438; x_wconf 79' lang='lat' dir='ltr'><strong>no-</strong></span> 
     </span>
    </p>
   </div>
   <div class='ocr_carea' id='block_1_25' title="bbox 180 2475 1762 2547">
    <p class='ocr_par' dir='ltr' id='par_1_25' title="bbox 180 2475 1762 2547">
     <span class='ocr_line' id='line_1_25' title="bbox 180 2475 1762 2547; baseline -0.001 -15"><span class='ocrx_word' id='word_1_186' title='bbox 180 2478 262 2532; x_wconf 87' lang='lat' dir='ltr'><strong>bis</strong></span> <span class='ocrx_word' id='word_1_187' title='bbox 288 2477 378 2547; x_wconf 90' lang='lat' dir='ltr'><strong>qui</strong></span> <span class='ocrx_word' id='word_1_188' title='bbox 407 2476 527 2545; x_wconf 88' lang='lat' dir='ltr'><strong>ejus</strong></span> <span class='ocrx_word' id='word_1_189' title='bbox 560 2476 729 2530; x_wconf 84' lang='lat' dir='ltr'><strong>Vitam</strong></span> <span class='ocrx_word' id='word_1_190' title='bbox 760 2491 825 2530; x_wconf 79' lang='lat' dir='ltr'><strong>ex</strong></span> <span class='ocrx_word' id='word_1_191' title='bbox 865 2475 1143 2547; x_wconf 89' lang='lat' dir='ltr'><strong>ipsiusmet</strong></span> <span class='ocrx_word' id='word_1_192' title='bbox 1170 2477 1383 2546; x_wconf 91' lang='lat' dir='ltr'><strong>scriptis</strong></span> <span class='ocrx_word' id='word_1_193' title='bbox 1419 2476 1762 2542; x_wconf 82' lang='lat' dir='ltr'><strong>adornamus,</strong></span> 
     </span>
    </p>
   </div>
   <div class='ocr_carea' id='block_1_26' title="bbox 181 2567 1764 2637">
    <p class='ocr_par' dir='ltr' id='par_1_26' title="bbox 181 2567 1764 2637">
     <span class='ocr_line' id='line_1_26' title="bbox 181 2567 1764 2637; baseline -0.001 -14"><span class='ocrx_word' id='word_1_194' title='bbox 181 2569 333 2637; x_wconf 83' lang='lat' dir='ltr'><strong>hujus</strong></span> <span class='ocrx_word' id='word_1_195' title='bbox 384 2568 710 2631; x_wconf 86' lang='lat' dir='ltr'><strong>testimonia,</strong></span> <span class='ocrx_word' id='word_1_196' title='bbox 751 2583 871 2637; x_wconf 78' lang='lat' dir='ltr'><strong>qua:</strong></span> <span class='ocrx_word' id='word_1_197' title='bbox 917 2567 985 2621; x_wconf 89' lang='lat' dir='ltr'><strong>de</strong></span> <span class='ocrx_word' id='word_1_198' title='bbox 1028 2575 1186 2621; x_wconf 79' lang='lat' dir='ltr'><strong>:ctate</strong></span> <span class='ocrx_word' id='word_1_199' title='bbox 1215 2581 1308 2620; x_wconf 90' lang='lat' dir='ltr'><strong>sua</strong></span> <span class='ocrx_word' id='word_1_200' title='bbox 1352 2567 1571 2636; x_wconf 79' lang='lat' dir='ltr'><strong>profert,</strong></span> <span class='ocrx_word' id='word_1_201' title='bbox 1624 2568 1764 2622; x_wconf 91' lang='lat' dir='ltr'><strong>illius</strong></span> 
     </span>
    </p>
   </div>
   <div class='ocr_carea' id='block_1_27' title="bbox 180 2657 1761 2729">
    <p class='ocr_par' dir='ltr' id='par_1_27' title="bbox 180 2657 1761 2729">
     <span class='ocr_line' id='line_1_27' title="bbox 180 2657 1761 2729; baseline 0.001 -17"><span class='ocrx_word' id='word_1_202' title='bbox 180 2660 502 2724; x_wconf 80' lang='lat' dir='ltr'><strong>auctoritati,</strong></span> <span class='ocrx_word' id='word_1_203' title='bbox 533 2668 587 2714; x_wconf 87' lang='lat' dir='ltr'><strong>et</strong></span> <span class='ocrx_word' id='word_1_204' title='bbox 613 2668 743 2729; x_wconf 87' lang='lat' dir='ltr'><strong>quot</strong></span> <span class='ocrx_word' id='word_1_205' title='bbox 770 2668 893 2713; x_wconf 91' lang='lat' dir='ltr'><strong>sunt</strong></span> <span class='ocrx_word' id='word_1_206' title='bbox 931 2666 1166 2728; x_wconf 86' lang='lat' dir='ltr'><strong>quotque</strong></span> <span class='ocrx_word' id='word_1_207' title='bbox 1204 2657 1419 2713; x_wconf 88' lang='lat' dir='ltr'><strong>fuerunt</strong></span> <span class='ocrx_word' id='word_1_208' title='bbox 1442 2659 1761 2714; x_wconf 88' lang='lat' dir='ltr'><strong>Criticorum</strong></span> 
     </span>
    </p>
   </div>
   <div class='ocr_carea' id='block_1_28' title="bbox 178 2750 1762 2820">
    <p class='ocr_par' dir='ltr' id='par_1_28' title="bbox 178 2750 1762 2820">
     <span class='ocr_line' id='line_1_28' title="bbox 178 2750 1762 2820; baseline -0.001 -14"><span class='ocrx_word' id='word_1_209' title='bbox 178 2765 235 2806; x_wconf 85' lang='lat' dir='ltr'><strong>ea</strong></span> <span class='ocrx_word' id='word_1_210' title='bbox 266 2751 334 2805; x_wconf 85' lang='lat' dir='ltr'><strong>de</strong></span> <span class='ocrx_word' id='word_1_211' title='bbox 378 2767 438 2806; x_wconf 87' lang='lat' dir='ltr'><strong>re</strong></span> <span class='ocrx_word' id='word_1_212' title='bbox 484 2752 782 2818; x_wconf 77' lang='lat' dir='ltr'><strong>sententiis,</strong></span> <span class='ocrx_word' id='word_1_213' title='bbox 832 2752 1084 2820; x_wconf 75' lang='lat' dir='ltr'><strong>pra-terre</strong></span> <span class='ocrx_word' id='word_1_214' title='bbox 1130 2750 1303 2804; x_wconf 80' lang='lat' dir='ltr'><strong>liccat.</strong></span> <span class='ocrx_word' id='word_1_215' title='bbox 1346 2750 1537 2805; x_wconf 87' lang='lat' dir='ltr'><strong>Ratum</strong></span> <span class='ocrx_word' id='word_1_216' title='bbox 1589 2750 1762 2820; x_wconf 83' lang='lat' dir='ltr'><strong>primo</strong></span> 
     </span>
    </p>
   </div>
   <div class='ocr_carea' id='block_1_29' title="bbox 178 2840 1761 2912">
    <p class='ocr_par' dir='ltr' id='par_1_29' title="bbox 178 2840 1761 2912">
     <span class='ocr_line' id='line_1_29' title="bbox 178 2840 1761 2912; baseline -0.001 -13"><span class='ocrx_word' id='word_1_217' title='bbox 178 2853 488 2912; x_wconf 80' lang='lat' dir='ltr'><strong>certumque</strong></span> <span class='ocrx_word' id='word_1_218' title='bbox 518 2844 607 2908; x_wconf 91' lang='lat' dir='ltr'><strong>sit,</strong></span> <span class='ocrx_word' id='word_1_219' title='bbox 636 2858 759 2896; x_wconf 91' lang='lat' dir='ltr'><strong>eum</strong></span> <span class='ocrx_word' id='word_1_220' title='bbox 798 2856 919 2896; x_wconf 90' lang='lat' dir='ltr'><strong>cum</strong></span> <span class='ocrx_word' id='word_1_221' title='bbox 963 2856 1023 2896; x_wconf 88' lang='lat' dir='ltr'><strong>se</strong></span> <span class='ocrx_word' id='word_1_222' title='bbox 1064 2841 1148 2895; x_wconf 86' lang='lat' dir='ltr'><strong>vel</strong></span> <span class='ocrx_word' id='word_1_223' title='bbox 1189 2840 1462 2907; x_wconf 91' lang='lat' dir='ltr'><strong>infantem,</strong></span> <span class='ocrx_word' id='word_1_224' title='bbox 1507 2840 1591 2897; x_wconf 85' lang='lat' dir='ltr'><strong>vel</strong></span> <span class='ocrx_word' id='word_1_225' title='bbox 1628 2857 1761 2911; x_wconf 89' lang='lat' dir='ltr'><strong>puc-</strong></span> 
     </span>
    </p>
   </div>
   <div class='ocr_carea' id='block_1_30' title="bbox 178 2934 1757 3005">
    <p class='ocr_par' dir='ltr' id='par_1_30' title="bbox 178 2934 1757 3005">
     <span class='ocr_line' id='line_1_30' title="bbox 178 2934 1757 3005; baseline -0.002 -14"><span class='ocrx_word' id='word_1_226' title='bbox 178 2951 313 3001; x_wconf 89' lang='lat' dir='ltr'><strong>rum,</strong></span> <span class='ocrx_word' id='word_1_227' title='bbox 358 2936 442 2990; x_wconf 84' lang='lat' dir='ltr'><strong>vel</strong></span> <span class='ocrx_word' id='word_1_228' title='bbox 497 2934 949 2989; x_wconf 87' lang='lat' dir='ltr'><strong>adolescentulum</strong></span> <span class='ocrx_word' id='word_1_229' title='bbox 1004 2934 1095 2988; x_wconf 76' lang='lat' dir='ltr'><strong>vel</strong></span> <span class='ocrx_word' id='word_1_230' title='bbox 1118 2934 1367 3005; x_wconf 77' lang='lat' dir='ltr'><strong>juvenem</strong></span> <span class='ocrx_word' id='word_1_231' title='bbox 1411 2942 1585 2999; x_wconf 86' lang='lat' dir='ltr'><strong>vocat,</strong></span> <span class='ocrx_word' id='word_1_232' title='bbox 1626 2948 1757 2988; x_wconf 82' lang='lat' dir='ltr'><strong>con-</strong></span> 
     </span>
    </p>
   </div>
   <div class='ocr_carea' id='block_1_31' title="bbox 179 3023 1761 3094">
    <p class='ocr_par' dir='ltr' id='par_1_31' title="bbox 179 3023 1761 3094">
     <span class='ocr_line' id='line_1_31' title="bbox 179 3023 1761 3094; baseline 0.001 -18"><span class='ocrx_word' id='word_1_233' title='bbox 179 3024 383 3094; x_wconf 82' lang='lat' dir='ltr'><strong>fertque</strong></span> <span class='ocrx_word' id='word_1_234' title='bbox 411 3040 533 3079; x_wconf 88' lang='lat' dir='ltr'><strong>cum</strong></span> <span class='ocrx_word' id='word_1_235' title='bbox 562 3040 664 3077; x_wconf 87' lang='lat' dir='ltr'><strong>una</strong></span> <span class='ocrx_word' id='word_1_236' title='bbox 693 3023 939 3094; x_wconf 92' lang='lat' dir='ltr'><strong>quapiam</strong></span> <span class='ocrx_word' id='word_1_237' title='bbox 970 3038 1149 3078; x_wconf 89' lang='lat' dir='ltr'><strong>rerum</strong></span> <span class='ocrx_word' id='word_1_238' title='bbox 1189 3038 1219 3077; x_wconf 88' lang='lat' dir='ltr'><strong>a</strong></span> <span class='ocrx_word' id='word_1_239' title='bbox 1248 3039 1308 3078; x_wconf 87' lang='lat' dir='ltr'><strong>se</strong></span> <span class='ocrx_word' id='word_1_240' title='bbox 1350 3036 1617 3093; x_wconf 82' lang='lat' dir='ltr'><strong>gestarum</strong></span> <span class='ocrx_word' id='word_1_241' title='bbox 1660 3040 1761 3079; x_wconf 88' lang='lat' dir='ltr'><strong>no-</strong></span> 
     </span>
    </p>
   </div>
   <div class='ocr_carea' id='block_1_32' title="bbox 178 3114 1756 3188">
    <p class='ocr_par' dir='ltr' id='par_1_32' title="bbox 178 3114 1756 3188">
     <span class='ocr_line' id='line_1_32' title="bbox 178 3114 1756 3188; baseline -0.002 -17"><span class='ocrx_word' id='word_1_242' title='bbox 178 3120 394 3183; x_wconf 83' lang='lat' dir='ltr'><strong>tatione,</strong></span> <span class='ocrx_word' id='word_1_243' title='bbox 424 3116 851 3188; x_wconf 76' lang='lat' dir='ltr'><strong>Pythagoricum,</strong></span> <span class='ocrx_word' id='word_1_244' title='bbox 880 3125 936 3169; x_wconf 92' lang='lat' dir='ltr'><strong>ut</strong></span> <span class='ocrx_word' id='word_1_245' title='bbox 962 3115 1204 3170; x_wconf 84' lang='lat' dir='ltr'><strong>Laertius</strong></span> <span class='ocrx_word' id='word_1_246' title='bbox 1228 3116 1389 3168; x_wconf 79' lang='lat' dir='ltr'><strong>tradit</strong></span> <span class='ocrx_word' id='word_1_247' title='bbox 1432 3116 1547 3183; x_wconf 90' lang='lat' dir='ltr'><strong>(lib.</strong></span> <span class='ocrx_word' id='word_1_248' title='bbox 1596 3114 1756 3169; x_wconf 87' lang='lat' dir='ltr'><strong>VIII.</strong></span> 
     </span>
    </p>
   </div>
   <div class='ocr_carea' id='block_1_33' title="bbox 179 3205 1762 3278">
    <p class='ocr_par' dir='ltr' id='par_1_33' title="bbox 179 3205 1762 3278">
     <span class='ocr_line' id='line_1_33' title="bbox 179 3205 1762 3278; baseline -0.002 -16"><span class='ocrx_word' id='word_1_249' title='bbox 179 3210 308 3262; x_wconf 69' lang='grc' dir='ltr'><strong>δίει.</strong></span> <span class='ocrx_word' id='word_1_250' title='bbox 332 3209 392 3264; x_wconf 88' lang='lat'><strong>9.</strong></span> <span class='ocrx_word' id='word_1_251' title='bbox 426 3207 535 3278; x_wconf 87' lang='lat' dir='ltr'><strong>l0),</strong></span> <span class='ocrx_word' id='word_1_252' title='bbox 565 3208 736 3261; x_wconf 66' lang='lat' dir='ltr'><strong>aetatis</strong></span> <span class='ocrx_word' id='word_1_253' title='bbox 766 3207 1011 3261; x_wconf 76' lang='lat' dir='ltr'><strong>humana:</strong></span> <span class='ocrx_word' id='word_1_254' title='bbox 1039 3222 1134 3276; x_wconf 86' lang='lat' dir='ltr'><strong>per</strong></span> <span class='ocrx_word' id='word_1_255' title='bbox 1171 3205 1410 3259; x_wconf 86' lang='lat' dir='ltr'><strong>vicenuia</strong></span> <span class='ocrx_word' id='word_1_256' title='bbox 1447 3216 1762 3275; x_wconf 81' lang='lat' dir='ltr'><strong>computau-</strong></span> 
     </span>
    </p>
   </div>
   <div class='ocr_carea' id='block_1_34' title="bbox 177 3298 1758 3369">
    <p class='ocr_par' dir='ltr' id='par_1_34' title="bbox 177 3298 1758 3369">
     <span class='ocr_line' id='line_1_34' title="bbox 177 3298 1758 3369; baseline 0.003 -18"><span class='ocrx_word' id='word_1_257' title='bbox 177 3299 251 3354; x_wconf 77' lang='lat' dir='ltr'><strong>dzc</strong></span> <span class='ocrx_word' id='word_1_258' title='bbox 279 3299 618 3365; x_wconf 69' lang='lat' dir='ltr'><strong>methodum,</strong></span> <span class='ocrx_word' id='word_1_259' title='bbox 650 3314 768 3369; x_wconf 66' lang='lat' dir='ltr'><strong>qua:</strong></span> <span class='ocrx_word' id='word_1_260' title='bbox 795 3308 850 3355; x_wconf 89' lang='lat' dir='ltr'><strong>et</strong></span> <span class='ocrx_word' id='word_1_261' title='bbox 876 3298 1072 3369; x_wconf 89' lang='lat' dir='ltr'><strong>passim</strong></span> <span class='ocrx_word' id='word_1_262' title='bbox 1102 3308 1227 3352; x_wconf 90' lang='lat' dir='ltr'><strong>tunc</strong></span> <span class='ocrx_word' id='word_1_263' title='bbox 1253 3299 1543 3360; x_wconf 84' lang='lat' dir='ltr'><strong>obtinebat,</strong></span> <span class='ocrx_word' id='word_1_264' title='bbox 1585 3299 1758 3368; x_wconf 90' lang='lat' dir='ltr'><strong>sequi.</strong></span> 
     </span>
    </p>
   </div>
   <div class='ocr_carea' id='block_1_35' title="bbox 181 3391 1759 3463">
    <p class='ocr_par' dir='ltr' id='par_1_35' title="bbox 181 3391 1759 3463">
     <span class='ocr_line' id='line_1_35' title="bbox 181 3391 1759 3463; baseline 0.001 -19"><span class='ocrx_word' id='word_1_265' title='bbox 181 3392 329 3460; x_wconf 86' lang='lat' dir='ltr'><strong>Puer,</strong></span> <span class='ocrx_word' id='word_1_266' title='bbox 363 3392 560 3462; x_wconf 88' lang='lat' dir='ltr'><strong>inquit,</strong></span> <span class='ocrx_word' id='word_1_267' title='bbox 592 3394 770 3463; x_wconf 81' lang='lat' dir='ltr'><strong>viginti</strong></span> <span class='ocrx_word' id='word_1_268' title='bbox 792 3408 954 3446; x_wconf 90' lang='lat' dir='ltr'><strong>annos</strong></span> <span class='ocrx_word' id='word_1_269' title='bbox 982 3391 1158 3459; x_wconf 86' lang='lat' dir='ltr'><strong>implet</strong></span> <span class='ocrx_word' id='word_1_270' title='bbox 1180 3408 1198 3445; x_wconf 91' lang='lat'><strong><em>:</em></strong></span> <span class='ocrx_word' id='word_1_271' title='bbox 1222 3392 1523 3446; x_wconf 81' lang='lat' dir='ltr'><strong>Adolescens</strong></span> <span class='ocrx_word' id='word_1_272' title='bbox 1546 3392 1720 3462; x_wconf 77' lang='lat' dir='ltr'><strong>viginti</strong></span> <span class='ocrx_word' id='word_1_273' title='bbox 1742 3406 1759 3445; x_wconf 90' lang='lat'><strong><em>:</em></strong></span> 
     </span>
    </p>
   </div>
   <div class='ocr_carea' id='block_1_36' title="bbox 179 3482 1760 3554">
    <p class='ocr_par' dir='ltr' id='par_1_36' title="bbox 179 3482 1760 3554">
     <span class='ocr_line' id='line_1_36' title="bbox 179 3482 1760 3554; baseline 0.001 -17"><span class='ocrx_word' id='word_1_274' title='bbox 179 3482 343 3537; x_wconf 73' lang='lat' dir='ltr'><strong>Senex</strong></span> <span class='ocrx_word' id='word_1_275' title='bbox 402 3483 600 3552; x_wconf 70' lang='lat' dir='ltr'><strong>viginti.</strong></span> <span class='ocrx_word' id='word_1_276' title='bbox 654 3482 777 3537; x_wconf 91' lang='lat' dir='ltr'><strong>Sola</strong></span> <span class='ocrx_word' id='word_1_277' title='bbox 820 3483 1039 3537; x_wconf 84' lang='lat' dir='ltr'><strong>infantia</strong></span> <span class='ocrx_word' id='word_1_278' title='bbox 1086 3491 1189 3547; x_wconf 85' lang='lat' dir='ltr'><strong>est,</strong></span> <span class='ocrx_word' id='word_1_279' title='bbox 1238 3498 1397 3552; x_wconf 86' lang='lat' dir='ltr'><strong>quam</strong></span> <span class='ocrx_word' id='word_1_280' title='bbox 1448 3498 1476 3535; x_wconf 93' lang='lat' dir='ltr'><strong>a</strong></span> <span class='ocrx_word' id='word_1_281' title='bbox 1535 3484 1760 3554; x_wconf 85' lang='lat' dir='ltr'><strong>pueritia</strong></span> 
     </span>
    </p>
   </div>
   <div class='ocr_carea' id='block_1_37' title="bbox 178 3573 1757 3645">
    <p class='ocr_par' dir='ltr' id='par_1_37' title="bbox 178 3573 1757 3645">
     <span class='ocr_line' id='line_1_37' title="bbox 178 3573 1757 3645; baseline 0.002 -18"><span class='ocrx_word' id='word_1_282' title='bbox 178 3589 275 3628; x_wconf 85' lang='lat' dir='ltr'><strong>non</strong></span> <span class='ocrx_word' id='word_1_283' title='bbox 323 3573 751 3644; x_wconf 73' lang='lat' dir='ltr'><strong>distinguebant,</strong></span> <span class='ocrx_word' id='word_1_284' title='bbox 805 3575 898 3630; x_wconf 88' lang='lat' dir='ltr'><strong>sed</strong></span> <span class='ocrx_word' id='word_1_285' title='bbox 942 3574 1092 3644; x_wconf 84' lang='lat' dir='ltr'><strong>quasi</strong></span> <span class='ocrx_word' id='word_1_286' title='bbox 1150 3575 1389 3644; x_wconf 76' lang='lat' dir='ltr'><strong>pueritia:</strong></span> <span class='ocrx_word' id='word_1_287' title='bbox 1439 3583 1642 3645; x_wconf 87' lang='lat' dir='ltr'><strong>partem</strong></span> <span class='ocrx_word' id='word_1_288' title='bbox 1692 3575 1757 3630; x_wconf 90' lang='lat' dir='ltr'><strong>ad</strong></span> 
     </span>
    </p>
   </div>
   <div class='ocr_carea' id='block_1_38' title="bbox 180 3666 1759 3737">
    <p class='ocr_par' dir='ltr' id='par_1_38' title="bbox 180 3666 1759 3737">
     <span class='ocr_line' id='line_1_38' title="bbox 180 3666 1759 3737; baseline 0.003 -19"><span class='ocrx_word' id='word_1_289' title='bbox 180 3681 335 3736; x_wconf 85' lang='lat' dir='ltr'><strong>usque</strong></span> <span class='ocrx_word' id='word_1_290' title='bbox 358 3667 633 3722; x_wconf 86' lang='lat' dir='ltr'><strong>decimum</strong></span> <span class='ocrx_word' id='word_1_291' title='bbox 657 3668 897 3737; x_wconf 89' lang='lat' dir='ltr'><strong>quintum</strong></span> <span class='ocrx_word' id='word_1_292' title='bbox 926 3682 1126 3720; x_wconf 89' lang='lat' dir='ltr'><strong>annum</strong></span> <span class='ocrx_word' id='word_1_293' title='bbox 1147 3666 1548 3735; x_wconf 84' lang='lat' dir='ltr'><strong>protrahebant,</strong></span> <span class='ocrx_word' id='word_1_294' title='bbox 1573 3682 1759 3737; x_wconf 49' lang='lat' dir='ltr'><strong>quem-</strong></span> 
     </span>
    </p>
   </div>
   <div class='ocr_carea' id='block_1_39' title="bbox 180 3757 1755 3829">
    <p class='ocr_par' dir='ltr' id='par_1_39' title="bbox 180 3757 1755 3829">
     <span class='ocr_line' id='line_1_39' title="bbox 180 3757 1755 3829; baseline 0.001 -20"><span class='ocrx_word' id='word_1_295' title='bbox 180 3757 460 3813; x_wconf 82' lang='lat' dir='ltr'><strong>admodum</strong></span> <span class='ocrx_word' id='word_1_296' title='bbox 488 3758 557 3814; x_wconf 89' lang='lat' dir='ltr'><strong>de</strong></span> <span class='ocrx_word' id='word_1_297' title='bbox 591 3758 825 3813; x_wconf 79' lang='lat' dir='ltr'><strong>Varrone</strong></span> <span class='ocrx_word' id='word_1_298' title='bbox 851 3758 1175 3812; x_wconf 84' lang='lat' dir='ltr'><strong>Censorinus</strong></span> <span class='ocrx_word' id='word_1_299' title='bbox 1208 3757 1296 3826; x_wconf 89' lang='lat' dir='ltr'><strong>(de</strong></span> <span class='ocrx_word' id='word_1_300' title='bbox 1325 3757 1419 3812; x_wconf 89' lang='lat' dir='ltr'><strong>Die</strong></span> <span class='ocrx_word' id='word_1_301' title='bbox 1458 3758 1584 3814; x_wconf 84' lang='lat' dir='ltr'><strong>Nat.</strong></span> <span class='ocrx_word' id='word_1_302' title='bbox 1629 3759 1755 3829; x_wconf 89' lang='lat' dir='ltr'><strong>Cap.</strong></span> 
     </span>
    </p>
   </div>
   <div class='ocr_carea' id='block_1_40' title="bbox 179 3842 1756 3928">
    <p class='ocr_par' dir='ltr' id='par_1_40' title="bbox 179 3842 1756 3928">
     <span class='ocr_line' id='line_1_40' title="bbox 179 3842 1756 3928; baseline 0.003 -28"><span class='ocrx_word' id='word_1_303' title='bbox 179 3842 330 3928; x_wconf 57' lang='lat' dir='ltr'><strong>XIV)</strong></span> <span class='ocrx_word' id='word_1_304' title='bbox 357 3849 567 3906; x_wconf 78' lang='lat' dir='ltr'><strong>docuit.</strong></span> <span class='ocrx_word' id='word_1_305' title='bbox 610 3849 685 3905; x_wconf 73' lang='lat' dir='ltr'><strong>Ita</strong></span> <span class='ocrx_word' id='word_1_306' title='bbox 725 3860 779 3905; x_wconf 91' lang='lat' dir='ltr'><strong>et</strong></span> <span class='ocrx_word' id='word_1_307' title='bbox 820 3850 878 3905; x_wconf 74' lang='lat' dir='ltr'><strong>S.</strong></span> <span class='ocrx_word' id='word_1_308' title='bbox 912 3850 1181 3905; x_wconf 88' lang='lat' dir='ltr'><strong>Benedicti</strong></span> <span class='ocrx_word' id='word_1_309' title='bbox 1210 3850 1409 3920; x_wconf 76' lang='lat' dir='ltr'><strong>Regula</strong></span> <span class='ocrx_word' id='word_1_310' title='bbox 1444 3866 1561 3921; x_wconf 88' lang='lat' dir='ltr'><strong>cap.</strong></span> <span class='ocrx_word' id='word_1_311' title='bbox 1595 3850 1756 3906; x_wconf 76' lang='lat' dir='ltr'><strong>LXX.</strong></span> 
     </span>
    </p>
   </div>
   <div class='ocr_carea' id='block_1_41' title="bbox 181 3937 1761 4012">
    <p class='ocr_par' dir='ltr' id='par_1_41' title="bbox 181 3937 1761 4012">
     <span class='ocr_line' id='line_1_41' title="bbox 181 3937 1761 4012; baseline 0.005 -21"><span class='ocrx_word' id='word_1_312' title='bbox 181 3937 470 4011; x_wconf 75' lang='lat' dir='ltr'><strong>Infantibus</strong></span> <span class='ocrx_word' id='word_1_313' title='bbox 514 3958 672 4012; x_wconf 81' lang='lat' dir='ltr'><strong>usque</strong></span> <span class='ocrx_word' id='word_1_314' title='bbox 711 3942 782 3995; x_wconf 79' lang='lat' dir='ltr'><strong>ad</strong></span> <span class='ocrx_word' id='word_1_315' title='bbox 819 3942 1048 4010; x_wconf 67' lang='lat' dir='ltr'><strong>quintum</strong></span> <span class='ocrx_word' id='word_1_316' title='bbox 1086 3942 1336 3995; x_wconf 80' lang='lat' dir='ltr'><strong>decimum</strong></span> <span class='ocrx_word' id='word_1_317' title='bbox 1374 3958 1564 3997; x_wconf 86' lang='lat' dir='ltr'><strong>annum</strong></span> <span class='ocrx_word' id='word_1_318' title='bbox 1597 3946 1761 3999; x_wconf 76' lang='lat' dir='ltr'><strong>wtatis</strong></span> 
     </span>
    </p>
   </div>
   <div class='ocr_carea' id='block_1_42' title="bbox 180 4034 1753 4105">
    <p class='ocr_par' dir='ltr' id='par_1_42' title="bbox 180 4034 1753 4105">
     <span class='ocr_line' id='line_1_42' title="bbox 180 4034 1753 4105; baseline 0.004 -21"><span class='ocrx_word' id='word_1_319' title='bbox 180 4034 463 4105; x_wconf 75' lang='lat' dir='ltr'><strong>disciplina:</strong></span> <span class='ocrx_word' id='word_1_320' title='bbox 492 4034 757 4103; x_wconf 79' lang='lat' dir='ltr'><strong>diligentia</strong></span> <span class='ocrx_word' id='word_1_321' title='bbox 778 4045 823 4088; x_wconf 86' lang='lat' dir='ltr'><strong>et</strong></span> <span class='ocrx_word' id='word_1_322' title='bbox 847 4034 1080 4087; x_wconf 85' lang='lat' dir='ltr'><strong>custodia</strong></span> <span class='ocrx_word' id='word_1_323' title='bbox 1100 4035 1400 4089; x_wconf 74' lang='lat' dir='ltr'><strong>adhibeatur</strong></span> <span class='ocrx_word' id='word_1_324' title='bbox 1419 4037 1483 4089; x_wconf 80' lang='lat' dir='ltr'><strong>ab</strong></span> <span class='ocrx_word' id='word_1_325' title='bbox 1502 4038 1753 4091; x_wconf 84' lang='lat' dir='ltr'><strong>omnibus.</strong></span> 
     </span>
    </p>
   </div>
   <div class='ocr_carea' id='block_1_43' title="bbox 182 4124 1759 4197">
    <p class='ocr_par' dir='ltr' id='par_1_43' title="bbox 182 4124 1759 4197">
     <span class='ocr_line' id='line_1_43' title="bbox 182 4124 1759 4197; baseline 0.003 -21"><span class='ocrx_word' id='word_1_326' title='bbox 182 4124 281 4180; x_wconf 86' lang='lat' dir='ltr'><strong>Hac</strong></span> <span class='ocrx_word' id='word_1_327' title='bbox 314 4126 486 4197; x_wconf 88' lang='lat' dir='ltr'><strong>probe</strong></span> <span class='ocrx_word' id='word_1_328' title='bbox 515 4128 805 4181; x_wconf 68' lang='lat' dir='ltr'><strong>eunstituta</strong></span> <span class='ocrx_word' id='word_1_329' title='bbox 833 4125 1036 4195; x_wconf 80' lang='lat' dir='ltr'><strong>regula,</strong></span> <span class='ocrx_word' id='word_1_330' title='bbox 1064 4126 1107 4179; x_wconf 90' lang='lat' dir='ltr'><strong>si</strong></span> <span class='ocrx_word' id='word_1_331' title='bbox 1141 4125 1447 4197; x_wconf 87' lang='lat' dir='ltr'><strong>Ilieronymi</strong></span> <span class='ocrx_word' id='word_1_332' title='bbox 1476 4127 1632 4180; x_wconf 88' lang='lat' dir='ltr'><strong>verba</strong></span> <span class='ocrx_word' id='word_1_333' title='bbox 1659 4143 1759 4181; x_wconf 81' lang='lat' dir='ltr'><strong>ex-</strong></span> 
     </span>
    </p>
   </div>
   <div class='ocr_carea' id='block_1_44' title="bbox 180 4217 1759 4287">
    <p class='ocr_par' dir='ltr' id='par_1_44' title="bbox 180 4217 1759 4287">
     <span class='ocr_line' id='line_1_44' title="bbox 180 4217 1759 4287; baseline 0.003 -18"><span class='ocrx_word' id='word_1_334' title='bbox 180 4218 492 4284; x_wconf 82' lang='lat' dir='ltr'><strong>pendamus,</strong></span> <span class='ocrx_word' id='word_1_335' title='bbox 527 4219 863 4287; x_wconf 75' lang='lat' dir='ltr'><strong>exploratum</strong></span> <span class='ocrx_word' id='word_1_336' title='bbox 905 4217 1015 4283; x_wconf 86' lang='lat' dir='ltr'><strong>Iiet,</strong></span> <span class='ocrx_word' id='word_1_337' title='bbox 1066 4233 1187 4272; x_wconf 89' lang='lat' dir='ltr'><strong>eum</strong></span> <span class='ocrx_word' id='word_1_338' title='bbox 1213 4233 1354 4271; x_wconf 91' lang='lat' dir='ltr'><strong>anno</strong></span> <span class='ocrx_word' id='word_1_339' title='bbox 1393 4219 1606 4275; x_wconf 83' lang='lat' dir='ltr'><strong>circiter</strong></span> <span class='ocrx_word' id='word_1_340' title='bbox 1653 4218 1759 4274; x_wconf 65' lang='lat'><strong>356</strong></span> 
     </span>
    </p>
   </div>
   <div class='ocr_carea' id='block_1_45' title="bbox 182 4308 1760 4379">
    <p class='ocr_par' dir='ltr' id='par_1_45' title="bbox 182 4308 1760 4379">
     <span class='ocr_line' id='line_1_45' title="bbox 182 4308 1760 4379; baseline 0.005 -20"><span class='ocrx_word' id='word_1_341' title='bbox 182 4318 375 4374; x_wconf 88' lang='lat' dir='ltr'><strong>natum,</strong></span> <span class='ocrx_word' id='word_1_342' title='bbox 406 4308 586 4364; x_wconf 89' lang='lat' dir='ltr'><strong>serius</strong></span> <span class='ocrx_word' id='word_1_343' title='bbox 621 4324 779 4379; x_wconf 88' lang='lat' dir='ltr'><strong>quam</strong></span> <span class='ocrx_word' id='word_1_344' title='bbox 821 4308 1052 4378; x_wconf 86' lang='lat' dir='ltr'><strong>Prosper</strong></span> <span class='ocrx_word' id='word_1_345' title='bbox 1078 4308 1257 4376; x_wconf 84' lang='lat' dir='ltr'><strong>tradit,</strong></span> <span class='ocrx_word' id='word_1_346' title='bbox 1287 4309 1442 4364; x_wconf 90' lang='lat' dir='ltr'><strong>annis</strong></span> <span class='ocrx_word' id='word_1_347' title='bbox 1472 4310 1760 4367; x_wconf 86' lang='lat' dir='ltr'><strong>admodum</strong></span> 
     </span>
    </p>
   </div>
   <div class='ocr_carea' id='block_1_46' title="bbox 182 4398 1760 4470">
    <p class='ocr_par' dir='ltr' id='par_1_46' title="bbox 182 4398 1760 4470">
     <span class='ocr_line' id='line_1_46' title="bbox 182 4398 1760 4470; baseline 0.004 -21"><span class='ocrx_word' id='word_1_348' title='bbox 182 4398 503 4466; x_wconf 85' lang='lat' dir='ltr'><strong>quindecim.</strong></span> <span class='ocrx_word' id='word_1_349' title='bbox 532 4399 889 4469; x_wconf 77' lang='lat' dir='ltr'><strong>Experiamur</strong></span> <span class='ocrx_word' id='word_1_350' title='bbox 916 4402 1097 4470; x_wconf 88' lang='lat' dir='ltr'><strong>itaque</strong></span> <span class='ocrx_word' id='word_1_351' title='bbox 1128 4400 1419 4468; x_wconf 84' lang='lat' dir='ltr'><strong>insigniora</strong></span> <span class='ocrx_word' id='word_1_352' title='bbox 1446 4402 1637 4456; x_wconf 85' lang='lat' dir='ltr'><strong>saltem</strong></span> <span class='ocrx_word' id='word_1_353' title='bbox 1662 4403 1760 4457; x_wconf 82' lang='lat' dir='ltr'><strong>ali—</strong></span> 
     </span>
    </p>
   </div>
   <div class='ocr_carea' id='block_1_47' title="bbox 178 4490 1761 4561">
    <p class='ocr_par' dir='ltr' id='par_1_47' title="bbox 178 4490 1761 4561">
     <span class='ocr_line' id='line_1_47' title="bbox 178 4490 1761 4561; baseline 0.006 -25"><span class='ocrx_word' id='word_1_354' title='bbox 178 4498 300 4554; x_wconf 88' lang='lat' dir='ltr'><strong>quot</strong></span> <span class='ocrx_word' id='word_1_355' title='bbox 330 4506 425 4560; x_wconf 90' lang='lat' dir='ltr'><strong>per</strong></span> <span class='ocrx_word' id='word_1_356' title='bbox 442 4490 642 4561; x_wconf 78' lang='lat' dir='ltr'><strong>gradus</strong></span> <span class='ocrx_word' id='word_1_357' title='bbox 671 4501 887 4544; x_wconf 79' lang='lat' dir='ltr'><strong>:etatum</strong></span> <span class='ocrx_word' id='word_1_358' title='bbox 926 4491 1062 4545; x_wconf 84' lang='lat' dir='ltr'><strong>luea.</strong></span> <span class='ocrx_word' id='word_1_359' title='bbox 1089 4491 1144 4545; x_wconf 91' lang='lat' dir='ltr'><strong>In</strong></span> <span class='ocrx_word' id='word_1_360' title='bbox 1172 4490 1406 4560; x_wconf 85' lang='lat' dir='ltr'><strong>Epistola</strong></span> <span class='ocrx_word' id='word_1_361' title='bbox 1437 4491 1667 4546; x_wconf 79' lang='lat' dir='ltr'><strong>LXVIII.</strong></span> <span class='ocrx_word' id='word_1_362' title='bbox 1696 4493 1761 4547; x_wconf 86' lang='lat' dir='ltr'><strong>ad</strong></span> 
     </span>
    </p>
   </div>
   <div class='ocr_carea' id='block_1_48' title="bbox 177 4577 1765 4653">
    <p class='ocr_par' dir='ltr' id='par_1_48' title="bbox 177 4577 1765 4653">
     <span class='ocr_line' id='line_1_48' title="bbox 177 4577 1765 4653; baseline 0.004 -23"><span class='ocrx_word' id='word_1_363' title='bbox 177 4577 512 4635; x_wconf 83' lang='lat' dir='ltr'><strong>Castrueium</strong></span> <span class='ocrx_word' id='word_1_364' title='bbox 544 4596 692 4635; x_wconf 92' lang='lat' dir='ltr'><strong>num.</strong></span> <span class='ocrx_word' id='word_1_365' title='bbox 721 4580 775 4635; x_wconf 73' lang='grc'>9.</span> <span class='ocrx_word' id='word_1_366' title='bbox 818 4581 1027 4635; x_wconf 80' lang='lat' dir='ltr'><strong>Brevem</strong></span> <span class='ocrx_word' id='word_1_367' title='bbox 1072 4582 1261 4653; x_wconf 91' lang='lat' dir='ltr'><strong>inquit,</strong></span> <span class='ocrx_word' id='word_1_368' title='bbox 1292 4581 1380 4634; x_wconf 88' lang='lat' dir='ltr'><strong>tibi</strong></span> <span class='ocrx_word' id='word_1_369' title='bbox 1427 4582 1655 4652; x_wconf 79' lang='lat' dir='ltr'><strong>fabulam</strong></span> <span class='ocrx_word' id='word_1_370' title='bbox 1685 4599 1765 4636; x_wconf 82' lang='lat' dir='ltr'><strong>re-</strong></span> 
     </span>
    </p>
   </div>
   <div class='ocr_carea' id='block_1_49' title="bbox 180 4673 1763 4744">
    <p class='ocr_par' dir='ltr' id='par_1_49' title="bbox 180 4673 1763 4744">
     <span class='ocr_line' id='line_1_49' title="bbox 180 4673 1763 4744; baseline 0.004 -23"><span class='ocrx_word' id='word_1_371' title='bbox 180 4673 357 4738; x_wconf 81' lang='lat' dir='ltr'><strong>feram,</strong></span> <span class='ocrx_word' id='word_1_372' title='bbox 390 4688 507 4742; x_wconf 70' lang='lat' dir='ltr'><strong>quin</strong></span> <span class='ocrx_word' id='word_1_373' title='bbox 549 4673 781 4744; x_wconf 70' lang='lat' dir='ltr'><strong>infantia:</strong></span> <span class='ocrx_word' id='word_1_374' title='bbox 822 4688 945 4726; x_wconf 64' lang='lat' dir='ltr'><strong>metu</strong></span> <span class='ocrx_word' id='word_1_375' title='bbox 983 4674 1293 4740; x_wconf 72' lang='lat' dir='ltr'><strong>temporibus</strong></span> <span class='ocrx_word' id='word_1_376' title='bbox 1334 4674 1534 4727; x_wconf 85' lang='lat' dir='ltr'><strong>accidit.</strong></span> <span class='ocrx_word' id='word_1_377' title='bbox 1580 4673 1763 4728; x_wconf 84' lang='lat' dir='ltr'><strong>Beatus</strong></span> 
     </span>
    </p>
   </div>
   <div class='ocr_carea' id='block_1_50' title="bbox 178 4762 1762 4837">
    <p class='ocr_par' dir='ltr' id='par_1_50' title="bbox 178 4762 1762 4837">
     <span class='ocr_line' id='line_1_50' title="bbox 178 4762 1762 4837; baseline 0.004 -23"><span class='ocrx_word' id='word_1_378' title='bbox 178 4762 426 4818; x_wconf 78' lang='lat' dir='ltr'><strong>Antonius</strong></span> <span class='ocrx_word' id='word_1_379' title='bbox 470 4780 586 4817; x_wconf 81' lang='lat' dir='ltr'><strong>cum</strong></span> <span class='ocrx_word' id='word_1_380' title='bbox 629 4780 660 4816; x_wconf 89' lang='lat' dir='ltr'><strong>a</strong></span> <span class='ocrx_word' id='word_1_381' title='bbox 694 4763 756 4818; x_wconf 91' lang='lat' dir='ltr'><strong>S.</strong></span> <span class='ocrx_word' id='word_1_382' title='bbox 813 4766 1090 4820; x_wconf 74' lang='lat' dir='ltr'><strong>Athanasio</strong></span> <span class='ocrx_word' id='word_1_383' title='bbox 1132 4766 1461 4821; x_wconf 69' lang='lat' dir='ltr'><strong>Alexandria!</strong></span> <span class='ocrx_word' id='word_1_384' title='bbox 1507 4766 1762 4837; x_wconf 77' lang='lat' dir='ltr'><strong>Episcopo</strong></span> 
     </span>
    </p>
   </div>
   <div class='ocr_carea' id='block_1_51' title="bbox 177 4855 1756 4925">
    <p class='ocr_par' dir='ltr' id='par_1_51' title="bbox 177 4855 1756 4925">
     <span class='ocr_line' id='line_1_51' title="bbox 177 4855 1756 4925; baseline 0.004 -21"><span class='ocrx_word' id='word_1_385' title='bbox 177 4863 384 4921; x_wconf 77' lang='lat' dir='ltr'><strong>propter</strong></span> <span class='ocrx_word' id='word_1_386' title='bbox 416 4855 813 4925; x_wconf 75' lang='lat' dir='ltr'><strong>confutationem</strong></span> <span class='ocrx_word' id='word_1_387' title='bbox 852 4856 1204 4909; x_wconf 80' lang='lat' dir='ltr'><strong>Ittcreticorum</strong></span> <span class='ocrx_word' id='word_1_388' title='bbox 1243 4858 1293 4909; x_wconf 89' lang='lat' dir='ltr'><strong>in</strong></span> <span class='ocrx_word' id='word_1_389' title='bbox 1322 4856 1495 4910; x_wconf 89' lang='lat' dir='ltr'><strong>urbem</strong></span> <span class='ocrx_word' id='word_1_390' title='bbox 1536 4858 1756 4911; x_wconf 74' lang='lat' dir='ltr'><strong>Alexan-</strong></span> 
     </span>
    </p>
   </div>
   <div class='ocr_carea' id='block_1_52' title="bbox 175 4944 1763 5019">
    <p class='ocr_par' dir='ltr' id='par_1_52' title="bbox 175 4944 1763 5019">
     <span class='ocr_line' id='line_1_52' title="bbox 175 4944 1763 5019; baseline 0.005 -24"><span class='ocrx_word' id='word_1_391' title='bbox 175 4944 354 4999; x_wconf 73' lang='lat' dir='ltr'><strong>driam</strong></span> <span class='ocrx_word' id='word_1_392' title='bbox 379 4953 506 4999; x_wconf 77' lang='lat' dir='ltr'><strong>esset</strong></span> <span class='ocrx_word' id='word_1_393' title='bbox 547 4946 757 5007; x_wconf 79' lang='lat' dir='ltr'><strong>accitus,</strong></span> <span class='ocrx_word' id='word_1_394' title='bbox 796 4947 911 5001; x_wconf 84' lang='lat' dir='ltr'><strong>isset</strong></span> <span class='ocrx_word' id='word_1_395' title='bbox 938 4948 1007 5000; x_wconf 88' lang='lat' dir='ltr'><strong>ad</strong></span> <span class='ocrx_word' id='word_1_396' title='bbox 1037 4964 1155 5001; x_wconf 84' lang='lat' dir='ltr'><strong>eam</strong></span> <span class='ocrx_word' id='word_1_397' title='bbox 1199 4947 1473 5019; x_wconf 80' lang='lat' dir='ltr'><strong>Didymus,</strong></span> <span class='ocrx_word' id='word_1_398' title='bbox 1514 4958 1617 5003; x_wconf 90' lang='lat' dir='ltr'><strong>etc.</strong></span> <span class='ocrx_word' id='word_1_399' title='bbox 1663 4948 1763 5003; x_wconf 85' lang='lat' dir='ltr'><strong>Fa-</strong></span> 
     </span>
    </p>
   </div>
   <div class='ocr_carea' id='block_1_53' title="bbox 176 5033 1761 5108">
    <p class='ocr_par' dir='ltr' id='par_1_53' title="bbox 176 5033 1761 5108">
     <span class='ocr_line' id='line_1_53' title="bbox 176 5033 1761 5108; baseline 0.004 -20"><span class='ocrx_word' id='word_1_400' title='bbox 176 5043 320 5088; x_wconf 88' lang='lat' dir='ltr'><strong>ctum</strong></span> <span class='ocrx_word' id='word_1_401' title='bbox 358 5033 469 5086; x_wconf 85' lang='lat' dir='ltr'><strong>hoc</strong></span> <span class='ocrx_word' id='word_1_402' title='bbox 497 5044 710 5088; x_wconf 83' lang='lat' dir='ltr'><strong>narrant</strong></span> <span class='ocrx_word' id='word_1_403' title='bbox 736 5036 1051 5107; x_wconf 84' lang='lat' dir='ltr'><strong>Chronologi</strong></span> <span class='ocrx_word' id='word_1_404' title='bbox 1084 5041 1445 5095; x_wconf 88' lang='lat' dir='ltr'><strong>accuratiores</strong></span> <span class='ocrx_word' id='word_1_405' title='bbox 1471 5054 1611 5094; x_wconf 85' lang='lat' dir='ltr'><strong>anno</strong></span> <span class='ocrx_word' id='word_1_406' title='bbox 1636 5040 1761 5108; x_wconf 75' lang='lat'><strong>355,</strong></span> 
     </span>
    </p>
   </div>
   <div class='ocr_carea' id='block_1_54' title="bbox 178 5130 1739 5201">
    <p class='ocr_par' dir='ltr' id='par_1_54' title="bbox 178 5130 1739 5201">
     <span class='ocr_line' id='line_1_54' title="bbox 178 5130 1739 5201; baseline 0.006 -26"><span class='ocrx_word' id='word_1_407' title='bbox 178 5140 280 5192; x_wconf 88' lang='lat' dir='ltr'><strong>quo</strong></span> <span class='ocrx_word' id='word_1_408' title='bbox 311 5135 567 5192; x_wconf 78' lang='lat' dir='ltr'><strong>tempere</strong></span> <span class='ocrx_word' id='word_1_409' title='bbox 590 5139 760 5178; x_wconf 87' lang='lat' dir='ltr'><strong>annos</strong></span> <span class='ocrx_word' id='word_1_410' title='bbox 788 5138 936 5180; x_wconf 85' lang='lat' dir='ltr'><strong>natus</strong></span> <span class='ocrx_word' id='word_1_411' title='bbox 963 5138 1078 5183; x_wconf 90' lang='lat' dir='ltr'><strong>erat</strong></span> <span class='ocrx_word' id='word_1_412' title='bbox 1107 5130 1461 5201; x_wconf 85' lang='lat' dir='ltr'><strong>Hieronymus</strong></span> <span class='ocrx_word' id='word_1_413' title='bbox 1485 5131 1632 5199; x_wconf 84' lang='lat' dir='ltr'><strong>juxta</strong></span> <span class='ocrx_word' id='word_1_414' title='bbox 1669 5146 1739 5185; x_wconf 90' lang='lat' dir='ltr'><strong>no</strong></span> 
     </span>
    </p>
   </div>
   <div class='ocr_carea' id='block_1_55' title="bbox 181 5214 1761 5291">
    <p class='ocr_par' dir='ltr' id='par_1_55' title="bbox 181 5214 1761 5291">
     <span class='ocr_line' id='line_1_55' title="bbox 181 5214 1761 5291; baseline 0.006 -26"><span class='ocrx_word' id='word_1_415' title='bbox 181 5224 340 5267; x_wconf 87' lang='lat' dir='ltr'><strong>stram</strong></span> <span class='ocrx_word' id='word_1_416' title='bbox 374 5214 720 5286; x_wconf 83' lang='lat' dir='ltr'><strong>hypOthesim</strong></span> <span class='ocrx_word' id='word_1_417' title='bbox 754 5216 865 5271; x_wconf 86' lang='lat' dir='ltr'><strong>fere</strong></span> <span class='ocrx_word' id='word_1_418' title='bbox 894 5220 1077 5274; x_wconf 89' lang='lat' dir='ltr'><strong>dccctn</strong></span> <span class='ocrx_word' id='word_1_419' title='bbox 1114 5235 1128 5274; x_wconf 91' lang='lat'>:</span> <span class='ocrx_word' id='word_1_420' title='bbox 1158 5221 1305 5289; x_wconf 79' lang='lat' dir='ltr'><strong>juxta</strong></span> <span class='ocrx_word' id='word_1_421' title='bbox 1332 5235 1424 5275; x_wconf 86' lang='lat' dir='ltr'><strong>ens</strong></span> <span class='ocrx_word' id='word_1_422' title='bbox 1450 5233 1649 5285; x_wconf 87' lang='lat' dir='ltr'><strong>autem,</strong></span> <span class='ocrx_word' id='word_1_423' title='bbox 1674 5222 1761 5291; x_wconf 90' lang='lat' dir='ltr'><strong>qui</strong></span> 
     </span>
    </p>
   </div>
   <div class='ocr_carea' id='block_1_56' title="bbox 182 5302 1762 5382">
    <p class='ocr_par' dir='ltr' id='par_1_56' title="bbox 182 5302 1762 5382">
     <span class='ocr_line' id='line_1_56' title="bbox 182 5302 1762 5382; baseline 0.006 -27"><span class='ocrx_word' id='word_1_424' title='bbox 182 5302 427 5376; x_wconf 75' lang='lat' dir='ltr'><strong>Prospcri</strong></span> <span class='ocrx_word' id='word_1_425' title='bbox 457 5307 693 5361; x_wconf 83' lang='lat' dir='ltr'><strong>calculos</strong></span> <span class='ocrx_word' id='word_1_426' title='bbox 736 5324 948 5378; x_wconf 89' lang='lat' dir='ltr'><strong>quoquo</strong></span> <span class='ocrx_word' id='word_1_427' title='bbox 996 5313 1207 5365; x_wconf 88' lang='lat' dir='ltr'><strong>tandem</strong></span> <span class='ocrx_word' id='word_1_428' title='bbox 1254 5312 1413 5365; x_wconf 85' lang='lat' dir='ltr'><strong>modo</strong></span> <span class='ocrx_word' id='word_1_429' title='bbox 1448 5322 1762 5382; x_wconf 89' lang='lat' dir='ltr'><strong>sequuntur,</strong></span> 
     </span>
    </p>
   </div>
   <div class='ocr_carea' id='block_1_57' title="bbox 183 5396 1766 5469">
    <p class='ocr_par' dir='ltr' id='par_1_57' title="bbox 183 5396 1766 5469">
     <span class='ocr_line' id='line_1_57' title="bbox 183 5396 1766 5469; baseline 0.008 -21"><span class='ocrx_word' id='word_1_430' title='bbox 183 5396 494 5467; x_wconf 70' lang='lat' dir='ltr'><strong>vigesimum</strong></span> <span class='ocrx_word' id='word_1_431' title='bbox 541 5411 789 5469; x_wconf 89' lang='lat' dir='ltr'><strong>quartum</strong></span> <span class='ocrx_word' id='word_1_432' title='bbox 834 5416 1157 5469; x_wconf 82' lang='lat' dir='ltr'><strong>excesserat,</strong></span> <span class='ocrx_word' id='word_1_433' title='bbox 1202 5412 1254 5457; x_wconf 89' lang='lat' dir='ltr'><strong>et</strong></span> <span class='ocrx_word' id='word_1_434' title='bbox 1299 5419 1403 5457; x_wconf 84' lang='lat' dir='ltr'><strong>non</strong></span> <span class='ocrx_word' id='word_1_435' title='bbox 1450 5405 1609 5458; x_wconf 88' lang='lat' dir='ltr'><strong>modo</strong></span> <span class='ocrx_word' id='word_1_436' title='bbox 1662 5421 1766 5460; x_wconf 86' lang='lat' dir='ltr'><strong>non</strong></span> 
     </span>
    </p>
   </div>
   <div class='ocr_carea' id='block_1_58' title="bbox 182 5486 1769 5565">
    <p class='ocr_par' dir='ltr' id='par_1_58' title="bbox 182 5486 1769 5565">
     <span class='ocr_line' id='line_1_58' title="bbox 182 5486 1769 5565; baseline 0.006 -24"><span class='ocrx_word' id='word_1_437' title='bbox 182 5486 352 5543; x_wconf 88' lang='lat' dir='ltr'><strong>infans</strong></span> <span class='ocrx_word' id='word_1_438' title='bbox 381 5489 562 5545; x_wconf 86' lang='lat' dir='ltr'><strong>adhuc</strong></span> <span class='ocrx_word' id='word_1_439' title='bbox 603 5500 741 5555; x_wconf 90' lang='lat' dir='ltr'><strong>erat,</strong></span> <span class='ocrx_word' id='word_1_440' title='bbox 786 5503 878 5547; x_wconf 89' lang='lat' dir='ltr'><strong>aut</strong></span> <span class='ocrx_word' id='word_1_441' title='bbox 917 5510 1063 5561; x_wconf 86' lang='lat' dir='ltr'><strong>puer,</strong></span> <span class='ocrx_word' id='word_1_442' title='bbox 1095 5495 1187 5551; x_wconf 85' lang='lat' dir='ltr'><strong>sed</strong></span> <span class='ocrx_word' id='word_1_443' title='bbox 1210 5496 1319 5565; x_wconf 89' lang='lat' dir='ltr'><strong>jam</strong></span> <span class='ocrx_word' id='word_1_444' title='bbox 1349 5488 1769 5550; x_wconf 87' lang='lat' dir='ltr'><strong>adolescentiam</strong></span> 
     </span>
    </p>
   </div>
   <div class='ocr_carea' id='block_1_59' title="bbox 185 5570 1765 5656">
    <p class='ocr_par' dir='ltr' id='par_1_59' title="bbox 185 5570 1765 5656">
     <span class='ocr_line' id='line_1_59' title="bbox 185 5570 1765 5656; baseline 0.004 -21"><span class='ocrx_word' id='word_1_445' title='bbox 185 5581 471 5653; x_wconf 76' lang='lat' dir='ltr'><strong>ingressus.</strong></span> <span class='ocrx_word' id='word_1_446' title='bbox 504 5582 744 5639; x_wconf 80' lang='lat' dir='ltr'><strong>Ulterius</strong></span> <span class='ocrx_word' id='word_1_447' title='bbox 774 5585 989 5655; x_wconf 86' lang='lat' dir='ltr'><strong>quidem</strong></span> <span class='ocrx_word' id='word_1_448' title='bbox 1022 5592 1072 5641; x_wconf 93' lang='lat' dir='ltr'><strong>in</strong></span> <span class='ocrx_word' id='word_1_449' title='bbox 1100 5588 1288 5642; x_wconf 74' lang='lat' dir='ltr'><strong>Isaiam</strong></span> <span class='ocrx_word' id='word_1_450' title='bbox 1321 5588 1413 5641; x_wconf 87' lang='lat' dir='ltr'><strong>lib.</strong></span> <span class='ocrx_word' id='word_1_451' title='bbox 1439 5570 1503 5641; x_wconf 66' lang='grc' dir='ltr'>ν.</span> <span class='ocrx_word' id='word_1_452' title='bbox 1527 5602 1647 5656; x_wconf 90' lang='lat' dir='ltr'><strong>cap.</strong></span> <span class='ocrx_word' id='word_1_453' title='bbox 1683 5588 1765 5642; x_wconf 79' lang='grc'>15.</span> 
     </span>
    </p>
   </div>
   <div class='ocr_carea' id='block_1_60' title="bbox 186 5674 1768 5748">
    <p class='ocr_par' dir='ltr' id='par_1_60' title="bbox 186 5674 1768 5748">
     <span class='ocr_line' id='line_1_60' title="bbox 186 5674 1768 5748; baseline 0.007 -26"><span class='ocrx_word' id='word_1_454' title='bbox 186 5674 341 5740; x_wconf 82' lang='lat' dir='ltr'><strong>spatia</strong></span> <span class='ocrx_word' id='word_1_455' title='bbox 367 5674 531 5744; x_wconf 83' lang='lat' dir='ltr'><strong>hujus</strong></span> <span class='ocrx_word' id='word_1_456' title='bbox 564 5674 739 5729; x_wconf 68' lang='lat' dir='ltr'><strong>tutetis</strong></span> <span class='ocrx_word' id='word_1_457' title='bbox 771 5676 1034 5747; x_wconf 81' lang='lat' dir='ltr'><strong>producit,</strong></span> <span class='ocrx_word' id='word_1_458' title='bbox 1059 5678 1145 5733; x_wconf 89' lang='lat' dir='ltr'><strong>ubi</strong></span> <span class='ocrx_word' id='word_1_459' title='bbox 1170 5679 1234 5733; x_wconf 87' lang='lat' dir='ltr'><strong>ad</strong></span> <span class='ocrx_word' id='word_1_460' title='bbox 1265 5688 1503 5748; x_wconf 83' lang='lat' dir='ltr'><strong>tempora</strong></span> <span class='ocrx_word' id='word_1_461' title='bbox 1534 5677 1768 5733; x_wconf 66' lang='lat' dir='ltr'><strong>infantiae</strong></span> 
     </span>
    </p>
   </div>
   <div class='ocr_carea' id='block_1_61' title="bbox 1904 358 3481 437">
    <p class='ocr_par' dir='ltr' id='par_1_61' title="bbox 1904 358 3481 437">
     <span class='ocr_line' id='line_1_61' title="bbox 1904 358 3481 437; baseline 0.01 -24"><span class='ocrx_word' id='word_1_462' title='bbox 1904 374 2015 414; x_wconf 55' lang='lat' dir='ltr'><strong>suae</strong></span> <span class='ocrx_word' id='word_1_463' title='bbox 2045 360 2210 415; x_wconf 85' lang='lat' dir='ltr'><strong>refert</strong></span> <span class='ocrx_word' id='word_1_464' title='bbox 2240 358 2368 415; x_wconf 58' lang='lat' dir='ltr'><strong>Hal:</strong></span> <span class='ocrx_word' id='word_1_465' title='bbox 2393 378 2441 414; x_wconf 86' lang='lat' dir='ltr'><strong>ut</strong></span> <span class='ocrx_word' id='word_1_466' title='bbox 2470 368 2613 416; x_wconf 70' lang='lat' dir='ltr'><strong>terrm</strong></span> <span class='ocrx_word' id='word_1_467' title='bbox 2640 366 2899 435; x_wconf 79' lang='lat' dir='ltr'><strong>magnum,</strong></span> <span class='ocrx_word' id='word_1_468' title='bbox 2933 366 3132 437; x_wconf 73' lang='lat' dir='ltr'><strong>quando</strong></span> <span class='ocrx_word' id='word_1_469' title='bbox 3166 370 3321 425; x_wconf 84' lang='lat' dir='ltr'><strong>totius</strong></span> <span class='ocrx_word' id='word_1_470' title='bbox 3347 374 3481 428; x_wconf 79' lang='lat' dir='ltr'><strong>Orbis</strong></span> 
     </span>
    </p>
   </div>
   <div class='ocr_carea' id='block_1_62' title="bbox 1897 450 3474 535">
    <p class='ocr_par' dir='ltr' id='par_1_62' title="bbox 1897 450 3474 535">
     <span class='ocr_line' id='line_1_62' title="bbox 1897 450 3474 535; baseline 0.008 -30"><span class='ocrx_word' id='word_1_471' title='bbox 1897 450 2039 507; x_wconf 84' lang='lat' dir='ltr'><strong>littus</strong></span> <span class='ocrx_word' id='word_1_472' title='bbox 2066 462 2382 524; x_wconf 77' lang='lat' dir='ltr'><strong>transgressa</strong></span> <span class='ocrx_word' id='word_1_473' title='bbox 2409 464 2526 509; x_wconf 86' lang='lat' dir='ltr'><strong>sunt</strong></span> <span class='ocrx_word' id='word_1_474' title='bbox 2566 457 2747 522; x_wconf 87' lang='lat' dir='ltr'><strong>utaria,</strong></span> <span class='ocrx_word' id='word_1_475' title='bbox 2781 459 3051 527; x_wconf 84' lang='lat' dir='ltr'><strong>eademque</strong></span> <span class='ocrx_word' id='word_1_476' title='bbox 3073 471 3216 516; x_wconf 85' lang='lat' dir='ltr'><strong>nocte</strong></span> <span class='ocrx_word' id='word_1_477' title='bbox 3243 463 3443 535; x_wconf 79' lang='lat' dir='ltr'><strong>AreOpo</strong></span> <span class='ocrx_word' id='word_1_478' title='bbox 3461 496 3474 507; x_wconf 87' lang='lat'><em>-</em></span> 
     </span>
    </p>
   </div>
   <div class='ocr_carea' id='block_1_63' title="bbox 1896 543 3474 623">
    <p class='ocr_par' dir='ltr' id='par_1_63' title="bbox 1896 543 3474 623">
     <span class='ocr_line' id='line_1_63' title="bbox 1896 543 3474 623; baseline 0.008 -26"><span class='ocrx_word' id='word_1_479' title='bbox 1896 543 2001 599; x_wconf 84' lang='lat' dir='ltr'><strong>leas</strong></span> <span class='ocrx_word' id='word_1_480' title='bbox 2026 546 2158 598; x_wconf 77' lang='lat' dir='ltr'><strong>muri</strong></span> <span class='ocrx_word' id='word_1_481' title='bbox 2174 546 2518 602; x_wconf 78' lang='lat' dir='ltr'><strong>conciderunt.</strong></span> <span class='ocrx_word' id='word_1_482' title='bbox 2542 546 2598 603; x_wconf 88' lang='lat' dir='ltr'><strong>Si</strong></span> <span class='ocrx_word' id='word_1_483' title='bbox 2624 548 2766 605; x_wconf 87' lang='lat' dir='ltr'><strong>enim</strong></span> <span class='ocrx_word' id='word_1_484' title='bbox 2789 565 2911 603; x_wconf 89' lang='lat' dir='ltr'><strong>eum</strong></span> <span class='ocrx_word' id='word_1_485' title='bbox 2935 551 3056 606; x_wconf 89' lang='lat' dir='ltr'><strong>dicit</strong></span> <span class='ocrx_word' id='word_1_486' title='bbox 3088 562 3474 623; x_wconf 71' lang='lat' dir='ltr'><strong>terrarmotum,</strong></span> 
     </span>
    </p>
   </div>
   <div class='ocr_carea' id='block_1_64' title="bbox 1892 635 3476 713">
    <p class='ocr_par' dir='ltr' id='par_1_64' title="bbox 1892 635 3476 713">
     <span class='ocr_line' id='line_1_64' title="bbox 1892 635 3476 713; baseline 0.011 -24"><span class='ocrx_word' id='word_1_487' title='bbox 1892 635 1963 689; x_wconf 91' lang='lat' dir='ltr'><strong>ob</strong></span> <span class='ocrx_word' id='word_1_488' title='bbox 1991 652 2151 706; x_wconf 88' lang='lat' dir='ltr'><strong>quem</strong></span> <span class='ocrx_word' id='word_1_489' title='bbox 2176 639 2339 692; x_wconf 84' lang='lat' dir='ltr'><strong>refert</strong></span> <span class='ocrx_word' id='word_1_490' title='bbox 2368 639 2683 697; x_wconf 81' lang='lat' dir='ltr'><strong>Ammianus</strong></span> <span class='ocrx_word' id='word_1_491' title='bbox 2714 652 2930 713; x_wconf 76' lang='lat' dir='ltr'><strong>quoque</strong></span> <span class='ocrx_word' id='word_1_492' title='bbox 2956 644 3306 713; x_wconf 80' lang='lat' dir='ltr'><strong>Marcellinus,</strong></span> <span class='ocrx_word' id='word_1_493' title='bbox 3336 667 3476 707; x_wconf 77' lang='lat' dir='ltr'><strong>mare</strong></span> 
     </span>
    </p>
   </div>
   <div class='ocr_carea' id='block_1_65' title="bbox 1891 728 3473 811">
    <p class='ocr_par' dir='ltr' id='par_1_65' title="bbox 1891 728 3473 811">
     <span class='ocr_line' id='line_1_65' title="bbox 1891 728 3473 811; baseline 0.01 -33"><span class='ocrx_word' id='word_1_494' title='bbox 1891 741 2009 779; x_wconf 80' lang='lat' dir='ltr'><strong>suos</strong></span> <span class='ocrx_word' id='word_1_495' title='bbox 2053 728 2293 783; x_wconf 70' lang='lat' dir='ltr'><strong>terminos</strong></span> <span class='ocrx_word' id='word_1_496' title='bbox 2334 732 2617 785; x_wconf 71' lang='lat' dir='ltr'><strong>excurrisse</strong></span> <span class='ocrx_word' id='word_1_497' title='bbox 2665 734 2775 804; x_wconf 90' lang='lat' dir='ltr'><strong>(lib.</strong></span> <span class='ocrx_word' id='word_1_498' title='bbox 2826 733 2935 789; x_wconf 76' lang='lat' dir='ltr'><strong><em>XX</em></strong></span> <span class='ocrx_word' id='word_1_499' title='bbox 2951 734 3043 791; x_wconf 85' lang='grc' dir='ltr'><strong>γι.</strong></span> <span class='ocrx_word' id='word_1_500' title='bbox 3087 737 3211 808; x_wconf 88' lang='lat' dir='ltr'><strong>Cap.</strong></span> <span class='ocrx_word' id='word_1_501' title='bbox 3258 741 3371 811; x_wconf 76' lang='grc'><strong>10),</strong></span> <span class='ocrx_word' id='word_1_502' title='bbox 3417 752 3473 797; x_wconf 81' lang='lat' dir='ltr'><strong>ct</strong></span> 
     </span>
    </p>
   </div>
   <div class='ocr_carea' id='block_1_66' title="bbox 1890 814 3475 904">
    <p class='ocr_par' dir='ltr' id='par_1_66' title="bbox 1890 814 3475 904">
     <span class='ocr_line' id='line_1_66' title="bbox 1890 814 3475 904; baseline 0.013 -34"><span class='ocrx_word' id='word_1_503' title='bbox 1890 814 2088 871; x_wconf 75' lang='lat' dir='ltr'><strong>Idalias</strong></span> <span class='ocrx_word' id='word_1_504' title='bbox 2148 820 2319 874; x_wconf 87' lang='lat' dir='ltr'><strong>mensi</strong></span> <span class='ocrx_word' id='word_1_505' title='bbox 2370 822 2609 892; x_wconf 71' lang='lat' dir='ltr'><strong>Angusto</strong></span> <span class='ocrx_word' id='word_1_506' title='bbox 2649 825 2775 880; x_wconf 90' lang='lat' dir='ltr'><strong>anni</strong></span> <span class='ocrx_word' id='word_1_507' title='bbox 2828 827 2935 882; x_wconf 72' lang='lat'><strong>365</strong></span> <span class='ocrx_word' id='word_1_508' title='bbox 2978 828 3258 900; x_wconf 76' lang='lat' dir='ltr'><strong>intelligat,</strong></span> <span class='ocrx_word' id='word_1_509' title='bbox 3317 843 3475 904; x_wconf 85' lang='lat' dir='ltr'><strong>atque</strong></span> 
     </span>
    </p>
   </div>
   <div class='ocr_carea' id='block_1_67' title="bbox 1893 905 3475 986">
    <p class='ocr_par' dir='ltr' id='par_1_67' title="bbox 1893 905 3475 986">
     <span class='ocr_line' id='line_1_67' title="bbox 1893 905 3475 986; baseline 0.013 -28"><span class='ocrx_word' id='word_1_510' title='bbox 1893 905 2006 974; x_wconf 87' lang='lat' dir='ltr'><strong>ipse</strong></span> <span class='ocrx_word' id='word_1_511' title='bbox 2043 907 2257 964; x_wconf 89' lang='lat' dir='ltr'><strong>demum</strong></span> <span class='ocrx_word' id='word_1_512' title='bbox 2309 912 2667 986; x_wconf 83' lang='lat' dir='ltr'><strong>Hieronymus</strong></span> <span class='ocrx_word' id='word_1_513' title='bbox 2713 919 2764 971; x_wconf 89' lang='lat' dir='ltr'><strong>in</strong></span> <span class='ocrx_word' id='word_1_514' title='bbox 2816 918 3104 985; x_wconf 86' lang='lat' dir='ltr'><strong>Chronico,</strong></span> <span class='ocrx_word' id='word_1_515' title='bbox 3157 938 3297 976; x_wconf 77' lang='lat' dir='ltr'><strong>utare</strong></span> <span class='ocrx_word' id='word_1_516' title='bbox 3336 926 3475 979; x_wconf 88' lang='lat' dir='ltr'><strong>littus</strong></span> 
     </span>
    </p>
   </div>
   <div class='ocr_carea' id='block_1_68' title="bbox 1891 1005 3473 1080">
    <p class='ocr_par' dir='ltr' id='par_1_68' title="bbox 1891 1005 3473 1080">
     <span class='ocr_line' id='line_1_68' title="bbox 1891 1005 3473 1080; baseline 0.013 -30"><span class='ocrx_word' id='word_1_517' title='bbox 1891 1012 2144 1066; x_wconf 76' lang='lat' dir='ltr'><strong>egressum</strong></span> <span class='ocrx_word' id='word_1_518' title='bbox 2193 1012 2376 1057; x_wconf 85' lang='lat' dir='ltr'><strong>narrat</strong></span> <span class='ocrx_word' id='word_1_519' title='bbox 2417 1021 2432 1060; x_wconf 91' lang='lat'><strong>:</strong></span> <span class='ocrx_word' id='word_1_520' title='bbox 2462 1005 2570 1073; x_wconf 81' lang='lat' dir='ltr'><strong>jam</strong></span> <span class='ocrx_word' id='word_1_521' title='bbox 2609 1020 2809 1062; x_wconf 87' lang='lat' dir='ltr'><strong>annum</strong></span> <span class='ocrx_word' id='word_1_522' title='bbox 2854 1011 3165 1080; x_wconf 74' lang='lat' dir='ltr'><strong>expleverat</strong></span> <span class='ocrx_word' id='word_1_523' title='bbox 3206 1014 3473 1071; x_wconf 86' lang='lat' dir='ltr'><strong>decimum</strong></span> 
     </span>
    </p>
   </div>
   <div class='ocr_carea' id='block_1_69' title="bbox 1890 1092 3477 1172">
    <p class='ocr_par' dir='ltr' id='par_1_69' title="bbox 1890 1092 3477 1172">
     <span class='ocr_line' id='line_1_69' title="bbox 1890 1092 3477 1172; baseline 0.012 -30"><span class='ocrx_word' id='word_1_524' title='bbox 1890 1104 2109 1156; x_wconf 74' lang='lat' dir='ltr'><strong>nimum,</strong></span> <span class='ocrx_word' id='word_1_525' title='bbox 2150 1092 2215 1147; x_wconf 84' lang='lat' dir='ltr'><strong>ad</strong></span> <span class='ocrx_word' id='word_1_526' title='bbox 2244 1110 2401 1164; x_wconf 87' lang='lat' dir='ltr'><strong>quem</strong></span> <span class='ocrx_word' id='word_1_527' title='bbox 2446 1111 2612 1167; x_wconf 90' lang='lat' dir='ltr'><strong>usque</strong></span> <span class='ocrx_word' id='word_1_528' title='bbox 2657 1098 2931 1156; x_wconf 80' lang='lat' dir='ltr'><strong>infantiam</strong></span> <span class='ocrx_word' id='word_1_529' title='bbox 2964 1104 3303 1172; x_wconf 80' lang='lat' dir='ltr'><strong>protrahere,</strong></span> <span class='ocrx_word' id='word_1_530' title='bbox 3347 1108 3477 1162; x_wconf 88' lang='lat' dir='ltr'><strong>nihil</strong></span> 
     </span>
    </p>
   </div>
   <div class='ocr_carea' id='block_1_70' title="bbox 1890 1183 3473 1270">
    <p class='ocr_par' dir='ltr' id='par_1_70' title="bbox 1890 1183 3473 1270">
     <span class='ocr_line' id='line_1_70' title="bbox 1890 1183 3473 1270; baseline 0.015 -37"><span class='ocrx_word' id='word_1_531' title='bbox 1890 1183 2104 1251; x_wconf 87' lang='lat' dir='ltr'><strong>quidem</strong></span> <span class='ocrx_word' id='word_1_532' title='bbox 2138 1198 2296 1254; x_wconf 86' lang='lat' dir='ltr'><strong>retat,</strong></span> <span class='ocrx_word' id='word_1_533' title='bbox 2328 1191 2395 1255; x_wconf 87' lang='lat' dir='ltr'><strong>si,</strong></span> <span class='ocrx_word' id='word_1_534' title='bbox 2426 1200 2487 1245; x_wconf 89' lang='lat' dir='ltr'><strong>ut</strong></span> <span class='ocrx_word' id='word_1_535' title='bbox 2517 1206 2675 1262; x_wconf 89' lang='lat' dir='ltr'><strong>supra</strong></span> <span class='ocrx_word' id='word_1_536' title='bbox 2710 1205 2945 1251; x_wconf 87' lang='lat' dir='ltr'><strong>notatum</strong></span> <span class='ocrx_word' id='word_1_537' title='bbox 2969 1208 3072 1265; x_wconf 89' lang='lat' dir='ltr'><strong>est,</strong></span> <span class='ocrx_word' id='word_1_538' title='bbox 3107 1215 3205 1270; x_wconf 85' lang='lat' dir='ltr'><strong>pro</strong></span> <span class='ocrx_word' id='word_1_539' title='bbox 3244 1202 3473 1270; x_wconf 84' lang='lat' dir='ltr'><strong>pueritia</strong></span> 
     </span>
    </p>
   </div>
   <div class='ocr_carea' id='block_1_71' title="bbox 1892 1277 3473 1359">
    <p class='ocr_par' dir='ltr' id='par_1_71' title="bbox 1892 1277 3473 1359">
     <span class='ocr_line' id='line_1_71' title="bbox 1892 1277 3473 1359; baseline 0.015 -33"><span class='ocrx_word' id='word_1_540' title='bbox 1892 1277 2115 1329; x_wconf 89' lang='lat' dir='ltr'><strong>sumitur</strong></span> <span class='ocrx_word' id='word_1_541' title='bbox 2147 1296 2160 1331; x_wconf 92' lang='lat'><strong>:</strong></span> <span class='ocrx_word' id='word_1_542' title='bbox 2194 1281 2405 1349; x_wconf 84' lang='lat' dir='ltr'><strong>proprie</strong></span> <span class='ocrx_word' id='word_1_543' title='bbox 2445 1292 2622 1337; x_wconf 89' lang='lat' dir='ltr'><strong>autem</strong></span> <span class='ocrx_word' id='word_1_544' title='bbox 2653 1284 2919 1342; x_wconf 86' lang='lat' dir='ltr'><strong>decimum</strong></span> <span class='ocrx_word' id='word_1_545' title='bbox 2961 1292 3199 1359; x_wconf 88' lang='lat' dir='ltr'><strong>quintum</strong></span> <span class='ocrx_word' id='word_1_546' title='bbox 3240 1310 3302 1347; x_wconf 84' lang='lat' dir='ltr'><strong>ea</strong></span> <span class='ocrx_word' id='word_1_547' title='bbox 3339 1304 3473 1350; x_wconf 72' lang='lat' dir='ltr'><strong>mtas</strong></span> 
     </span>
    </p>
   </div>
   <div class='ocr_carea' id='block_1_72' title="bbox 1893 1368 3473 1457">
    <p class='ocr_par' dir='ltr' id='par_1_72' title="bbox 1893 1368 3473 1457">
     <span class='ocr_line' id='line_1_72' title="bbox 1893 1368 3473 1457; baseline 0.015 -39"><span class='ocrx_word' id='word_1_548' title='bbox 1893 1380 1998 1420; x_wconf 89' lang='lat' dir='ltr'><strong>non</strong></span> <span class='ocrx_word' id='word_1_549' title='bbox 2026 1368 2233 1424; x_wconf 88' lang='lat' dir='ltr'><strong>videtur</strong></span> <span class='ocrx_word' id='word_1_550' title='bbox 2263 1375 2578 1431; x_wconf 71' lang='lat' dir='ltr'><strong>excessisse.</strong></span> <span class='ocrx_word' id='word_1_551' title='bbox 2622 1377 2724 1433; x_wconf 88' lang='lat' dir='ltr'><strong>Sed</strong></span> <span class='ocrx_word' id='word_1_552' title='bbox 2766 1390 2821 1434; x_wconf 88' lang='lat' dir='ltr'><strong>et</strong></span> <span class='ocrx_word' id='word_1_553' title='bbox 2866 1382 2953 1435; x_wconf 85' lang='lat' dir='ltr'><strong>alii</strong></span> <span class='ocrx_word' id='word_1_554' title='bbox 2995 1398 3089 1452; x_wconf 90' lang='lat' dir='ltr'><strong>per</strong></span> <span class='ocrx_word' id='word_1_555' title='bbox 3127 1400 3189 1439; x_wconf 80' lang='lat' dir='ltr'><strong>ca</strong></span> <span class='ocrx_word' id='word_1_556' title='bbox 3231 1396 3473 1457; x_wconf 78' lang='lat' dir='ltr'><strong>tempora</strong></span> 
     </span>
    </p>
   </div>
   <div class='ocr_carea' id='block_1_73' title="bbox 1892 1462 3471 1543">
    <p class='ocr_par' dir='ltr' id='par_1_73' title="bbox 1892 1462 3471 1543">
     <span class='ocr_line' id='line_1_73' title="bbox 1892 1462 3471 1543; baseline 0.015 -35"><span class='ocrx_word' id='word_1_557' title='bbox 1892 1465 2070 1511; x_wconf 86' lang='lat' dir='ltr'><strong>motus</strong></span> <span class='ocrx_word' id='word_1_558' title='bbox 2110 1468 2265 1515; x_wconf 83' lang='lat' dir='ltr'><strong>terrae</strong></span> <span class='ocrx_word' id='word_1_559' title='bbox 2314 1462 2603 1521; x_wconf 80' lang='lat' dir='ltr'><strong>horribiles</strong></span> <span class='ocrx_word' id='word_1_560' title='bbox 2649 1468 2981 1536; x_wconf 86' lang='lat' dir='ltr'><strong>acciderunt,</strong></span> <span class='ocrx_word' id='word_1_561' title='bbox 3025 1473 3091 1526; x_wconf 81' lang='lat' dir='ltr'><strong>ad</strong></span> <span class='ocrx_word' id='word_1_562' title='bbox 3114 1490 3249 1543; x_wconf 91' lang='lat' dir='ltr'><strong>quos</strong></span> <span class='ocrx_word' id='word_1_563' title='bbox 3294 1477 3471 1532; x_wconf 91' lang='lat' dir='ltr'><strong>locum</strong></span> 
     </span>
    </p>
   </div>
   <div class='ocr_carea' id='block_1_74' title="bbox 1889 1546 3471 1627">
    <p class='ocr_par' dir='ltr' id='par_1_74' title="bbox 1889 1546 3471 1627">
     <span class='ocr_line' id='line_1_74' title="bbox 1889 1546 3471 1627; baseline 0.016 -28"><span class='ocrx_word' id='word_1_564' title='bbox 1889 1546 2029 1601; x_wconf 87' lang='lat' dir='ltr'><strong>hunc</strong></span> <span class='ocrx_word' id='word_1_565' title='bbox 2055 1549 2257 1605; x_wconf 87' lang='lat' dir='ltr'><strong>referre</strong></span> <span class='ocrx_word' id='word_1_566' title='bbox 2287 1554 2513 1611; x_wconf 56' lang='lat' dir='ltr'><strong>fortasse</strong></span> <span class='ocrx_word' id='word_1_567' title='bbox 2542 1559 2660 1627; x_wconf 86' lang='lat' dir='ltr'><strong>quis</strong></span> <span class='ocrx_word' id='word_1_568' title='bbox 2692 1563 2843 1615; x_wconf 86' lang='lat' dir='ltr'><strong>malit</strong></span> <span class='ocrx_word' id='word_1_569' title='bbox 2872 1582 2885 1615; x_wconf 88' lang='lat'>:</span> <span class='ocrx_word' id='word_1_570' title='bbox 2914 1576 2963 1619; x_wconf 91' lang='lat' dir='ltr'><strong>et</strong></span> <span class='ocrx_word' id='word_1_571' title='bbox 2996 1582 3093 1621; x_wconf 90' lang='lat' dir='ltr'><strong>nos</strong></span> <span class='ocrx_word' id='word_1_572' title='bbox 3120 1568 3244 1621; x_wconf 89' lang='lat' dir='ltr'><strong>olim</strong></span> <span class='ocrx_word' id='word_1_573' title='bbox 3275 1569 3345 1623; x_wconf 88' lang='lat' dir='ltr'><strong>ibi</strong></span> <span class='ocrx_word' id='word_1_574' title='bbox 3371 1587 3471 1623; x_wconf 85' lang='lat' dir='ltr'><strong>an-</strong></span> 
     </span>
    </p>
   </div>
   <div class='ocr_carea' id='block_1_75' title="bbox 1882 1639 3468 1721">
    <p class='ocr_par' dir='ltr' id='par_1_75' title="bbox 1882 1639 3468 1721">
     <span class='ocr_line' id='line_1_75' title="bbox 1882 1639 3468 1721; baseline 0.018 -33"><span class='ocrx_word' id='word_1_575' title='bbox 1882 1651 2009 1690; x_wconf 89' lang='lat' dir='ltr'><strong>num</strong></span> <span class='ocrx_word' id='word_1_576' title='bbox 2038 1639 2268 1695; x_wconf 80' lang='lat' dir='ltr'><strong>diximus</strong></span> <span class='ocrx_word' id='word_1_577' title='bbox 2299 1643 2563 1714; x_wconf 80' lang='lat' dir='ltr'><strong>designari</strong></span> <span class='ocrx_word' id='word_1_578' title='bbox 2591 1649 2716 1713; x_wconf 70' lang='grc'><strong>544,</strong></span> <span class='ocrx_word' id='word_1_579' title='bbox 2749 1653 2889 1721; x_wconf 89' lang='lat' dir='ltr'><strong>quod</strong></span> <span class='ocrx_word' id='word_1_580' title='bbox 2912 1672 3054 1711; x_wconf 86' lang='lat' dir='ltr'><strong>nunc</strong></span> <span class='ocrx_word' id='word_1_581' title='bbox 3081 1667 3260 1714; x_wconf 89' lang='lat' dir='ltr'><strong>tamen</strong></span> <span class='ocrx_word' id='word_1_582' title='bbox 3288 1661 3468 1718; x_wconf 89' lang='lat' dir='ltr'><strong>induci</strong></span> 
     </span>
    </p>
   </div>
   <div class='ocr_carea' id='block_1_76' title="bbox 1879 1728 3469 1819">
    <p class='ocr_par' dir='ltr' id='par_1_76' title="bbox 1879 1728 3469 1819">
     <span class='ocr_line' id='line_1_76' title="bbox 1879 1728 3469 1819; baseline 0.019 -40"><span class='ocrx_word' id='word_1_583' title='bbox 1879 1728 2144 1795; x_wconf 74' lang='lat' dir='ltr'><strong>‘volumus,</strong></span> <span class='ocrx_word' id='word_1_584' title='bbox 2172 1742 2336 1803; x_wconf 85' lang='lat' dir='ltr'><strong>atque</strong></span> <span class='ocrx_word' id='word_1_585' title='bbox 2360 1738 2654 1794; x_wconf 85' lang='lat' dir='ltr'><strong>emendari.</strong></span> <span class='ocrx_word' id='word_1_586' title='bbox 2691 1741 2758 1797; x_wconf 86' lang='lat' dir='ltr'><strong>Ut</strong></span> <span class='ocrx_word' id='word_1_587' title='bbox 2790 1755 2844 1798; x_wconf 91' lang='lat' dir='ltr'><strong>ut</strong></span> <span class='ocrx_word' id='word_1_588' title='bbox 2878 1760 2938 1799; x_wconf 85' lang='lat' dir='ltr'><strong>se</strong></span> <span class='ocrx_word' id='word_1_589' title='bbox 2968 1763 3051 1802; x_wconf 86' lang='lat' dir='ltr'><strong>res</strong></span> <span class='ocrx_word' id='word_1_590' title='bbox 3087 1751 3303 1819; x_wconf 82' lang='lat' dir='ltr'><strong>habeat,</strong></span> <span class='ocrx_word' id='word_1_591' title='bbox 3331 1755 3469 1809; x_wconf 76' lang='lat' dir='ltr'><strong>alio-</strong></span> 
     </span>
    </p>
   </div>
   <div class='ocr_carea' id='block_1_77' title="bbox 1876 1826 3460 1910">
    <p class='ocr_par' dir='ltr' id='par_1_77' title="bbox 1876 1826 3460 1910">
     <span class='ocr_line' id='line_1_77' title="bbox 1876 1826 3460 1910; baseline 0.018 -37"><span class='ocrx_word' id='word_1_592' title='bbox 1876 1835 1993 1875; x_wconf 89' lang='lat' dir='ltr'><strong>rum</strong></span> <span class='ocrx_word' id='word_1_593' title='bbox 2022 1826 2319 1893; x_wconf 63' lang='lat' dir='ltr'><strong>sententim,</strong></span> <span class='ocrx_word' id='word_1_594' title='bbox 2361 1844 2483 1899; x_wconf 78' lang='lat' dir='ltr'><strong>qua:</strong></span> <span class='ocrx_word' id='word_1_595' title='bbox 2510 1833 2670 1888; x_wconf 87' lang='lat' dir='ltr'><strong>citius</strong></span> <span class='ocrx_word' id='word_1_596' title='bbox 2716 1846 2895 1891; x_wconf 86' lang='lat' dir='ltr'><strong>Ortum</strong></span> <span class='ocrx_word' id='word_1_597' title='bbox 2940 1838 2996 1895; x_wconf 86' lang='lat' dir='ltr'><strong>S.</strong></span> <span class='ocrx_word' id='word_1_598' title='bbox 3045 1841 3217 1898; x_wconf 75' lang='lat' dir='ltr'><strong>Putris</strong></span> <span class='ocrx_word' id='word_1_599' title='bbox 3249 1856 3460 1910; x_wconf 88' lang='lat' dir='ltr'><strong>notant.</strong></span> 
     </span>
    </p>
   </div>
   <div class='ocr_carea' id='block_1_78' title="bbox 1874 1914 3457 2001">
    <p class='ocr_par' dir='ltr' id='par_1_78' title="bbox 1874 1914 3457 2001">
     <span class='ocr_line' id='line_1_78' title="bbox 1874 1914 3457 2001; baseline 0.02 -38"><span class='ocrx_word' id='word_1_600' title='bbox 1874 1916 2040 1981; x_wconf 86' lang='lat' dir='ltr'><strong>aptari</strong></span> <span class='ocrx_word' id='word_1_601' title='bbox 2072 1914 2196 1971; x_wconf 88' lang='lat' dir='ltr'><strong>huic</strong></span> <span class='ocrx_word' id='word_1_602' title='bbox 2241 1919 2546 1977; x_wconf 87' lang='lat' dir='ltr'><strong>testimonio</strong></span> <span class='ocrx_word' id='word_1_603' title='bbox 2594 1940 2925 1997; x_wconf 85' lang='lat' dir='ltr'><strong>nequaquam</strong></span> <span class='ocrx_word' id='word_1_604' title='bbox 2968 1944 3213 2001; x_wconf 81' lang='lat' dir='ltr'><strong>possunt.</strong></span> <span class='ocrx_word' id='word_1_605' title='bbox 3261 1936 3457 1993; x_wconf 85' lang='lat' dir='ltr'><strong>Verum</strong></span> 
     </span>
    </p>
   </div>
   <div class='ocr_carea' id='block_1_79' title="bbox 1874 2002 3462 2087">
    <p class='ocr_par' dir='ltr' id='par_1_79' title="bbox 1874 2002 3462 2087">
     <span class='ocr_line' id='line_1_79' title="bbox 1874 2002 3462 2087; baseline 0.02 -33"><span class='ocrx_word' id='word_1_606' title='bbox 1874 2002 2000 2057; x_wconf 91' lang='lat' dir='ltr'><strong>illud</strong></span> <span class='ocrx_word' id='word_1_607' title='bbox 2027 2008 2239 2062; x_wconf 70' lang='lat' dir='ltr'><strong>cmteris</strong></span> <span class='ocrx_word' id='word_1_608' title='bbox 2267 2010 2527 2067; x_wconf 87' lang='lat' dir='ltr'><strong>illustrius</strong></span> <span class='ocrx_word' id='word_1_609' title='bbox 2555 2026 2657 2081; x_wconf 88' lang='lat' dir='ltr'><strong>est,</strong></span> <span class='ocrx_word' id='word_1_610' title='bbox 2688 2020 2831 2087; x_wconf 77' lang='lat' dir='ltr'><strong>quod</strong></span> <span class='ocrx_word' id='word_1_611' title='bbox 2873 2020 3031 2079; x_wconf 81' lang='lat' dir='ltr'><strong>habet</strong></span> <span class='ocrx_word' id='word_1_612' title='bbox 3061 2025 3175 2081; x_wconf 82' lang='lat' dir='ltr'><strong>Lib.</strong></span> <span class='ocrx_word' id='word_1_613' title='bbox 3212 2028 3280 2084; x_wconf 89' lang='lat' dir='ltr'><strong>de</strong></span> <span class='ocrx_word' id='word_1_614' title='bbox 3304 2029 3462 2086; x_wconf 80' lang='lat' dir='ltr'><strong>Lucis</strong></span> 
     </span>
    </p>
   </div>
   <div class='ocr_carea' id='block_1_80' title="bbox 1874 2094 3461 2194">
    <p class='ocr_par' dir='ltr' id='par_1_80' title="bbox 1874 2094 3461 2194">
     <span class='ocr_line' id='line_1_80' title="bbox 1874 2094 3461 2194; baseline 0.02 -48"><span class='ocrx_word' id='word_1_615' title='bbox 1874 2094 1938 2147; x_wconf 88' lang='lat' dir='ltr'><strong>ad</strong></span> <span class='ocrx_word' id='word_1_616' title='bbox 1967 2111 2150 2152; x_wconf 73' lang='lat' dir='ltr'><strong>vocem</strong></span> <span class='ocrx_word' id='word_1_617' title='bbox 2181 2097 2318 2171; x_wconf 76' lang='lat' dir='ltr'><strong>Digs</strong></span> <span class='ocrx_word' id='word_1_618' title='bbox 2354 2102 2584 2159; x_wconf 70' lang='lat' dir='ltr'><strong>Humbre</strong></span> <span class='ocrx_word' id='word_1_619' title='bbox 2614 2123 2679 2162; x_wconf 79' lang='lat' dir='ltr'><strong>ex</strong></span> <span class='ocrx_word' id='word_1_620' title='bbox 2711 2109 2907 2167; x_wconf 84' lang='lat' dir='ltr'><strong>Genesi</strong></span> <span class='ocrx_word' id='word_1_621' title='bbox 2933 2130 2948 2178; x_wconf 88' lang='lat'><strong>;</strong></span> <span class='ocrx_word' id='word_1_622' title='bbox 2996 2117 3143 2183; x_wconf 62' lang='lat' dir='ltr'><strong>Qum,</strong></span> <span class='ocrx_word' id='word_1_623' title='bbox 3173 2122 3264 2186; x_wconf 85' lang='lat' dir='ltr'><strong>ait,</strong></span> <span class='ocrx_word' id='word_1_624' title='bbox 3302 2139 3461 2194; x_wconf 82' lang='lat' dir='ltr'><strong>usque</strong></span> 
     </span>
    </p>
   </div>
   <div class='ocr_carea' id='block_1_81' title="bbox 1872 2186 3458 2278">
    <p class='ocr_par' dir='ltr' id='par_1_81' title="bbox 1872 2186 3458 2278">
     <span class='ocr_line' id='line_1_81' title="bbox 1872 2186 3458 2278; baseline 0.019 -40"><span class='ocrx_word' id='word_1_625' title='bbox 1872 2186 1941 2239; x_wconf 79' lang='lat' dir='ltr'><strong>ad</strong></span> <span class='ocrx_word' id='word_1_626' title='bbox 1963 2198 2160 2242; x_wconf 67' lang='lat' dir='ltr'><strong>(etatem</strong></span> <span class='ocrx_word' id='word_1_627' title='bbox 2188 2192 2419 2262; x_wconf 75' lang='lat' dir='ltr'><strong>infantia:</strong></span> <span class='ocrx_word' id='word_1_628' title='bbox 2445 2212 2586 2262; x_wconf 65' lang='lat' dir='ltr'><strong>mem,</strong></span> <span class='ocrx_word' id='word_1_629' title='bbox 2622 2210 2672 2252; x_wconf 72' lang='lat' dir='ltr'><strong>et</strong></span> <span class='ocrx_word' id='word_1_630' title='bbox 2701 2200 2982 2257; x_wconf 74' lang='lat' dir='ltr'><strong>Constantii</strong></span> <span class='ocrx_word' id='word_1_631' title='bbox 3022 2210 3154 2277; x_wconf 83' lang='lat' dir='ltr'><strong>regis</strong></span> <span class='ocrx_word' id='word_1_632' title='bbox 3188 2186 3458 2278; x_wconf 73' lang='lat' dir='ltr'><strong>imperium</strong></span> 
     </span>
    </p>
   </div>
   <div class='ocr_carea' id='block_1_82' title="bbox 1874 2282 3461 2374">
    <p class='ocr_par' dir='ltr' id='par_1_82' title="bbox 1874 2282 3461 2374">
     <span class='ocr_line' id='line_1_82' title="bbox 1874 2282 3461 2374; baseline 0.018 -41"><span class='ocrx_word' id='word_1_633' title='bbox 1874 2282 2157 2351; x_wconf 78' lang='lat' dir='ltr'><strong>terebyntus</strong></span> <span class='ocrx_word' id='word_1_634' title='bbox 2181 2289 2556 2341; x_wconf 78' lang='lat' dir='ltr'><strong>monstrabatur</strong></span> <span class='ocrx_word' id='word_1_635' title='bbox 2578 2304 2830 2361; x_wconf 82' lang='lat' dir='ltr'><strong>pervetus,</strong></span> <span class='ocrx_word' id='word_1_636' title='bbox 2856 2306 2901 2350; x_wconf 81' lang='lat' dir='ltr'><strong>et</strong></span> <span class='ocrx_word' id='word_1_637' title='bbox 2922 2313 3085 2353; x_wconf 86' lang='lat' dir='ltr'><strong>annos</strong></span> <span class='ocrx_word' id='word_1_638' title='bbox 3111 2306 3461 2374; x_wconf 77' lang='lat' dir='ltr'><strong>magnitudine</strong></span> 
     </span>
    </p>
   </div>
   <div class='ocr_carea' id='block_1_83' title="bbox 1872 2373 3455 2462">
    <p class='ocr_par' dir='ltr' id='par_1_83' title="bbox 1872 2373 3455 2462">
     <span class='ocr_line' id='line_1_83' title="bbox 1872 2373 3455 2462; baseline 0.02 -37"><span class='ocrx_word' id='word_1_639' title='bbox 1872 2373 2125 2429; x_wconf 84' lang='lat' dir='ltr'><strong>indicans.</strong></span> <span class='ocrx_word' id='word_1_640' title='bbox 2162 2378 2275 2442; x_wconf 92' lang='lat' dir='ltr'><strong>llis,</strong></span> <span class='ocrx_word' id='word_1_641' title='bbox 2309 2383 2351 2433; x_wconf 91' lang='lat' dir='ltr'><strong>si</strong></span> <span class='ocrx_word' id='word_1_642' title='bbox 2384 2382 2509 2451; x_wconf 88' lang='lat' dir='ltr'><strong>quid</strong></span> <span class='ocrx_word' id='word_1_643' title='bbox 2540 2384 2716 2451; x_wconf 86' lang='lat' dir='ltr'><strong>video,</strong></span> <span class='ocrx_word' id='word_1_644' title='bbox 2750 2398 2975 2460; x_wconf 88' lang='lat' dir='ltr'><strong>uterque</strong></span> <span class='ocrx_word' id='word_1_645' title='bbox 3008 2373 3310 2462; x_wconf 80' lang='lat' dir='ltr'><strong>pestreinus</strong></span> <span class='ocrx_word' id='word_1_646' title='bbox 3333 2415 3455 2455; x_wconf 89' lang='lat' dir='ltr'><strong>cum</strong></span> 
     </span>
    </p>
   </div>
   <div class='ocr_carea' id='block_1_84' title="bbox 1872 2464 3456 2547">
    <p class='ocr_par' dir='ltr' id='par_1_84' title="bbox 1872 2464 3456 2547">
     <span class='ocr_line' id='line_1_84' title="bbox 1872 2464 3456 2547; baseline 0.016 -28"><span class='ocrx_word' id='word_1_647' title='bbox 1872 2464 2107 2521; x_wconf 71' lang='lat' dir='ltr'><strong>infantiae</strong></span> <span class='ocrx_word' id='word_1_648' title='bbox 2134 2481 2244 2524; x_wconf 71' lang='lat' dir='ltr'><strong>sum</strong></span> <span class='ocrx_word' id='word_1_649' title='bbox 2270 2472 2492 2537; x_wconf 90' lang='lat' dir='ltr'><strong>scilicet,</strong></span> <span class='ocrx_word' id='word_1_650' title='bbox 2527 2482 2635 2529; x_wconf 90' lang='lat' dir='ltr'><strong>tum</strong></span> <span class='ocrx_word' id='word_1_651' title='bbox 2676 2477 2883 2547; x_wconf 89' lang='lat' dir='ltr'><strong>imperii</strong></span> <span class='ocrx_word' id='word_1_652' title='bbox 2933 2483 3229 2542; x_wconf 86' lang='lat' dir='ltr'><strong>Constantii</strong></span> <span class='ocrx_word' id='word_1_653' title='bbox 3273 2493 3456 2545; x_wconf 85' lang='lat' dir='ltr'><strong>termi-</strong></span> 
     </span>
    </p>
   </div>
   <div class='ocr_carea' id='block_1_85' title="bbox 1868 2559 3451 2644">
    <p class='ocr_par' dir='ltr' id='par_1_85' title="bbox 1868 2559 3451 2644">
     <span class='ocr_line' id='line_1_85' title="bbox 1868 2559 3451 2644; baseline 0.02 -35"><span class='ocrx_word' id='word_1_654' title='bbox 1868 2572 1969 2611; x_wconf 90' lang='lat' dir='ltr'><strong>nus</strong></span> <span class='ocrx_word' id='word_1_655' title='bbox 1998 2559 2324 2628; x_wconf 78' lang='lat' dir='ltr'><strong>designatur.</strong></span> <span class='ocrx_word' id='word_1_656' title='bbox 2363 2564 2659 2623; x_wconf 82' lang='lat' dir='ltr'><strong>Enimvero</strong></span> <span class='ocrx_word' id='word_1_657' title='bbox 2697 2570 2797 2627; x_wconf 91' lang='lat' dir='ltr'><strong>iste</strong></span> <span class='ocrx_word' id='word_1_658' title='bbox 2842 2574 3106 2644; x_wconf 88' lang='lat' dir='ltr'><strong>imperare</strong></span> <span class='ocrx_word' id='word_1_659' title='bbox 3134 2595 3256 2635; x_wconf 93' lang='lat' dir='ltr'><strong>cum</strong></span> <span class='ocrx_word' id='word_1_660' title='bbox 3286 2583 3451 2641; x_wconf 87' lang='lat' dir='ltr'><strong>desiit</strong></span> 
     </span>
    </p>
   </div>
   <div class='ocr_carea' id='block_1_86' title="bbox 1860 2651 3445 2743">
    <p class='ocr_par' dir='ltr' id='par_1_86' title="bbox 1860 2651 3445 2743">
     <span class='ocr_line' id='line_1_86' title="bbox 1860 2651 3445 2743; baseline 0.022 -43"><span class='ocrx_word' id='word_1_661' title='bbox 1860 2662 2007 2743; x_wconf 57' lang='lat' dir='ltr'><strong>ttitulo</strong></span> <span class='ocrx_word' id='word_1_662' title='bbox 2036 2651 2161 2719; x_wconf 65' lang='lat' dir='ltr'><strong>56f,</strong></span> <span class='ocrx_word' id='word_1_663' title='bbox 2201 2670 2397 2710; x_wconf 82' lang='lat' dir='ltr'><strong>annum</strong></span> <span class='ocrx_word' id='word_1_664' title='bbox 2424 2660 2613 2729; x_wconf 76' lang='lat' dir='ltr'><strong>agebat</strong></span> <span class='ocrx_word' id='word_1_665' title='bbox 2642 2664 2763 2719; x_wconf 69' lang='lat' dir='ltr'><strong>vita:</strong></span> <span class='ocrx_word' id='word_1_666' title='bbox 2802 2666 3064 2724; x_wconf 88' lang='lat' dir='ltr'><strong>decimum</strong></span> <span class='ocrx_word' id='word_1_667' title='bbox 3105 2676 3351 2743; x_wconf 84' lang='lat' dir='ltr'><strong>quintum</strong></span> <span class='ocrx_word' id='word_1_668' title='bbox 3387 2678 3445 2735; x_wconf 90' lang='lat' dir='ltr'><strong>S.</strong></span> 
     </span>
    </p>
   </div>
   <div class='ocr_carea' id='block_1_87' title="bbox 1865 2738 3449 2825">
    <p class='ocr_par' dir='ltr' id='par_1_87' title="bbox 1865 2738 3449 2825">
     <span class='ocr_line' id='line_1_87' title="bbox 1865 2738 3449 2825; baseline 0.021 -32"><span class='ocrx_word' id='word_1_669' title='bbox 1865 2738 2042 2804; x_wconf 83' lang='lat' dir='ltr'><strong>Pater,</strong></span> <span class='ocrx_word' id='word_1_670' title='bbox 2068 2759 2172 2814; x_wconf 89' lang='lat' dir='ltr'><strong>quo</strong></span> <span class='ocrx_word' id='word_1_671' title='bbox 2191 2748 2440 2804; x_wconf 89' lang='lat' dir='ltr'><strong>nimirum</strong></span> <span class='ocrx_word' id='word_1_672' title='bbox 2474 2752 2746 2810; x_wconf 84' lang='lat' dir='ltr'><strong>infantiam</strong></span> <span class='ocrx_word' id='word_1_673' title='bbox 2769 2762 3013 2816; x_wconf 88' lang='lat' dir='ltr'><strong>concludi</strong></span> <span class='ocrx_word' id='word_1_674' title='bbox 3041 2738 3241 2822; x_wconf 79' lang='lat' dir='ltr'><strong>dudum</strong></span> <span class='ocrx_word' id='word_1_675' title='bbox 3267 2780 3449 2825; x_wconf 82' lang='lat' dir='ltr'><strong>osten-</strong></span> 
     </span>
    </p>
   </div>
   <div class='ocr_carea' id='block_1_88' title="bbox 1864 2832 3445 2925">
    <p class='ocr_par' dir='ltr' id='par_1_88' title="bbox 1864 2832 3445 2925">
     <span class='ocr_line' id='line_1_88' title="bbox 1864 2832 3445 2925; baseline 0.018 -40"><span class='ocrx_word' id='word_1_676' title='bbox 1864 2832 2058 2888; x_wconf 82' lang='lat' dir='ltr'><strong>dimus.</strong></span> <span class='ocrx_word' id='word_1_677' title='bbox 2090 2836 2143 2890; x_wconf 90' lang='lat' dir='ltr'><strong>Id</strong></span> <span class='ocrx_word' id='word_1_678' title='bbox 2176 2853 2335 2907; x_wconf 86' lang='lat' dir='ltr'><strong>porro</strong></span> <span class='ocrx_word' id='word_1_679' title='bbox 2362 2844 2406 2896; x_wconf 89' lang='lat' dir='ltr'><strong>si</strong></span> <span class='ocrx_word' id='word_1_680' title='bbox 2442 2860 2624 2899; x_wconf 83' lang='lat' dir='ltr'><strong>verum</strong></span> <span class='ocrx_word' id='word_1_681' title='bbox 2653 2858 2757 2914; x_wconf 88' lang='lat' dir='ltr'><strong>est,</strong></span> <span class='ocrx_word' id='word_1_682' title='bbox 2803 2863 2859 2904; x_wconf 91' lang='lat' dir='ltr'><strong>ut</strong></span> <span class='ocrx_word' id='word_1_683' title='bbox 2904 2856 3015 2908; x_wconf 84' lang='lat' dir='ltr'><strong>veri</strong></span> <span class='ocrx_word' id='word_1_684' title='bbox 3061 2860 3296 2925; x_wconf 81' lang='lat' dir='ltr'><strong>speciem</strong></span> <span class='ocrx_word' id='word_1_685' title='bbox 3326 2878 3445 2913; x_wconf 84' lang='lat' dir='ltr'><strong>oni-</strong></span> 
     </span>
    </p>
   </div>
   <div class='ocr_carea' id='block_1_89' title="bbox 1861 2930 3445 3007">
    <p class='ocr_par' dir='ltr' id='par_1_89' title="bbox 1861 2930 3445 3007">
     <span class='ocr_line' id='line_1_89' title="bbox 1861 2930 3445 3007; baseline 0.018 -29"><span class='ocrx_word' id='word_1_686' title='bbox 1861 2941 1985 2980; x_wconf 85' lang='lat' dir='ltr'><strong>nem</strong></span> <span class='ocrx_word' id='word_1_687' title='bbox 2017 2930 2194 2995; x_wconf 83' lang='lat' dir='ltr'><strong>habet,</strong></span> <span class='ocrx_word' id='word_1_688' title='bbox 2229 2934 2359 2988; x_wconf 91' lang='lat' dir='ltr'><strong>nihil</strong></span> <span class='ocrx_word' id='word_1_689' title='bbox 2404 2944 2609 3005; x_wconf 88' lang='lat' dir='ltr'><strong>poterat</strong></span> <span class='ocrx_word' id='word_1_690' title='bbox 2635 2945 2933 2998; x_wconf 88' lang='lat' dir='ltr'><strong>accuratius</strong></span> <span class='ocrx_word' id='word_1_691' title='bbox 2958 2947 3023 2999; x_wconf 87' lang='lat' dir='ltr'><strong>ad</strong></span> <span class='ocrx_word' id='word_1_692' title='bbox 3064 2961 3213 3003; x_wconf 88' lang='lat' dir='ltr'><strong>ortus</strong></span> <span class='ocrx_word' id='word_1_693' title='bbox 3243 2954 3322 3004; x_wconf 88' lang='lat' dir='ltr'><strong>sui</strong></span> <span class='ocrx_word' id='word_1_694' title='bbox 3348 2969 3445 3007; x_wconf 85' lang='lat' dir='ltr'><strong>an-</strong></span> 
     </span>
    </p>
   </div>
   <div class='ocr_carea' id='block_1_90' title="bbox 1866 3026 3332 3096">
    <p class='ocr_par' dir='ltr' id='par_1_90' title="bbox 1866 3026 3332 3096">
     <span class='ocr_line' id='line_1_90' title="bbox 1866 3026 3332 3096; baseline 0.018 -27"><span class='ocrx_word' id='word_1_695' title='bbox 1866 3033 2014 3081; x_wconf 91' lang='lat' dir='ltr'><strong>num,</strong></span> <span class='ocrx_word' id='word_1_696' title='bbox 2041 3036 2197 3089; x_wconf 85' lang='lat' dir='ltr'><strong>quem</strong></span> <span class='ocrx_word' id='word_1_697' title='bbox 2228 3026 2538 3081; x_wconf 87' lang='lat' dir='ltr'><strong>dicebamus</strong></span> <span class='ocrx_word' id='word_1_698' title='bbox 2560 3030 2684 3094; x_wconf 62' lang='grc'><strong>546,</strong></span> <span class='ocrx_word' id='word_1_699' title='bbox 2709 3034 3084 3092; x_wconf 86' lang='lat' dir='ltr'><strong>declarandum</strong></span> <span class='ocrx_word' id='word_1_700' title='bbox 3112 3040 3332 3096; x_wconf 77' lang='lat' dir='ltr'><strong>divisse.</strong></span> 
     </span>
    </p>
   </div>
   <div class='ocr_carea' id='block_1_91' title="bbox 1937 3108 3444 3193">
    <p class='ocr_par' dir='ltr' id='par_1_91' title="bbox 1937 3108 3444 3193">
     <span class='ocr_line' id='line_1_91' title="bbox 1937 3108 3444 3193; baseline 0.02 -34"><span class='ocrx_word' id='word_1_701' title='bbox 1937 3108 2080 3163; x_wconf 86' lang='lat' dir='ltr'><strong>Sane</strong></span> <span class='ocrx_word' id='word_1_702' title='bbox 2111 3112 2385 3168; x_wconf 81' lang='lat' dir='ltr'><strong>infantiam</strong></span> <span class='ocrx_word' id='word_1_703' title='bbox 2415 3130 2742 3180; x_wconf 75' lang='lat' dir='ltr'><strong>cxceSscrat.</strong></span> <span class='ocrx_word' id='word_1_704' title='bbox 2770 3137 2891 3177; x_wconf 89' lang='lat' dir='ltr'><strong>cum</strong></span> <span class='ocrx_word' id='word_1_705' title='bbox 2916 3140 3135 3193; x_wconf 87' lang='lat' dir='ltr'><strong>puerum</strong></span> <span class='ocrx_word' id='word_1_706' title='bbox 3162 3145 3220 3186; x_wconf 90' lang='lat' dir='ltr'><strong>sc</strong></span> <span class='ocrx_word' id='word_1_707' title='bbox 3246 3145 3396 3188; x_wconf 84' lang='lat' dir='ltr'><strong>vocat</strong></span> <span class='ocrx_word' id='word_1_708' title='bbox 3429 3154 3444 3189; x_wconf 92' lang='lat'><strong>:</strong></span> 
     </span>
    </p>
   </div>
   <div class='ocr_carea' id='block_1_92' title="bbox 1867 3202 3450 3290">
    <p class='ocr_par' dir='ltr' id='par_1_92' title="bbox 1867 3202 3450 3290">
     <span class='ocr_line' id='line_1_92' title="bbox 1867 3202 3450 3290; baseline 0.018 -38"><span class='ocrx_word' id='word_1_709' title='bbox 1867 3206 1925 3253; x_wconf 89' lang='lat' dir='ltr'><strong>ut</strong></span> <span class='ocrx_word' id='word_1_710' title='bbox 1955 3211 2037 3254; x_wconf 91' lang='lat' dir='ltr'><strong>est</strong></span> <span class='ocrx_word' id='word_1_711' title='bbox 2067 3202 2192 3255; x_wconf 90' lang='lat' dir='ltr'><strong>illud</strong></span> <span class='ocrx_word' id='word_1_712' title='bbox 2220 3204 2270 3257; x_wconf 89' lang='lat' dir='ltr'><strong>in</strong></span> <span class='ocrx_word' id='word_1_713' title='bbox 2297 3205 2587 3260; x_wconf 84' lang='lat' dir='ltr'><strong>Abaehucli</strong></span> <span class='ocrx_word' id='word_1_714' title='bbox 2620 3210 2730 3279; x_wconf 86' lang='lat' dir='ltr'><strong>(lib.</strong></span> <span class='ocrx_word' id='word_1_715' title='bbox 2758 3211 2807 3265; x_wconf 85' lang='grc' dir='ltr'>Ι.</span> <span class='ocrx_word' id='word_1_716' title='bbox 2834 3213 2960 3282; x_wconf 81' lang='lat' dir='ltr'><strong>Cap.</strong></span> <span class='ocrx_word' id='word_1_717' title='bbox 2991 3218 3101 3290; x_wconf 81' lang='grc'><strong>10),</strong></span> <span class='ocrx_word' id='word_1_718' title='bbox 3126 3220 3262 3276; x_wconf 88' lang='lat' dir='ltr'><strong>Dum</strong></span> <span class='ocrx_word' id='word_1_719' title='bbox 3283 3226 3450 3283; x_wconf 80' lang='lat' dir='ltr'><strong>adhuc</strong></span> 
     </span>
    </p>
   </div>
   <div class='ocr_carea' id='block_1_93' title="bbox 1866 3295 3451 3389">
    <p class='ocr_par' dir='ltr' id='par_1_93' title="bbox 1866 3295 3451 3389">
     <span class='ocr_line' id='line_1_93' title="bbox 1866 3295 3451 3389; baseline 0.021 -48"><span class='ocrx_word' id='word_1_720' title='bbox 1866 3305 2021 3343; x_wconf 81' lang='lat' dir='ltr'><strong>essent</strong></span> <span class='ocrx_word' id='word_1_721' title='bbox 2050 3308 2193 3360; x_wconf 89' lang='lat' dir='ltr'><strong>puer,</strong></span> <span class='ocrx_word' id='word_1_722' title='bbox 2220 3304 2269 3347; x_wconf 88' lang='lat' dir='ltr'><strong>et</strong></span> <span class='ocrx_word' id='word_1_723' title='bbox 2289 3296 2340 3349; x_wconf 90' lang='lat' dir='ltr'><strong>in</strong></span> <span class='ocrx_word' id='word_1_724' title='bbox 2358 3295 2713 3356; x_wconf 69' lang='lat' dir='ltr'><strong>Grammatice:</strong></span> <span class='ocrx_word' id='word_1_725' title='bbox 2738 3303 2859 3359; x_wconf 82' lang='lat' dir='ltr'><strong>ludo</strong></span> <span class='ocrx_word' id='word_1_726' title='bbox 2880 3323 3156 3377; x_wconf 72' lang='lat' dir='ltr'><strong>exercerer,</strong></span> <span class='ocrx_word' id='word_1_727' title='bbox 3181 3331 3451 3389; x_wconf 73' lang='lat' dir='ltr'><strong>omnesque</strong></span> 
     </span>
    </p>
   </div>
   <div class='ocr_carea' id='block_1_94' title="bbox 1865 3382 3449 3467">
    <p class='ocr_par' dir='ltr' id='par_1_94' title="bbox 1865 3382 3449 3467">
     <span class='ocr_line' id='line_1_94' title="bbox 1865 3382 3449 3467; baseline 0.02 -34"><span class='ocrx_word' id='word_1_728' title='bbox 1865 3382 2012 3435; x_wconf 80' lang='lat' dir='ltr'><strong>urbes</strong></span> <span class='ocrx_word' id='word_1_729' title='bbox 2055 3384 2370 3440; x_wconf 77' lang='lat' dir='ltr'><strong>victimarum</strong></span> <span class='ocrx_word' id='word_1_730' title='bbox 2414 3393 2661 3459; x_wconf 78' lang='lat' dir='ltr'><strong>sanguine</strong></span> <span class='ocrx_word' id='word_1_731' title='bbox 2698 3396 3061 3467; x_wconf 84' lang='lat' dir='ltr'><strong>polluerentur,</strong></span> <span class='ocrx_word' id='word_1_732' title='bbox 3104 3420 3165 3459; x_wconf 85' lang='lat' dir='ltr'><strong>ac</strong></span> <span class='ocrx_word' id='word_1_733' title='bbox 3205 3382 3449 3465; x_wconf 39' lang='lat' dir='ltr'><strong>subito&#39;in</strong></span> 
     </span>
    </p>
   </div>
   <div class='ocr_carea' id='block_1_95' title="bbox 1865 3471 3448 3555">
    <p class='ocr_par' dir='ltr' id='par_1_95' title="bbox 1865 3471 3448 3555">
     <span class='ocr_line' id='line_1_95' title="bbox 1865 3471 3448 3555; baseline 0.021 -31"><span class='ocrx_word' id='word_1_734' title='bbox 1865 3471 1976 3541; x_wconf 86' lang='lat' dir='ltr'><strong>ipso</strong></span> <span class='ocrx_word' id='word_1_735' title='bbox 2019 3477 2378 3545; x_wconf 83' lang='lat' dir='ltr'><strong>persecutionis</strong></span> <span class='ocrx_word' id='word_1_736' title='bbox 2423 3482 2606 3536; x_wconf 87' lang='lat' dir='ltr'><strong>ardore</strong></span> <span class='ocrx_word' id='word_1_737' title='bbox 2632 3483 2833 3541; x_wconf 77' lang='lat' dir='ltr'><strong>Iuliani</strong></span> <span class='ocrx_word' id='word_1_738' title='bbox 2860 3493 3119 3550; x_wconf 87' lang='lat' dir='ltr'><strong>nuntiatus</strong></span> <span class='ocrx_word' id='word_1_739' title='bbox 3154 3509 3284 3554; x_wconf 85' lang='lat' dir='ltr'><strong>esset</strong></span> <span class='ocrx_word' id='word_1_740' title='bbox 3319 3502 3448 3555; x_wconf 83' lang='lat' dir='ltr'><strong>intc-</strong></span> 
     </span>
    </p>
   </div>
   <div class='ocr_carea' id='block_1_96' title="bbox 1864 3565 3450 3649">
    <p class='ocr_par' dir='ltr' id='par_1_96' title="bbox 1864 3565 3450 3649">
     <span class='ocr_line' id='line_1_96' title="bbox 1864 3565 3450 3649; baseline 0.02 -31"><span class='ocrx_word' id='word_1_741' title='bbox 1864 3565 2009 3633; x_wconf 81' lang='lat' dir='ltr'><strong>ritus,</strong></span> <span class='ocrx_word' id='word_1_742' title='bbox 2058 3567 2310 3639; x_wconf 80' lang='lat' dir='ltr'><strong>eleganter</strong></span> <span class='ocrx_word' id='word_1_743' title='bbox 2350 3587 2481 3626; x_wconf 86' lang='lat' dir='ltr'><strong>unus</strong></span> <span class='ocrx_word' id='word_1_744' title='bbox 2522 3574 2586 3628; x_wconf 84' lang='lat' dir='ltr'><strong>de</strong></span> <span class='ocrx_word' id='word_1_745' title='bbox 2611 3575 2862 3647; x_wconf 84' lang='lat' dir='ltr'><strong>Etltnicis,</strong></span> <span class='ocrx_word' id='word_1_746' title='bbox 2892 3593 2994 3639; x_wconf 90' lang='lat' dir='ltr'><strong>etc.</strong></span> <span class='ocrx_word' id='word_1_747' title='bbox 3022 3586 3337 3646; x_wconf 88' lang='lat' dir='ltr'><strong>Interfectus</strong></span> <span class='ocrx_word' id='word_1_748' title='bbox 3364 3606 3450 3649; x_wconf 86' lang='lat' dir='ltr'><strong>est</strong></span> 
     </span>
    </p>
   </div>
   <div class='ocr_carea' id='block_1_97' title="bbox 1858 3654 3448 3752">
    <p class='ocr_par' dir='ltr' id='par_1_97' title="bbox 1858 3654 3448 3752">
     <span class='ocr_line' id='line_1_97' title="bbox 1858 3654 3448 3752; baseline 0.019 -40"><span class='ocrx_word' id='word_1_749' title='bbox 1858 3654 2105 3716; x_wconf 76' lang='lat' dir='ltr'><strong>‘Jutianus</strong></span> <span class='ocrx_word' id='word_1_750' title='bbox 2129 3678 2269 3717; x_wconf 89' lang='lat' dir='ltr'><strong>anno</strong></span> <span class='ocrx_word' id='word_1_751' title='bbox 2297 3667 2423 3732; x_wconf 72' lang='lat'><strong>563,</strong></span> <span class='ocrx_word' id='word_1_752' title='bbox 2457 3668 2549 3737; x_wconf 90' lang='lat' dir='ltr'><strong>qui</strong></span> <span class='ocrx_word' id='word_1_753' title='bbox 2577 3682 2693 3726; x_wconf 88' lang='lat' dir='ltr'><strong>erat</strong></span> <span class='ocrx_word' id='word_1_754' title='bbox 2723 3674 2843 3729; x_wconf 73' lang='lat' dir='ltr'><strong>vitm</strong></span> <span class='ocrx_word' id='word_1_755' title='bbox 2872 3676 3180 3752; x_wconf 80' lang='lat' dir='ltr'><strong>Hieronymi</strong></span> <span class='ocrx_word' id='word_1_756' title='bbox 3206 3684 3448 3742; x_wconf 89' lang='lat' dir='ltr'><strong>decimus</strong></span> 
     </span>
    </p>
   </div>
   <div class='ocr_carea' id='block_1_98' title="bbox 1866 3754 3448 3843">
    <p class='ocr_par' dir='ltr' id='par_1_98' title="bbox 1866 3754 3448 3843">
     <span class='ocr_line' id='line_1_98' title="bbox 1866 3754 3448 3843; baseline 0.018 -37"><span class='ocrx_word' id='word_1_757' title='bbox 1866 3754 2143 3821; x_wconf 87' lang='lat' dir='ltr'><strong>septimus.</strong></span> <span class='ocrx_word' id='word_1_758' title='bbox 2176 3757 2315 3811; x_wconf 85' lang='lat' dir='ltr'><strong>Alibi</strong></span> <span class='ocrx_word' id='word_1_759' title='bbox 2352 3768 2493 3814; x_wconf 89' lang='lat' dir='ltr'><strong>totos</strong></span> <span class='ocrx_word' id='word_1_760' title='bbox 2522 3764 2613 3830; x_wconf 89' lang='lat' dir='ltr'><strong>qui</strong></span> <span class='ocrx_word' id='word_1_761' title='bbox 2645 3767 2789 3820; x_wconf 70' lang='lat' dir='ltr'><strong>mtati</strong></span> <span class='ocrx_word' id='word_1_762' title='bbox 2818 3768 2893 3821; x_wconf 90' lang='lat' dir='ltr'><strong>illi</strong></span> <span class='ocrx_word' id='word_1_763' title='bbox 2925 3771 3319 3843; x_wconf 82' lang='lat' dir='ltr'><strong>adtribuuntur,</strong></span> <span class='ocrx_word' id='word_1_764' title='bbox 3365 3782 3448 3834; x_wconf 88' lang='lat' dir='ltr'><strong>vi-</strong></span> 
     </span>
    </p>
   </div>
   <div class='ocr_carea' id='block_1_99' title="bbox 1864 3845 3449 3924">
    <p class='ocr_par' dir='ltr' id='par_1_99' title="bbox 1864 3845 3449 3924">
     <span class='ocr_line' id='line_1_99' title="bbox 1864 3845 3449 3924; baseline 0.018 -28"><span class='ocrx_word' id='word_1_765' title='bbox 1864 3845 1993 3914; x_wconf 72' lang='lat' dir='ltr'><strong>ginti</strong></span> <span class='ocrx_word' id='word_1_766' title='bbox 2019 3860 2189 3902; x_wconf 89' lang='lat' dir='ltr'><strong>annos</strong></span> <span class='ocrx_word' id='word_1_767' title='bbox 2212 3860 2485 3919; x_wconf 84' lang='lat' dir='ltr'><strong>supputat.</strong></span> <span class='ocrx_word' id='word_1_768' title='bbox 2511 3852 2785 3923; x_wconf 88' lang='lat' dir='ltr'><strong>Ejusmodi</strong></span> <span class='ocrx_word' id='word_1_769' title='bbox 2804 3869 2886 3913; x_wconf 91' lang='lat' dir='ltr'><strong>est</strong></span> <span class='ocrx_word' id='word_1_770' title='bbox 2908 3860 3033 3915; x_wconf 90' lang='lat' dir='ltr'><strong>illud</strong></span> <span class='ocrx_word' id='word_1_771' title='bbox 3051 3863 3260 3921; x_wconf 71' lang='lat' dir='ltr'><strong>Prml&#39;at.</strong></span> <span class='ocrx_word' id='word_1_772' title='bbox 3290 3868 3449 3924; x_wconf 84' lang='lat' dir='ltr'><strong>Cunt-</strong></span> 
     </span>
    </p>
   </div>
   <div class='ocr_carea' id='block_1_100' title="bbox 1866 3939 3450 4024">
    <p class='ocr_par' dir='ltr' id='par_1_100' title="bbox 1866 3939 3450 4024">
     <span class='ocr_line' id='line_1_100' title="bbox 1866 3939 3450 4024; baseline 0.016 -35"><span class='ocrx_word' id='word_1_773' title='bbox 1866 3944 2093 3991; x_wconf 81' lang='lat' dir='ltr'><strong>utentur.</strong></span> <span class='ocrx_word' id='word_1_774' title='bbox 2130 3939 2181 3993; x_wconf 90' lang='lat' dir='ltr'><strong>in</strong></span> <span class='ocrx_word' id='word_1_775' title='bbox 2214 3941 2380 4011; x_wconf 82' lang='lat' dir='ltr'><strong>Epist.</strong></span> <span class='ocrx_word' id='word_1_776' title='bbox 2411 3944 2477 3998; x_wconf 90' lang='lat' dir='ltr'><strong>ad</strong></span> <span class='ocrx_word' id='word_1_777' title='bbox 2509 3944 2682 4000; x_wconf 89' lang='lat' dir='ltr'><strong>Galat.</strong></span> <span class='ocrx_word' id='word_1_778' title='bbox 2718 3947 2836 4003; x_wconf 81' lang='lat' dir='ltr'><strong>Non</strong></span> <span class='ocrx_word' id='word_1_779' title='bbox 2860 3953 2995 4019; x_wconf 82' lang='lat' dir='ltr'><strong>quod</strong></span> <span class='ocrx_word' id='word_1_780' title='bbox 3012 3958 3234 4024; x_wconf 83' lang='lat' dir='ltr'><strong>ignorent</strong></span> <span class='ocrx_word' id='word_1_781' title='bbox 3269 3957 3450 4015; x_wconf 87' lang='lat' dir='ltr'><strong>Caium</strong></span> 
     </span>
    </p>
   </div>
   <div class='ocr_carea' id='block_1_101' title="bbox 1868 4026 3450 4113">
    <p class='ocr_par' dir='ltr' id='par_1_101' title="bbox 1868 4026 3450 4113">
     <span class='ocr_line' id='line_1_101' title="bbox 1868 4026 3450 4113; baseline 0.016 -34"><span class='ocrx_word' id='word_1_782' title='bbox 1868 4026 2092 4082; x_wconf 79' lang='lat' dir='ltr'><strong>Marium</strong></span> <span class='ocrx_word' id='word_1_783' title='bbox 2131 4028 2460 4097; x_wconf 79' lang='lat' dir='ltr'><strong>Victorinum,</strong></span> <span class='ocrx_word' id='word_1_784' title='bbox 2493 4036 2579 4100; x_wconf 82' lang='lat' dir='ltr'><strong>qui</strong></span> <span class='ocrx_word' id='word_1_785' title='bbox 2626 4036 2819 4102; x_wconf 67' lang='lat' dir='ltr'><strong>Romae,</strong></span> <span class='ocrx_word' id='word_1_786' title='bbox 2866 4058 2945 4097; x_wconf 82' lang='lat' dir='ltr'><strong>me</strong></span> <span class='ocrx_word' id='word_1_787' title='bbox 2985 4061 3162 4113; x_wconf 82' lang='lat' dir='ltr'><strong>puero,</strong></span> <span class='ocrx_word' id='word_1_788' title='bbox 3208 4048 3450 4105; x_wconf 82' lang='lat' dir='ltr'><strong>Rhetori-</strong></span> 
     </span>
    </p>
   </div>
   <div class='ocr_carea' id='block_1_102' title="bbox 1866 4119 3446 4206">
    <p class='ocr_par' dir='ltr' id='par_1_102' title="bbox 1866 4119 3446 4206">
     <span class='ocr_line' id='line_1_102' title="bbox 1866 4119 3446 4206; baseline 0.017 -38"><span class='ocrx_word' id='word_1_789' title='bbox 1866 4133 1976 4170; x_wconf 88' lang='lat' dir='ltr'><strong>cam</strong></span> <span class='ocrx_word' id='word_1_790' title='bbox 2017 4119 2208 4183; x_wconf 85' lang='lat' dir='ltr'><strong>docuit,</strong></span> <span class='ocrx_word' id='word_1_791' title='bbox 2240 4123 2456 4177; x_wconf 82' lang='lat' dir='ltr'><strong>edidisse</strong></span> <span class='ocrx_word' id='word_1_792' title='bbox 2478 4124 2871 4185; x_wconf 74' lang='lat' dir='ltr'><strong>Commentarios</strong></span> <span class='ocrx_word' id='word_1_793' title='bbox 2898 4133 2949 4185; x_wconf 90' lang='lat' dir='ltr'><strong>in</strong></span> <span class='ocrx_word' id='word_1_794' title='bbox 2981 4135 3301 4206; x_wconf 77' lang='lat' dir='ltr'><strong>Apostolum,</strong></span> <span class='ocrx_word' id='word_1_795' title='bbox 3336 4150 3446 4195; x_wconf 84' lang='lat' dir='ltr'><strong>etc.</strong></span> 
     </span>
    </p>
   </div>
   <div class='ocr_carea' id='block_1_103' title="bbox 1867 4208 3448 4298">
    <p class='ocr_par' dir='ltr' id='par_1_103' title="bbox 1867 4208 3448 4298">
     <span class='ocr_line' id='line_1_103' title="bbox 1867 4208 3448 4298; baseline 0.017 -39"><span class='ocrx_word' id='word_1_796' title='bbox 1867 4208 1966 4298; x_wconf 79' lang='lat' dir='ltr'><strong>Cui</strong></span> <span class='ocrx_word' id='word_1_797' title='bbox 1996 4211 2266 4278; x_wconf 77' lang='lat' dir='ltr'><strong>geminum</strong></span> <span class='ocrx_word' id='word_1_798' title='bbox 2296 4224 2377 4267; x_wconf 87' lang='lat' dir='ltr'><strong>est</strong></span> <span class='ocrx_word' id='word_1_799' title='bbox 2407 4217 2531 4269; x_wconf 89' lang='lat' dir='ltr'><strong>illud</strong></span> <span class='ocrx_word' id='word_1_800' title='bbox 2568 4217 2660 4270; x_wconf 88' lang='lat' dir='ltr'><strong>lib.</strong></span> <span class='ocrx_word' id='word_1_801' title='bbox 2697 4218 2811 4273; x_wconf 81' lang='lat' dir='ltr'><strong>XII.</strong></span> <span class='ocrx_word' id='word_1_802' title='bbox 2846 4222 2896 4275; x_wconf 91' lang='lat' dir='ltr'><strong>in</strong></span> <span class='ocrx_word' id='word_1_803' title='bbox 2931 4223 3178 4280; x_wconf 83' lang='lat' dir='ltr'><strong>Ezechiel</strong></span> <span class='ocrx_word' id='word_1_804' title='bbox 3207 4242 3326 4298; x_wconf 85' lang='lat' dir='ltr'><strong>cap.</strong></span> <span class='ocrx_word' id='word_1_805' title='bbox 3359 4231 3448 4287; x_wconf 68' lang='lat'><strong>40.</strong></span> 
     </span>
    </p>
   </div>
   <div class='ocr_carea' id='block_1_104' title="bbox 1870 4296 3449 4387">
    <p class='ocr_par' dir='ltr' id='par_1_104' title="bbox 1870 4296 3449 4387">
     <span class='ocr_line' id='line_1_104' title="bbox 1870 4296 3449 4387; baseline 0.016 -37"><span class='ocrx_word' id='word_1_806' title='bbox 1870 4296 2005 4350; x_wconf 88' lang='lat' dir='ltr'><strong>Dum</strong></span> <span class='ocrx_word' id='word_1_807' title='bbox 2033 4314 2191 4353; x_wconf 81' lang='lat' dir='ltr'><strong>essem</strong></span> <span class='ocrx_word' id='word_1_808' title='bbox 2220 4300 2396 4358; x_wconf 62' lang='lat' dir='ltr'><strong>Rom</strong></span> <span class='ocrx_word' id='word_1_809' title='bbox 2424 4321 2569 4373; x_wconf 87' lang='lat' dir='ltr'><strong>puer,</strong></span> <span class='ocrx_word' id='word_1_810' title='bbox 2602 4316 2648 4359; x_wconf 87' lang='lat' dir='ltr'><strong>et</strong></span> <span class='ocrx_word' id='word_1_811' title='bbox 2678 4308 2966 4366; x_wconf 85' lang='lat' dir='ltr'><strong>liberalibus</strong></span> <span class='ocrx_word' id='word_1_812' title='bbox 2990 4314 3170 4369; x_wconf 87' lang='lat' dir='ltr'><strong>studiis</strong></span> <span class='ocrx_word' id='word_1_813' title='bbox 3197 4296 3449 4387; x_wconf 79' lang='lat' dir='ltr'><strong>erudirer,</strong></span> 
     </span>
    </p>
   </div>
   <div class='ocr_carea' id='block_1_105' title="bbox 1867 4389 3449 4476">
    <p class='ocr_par' dir='ltr' id='par_1_105' title="bbox 1867 4389 3449 4476">
     <span class='ocr_line' id='line_1_105' title="bbox 1867 4389 3449 4476; baseline 0.016 -35"><span class='ocrx_word' id='word_1_814' title='bbox 1867 4389 2086 4476; x_wconf 80' lang='lat' dir='ltr'><strong>solebant</strong></span> <span class='ocrx_word' id='word_1_815' title='bbox 2117 4407 2230 4444; x_wconf 83' lang='lat' dir='ltr'><strong>cum</strong></span> <span class='ocrx_word' id='word_1_816' title='bbox 2257 4394 2452 4448; x_wconf 66' lang='lat' dir='ltr'><strong>caeteris</strong></span> <span class='ocrx_word' id='word_1_817' title='bbox 2490 4397 2715 4466; x_wconf 76' lang='lat' dir='ltr'><strong>ejusdem</strong></span> <span class='ocrx_word' id='word_1_818' title='bbox 2759 4402 2921 4455; x_wconf 68' lang='lat' dir='ltr'><strong>artatis</strong></span> <span class='ocrx_word' id='word_1_819' title='bbox 2965 4413 3010 4457; x_wconf 86' lang='lat' dir='ltr'><strong>et</strong></span> <span class='ocrx_word' id='word_1_820' title='bbox 3046 4408 3310 4476; x_wconf 84' lang='lat' dir='ltr'><strong>propositi,</strong></span> <span class='ocrx_word' id='word_1_821' title='bbox 3344 4422 3449 4466; x_wconf 86' lang='lat' dir='ltr'><strong>etc.</strong></span> 
     </span>
    </p>
   </div>
   <div class='ocr_carea' id='block_1_106' title="bbox 1866 4472 3454 4574">
    <p class='ocr_par' dir='ltr' id='par_1_106' title="bbox 1866 4472 3454 4574">
     <span class='ocr_line' id='line_1_106' title="bbox 1866 4472 3454 4574; baseline 0.017 -41"><span class='ocrx_word' id='word_1_822' title='bbox 1866 4472 2024 4536; x_wconf 81' lang='lat' dir='ltr'><strong>Enim</strong></span> <span class='ocrx_word' id='word_1_823' title='bbox 2056 4498 2187 4538; x_wconf 83' lang='lat' dir='ltr'><strong>vero</strong></span> <span class='ocrx_word' id='word_1_824' title='bbox 2214 4500 2333 4539; x_wconf 89' lang='lat' dir='ltr'><strong>cum</strong></span> <span class='ocrx_word' id='word_1_825' title='bbox 2377 4486 2559 4543; x_wconf 76' lang='lat' dir='ltr'><strong>Itonia:</strong></span> <span class='ocrx_word' id='word_1_826' title='bbox 2589 4490 2742 4546; x_wconf 87' lang='lat' dir='ltr'><strong>daret</strong></span> <span class='ocrx_word' id='word_1_827' title='bbox 2767 4492 2956 4550; x_wconf 87' lang='lat' dir='ltr'><strong>litteris</strong></span> <span class='ocrx_word' id='word_1_828' title='bbox 2994 4472 3454 4574; x_wconf 80' lang='lat' dir='ltr'><strong>ediscendisOpe-</strong></span> 
     </span>
    </p>
   </div>
   <div class='ocr_carea' id='block_1_107' title="bbox 1870 4574 3452 4666">
    <p class='ocr_par' dir='ltr' id='par_1_107' title="bbox 1870 4574 3452 4666">
     <span class='ocr_line' id='line_1_107' title="bbox 1870 4574 3452 4666; baseline 0.016 -39"><span class='ocrx_word' id='word_1_829' title='bbox 1870 4589 2004 4638; x_wconf 85' lang='lat' dir='ltr'><strong>ram,</strong></span> <span class='ocrx_word' id='word_1_830' title='bbox 2040 4574 2207 4629; x_wconf 90' lang='lat' dir='ltr'><strong>factus</strong></span> <span class='ocrx_word' id='word_1_831' title='bbox 2232 4576 2344 4645; x_wconf 76' lang='lat' dir='ltr'><strong>jam</strong></span> <span class='ocrx_word' id='word_1_832' title='bbox 2374 4580 2649 4649; x_wconf 72' lang='lat' dir='ltr'><strong>grandior,</strong></span> <span class='ocrx_word' id='word_1_833' title='bbox 2683 4592 2737 4638; x_wconf 92' lang='lat' dir='ltr'><strong>et</strong></span> <span class='ocrx_word' id='word_1_834' title='bbox 2764 4585 3055 4645; x_wconf 89' lang='lat' dir='ltr'><strong>etiamnum</strong></span> <span class='ocrx_word' id='word_1_835' title='bbox 3084 4601 3260 4650; x_wconf 87' lang='lat' dir='ltr'><strong>tamen</strong></span> <span class='ocrx_word' id='word_1_836' title='bbox 3296 4611 3452 4666; x_wconf 88' lang='lat' dir='ltr'><strong>puer,</strong></span> 
     </span>
    </p>
   </div>
   <div class='ocr_carea' id='block_1_108' title="bbox 1869 4668 3454 4749">
    <p class='ocr_par' dir='ltr' id='par_1_108' title="bbox 1869 4668 3454 4749">
     <span class='ocr_line' id='line_1_108' title="bbox 1869 4668 3454 4749; baseline 0.016 -32"><span class='ocrx_word' id='word_1_837' title='bbox 1869 4678 2038 4720; x_wconf 69' lang='lat' dir='ltr'><strong>nuntios</strong></span> <span class='ocrx_word' id='word_1_838' title='bbox 2068 4668 2248 4738; x_wconf 80' lang='lat' dir='ltr'><strong>\iginti</strong></span> <span class='ocrx_word' id='word_1_839' title='bbox 2282 4672 2661 4742; x_wconf 83' lang='lat' dir='ltr'><strong>compleverat.</strong></span> <span class='ocrx_word' id='word_1_840' title='bbox 2700 4674 2959 4749; x_wconf 80' lang='lat' dir='ltr'><strong>Deinceps</strong></span> <span class='ocrx_word' id='word_1_841' title='bbox 2988 4681 3128 4738; x_wconf 86' lang='lat' dir='ltr'><strong>adeo</strong></span> <span class='ocrx_word' id='word_1_842' title='bbox 3156 4699 3278 4739; x_wconf 90' lang='lat' dir='ltr'><strong>cum</strong></span> <span class='ocrx_word' id='word_1_843' title='bbox 3313 4684 3454 4741; x_wconf 82' lang='lat' dir='ltr'><strong>Pue-</strong></span> 
     </span>
    </p>
   </div>
   <div class='ocr_carea' id='block_1_109' title="bbox 1872 4758 3453 4839">
    <p class='ocr_par' dir='ltr' id='par_1_109' title="bbox 1872 4758 3453 4839">
     <span class='ocr_line' id='line_1_109' title="bbox 1872 4758 3453 4839; baseline 0.009 -28"><span class='ocrx_word' id='word_1_844' title='bbox 1872 4758 1989 4811; x_wconf 82' lang='lat' dir='ltr'><strong>ritia</strong></span> <span class='ocrx_word' id='word_1_845' title='bbox 2017 4759 2191 4831; x_wconf 81' lang='lat' dir='ltr'><strong>jungit</strong></span> <span class='ocrx_word' id='word_1_846' title='bbox 2215 4762 2670 4827; x_wconf 79' lang='lat' dir='ltr'><strong>Adolescentiam,</strong></span> <span class='ocrx_word' id='word_1_847' title='bbox 2702 4784 2875 4839; x_wconf 88' lang='lat' dir='ltr'><strong>coque</strong></span> <span class='ocrx_word' id='word_1_848' title='bbox 2903 4773 3100 4827; x_wconf 86' lang='lat' dir='ltr'><strong>clarius</strong></span> <span class='ocrx_word' id='word_1_849' title='bbox 3125 4774 3177 4827; x_wconf 90' lang='lat' dir='ltr'><strong>in</strong></span> <span class='ocrx_word' id='word_1_850' title='bbox 3207 4790 3322 4828; x_wconf 86' lang='lat' dir='ltr'><strong>rem</strong></span> <span class='ocrx_word' id='word_1_851' title='bbox 3351 4791 3453 4829; x_wconf 68' lang='lat' dir='ltr'><strong>na-</strong></span> 
     </span>
    </p>
   </div>
   <div class='ocr_carea' id='block_1_110' title="bbox 1867 4859 3457 4935">
    <p class='ocr_par' dir='ltr' id='par_1_110' title="bbox 1867 4859 3457 4935">
     <span class='ocr_line' id='line_1_110' title="bbox 1867 4859 3457 4935; baseline 0.013 -34"><span class='ocrx_word' id='word_1_852' title='bbox 1867 4859 2036 4902; x_wconf 85' lang='lat' dir='ltr'><strong>stram</strong></span> <span class='ocrx_word' id='word_1_853' title='bbox 2069 4866 2290 4917; x_wconf 88' lang='lat' dir='ltr'><strong>annum,</strong></span> <span class='ocrx_word' id='word_1_854' title='bbox 2324 4870 2429 4926; x_wconf 87' lang='lat' dir='ltr'><strong>quo</strong></span> <span class='ocrx_word' id='word_1_855' title='bbox 2471 4866 2624 4911; x_wconf 90' lang='lat' dir='ltr'><strong>natus</strong></span> <span class='ocrx_word' id='word_1_856' title='bbox 2667 4869 2770 4922; x_wconf 89' lang='lat' dir='ltr'><strong>est,</strong></span> <span class='ocrx_word' id='word_1_857' title='bbox 2819 4861 3039 4922; x_wconf 89' lang='lat' dir='ltr'><strong>indicat.</strong></span> <span class='ocrx_word' id='word_1_858' title='bbox 3087 4878 3195 4931; x_wconf 91' lang='lat' dir='ltr'><strong>quo</strong></span> <span class='ocrx_word' id='word_1_859' title='bbox 3236 4866 3457 4935; x_wconf 82' lang='lat' dir='ltr'><strong>propius</strong></span> 
     </span>
    </p>
   </div>
   <div class='ocr_carea' id='block_1_111' title="bbox 1875 4942 3455 5018">
    <p class='ocr_par' dir='ltr' id='par_1_111' title="bbox 1875 4942 3455 5018">
     <span class='ocr_line' id='line_1_111' title="bbox 1875 4942 3455 5018; baseline 0.01 -24"><span class='ocrx_word' id='word_1_860' title='bbox 1875 4942 2132 4997; x_wconf 87' lang='lat' dir='ltr'><strong>terminos</strong></span> <span class='ocrx_word' id='word_1_861' title='bbox 2162 4946 2334 5000; x_wconf 75' lang='lat' dir='ltr'><strong>:etatis</strong></span> <span class='ocrx_word' id='word_1_862' title='bbox 2375 4949 2674 5018; x_wconf 88' lang='lat' dir='ltr'><strong>utriusque,</strong></span> <span class='ocrx_word' id='word_1_863' title='bbox 2722 4948 2863 5001; x_wconf 88' lang='lat' dir='ltr'><strong>ttnde</strong></span> <span class='ocrx_word' id='word_1_864' title='bbox 2908 4950 3142 5003; x_wconf 81' lang='lat' dir='ltr'><strong>rationes</strong></span> <span class='ocrx_word' id='word_1_865' title='bbox 3187 4952 3455 5009; x_wconf 87' lang='lat' dir='ltr'><strong>subduca-</strong></span> 
     </span>
    </p>
   </div>
   <div class='ocr_carea' id='block_1_112' title="bbox 1873 5035 3453 5115">
    <p class='ocr_par' dir='ltr' id='par_1_112' title="bbox 1873 5035 3453 5115">
     <span class='ocr_line' id='line_1_112' title="bbox 1873 5035 3453 5115; baseline 0.009 -32"><span class='ocrx_word' id='word_1_866' title='bbox 1873 5046 1992 5086; x_wconf 85' lang='lat' dir='ltr'><strong>mus</strong></span> <span class='ocrx_word' id='word_1_867' title='bbox 2021 5036 2302 5098; x_wconf 77' lang='lat' dir='ltr'><strong>ccrtiOres,</strong></span> <span class='ocrx_word' id='word_1_868' title='bbox 2334 5037 2568 5105; x_wconf 73' lang='lat' dir='ltr'><strong>attingit.</strong></span> <span class='ocrx_word' id='word_1_869' title='bbox 2620 5037 2788 5104; x_wconf 77' lang='lat' dir='ltr'><strong>Epist.</strong></span> <span class='ocrx_word' id='word_1_870' title='bbox 2820 5035 2932 5090; x_wconf 87' lang='lat' dir='ltr'><strong>LII.</strong></span> <span class='ocrx_word' id='word_1_871' title='bbox 2964 5037 3039 5115; x_wconf 66' lang='lat' dir='ltr'><strong>ad</strong></span> <span class='ocrx_word' id='word_1_872' title='bbox 3075 5037 3453 5110; x_wconf 79' lang='lat' dir='ltr'><strong>Nepotianum,</strong></span> 
     </span>
    </p>
   </div>
   <div class='ocr_carea' id='block_1_113' title="bbox 1876 5122 3459 5198">
    <p class='ocr_par' dir='ltr' id='par_1_113' title="bbox 1876 5122 3459 5198">
     <span class='ocr_line' id='line_1_113' title="bbox 1876 5122 3459 5198; baseline 0.008 -23"><span class='ocrx_word' id='word_1_873' title='bbox 1876 5122 2010 5176; x_wconf 83' lang='lat' dir='ltr'><strong>Dum</strong></span> <span class='ocrx_word' id='word_1_874' title='bbox 2054 5140 2234 5187; x_wconf 85' lang='lat' dir='ltr'><strong>essem,</strong></span> <span class='ocrx_word' id='word_1_875' title='bbox 2289 5126 2479 5194; x_wconf 90' lang='lat' dir='ltr'><strong>inquit,</strong></span> <span class='ocrx_word' id='word_1_876' title='bbox 2525 5126 2848 5189; x_wconf 78' lang='lat' dir='ltr'><strong>Adolescens,</strong></span> <span class='ocrx_word' id='word_1_877' title='bbox 2891 5127 2991 5179; x_wconf 89' lang='lat' dir='ltr'><strong>imo</strong></span> <span class='ocrx_word' id='word_1_878' title='bbox 3023 5137 3068 5179; x_wconf 80' lang='lat' dir='ltr'><strong>et</strong></span> <span class='ocrx_word' id='word_1_879' title='bbox 3094 5144 3221 5198; x_wconf 84' lang='lat' dir='ltr'><strong>pene</strong></span> <span class='ocrx_word' id='word_1_880' title='bbox 3245 5129 3384 5186; x_wconf 80' lang='lat' dir='ltr'><strong>Puer</strong></span> <span class='ocrx_word' id='word_1_881' title='bbox 3412 5144 3459 5187; x_wconf 75' lang='lat' dir='ltr'><strong>ct</strong></span> 
     </span>
    </p>
   </div>
   <div class='ocr_carea' id='block_1_114' title="bbox 1876 5215 3459 5294">
    <p class='ocr_par' dir='ltr' id='par_1_114' title="bbox 1876 5215 3459 5294">
     <span class='ocr_line' id='line_1_114' title="bbox 1876 5215 3459 5294; baseline 0.009 -31"><span class='ocrx_word' id='word_1_882' title='bbox 1876 5215 2063 5280; x_wconf 80' lang='lat' dir='ltr'><strong>primos</strong></span> <span class='ocrx_word' id='word_1_883' title='bbox 2102 5216 2317 5282; x_wconf 88' lang='lat' dir='ltr'><strong>impetus</strong></span> <span class='ocrx_word' id='word_1_884' title='bbox 2360 5215 2666 5269; x_wconf 85' lang='lat' dir='ltr'><strong>lascivientis</strong></span> <span class='ocrx_word' id='word_1_885' title='bbox 2715 5216 2878 5269; x_wconf 67' lang='lat' dir='ltr'><strong>artatis</strong></span> <span class='ocrx_word' id='word_1_886' title='bbox 2905 5219 3060 5270; x_wconf 83' lang='lat' dir='ltr'><strong>eremi</strong></span> <span class='ocrx_word' id='word_1_887' title='bbox 3085 5220 3274 5275; x_wconf 87' lang='lat' dir='ltr'><strong>duritia</strong></span> <span class='ocrx_word' id='word_1_888' title='bbox 3300 5228 3459 5294; x_wconf 76' lang='lat' dir='ltr'><strong>refre—</strong></span> 
     </span>
    </p>
   </div>
   <div class='ocr_carea' id='block_1_115' title="bbox 1876 5304 3459 5372">
    <p class='ocr_par' dir='ltr' id='par_1_115' title="bbox 1876 5304 3459 5372">
     <span class='ocr_line' id='line_1_115' title="bbox 1876 5304 3459 5372; baseline 0.008 -16"><span class='ocrx_word' id='word_1_889' title='bbox 1876 5320 2071 5369; x_wconf 85' lang='lat' dir='ltr'><strong>narem,</strong></span> <span class='ocrx_word' id='word_1_890' title='bbox 2101 5305 2282 5372; x_wconf 85' lang='lat' dir='ltr'><strong>scripsi</strong></span> <span class='ocrx_word' id='word_1_891' title='bbox 2312 5305 2381 5356; x_wconf 86' lang='lat' dir='ltr'><strong>ad</strong></span> <span class='ocrx_word' id='word_1_892' title='bbox 2408 5304 2709 5357; x_wconf 84' lang='lat' dir='ltr'><strong>avunculum</strong></span> <span class='ocrx_word' id='word_1_893' title='bbox 2738 5313 2880 5358; x_wconf 87' lang='lat' dir='ltr'><strong>tuum</strong></span> <span class='ocrx_word' id='word_1_894' title='bbox 2910 5305 3248 5365; x_wconf 59' lang='lat' dir='ltr'><strong>Heliodorum</strong></span> <span class='ocrx_word' id='word_1_895' title='bbox 3274 5315 3459 5369; x_wconf 74' lang='lat' dir='ltr'><strong>exhor-</strong></span> 
     </span>
    </p>
   </div>
   <div class='ocr_carea' id='block_1_116' title="bbox 1870 5394 3459 5472">
    <p class='ocr_par' dir='ltr' id='par_1_116' title="bbox 1870 5394 3459 5472">
     <span class='ocr_line' id='line_1_116' title="bbox 1870 5394 3459 5472; baseline 0.007 -27"><span class='ocrx_word' id='word_1_896' title='bbox 1870 5397 2112 5449; x_wconf 79' lang='lat' dir='ltr'><strong>ttatoriam</strong></span> <span class='ocrx_word' id='word_1_897' title='bbox 2162 5394 2468 5463; x_wconf 72' lang='lat' dir='ltr'><strong>Epistulam.</strong></span> <span class='ocrx_word' id='word_1_898' title='bbox 2522 5396 2598 5450; x_wconf 85' lang='lat' dir='ltr'><strong>Ea</strong></span> <span class='ocrx_word' id='word_1_899' title='bbox 2643 5395 2767 5449; x_wconf 86' lang='lat' dir='ltr'><strong>data</strong></span> <span class='ocrx_word' id='word_1_900' title='bbox 2815 5408 2895 5451; x_wconf 87' lang='lat' dir='ltr'><strong>est</strong></span> <span class='ocrx_word' id='word_1_901' title='bbox 2923 5415 3083 5468; x_wconf 84' lang='lat' dir='ltr'><strong>anno,</strong></span> <span class='ocrx_word' id='word_1_902' title='bbox 3120 5414 3177 5458; x_wconf 84' lang='lat' dir='ltr'><strong>ut</strong></span> <span class='ocrx_word' id='word_1_903' title='bbox 3220 5405 3459 5472; x_wconf 85' lang='lat' dir='ltr'><strong>pluribus</strong></span> 
     </span>
    </p>
   </div>
   <div class='ocr_carea' id='block_1_117' title="bbox 1874 5486 3461 5559">
    <p class='ocr_par' dir='ltr' id='par_1_117' title="bbox 1874 5486 3461 5559">
     <span class='ocr_line' id='line_1_117' title="bbox 1874 5486 3461 5559; baseline 0.004 -16"><span class='ocrx_word' id='word_1_904' title='bbox 1874 5502 1978 5543; x_wconf 77' lang='lat' dir='ltr'><strong>suo</strong></span> <span class='ocrx_word' id='word_1_905' title='bbox 2001 5489 2117 5541; x_wconf 83' lang='lat' dir='ltr'><strong>loco</strong></span> <span class='ocrx_word' id='word_1_906' title='bbox 2144 5486 2500 5554; x_wconf 86' lang='lat' dir='ltr'><strong>ostendimus,</strong></span> <span class='ocrx_word' id='word_1_907' title='bbox 2532 5489 2656 5551; x_wconf 75' lang='lat'><strong>373,</strong></span> <span class='ocrx_word' id='word_1_908' title='bbox 2685 5502 2805 5543; x_wconf 89' lang='lat' dir='ltr'><strong>cum</strong></span> <span class='ocrx_word' id='word_1_909' title='bbox 2839 5490 2950 5559; x_wconf 87' lang='lat' dir='ltr'><strong>ipse</strong></span> <span class='ocrx_word' id='word_1_910' title='bbox 2972 5494 3121 5551; x_wconf 90' lang='lat' dir='ltr'><strong>initia</strong></span> <span class='ocrx_word' id='word_1_911' title='bbox 3146 5498 3461 5553; x_wconf 85' lang='lat' dir='ltr'><strong>adolescen-</strong></span> 
     </span>
    </p>
   </div>
   <div class='ocr_carea' id='block_1_118' title="bbox 1881 5577 3458 5658">
    <p class='ocr_par' dir='ltr' id='par_1_118' title="bbox 1881 5577 3458 5658">
     <span class='ocr_line' id='line_1_118' title="bbox 1881 5577 3458 5658; baseline 0.006 -27"><span class='ocrx_word' id='word_1_912' title='bbox 1881 5578 1966 5631; x_wconf 71' lang='lat' dir='ltr'><strong>tia:</strong></span> <span class='ocrx_word' id='word_1_913' title='bbox 1992 5579 2099 5646; x_wconf 86' lang='lat' dir='ltr'><strong>jam</strong></span> <span class='ocrx_word' id='word_1_914' title='bbox 2131 5577 2376 5642; x_wconf 82' lang='lat' dir='ltr'><strong>duceret,</strong></span> <span class='ocrx_word' id='word_1_915' title='bbox 2410 5580 2523 5634; x_wconf 86' lang='lat' dir='ltr'><strong>sive</strong></span> <span class='ocrx_word' id='word_1_916' title='bbox 2553 5593 2724 5633; x_wconf 88' lang='lat' dir='ltr'><strong>annos</strong></span> <span class='ocrx_word' id='word_1_917' title='bbox 2755 5593 2911 5635; x_wconf 83' lang='lat' dir='ltr'><strong>natus</strong></span> <span class='ocrx_word' id='word_1_918' title='bbox 2955 5597 3099 5641; x_wconf 88' lang='lat' dir='ltr'><strong>esset</strong></span> <span class='ocrx_word' id='word_1_919' title='bbox 3139 5586 3323 5658; x_wconf 79' lang='lat' dir='ltr'><strong>viginti</strong></span> <span class='ocrx_word' id='word_1_920' title='bbox 3367 5602 3458 5640; x_wconf 84' lang='lat' dir='ltr'><strong>se-</strong></span> 
     </span>
    </p>
   </div>
   <div class='ocr_carea' id='block_1_119' title="bbox 1885 5670 3463 5746">
    <p class='ocr_par' dir='ltr' id='par_1_119' title="bbox 1885 5670 3463 5746">
     <span class='ocr_line' id='line_1_119' title="bbox 1885 5670 3463 5746; baseline 0.001 -19"><span class='ocrx_word' id='word_1_921' title='bbox 1885 5684 2024 5746; x_wconf 86' lang='lat' dir='ltr'><strong>ptem</strong></span> <span class='ocrx_word' id='word_1_922' title='bbox 2058 5690 2070 5727; x_wconf 89' lang='lat'><strong>:</strong></span> <span class='ocrx_word' id='word_1_923' title='bbox 2098 5672 2147 5728; x_wconf 86' lang='lat' dir='ltr'><strong>id</strong></span> <span class='ocrx_word' id='word_1_924' title='bbox 2176 5670 2315 5743; x_wconf 88' lang='lat' dir='ltr'><strong>quod</strong></span> <span class='ocrx_word' id='word_1_925' title='bbox 2358 5672 2491 5729; x_wconf 83' lang='lat' dir='ltr'><strong>adeo</strong></span> <span class='ocrx_word' id='word_1_926' title='bbox 2518 5674 2569 5728; x_wconf 92' lang='lat' dir='ltr'><strong>in</strong></span> <span class='ocrx_word' id='word_1_927' title='bbox 2596 5675 2968 5743; x_wconf 81' lang='lat' dir='ltr'><strong>supputatione</strong></span> <span class='ocrx_word' id='word_1_928' title='bbox 2996 5678 3093 5735; x_wconf 89' lang='lat' dir='ltr'><strong>hac</strong></span> <span class='ocrx_word' id='word_1_929' title='bbox 3120 5689 3298 5734; x_wconf 90' lang='lat' dir='ltr'><strong>nostra</strong></span> <span class='ocrx_word' id='word_1_930' title='bbox 3318 5688 3463 5731; x_wconf 80' lang='lat' dir='ltr'><strong>recte</strong></span> 
     </span>
    </p>
   </div>
  </div>
