4048 6192
541 291 600 345 Π
1814 277 1868 330 S.
1909 267 2276 326 :llliRONYill
2324 269 2351 319 Χ
2368 267 2501 319 IT.\.
3743 276 3814 328 ί,

542 405 728 466 habet,
775 410 830 458 ιιι
874 402 986 458 fere
1029 417 1091 457 ex
1135 401 1235 455 hoc
1275 411 1378 453 uno
1413 392 1717 450 testimonio
1748 402 1924 450 verus,
1957 399 2114 455 quem

540 499 796 566 diximus,
844 497 1033 551 natalis
1078 494 1196 564 ejus
1243 505 1414 544 annus
1458 490 1566 559 jam
1610 493 1839 540 constet.
1892 481 1957 534 Et
1989 489 2118 531 vero

541 590 732 645 iisdem
767 588 922 658 plane
948 583 1124 638 verbis
1152 595 1280 636 usus
1307 589 1389 635 est
1411 589 1627 634 artatetn
1648 571 1994 644 Imperatoris
2015 569 2118 621 Va-

548 679 848 739 lentiniani,
898 691 1017 729 cum
1069 683 1298 728 mortem
1340 672 1586 742 oppetiit,
1619 676 1918 728 notaturus,
1948 662 2118 732 Epist.

541 770 654 827 LX.
687 769 800 822 sive
845 766 1128 839 Epitapltio
1155 764 1462 834 Nepotiani,
1498 761 1821 824 Adolescens,
1856 754 2118 825 inquiens,

554 858 952 921 Valentinianus,
1007 865 1054 908 et
1083 869 1208 925 pene
1246 852 1405 916 Puer,
1456 860 1567 921 post
1609 850 1802 919 fugam,
1846 854 1956 914 post
1993 841 2125 895 easi-

543 951 632 1002 lia.
663 985 676 1000 .
707 989 719 1003 .
751 987 763 999 .
819 955 1027 998 necatus
1055 957 1146 999 est.
1181 945 1402 999 Constat
1432 943 1574 997 enim
1604 941 1670 994 ab
1701 939 1913 992 illorum
1956 934 2125 987 histo-

539 1042 633 1095 riis
664 1050 989 1108 temporum,
1023 1053 1144 1092 eum
1178 1046 1302 1090 tunc
1346 1050 1544 1088 annum
1592 1042 1802 1086 sextum
1842 1042 2000 1096 supra
2041 1024 2122 1076 vi-

541 1134 805 1200 gesimum
847 1131 1044 1200 egisse,
1090 1138 1167 1182 tot
1213 1127 1484 1187 nimirum,
1514 1135 1601 1177 aut
1631 1138 1739 1176 uno
1770 1120 1966 1182 minus,
1997 1122 2127 1185 quot

541 1227 610 1279 tle
635 1240 695 1278 se
727 1225 842 1293 ipse
873 1225 1096 1291 laqueus
1123 1221 1379 1274 indicarat
1409 1235 1423 1273 :
1455 1231 1627 1286 neque
1646 1217 1788 1270 enim
1819 1211 2124 1265 verosimile

541 1326 649 1380 est,
698 1330 822 1369 eum
873 1313 1059 1368 iisdem
1091 1313 1267 1366 verbis
1299 1310 1403 1363 alio
1429 1305 1727 1378 significatu
1761 1307 1828 1359 de
1854 1319 1933 1365 se,
1966 1310 2126 1369 atque

541 1406 662 1460 aliis
703 1421 877 1459 usum.
910 1405 1106 1459 Eadem
1138 1402 1308 1458 ferme
1333 1414 1597 1455 annorum
1627 1386 1831 1452 notatio
1861 1403 1964 1458 est,
2002 1408 2123 1447 cum

540 1510 600 1549 se
632 1502 946 1556 ιποκαιςικῶς
990 1492 1421 1548 adolescentulum
1462 1498 1640 1555 vocat,
1689 1486 1806 1541 Lib.
1850 1485 1890 1538 l.
1938 1491 2124 1538 contra

541 1586 810 1641 Joviniau.
838 1600 956 1654 cap.
982 1585 1074 1651 36,
1104 1584 1230 1639 Cum
1265 1583 1374 1652 ipse
1412 1579 1817 1633 adolescentulus
1864 1576 1916 1629 in
1957 1573 2126 1628 Gallia

542 1680 752 1732 viderim
785 1679 1050 1740 Atticotos,
1081 1685 1278 1745 gentem
1320 1672 1691 1734 Britannicam,
1723 1667 1957 1722 humanis
1996 1665 2127 1717 vesci

543 1771 799 1822 carnibus.
846 1767 1106 1835 Quartum
1130 1775 1222 1819 aut
1252 1764 1514 1834 quintum,
1546 1772 1603 1814 ut
1631 1775 1696 1814 ex
1722 1757 1960 1812 dicendis
1988 1753 2125 1808 infe~

546 1861 660 1913 rius
685 1857 974 1924 constabit,
1003 1871 1034 1910 a
1061 1856 1322 1926 vigesimo
1343 1868 1540 1907 annum
1565 1860 1691 1905 tunc
1717 1846 2122 1919 agebateEpist.

545 1949 708 2004 CXX.
737 1949 805 2003 ad
835 1949 1133 2013 llcdibiam,
1167 1945 1393 2015 Majores
1434 1945 1508 1997 ιιιί
1551 1942 1759 2008 Patera,
1805 1950 1955 2008 atque
2001 1937 2140 1991 Del-

550 2040 775 2110 phidius,
807 2055 1020 2110 quorum
1047 2038 1174 2090 alter
1200 2046 1467 2104 antequam
1495 2050 1586 2105 ego
1612 2048 1864 2095 nascerer,
1893 2029 2128 2083 Rhetori-

547 2147 660 2186 cmn
696 2131 869 2184 flama:
897 2129 1066 2181 docuit
1091 2143 1109 2180 :
1136 2127 1286 2190 alter,
1313 2142 1390 2178 me
1401 2126 1518 2195 jam
1542 2121 1932 2182 adolescentulo,
1957 2134 2129 2172 omnes

550 2221 747 2276 Callias
794 2236 944 2290 prosa
993 2233 1238 2286 versuque
1265 2233 1356 2270 suo
1387 2217 1654 2270 illustravit
1681 2213 1900 2283 ingenio.
1951 2209 2128 2278 Quan-

550 2329 706 2383 quam
730 2299 999 2368 movitltic
1031 2311 1178 2364 locus
1206 2309 1484 2378 plurimos,
1515 2307 1602 2375 qui
1632 2320 1752 2358 cum
1788 2306 1838 2356 in
1864 2301 2130 2357 Chronico

550 2407 788 2472 legerent
827 2402 892 2456 ad
952 2415 1148 2454 annum
1188 2397 1386 2452 Christi
1417 2398 1522 2453 553
1551 2393 1886 2464 Delpliidiutn
1921 2391 2128 2455 referri,

553 2495 960 2564 Hieronymum,
991 2491 1079 2558 qni
1111 2500 1236 2544 tunc
1261 2491 1420 2544 etiam
1449 2491 1500 2541 itt
1530 2486 1795 2541 sententia
1823 2483 1924 2537 hac
1948 2491 2128 2535 nostra

552 2603 722 2640 annos
770 2585 954 2640 decem
999 2591 1058 2638 ut
1083 2599 1350 2639 sumntum
1380 2590 1582 2651 ageret,
1617 2579 1787 2634 solido
1827 2577 2002 2630 adhuc
2031 2575 2131 2628 dc-

555 2677 751 2732 ecnnio
775 2677 843 2732 ab
864 2676 1241 2731 adolescentiae
1265 2674 1426 2729 ittitiis
1451 2674 1647 2727 distare
1668 2677 2129 2741 argumentantur.

553 2769 657 2824 Sed
683 2769 786 2822 alia
815 2768 866 2822 itt
895 2766 1166 2822 Chronico
1196 2764 1486 2820 notationis
1517 2763 1634 2832 eius
1673 2771 1758 2817 est
1797 2764 1933 2814 ratio
1978 2778 1991 2814 :
2036 2773 2130 2813 ne-

554 2875 660 2929 que
700 2860 844 2914 enim
889 2873 994 2928 quo
1043 2868 1284 2927 tempore
1333 2854 1646 2925 Delphidius
1675 2852 1878 2908 Gallias
1904 2851 2135 2905 nominis

555 2954 635 3006 sui
666 2962 822 3022 atque
851 2966 1074 3021 operum
1114 2952 1225 3020 jam
1255 2949 1588 3017 impleverat,
1617 2944 1712 3000 sed
1757 2958 1864 3014 quo
1907 2943 2137 3012 primum

557 3061 698 3100 anno
729 3046 921 3099 florere
953 3043 1140 3113 carpit,
1171 3043 1238 3097 de
1269 3057 1418 3096 more
1445 3042 1753 3094 adnotatum
1799 3039 1871 3094 ibi
1905 3047 1988 3092 est
2029 3054 2043 3091 :
2086 3035 2137 3089 id

559 3137 699 3208 quod
729 3138 848 3192 aliis
878 3151 940 3190 ac
967 3137 1078 3191 fere
1125 3134 1400 3204 perpetuis
1441 3133 1701 3201 exemplis
1743 3129 2134 3194 demonstrare,

559 3231 604 3285 si
637 3244 723 3284 res
763 3227 914 3292 ferat,
951 3228 1004 3281 in
1045 3236 1292 3296 promptu
1332 3232 1494 3280 esset.
1528 3224 1695 3277 Porro
1724 3222 1846 3290 quis
1873 3234 1979 3274 non
2006 3233 2138 3272 con-

560 3333 876 3375 sentaneum
922 3332 1042 3373 esse
1087 3316 1370 3385 intelligat,
1402 3323 1524 3384 post
1552 3314 1778 3367 alterum
1811 3312 1998 3365 saltem
2040 3309 2136 3364 de.

562 3411 810 3466 cennintu
841 3417 894 3463 et
921 3407 1062 3477 quod
1093 3407 1350 3471 excurrit,
1381 3405 1446 3458 ad
1479 3413 1675 3459 tantam
1698 3405 1847 3460 fama:
1868 3402 2144 3458 celebrita-

566 3511 694 3560 tem,
713 3499 868 3552 novis
891 3496 1118 3551 subinde
1139 3494 1648 3558 elucubrationibus,
1675 3494 1886 3548 demum
1911 3495 2140 3558 venisse,

567 3598 625 3642 ιιι
651 3604 775 3642 vere
801 3585 1000 3641 dixerit
1041 3585 1097 3640 S.
1143 3584 1324 3647 Pater,
1353 3598 1412 3638 se
1439 3583 1860 3649 adolescentulo,
1897 3597 2019 3638 eunt
2065 3584 2146 3636 in—

566 3680 726 3749 genio
751 3692 848 3732 suo
879 3676 1078 3732 Gallias
1106 3676 1424 3730 illustrasse.
1453 3673 1559 3729 Nec
1584 3650 1885 3744 quenipiam
1915 3683 2142 3738 moveat,

567 3768 709 3839 quod
756 3767 1028 3822 Blesillam
1079 3766 1129 3818 in
1179 3765 1347 3835 Epist.
1395 3763 1640 3820 XXXIX.
1689 3765 1864 3834 viginti
1900 3780 2145 3817 annorum

568 3859 996 3915 adolescentulam
1021 3858 1174 3922 dixit,
1207 3873 1363 3927 quant
1393 3857 1623 3927 puellam
1653 3872 1713 3911 ea
1741 3856 1808 3910 de.
1833 3871 2016 3910 Cau~sa
2042 3854 2148 3908 for-

572 3963 712 4005 tasse
759 3949 1038 4019 appellari,
1088 3951 1206 4016 quis
1256 3947 1563 4010 maluisset;
1615 3961 1735 3998 nam
1780 3946 1870 4000 ubi
1914 3945 2144 4016 sequiori

570 4043 754 4112 generi
777 4052 1024 4110 aptantur
1041 4039 1300 4108 ejusmodi
1328 4036 1591 4103 formulae,
1609 4053 1712 4091 non
1735 4037 1976 4092 eamdem
1997 4038 2148 4106 plane

572 4134 679 4187 vim
707 4131 1152 4200 connnodamque
1194 4116 1394 4184 habent
1416 4128 1881 4198 significationem.
1913 4128 2149 4197 Denique

573 4227 703 4280 satis
728 4234 971 4295 apparet,
1006 4239 1163 4292 quam
1193 4222 1306 4291 ipse
1336 4220 1492 4284 bene,
1538 4220 1687 4290 juxta
1724 4235 1841 4275 eam
1887 4221 2146 4290 regulam,

573 4317 824 4384 gradibus
850 4326 1064 4369 tctatutn
1095 4314 1383 4377 insisteret,
1412 4313 1497 4368 ubi
1529 4326 1586 4368 se
1610 4314 1662 4366 in
1681 4313 2042 4374 adolescentia,
2068 4311 2149 4364 vel

574 4408 940 4460 adolescentem
977 4405 1220 4460 absolute
1264 4405 1518 4466 nominat,
1549 4418 1682 4473 quos
1714 4403 1969 4457 terminos
2001 4401 2147 4454 licuit

579 4499 645 4551 ad
689 4497 1152 4566 quadragesimum
1197 4511 1362 4566 usque
1403 4511 1599 4549 annum
1645 4493 1960 4563 producere.
1991 4492 2152 4546 Cont-

555 4586 846 4664 incntario
891 4585 1027 4640 Xlll.
1075 4585 1127 4639 itt
1169 4586 1431 4640 Ezechiel.
1462 4599 1579 4652 cap.
1609 4585 1698 4638 44.
1727 4586 1897 4653 Super
1923 4600 2046 4651 qua,
2077 4584 2152 4637 ait

578 4676 970 4750 quwstiuncula,
1006 4675 1180 4729 Roma:
1204 4675 1467 4728 aduersum
1497 4673 1810 4741 Helvidium,
1843 4675 1982 4728 illius
2029 4685 2153 4728 tent-

580 4771 718 4842 poris
762 4768 1073 4832 hccreticum,
1118 4767 1171 4819 in
1217 4765 1552 4819 adolescentia
1579 4781 1678 4818 non
1707 4767 1947 4836 grandem
1976 4764 2158 4818 librum

581 4860 845 4934 scripsisse
900 4873 978 4911 me
1033 4855 1168 4911 novi.
1237 4854 1365 4908 Erat
1413 4855 1689 4908 enimvero
1735 4863 1858 4908 tunc
1897 4870 2156 4907 annorum

585 4945 764 5007 termc'
793 4950 886 5016 37,
935 4946 1199 5018 siquidem
1243 4960 1407 5009 anno,
1437 4954 1494 4998 ttt
1519 4960 1616 4999 suo
1645 4946 1762 4999 loco
1793 4944 2156 5010 ostendemus,

581 5045 706 5106 583,
756 5043 843 5096 ille
881 5039 1215 5108 conscriptus
1251 5046 1336 5092 est
1375 5037 1532 5091 liber.
1581 5036 1700 5092 Alia
1736 5036 1785 5092 id
1813 5051 1980 5106 genus
2007 5037 2158 5090 testi-

583 5135 760 5189 monia
810 5131 1166 5203 praeterimus,
1195 5144 1314 5198 qua:
1342 5128 1396 5182 itt
1424 5136 1602 5182 nostra
1635 5127 1850 5197 quidem
1881 5125 2160 5196 hypotltesi

587 5227 789 5296 optime
833 5225 1010 5278 omnia
1059 5217 1404 5284 conveniunt,
1453 5220 1833 5290 colncrentque
1884 5219 2023 5272 inter
2051 5231 2153 5272 se:

583 5320 733 5387 juxta
774 5316 908 5368 alios
949 5323 1127 5368 autem
1170 5328 1377 5379 omnes,
1421 5311 1509 5382 qui
1541 5310 1874 5380 Prospcriani
1904 5307 2154 5364 Chronici

592 5408 832 5463 rationes
856 5415 1055 5464 amant.
1089 5419 1260 5474 neque
1285 5405 1526 5474 intelligi,
1557 5419 1728 5474 neque
1756 5400 2015 5470 explicari
2045 5399 2154 5453 ullo

593 5495 756 5551 modo
797 5502 1038 5560 possunt.
1067 5492 1400 5560 Singularcm
1451 5495 1611 5549 modo
1637 5493 2154 5547 animadversionmn

592 5584 858 5649 adjiciam,
889 5594 992 5646 qua
1020 5580 1274 5634 hactenus
1293 5582 1554 5653 disputata
1583 5583 1807 5637 Solidius
1827 5581 2156 5637 constituan-

597 5687 684 5730 tur
745 5668 1060 5725 l’ra'fatiunc
1102 5667 1476 5727 Cummcntarii
1520 5675 1573 5727 in
1625 5673 1844 5727 .‘tlitliatn
1879 5673 2158 5743 profitetur

2317 379 2489 441 Pater,
2520 378 2645 431 olint
2675 395 2750 441 se,
2780 382 2869 451 qui
2903 384 3110 435 necdum
3139 384 3206 437 ad
3230 394 3426 438 etatem
3458 387 3668 455 perfecti
3690 390 3812 454 viri,

2226 479 2271 522 et
2300 471 2353 524 in
2379 487 2666 524 mensuram
2695 472 2882 526 Christi
2911 485 3150 541 venerat,
3179 478 3230 529 in
3261 478 3602 532 adolescentia
3634 499 3815 543 proco-

2227 570 2395 615 catum
2438 564 2621 618 ardore
2662 575 2708 618 et
2753 566 2922 620 studio
2963 569 3346 638 Scripturarum
3390 571 3533 627 hunc
3557 575 3812 631 eumdem

2231 651 2542 719 PrOphetam
2578 655 2745 712 fuisse
2776 659 3045 728 allegorice
3083 661 3483 730 interpretatum.
3517 665 3662 732 Παῖς,
3691 684 3814 737 qua:

2229 755 2283 798 et
2314 747 2536 802 minime
2562 758 2771 802 mtatcm
2822 752 2942 804 tulit
2987 753 3282 822 Expositio,
3321 756 3552 811 Auctore
3586 756 3654 810 ab
3693 759 3816 828 ipso

2234 837 2531 904 repudiata,
2579 839 2642 892 ad
2687 855 2882 894 annum
2930 845 3179 910 pertinet,
3222 855 3279 898 ut
3320 847 3452 901 alias
3479 848 3813 904 declaratum

2228 936 2329 988 est,
2363 939 2523 996 atque
2568 930 2704 983 infra
2753 933 3087 987 manifestius
3127 937 3414 1004 c0ttstabit,
3448 940 3552 995 574
3579 951 3670 996 aut
3717 960 3814 998 se-

2231 1028 2506 1086 quentem,
2553 1036 2659 1090 quo
2701 1031 2943 1092 tempore
2986 1025 3052 1078 dc
3095 1042 3152 1080 se
3196 1028 3371 1097 prodit
3403 1031 3536 1098 ipse,
3570 1034 3809 1089 nandum

2231 1110 2297 1161 ad
2339 1121 2548 1164 a:tatcm
2594 1117 2886 1182 perfectam
2936 1118 3278 1185 plenitudinis
3323 1121 3521 1178 Christi
3570 1127 3805 1181 venisse.

2229 1201 2383 1255 /Etas
2413 1212 2588 1258 autem
2621 1204 2817 1260 Christi
2852 1210 3084 1277 perlecta
3120 1213 3329 1279 triginta
3351 1229 3611 1270 annorum
3634 1191 3828 1286 spatior

2229 1295 2552 1359 continetur,
2605 1297 2718 1365 ipso
2760 1298 3086 1370 Hieronymo
3128 1304 3209 1357 sui
3254 1319 3445 1360 sensus
3495 1312 3809 1382 interprete,

2229 1384 2316 1452 qtti
2367 1385 2534 1453 Epist.
2587 1386 2844 1443 LXXXII.
2873 1391 2938 1444 ad
2969 1392 3344 1462 TlteOpltilunt,
3383 1413 3479 1466 pro
3513 1399 3678 1455 fratre
3709 1419 3813 1459 suo

2231 1476 2542 1532 l’auliniano
2589 1479 2882 1547 disserens,
2913 1485 3063 1552 cujus
3099 1496 3471 1552 przcmatnram
3503 1493 3804 1550 ordinatio-

2231 1583 2350 1620 nem
2376 1567 2610 1624 Joannes
2637 1573 3007 1638 caussabatur,
3041 1574 3216 1643 ditas,
3248 1578 3438 1648 inquit,
3471 1585 3580 1651 ejus
3611 1595 3659 1638 et
3685 1585 3813 1642 Bea-

2229 1659 2435 1712 titudim’
2458 1668 2558 1713 tua:
2580 1670 2699 1714 nota
2725 1672 2819 1725 est,
2845 1674 2890 1716 et
2913 1681 3065 1734 quam
3094 1668 3162 1719 ad
3186 1669 3394 1739 triginta
3417 1689 3667 1729 annorum
3691 1695 3813 1748 spa-

2229 1749 2299 1799 tia
2317 1749 2430 1817 jam
2456 1752 2754 1818 pervenerit,
2786 1763 2908 1822 puto
2935 1770 3044 1808 eam
3069 1757 3123 1810 in
3150 1758 3244 1812 hoc
3271 1776 3372 1815 non
3403 1779 3509 1817 esse
3534 1767 3812 1834 reprehen-

2229 1838 2466 1906 dendam,
2523 1857 2637 1910 qua:
2669 1843 2823 1913 juxta
2867 1849 3159 1916 mysterium
3201 1853 3446 1922 assuntpti
3489 1854 3708 1910 hominis
3757 1860 3812 1912 in

2228 1927 2426 1984 Christo
2451 1935 2676 2003 perfecta
2701 1943 2794 1988 est.
2823 1934 2880 1990 Si
2907 1952 3034 2005 ergo
3067 1939 3299 1993 nondum
3327 1944 3439 2010 ipse
3459 1945 3524 1997 ad
3549 1961 3665 1999 catn
3689 1958 3813 2002 mta-

2229 2028 2359 2086 tem,
2411 2022 2525 2076 sive
2557 2022 2623 2076 ad
2649 2038 2820 2079 annos
2849 2027 3070 2095 triginta
3103 2041 3442 2098 pertenerat,
3470 2050 3591 2090 eum
3630 2040 3811 2108 speci-

2231 2126 2353 2165 men
2383 2112 2510 2166 illud
2538 2112 2923 2170 Continenzarii
2956 2119 3006 2170 in
3031 2120 3253 2174 Alsdiam
3278 2124 3510 2191 scripsit,
3535 2128 3645 2182 sive
3667 2145 3812 2184 anno

2231 2207 2355 2274 574,
2397 2207 2505 2276 jam
2539 2216 2681 2277 patet
2711 2209 2827 2263 luce
2870 2211 3160 2267 meridiana
3205 2214 3421 2280 clarius,
3452 2217 3668 2275 minime
3695 2222 3816 2290 ejus

2231 2311 2405 2352 ortum
2463 2315 2619 2368 posse
2653 2301 2832 2366 altius,
2874 2319 3030 2372 quam
3061 2305 3128 2359 ab
3152 2320 3293 2362 anno
3320 2309 3424 2364 545
3454 2315 3712 2367 revocari.
3742 2315 3815 2372 Ut

2231 2405 2358 2443 vero
2385 2390 2448 2443 ad
2482 2391 2846 2461 insequentem
2879 2396 3120 2463 proxime
3145 2397 3248 2453 546
3290 2399 3583 2466 differatur,
3614 2413 3668 2458 ct
3693 2421 3814 2474 qua:

2233 2481 2476 2550 superius
2520 2481 2786 2552 disputata
2830 2497 2975 2551 sunt,
3023 2485 3178 2542 facile
3217 2490 3461 2554 suadent,
3505 2503 3558 2547 et
3587 2495 3816 2553 laudata.-

2237 2573 2506 2642 ltujustnct
2554 2575 2886 2632 Praefationis
2928 2580 2978 2632 in
3013 2579 3236 2634 Abdiam
3269 2583 3416 2638 locus
3447 2585 3562 2651 illc,
3592 2588 3682 2641 ubi
3713 2605 3815 2659 ap-

2236 2665 2396 2733 pellat
2423 2680 2479 2719 se
2501 2665 2742 2732 Puerum,
2761 2683 2864 2737 quo
2889 2670 3148 2724 vocabulo
3172 2671 3379 2726 videtur
3399 2675 3654 2742 voluisse,
3669 2679 3816 2747 quod

2236 2755 2395 2825 paulo
2419 2767 2542 2810 ante
2567 2756 2774 2811 dixerat
2801 2760 2850 2811 in
2882 2759 3248 2827 Adolescentia,
3281 2773 3712 2834 contemperare,
3761 2778 3819 2823 ut

2237 2859 2308 2900 sc.
2326 2845 2484 2914 hujus
2507 2847 2680 2900 :etatis
2713 2847 2859 2901 initia
2892 2851 3069 2918 potius
3099 2865 3256 2920 quam
3287 2853 3521 2907 medium
3553 2870 3738 2926 agere,
3763 2867 3821 2913 ct

2239 2953 2344 2990 non
2372 2939 2561 3008 exiguo
2610 2939 2894 2994 admodum
2927 2943 2993 2996 ab
3036 2942 3104 2997 50
3151 2945 3305 2998 annis
3349 2947 3520 3014 spatio
3569 2958 3696 3003 tunc
3720 2949 3820 3004 ab-

2240 3027 2424 3096 fuisse,
2454 3029 2794 3098 significaret.

2313 3121 2400 3176 Ill.
2436 3122 2508 3176 De
2535 3122 2748 3178 nomine
2772 3124 2930 3188 etiam
2958 3124 3013 3180 S.
3045 3126 3235 3193 Patris,
3261 3136 3404 3183 utne
3427 3128 3551 3198 qttid
3573 3130 3823 3200 disputa-

2220 3212 2475 3266 .tionibus
2503 3213 2554 3267 in
2585 3222 2865 3285 utramque
2895 3226 3095 3284 partem
3123 3217 3366 3286 deesset,
3409 3221 3548 3275 inter
3581 3222 3825 3279 ecuditos

2242 3314 2769 3361 controversumest.
2808 3306 3167 3378 Hieronymus,
3200 3311 3338 3378 quod
3369 3321 3483 3365 erat
3521 3313 3594 3366 illi
3620 3328 3824 3383 cogno-

2243 3405 2505 3473 mentum,
2535 3397 2654 3450 aliis
2680 3412 2799 3451 cum
2832 3397 3066 3452 Victorio
3091 3414 3297 3452 sacram
3331 3399 3502 3469 legem
3523 3402 3789 3472 significat
3812 3425 3825 3459 :

2244 3486 2363 3540 aliis
2389 3503 2511 3542 cum
2544 3487 2788 3552 Erasmo,
2819 3487 2976 3555 idque
3007 3487 3171 3540 multo
3202 3489 3402 3552 verius,
3431 3493 3570 3544 sacri
3594 3495 3831 3549 nominis

2245 3579 2678 3650 appellationem.
2701 3579 2945 3633 Eusebius
2967 3579 3132 3650 (quod
3153 3579 3314 3633 fuisse
3333 3581 3468 3647 patri
3486 3596 3585 3636 suo
3607 3601 3830 3652 nomen,

2246 3669 2478 3724 declarat
2507 3671 2617 3740 ipse
2652 3669 2717 3724 dc
2757 3684 2814 3724 se
2853 3671 3075 3740 loquens
3115 3671 3168 3724 in
3209 3669 3460 3742 Catalogo
3491 3671 3829 3742 Scriptorum

2249 3761 2552 3823 illustrium,
2586 3776 2749 3830 seque
2778 3761 2846 3814 ab
2871 3761 2961 3815 illo
2987 3762 3282 3830 accepisse,
3308 3763 3420 3832 ipsa
3447 3765 3724 3819 nominum
3751 3782 3833 3820 ra-

2250 3853 2343 3917 tio,
2363 3863 2410 3906 et
2429 3853 2601 3922 gentis
2621 3853 2852 3922 antiqua:
2877 3853 3206 3907 consuetudo
3225 3855 3567 3926 persuadent)
3588 3857 3827 3926 fuerunt,

2249 3952 2407 4012 atque
2432 3940 2566 3996 adeo
2597 3951 2719 3995 sunt
2757 3943 3033 4006 nonnulli,
3061 3943 3165 4012 qui
3205 3947 3416 4013 penitus
3457 3951 3724 4002 removeri
3767 3952 3834 4004 ab

2251 4034 2576 4104 Hieronymo
2604 4033 2802 4088 velint:
2833 4034 2944 4100 alii,
2971 4049 3195 4102 quorum
3218 4034 3287 4089 de
3317 4051 3540 4089 numero
3563 4035 3835 4106 Menagius

2250 4123 2315 4177 ad
2346 4123 2638 4189 Lacrtium,
2669 4124 2759 4193 qui
2801 4138 2869 4177 cx
2914 4123 3115 4194 aliquot
3141 4123 3497 4180 thsarecnsis
3526 4126 3745 4182 Eusebii
3776 4130 3837 4182 li-

2253 4216 2471 4271 brorum
2504 4217 2938 4285 interpretatione
2964 4217 3032 4272 de
3063 4217 3249 4272 Graeco
3279 4219 3329 4271 in
3356 4217 3602 4272 Latinum
3623 4220 3690 4273 ab
3722 4220 3836 4290 ipso

2253 4309 2527 4372 adornata,
2559 4308 2805 4376 adeptum
2831 4309 2929 4360 sibi
2973 4307 3313 4363 contendant.
3345 4308 3442 4373 Qui
3485 4309 3734 4377 quidem,
3783 4320 3840 4364 ut

2255 4401 2382 4454 alias
2409 4399 2660 4464 diximus,
2692 4401 2872 4467 nugari
2903 4402 3096 4469 potius,
3130 4415 3286 4468 quam
3315 4401 3456 4452 serio
3479 4400 3657 4454 dicere
3680 4401 3842 4455 nobis

2256 4491 2521 4545 videntur.
2554 4487 2660 4544 Sed
2688 4500 2740 4543 et
2768 4489 2910 4544 aliud
2937 4491 3202 4544 invenitur
3231 4491 3281 4544 itt
3303 4491 3532 4559 antiquis
3564 4489 3715 4544 libris
3745 4492 3836 4544 ad-

2257 4580 2422 4634 ditum
2457 4579 2530 4634 illi
2583 4579 2695 4632 sive
2733 4594 2956 4641 nomen,
3001 4579 3110 4632 sive
3141 4595 3443 4646 pracnotncn
3475 4580 3801 4647 Sophronias
3824 4623 3842 4647 ,

2259 4672 2328 4727 de
2356 4688 2460 4742 quo
2483 4712 2498 4738 ,
2529 4679 2586 4726 ut
2629 4671 2785 4740 paulo
2814 4671 3066 4724 attentius
3096 4670 3449 4739 disquiramns
3472 4711 3485 4734 ,
3528 4669 3687 4739 digna
3730 4672 3840 4724 visa

2260 4779 2348 4818 res
2371 4771 2474 4818 est.
2504 4760 2840 4816 Martianznns
2869 4760 3081 4830 quidem
3111 4771 3459 4828 pratnutatum
3493 4760 3543 4814 itt
3575 4775 3680 4813 uno
3702 4761 3842 4815 alte-

2264 4871 2429 4927 roque
2458 4871 2522 4909 cx
2545 4855 2608 4908 iis
2633 4863 2835 4907 tantum
2860 4853 3009 4906 libris
3037 4853 3259 4919 invenit,
3297 4852 3384 4922 qui
3409 4851 3544 4905 falso
3569 4851 3840 4906 adtributa

2264 4947 2320 5003 S.
2365 4946 2504 5000 Patri
2544 4959 2705 5014 opera
2745 4943 2985 5012 qua'dam
3025 4941 3307 5008 exhibent,
3349 4957 3520 5011 neque
3547 4941 3682 4995 adeo
3713 4945 3845 4997 satis

2263 5053 2446 5094 eorum
2469 5051 2590 5090 esse
2610 5033 2972 5090 testimonium
2994 5035 3057 5088 ad
3083 5032 3371 5088 faciendam
3397 5035 3471 5088 rei
3497 5033 3676 5097 fidem,
3695 5035 3844 5088 cxis-

2269 5130 2494 5184 l'ttnavil.
2522 5125 2686 5180 Nobis
2709 5125 2928 5179 meliore
2953 5125 3026 5177 nti
3047 5124 3252 5179 fortuna
3275 5124 3518 5193 contigit,
3546 5124 3633 5193 qui
3657 5125 3845 5194 genui-

2267 5223 2564 5289 nisquoque
2591 5217 2930 5270 monimentis
2950 5217 3255 5285 inscriptum
3284 5216 3603 5278 invenimus,
3634 5225 3846 5270 tamen-

2265 5311 2389 5376 etsi,
2439 5319 2494 5363 ut
2521 5308 2650 5362 nihil
2680 5307 3108 5370 dissimulentus,
3153 5308 3202 5361 itt
3235 5305 3506 5360 codicibus
3542 5322 3646 5358 non
3677 5320 3847 5376 usque

2267 5403 2400 5458 adeo
2428 5401 2668 5462 vetustis.
2698 5409 2753 5454 et
2779 5401 2867 5468 qui
2891 5399 3281 5461 duodecimitm,
3308 5408 3358 5451 ut
3383 5398 3652 5467 coitjicere
3671 5400 3848 5467 licuit,

2266 5492 2518 5549 saeculum
2547 5499 2957 5546 anteverterent.
2995 5495 3136 5545 Duos
3177 5489 3408 5560 possidet
3450 5491 3804 5549 Ambrosiana
3832 5537 3847 5558 ,

2265 5598 2385 5652 qnzc
2402 5581 2678 5637 Mediolani
2697 5592 2798 5646 est,
2829 5581 3175 5645 Bibliotheca,
3207 5596 3427 5650 quorum
3453 5580 3591 5638 alter
3619 5600 3853 5640 numero

2227 5739 2242 5758 ί
2266 5672 2336 5728 38
2360 5681 2698 5742 pI‘:I‘II0lﬂlllI',
2717 5673 3054 5742 contini-tque
3087 5672 3277 5727 librum
3314 5671 3593 5729 Nominum
3621 5673 3853 5736 Hebrai-
