4048 6192
285 209 355 266 IS
1567 242 1626 300 S.
1668 245 2044 313 lllEllONYMl
2085 257 2263 314 Vl-TA.
3323 289 3326 291 Α
3497 301 3557 358 Ν

283 343 492 401 corum,
512 338 699 406 quisic
727 343 1046 416 inscribitur,
1068 351 1274 410 Eusebii
1298 357 1576 430 Sophronii
1605 366 1867 443 Hierony-

283 423 373 488 mi,
403 425 525 482 licet
553 429 668 488 iure
701 437 997 510 Epigraphe
1022 448 1266 513 perbrevi
1297 451 1570 521 Epistolas,
1601 459 1666 514 de
1687 423 1866 526 for-niis

285 509 654 575 Hebraicarum
680 509 983 595 litterarum,
1015 509 1131 604 qua:
1164 539 1494 600 Prmlationis
1533 549 1583 602 in
1619 566 1742 606 eum
1771 555 1861 608 Li-

284 604 441 662 brum
471 610 639 667 vicem
664 621 825 686 gerit,
852 623 922 678 ab
946 627 1184 684 studioso
1210 636 1459 704 quopiam
1482 680 1496 703 ,
1545 657 1648 696 non
1680 645 1864 702 llicro-

283 711 462 766 nymo,
487 703 778 773 adornata,
801 729 959 783 quam
985 727 1038 772 et
1065 721 1187 778 huic
1207 703 1374 782 Tomo
1401 745 1498 785 nos
1519 735 1744 802 primmn
1767 739 1860 793 ad-

278 791 564 860 nectimus,
598 801 814 866 przelixa
845 807 1107 866 videatur.
1142 816 1372 872 Alterius
1400 832 1573 877 autem
1598 867 1612 888 ,
1655 829 1744 896 qui
1775 830 1863 884 Li-

278 875 403 896 .._.,,
472 881 487 896 ι
550 885 571 896 -
661 889 672 896 -
726 891 767 896 -

1598 875 1612 888 ,
1659 875 1744 896 η-.
1775 875 1857 884 ...κ

251 903 254 905 λ
277 875 429 932 hrum
453 881 521 936 de
549 885 703 943 Locis
725 891 904 949 Terra:
926 897 1134 956 Sancta:
1157 909 1411 975 continet,
1437 912 1857 976 luculentissima

273 965 552 1040 inscriptio
574 987 657 1032 est
683 980 986 1050 hujusmodi
1011 1005 1026 1042 :
1049 990 1241 1062 Incipit
1262 965 1492 1068 prtrfatio
1507 965 1725 1060 homini
1753 1008 1858 1063 Eu-

269 1060 393 1114 sebii
417 1065 702 1134 Sopltronii
724 1073 1026 1149 Hieronymi
1055 1084 1106 1136 in
1136 1060 1270 1140 libro
1297 1060 1566 1160 Locorum,
1595 1098 1657 1150 ab
1687 1060 1851 1153 Euse-

267 1150 351 1203 bio
382 1152 653 1226 Pamphili
680 1163 982 1224 Caesariensi
1013 1172 1267 1247 Episcopo
1309 1183 1450 1249 prius
1491 1150 1624 1239 edito
1658 1150 1856 1258 quidem

261 1239 315 1293 in
347 1241 532 1301 Graeco
552 1290 568 1314 ,
600 1254 688 1306 sed
731 1273 763 1308 α
802 1264 1012 1329 pi'efato
1046 1239 1358 1339 Hiero'tiyitio
1386 1239 1706 1341 postmodum
1736 1281 1856 1334 dili-

254 1335 471 1398 gentius
499 1338 553 1390 in
583 1338 818 1398 Latinum
842 1351 1026 1418 stylum
1051 1335 1314 1413 translato.
1337 1361 1454 1427 Quo
1472 1366 1687 1434 quidem
1713 1373 1859 1424 testi-

259 1425 456 1476 monio
484 1427 645 1483 facile
673 1434 928 1502 adducar,
963 1452 1020 1496 ut
1045 1447 1281 1514 credam,
1311 1450 1412 1507 hoc
1436 1469 1652 1524 quoque
1680 1461 1726 1512 ei
1759 1476 1855 1514 uo-

259 1526 383 1566 mcn
408 1513 576 1570 fuisse
595 1519 903 1588 Sophronia
919 1572 933 1594 ,
959 1533 1071 1587 sive
1096 1535 1223 1590 illud
1252 1540 1422 1596 infans
1439 1548 1705 1615 acceperit
1727 1550 1853 1617 ipsis

261 1601 332 1655 ab
351 1604 712 1677 incunabulis,
732 1615 844 1670 sive
861 1629 995 1686 post,
1011 1629 1272 1683 ciim’vita:
1287 1631 1649 1706 doctrinarque
1664 1643 1849 1696 merito

258 1693 520 1751 celebrari
555 1714 649 1768 per
676 1702 860 1759 orbem
891 1713 1072 1778 coepit.

330 1783 420 1839 IV.
449 1787 635 1857 lgitnr,
658 1803 712 1845 ut
730 1808 848 1863 qua:
872 1797 1028 1854 latius
1045 1803 1316 1874 disputare
1338 1809 1597 1870 hactenus
1623 1833 1843 1877 necesse

259 1875 376 1941 fuit,
416 1882 595 1947 paucis
624 1885 690 1939 ad
720 1886 852 1943 Vita:
872 1890 1240 1953 describenda:
1262 1903 1477 1959 modum
1505 1875 1835 1981 colligamus,

259 1965 521 2024 Eusebius
540 1972 874 2044 Sophronias
898 1981 1254 2058 Hieronymus
1277 1992 1545 2065 Stridonc,
1573 1965 1843 2070 quia

255 2067 342 2112 tas
369 2060 426 2116 in
454 2062 727 2123 Dalmatia:
755 2072 880 2126 olim
901 2075 1288 2152 Pannoniteque
1309 2090 1558 2157 confinio,
1590 2095 1654 2148 ad
1677 2096 1839 2154 halize

255 2151 435 2218 potius
459 2155 683 2214 limitem
713 2163 926 2220 videtur
954 2151 1295 2243 pertinuisse,
1322 2190 1468 2236 certe
1489 2186 1700 2254 quidem
1732 2205 1836 2246 non

253 2240 413 2311 longe
442 2247 508 2300 ab
539 2249 788 2320 Aquileia
816 2266 974 2327 atque
1004 2260 1260 2329 1Eumua,
1283 2240 1648 2332 nobilissimis

251 2333 492 2402 urbibus,
521 2341 731 2409 aberat,
758 2359 912 2404 natus
937 2363 1040 2416 est,
1071 2371 1210 2412 anno
1239 2361 1466 2429 Christi,
1513 2378 1569 2422 ut
1606 2372 1833 2442 videtur,

255 2432 639 2487 trecentesimo
665 2438 1082 2511 quadragesimo
1108 2458 1283 2516 sexto,
1313 2469 1509 2512 annum
1531 2460 1640 2529 jam
1670 2465 1834 2521 unde-

247 2517 448 2574 cimum
490 2523 884 2594 imperantibus
920 2533 1268 2608 Constantio,
1296 2552 1352 2599 et
1380 2517 1688 2616 Constante,
1722 2555 1831 2611 fra-

249 2608 424 2663 tribus
448 2613 729 2683 Augustis,
757 2623 1113 2696 eumdemque
1143 2630 1284 2687 Julio
1309 2635 1449 2706 Papa
1477 2608 1827 2701 Christianam

246 2701 629 2767 rempublicam
675 2707 1109 2772 administrante.
1167 2719 1421 2780 Parentes
1465 2744 1590 2785 suos
1641 2735 1827 2792 auibus

241 2785 566 2848 Christianze
606 2797 853 2868 religioni
895 2803 1175 2875 addictos,
1223 2812 1336 2882 ipse
1381 2833 1485 2872 non
1536 2836 1640 2875 uno
1684 2825 1822 2894 loco,

241 2881 474 2938 maxime
504 2901 632 2942 vero
661 2888 982 2950 Prmfatione
1007 2897 1058 2952 in
1079 2881 1269 2958 Jobum
1297 2907 1554 2966 allirmat:
1576 2928 1605 2966 a
1635 2918 1824 2983 quibus

239 2981 294 3024 et
322 2985 502 3030 sancte
528 2979 810 3037 educatum
841 3001 900 3041 se
929 2990 1124 3056 prodit.
1155 2994 1282 3052 Jure
1321 3001 1479 3055 etiam
1507 3005 1724 3075 colligas
1755 3025 1820 3064 ex

235 3063 409 3134 Epist.
443 3068 703 3128 LXXXII.
738 3076 819 3130 Ad
848 3077 1205 3151 Theophilum
1227 3105 1373 3144 num.
1396 3092 1451 3146 ε.
1493 3110 1586 3150 eos
1613 3063 1822 3154 :lrianis

232 3170 337 3223 per
358 3172 418 3211 ea
446 3159 561 3215 loca
586 3169 952 3232 grassantibus
974 3188 1244 3243 nunquam
1287 3182 1519 3236 animum
1547 3197 1638 3240 ant
1663 3203 1822 3244 aures

231 3250 696 3319 accommodasse,
726 3257 986 3327 siquidem
1013 3277 1075 3319 se
1093 3265 1160 3319 ab
1179 3267 1241 3320 iis
1270 3270 1530 3338 gloriatur
1568 3277 1631 3329 ab
1659 3278 1782 3343 ipsis
1801 3320 1815 3345 ,

233 3348 291 3389 ut
322 3339 394 3391 ita
421 3341 590 3396 dicam
610 3386 623 3406 ,
654 3345 975 3405 incunabulis
995 3357 1246 3411 catholico
1270 3361 1400 3414 lacte
1418 3365 1676 3419 nutritum.
1711 3368 1818 3422 Νο-

230 3444 317 3480 nto
343 3447 561 3499 namque
582 3438 744 3506 magis
769 3438 1148 3499 Ecclesiasticus
1167 3458 1257 3512 est,
1277 3466 1427 3520 quam
1443 3456 1526 3523 qui
1557 3473 1813 3527 nunquam

229 3519 500 3576 hereticus
533 3528 650 3595 fuit.
692 3529 916 3595 Quidam
956 3549 1295 3602 asseverant,
1345 3554 1396 3597 ct
1444 3546 1812 3606 nobilissimos

229 3609 418 3665 fuisse.
445 3612 559 3668 Erit
588 3615 830 3676 fortassis
855 3628 1176 3693 econtrario,
1201 3633 1287 3700 qui
1314 3633 1384 3686 ob
1401 3638 1631 3694 nominis
1659 3639 1810 3696 Grie-

226 3713 344 3753 cam
375 3704 663 3774 originem,
687 3724 792 3762 non
822 3711 1140 3783 Romanam,
1159 3719 1224 3772 de
1252 3737 1447 3790 genere
1475 3729 1650 3783 servili
1679 3732 1808 3787 sub-

222 3789 491 3862 dubitent.
530 3795 595 3850 Et
617 3799 744 3852 mihi
770 3802 982 3870 quidem
1005 3789 1310 3878 scrupulum
1331 3816 1497 3869 movit
1519 3818 1807 3888 aliquando

224 3879 378 3937 locus
405 3899 435 3938 e
460 3884 668 3942 dudum
692 3889 903 3947 laudata
936 3895 1166 3964 Epistola
1197 3913 1342 3968 num,
1375 3906 1428 3959 5.
1451 3907 1537 3961 ubi
1559 3879 1626 3963 ad
1645 3911 1806 3968 Joan-

222 3971 308 4024 nis
329 3971 766 4045 Jcrosolymitani
785 3984 1207 4044 criminationem
1227 3992 1290 4046 de
1312 3994 1620 4055 Pauliniano
1641 4002 1804 4060 fratre

220 4077 248 4114 e
276 4079 417 4119 serra
446 4065 702 4123 Clericum
731 4074 888 4142 facto,
919 4079 1048 4132 nihil
1068 4081 1210 4136 aliud
1235 4089 1544 4155 respondet,
1567 4109 1724 4162 quam
1749 4107 1804 4152 et

219 4156 287 4210 ab
315 4159 427 4227 ipso
455 4160 667 4219 Joanne
694 4169 966 4224 nonnullos
995 4175 1244 4243 ejusmodi
1270 4179 1488 4237 Clericos
1515 4156 1722 4256 haberi,
1754 4202 1801 4245 et

222 4250 518 4309 Onesimum
543 4257 644 4327 legi
672 4259 802 4314 inter
828 4261 985 4317 Pauli
1011 4279 1236 4323 renatum
1267 4273 1486 4338 vincula,
1518 4277 1800 4336 Diaconum

215 4342 426 4410 capisse
448 4361 560 4400 esse
587 4348 651 4400 de
675 4365 838 4406 servo.
872 4355 940 4407 At
963 4371 1106 4421 vero,
1133 4360 1175 4413 si
1207 4362 1322 4427 ejus
1347 4376 1460 4420 erat
1480 4370 1798 4429 c0nditionis

213 4429 354 4498 ipse,
383 4450 488 4488 non
520 4436 734 4493 videtur
758 4439 907 4508 fore,
939 4454 995 4498 ut
1025 4447 1316 4505 Palladium
1343 4458 1536 4513 servilis
1565 4465 1799 4530 nequitia:

211 4519 483 4590 hominem
508 4527 560 4581 in
585 4529 816 4602 Prologo
837 4547 1022 4591 contra
1049 4538 1358 4611 Pelagianos
1390 4563 1624 4618 vocaret,
1653 4558 1792 4623 quod

208 4613 367 4668 facile
393 4617 660 4684 potuisset
688 4631 830 4677 notae
857 4626 1098 4694 ejusdem
1123 4635 1335 4689 Servilis
1378 4639 1445 4692 ab
1473 4641 1793 4703 adversariis

207 4703 510 4761 insimulari
535 4726 549 4761 :
575 4724 747 4780 eoque
779 4715 979 4783 minus,
1015 4728 1074 4773 ut
1098 4737 1191 4790 per
1212 4723 1390 4793 jocum
1416 4730 1654 4797 adderet,
1684 4751 1789 4792 non

202 4811 266 4852 se
322 4798 440 4866 ejus
480 4801 743 4858 nobilitati
783 4807 1038 4864 invidere.
1082 4814 1160 4867 Ad
1205 4817 1317 4872 haec
1378 4820 1600 4891 divites,
1631 4837 1790 4899 atque

197 4889 389 4956 amplo
413 4894 736 4958 patrimonio
758 4897 1069 4958 honestatos
1093 4918 1338 4973 parentes
1361 4912 1476 4981 ejus
1503 4914 1682 4985 fuisse,
1709 4922 1790 4976 in-

196 4986 282 5032 ter
311 4975 624 5046 Scriptores
643 4982 751 5039 fere
771 4999 998 5044 constat.
1023 4993 1215 5051 Notum
1242 4999 1368 5053 illud
1390 4975 1533 5071 quod
1559 5015 1610 5060 et
1631 5011 1787 5080 vulgo

194 5067 435 5124 aﬂ'erunt
463 5085 531 5125 ex
566 5070 706 5126 libro
736 5077 906 5142 primo
929 5093 1110 5138 contra
1138 5067 1431 5158 Bullinum,
1455 5103 1512 5148 ut
1537 5067 1780 5169 probem,

193 5173 544 5216 numerosam
590 5178 874 5221 servorum
923 5171 1170 5230 familiam
1203 5179 1323 5234 illos
1353 5181 1634 5241 habuisse:
1668 5190 1782 5244 Me-

192 5250 324 5302 mini
363 5267 444 5306 me
483 5270 707 5324 puerum
745 5259 1013 5316 cursitasse
1055 5283 1144 5333 per
1184 5271 1395 5325 cellulas
1429 5277 1740 5333 servulorum
1762 5324 1777 5349 ,

186 5340 325 5392 diem
349 5345 588 5410 feriatum
612 5347 828 5402 duxisse
850 5351 1061 5422 lusibus,
1085 5367 1188 5413 etc.
1219 5363 1528 5432 Quanquam
1553 5369 1654 5424 hoc
1682 5340 1778 5427 ve;

186 5445 327 5496 reor,
358 5449 424 5488 ne
445 5437 579 5490 satis
606 5439 862 5507 apposite
886 5443 1182 5513 accipiant,
1230 5465 1294 5504 ae
1326 5461 1472 5508 recte
1514 5457 1777 5528 interpre-

186 5531 372 5578 tentur.
420 5526 822 5582 Patrimonium
870 5542 1016 5588 certe
1059 5551 1086 5589 a
1115 5537 1270 5593 Patre
1316 5543 1593 5607 relictum,
1636 5551 1774 5616 quod

179 5609 522 5689 Hieronymus
561 5619 788 5675 divendi
814 5620 1024 5682 demum
1049 5631 1272 5696 curavit,
1298 5642 1352 5688 ut
1377 5637 1612 5704 pecuniae
1634 5642 1772 5708 quod

1975 378 2194 448 rediret,
2225 383 2555 454 excipiendis
2575 393 2918 468 undequaque
2945 404 3338 466 conﬂuentibus
3363 413 3548 472 Mona-

1973 475 2195 530 chorum
2230 479 2403 535 turbis
2428 485 2773 552 expenderet.
2805 490 2940 548 haud
2966 512 3092 554 sane
3119 505 3392 565 mediocre
3429 527 3550 569 esse

1972 567 2224 634 oportuit,
2261 569 2385 625 licet
2413 575 2656 631 modeste
2687 579 2799 649 ipse
2832 597 2986 641 vocet
3012 589 3178 658 Epist.
3214 595 3393 656 LXVI.
3444 567 3543 658 Se;

1971 657 2181 712 mirutas
2204 659 2429 728 villulas,
2457 682 2573 734 qua
2599 669 2926 727 barbarorum
2952 678 3237 751 e/fugerunt
3266 707 3463 761 maims,
3497 710 3544 750 et

1966 760 2230 817 parentum
2256 760 2598 813 communium
2634 779 2831 820 census.
2881 768 3120 843 Denique
3165 787 3217 831 et
3259 783 3344 836 ubi
3374 784 3540 853 Epist.

1970 838 2077 893 Vll.
2109 841 2361 898 describit
2396 850 2576 915 patriae
2601 867 2713 908 sua:
2742 873 2916 913 mores
2938 903 2952 924 ,
2991 863 3043 916 in
3071 881 3174 934 qua
3215 869 3346 924 Deus
3374 888 3542 931 venter

1966 941 2108 995 esset,
2135 942 2181 985 et
2203 940 2425 990 sanctior
2447 941 2553 1004 ille,
2607 946 2693 1010 qui
2721 948 2874 1002 ditior
2895 968 2913 1004 :
2950 963 3004 1007 ct
3038 956 3204 1024 Epist.
3241 961 3404 1019 XXII.
3453 972 3539 1024 ubi

1964 1020 2103 1074 inter
2128 1035 2321 1082 ca‘tera
2354 1030 2474 1085 vitae
2503 1038 2805 1106 commoda,
2835 1058 2892 1097 se
2918 1047 3012 1113 ait,
3041 1057 3404 1110 consuetudine
3433 1061 3546 1113 lau-

1965 1113 2106 1166 tioris
2145 1117 2242 1171 cibi
2289 1133 2495 1191 propter
2533 1130 2771 1185 caelorum
2815 1152 2968 1206 regna
3011 1153 3275 1212 castrassc,
3318 1150 3544 1223 aliisque

1965 1205 2204 1273 pluribus
2227 1212 2373 1278 locis,
2399 1227 2455 1270 ut
2471 1233 2590 1273 cum
2614 1222 2844 1293 loquitur
2865 1229 2928 1284 de
2951 1230 3143 1289 Bonosi
3163 1243 3537 1312 contubernio,

1963 1295 2031 1350 de
2058 1297 2334 1358 itineribus
2364 1323 2481 1376 qn:e
2509 1328 2758 1371 emensus
2793 1332 2867 1375 est
2911 1323 3111 1395 longis,
3143 1330 3211 1386 de
3243 1334 3542 1393 instructis-

1965 1388 2096 1441 sima
2129 1389 2497 1466 Bibliotheca,
2543 1419 2698 1472 quam
2749 1409 2846 1465 sibi
2885 1388 3284 1486 comparaverat
3325 1425 3536 1497 (Epist.

3007 1477 3022 1486 _
3274 1477 3277 1478 ν
3327 1477 3340 1494 η
3368 1477 3535 1497 _r_-_-

1963 1477 2103 1550 ΙΙΙ),
2126 1500 2230 1538 non
2259 1488 2484 1546 obscure
2510 1509 2568 1548 se
2595 1513 2846 1568 prospera
2872 1508 2998 1562 satis
3018 1521 3194 1566 natum
3221 1514 3428 1572 fortuna
3453 1521 3535 1575 iu-

1957 1567 2116 1624 dicat.
2154 1574 2297 1630 Patri
2327 1594 2517 1636 nomen
2547 1567 2808 1645 Eusehius
2836 1596 2959 1657 fuit,
2989 1602 3128 1668 quod
3169 1615 3222 1658 et
3261 1623 3416 1677 supra
3448 1612 3531 1665 in-

1953 1659 2196 1726 nuimus,
2228 1674 2279 1718 et
2305 1668 2370 1721 ad
2403 1669 2565 1726 lilium
2613 1691 2762 1733 more
2793 1681 3034 1741 Romano
3065 1695 3270 1748 transiit
3303 1715 3314 1748 :
3349 1697 3530 1756 Matris

1949 1751 2214 1816 quodnam
2242 1767 2402 1822 esset,
2433 1777 2537 1816 non
2570 1769 2827 1835 proditur.
2855 1773 3157 1846 Matcrtera,
3191 1783 3241 1837 id
3265 1797 3364 1847 est,
3408 1805 3527 1844 ma-

1950 1838 2044 1891 tris
2069 1842 2244 1908 sdror,
2275 1847 2551 1907 Castorina
2577 1856 2712 1910 dicta
2741 1871 2821 1914 est
2840 1903 2854 1927 ,
2887 1882 3041 1931 quam
3075 1871 3214 1924 malo
3240 1875 3524 1935 adversum

1945 1942 2002 1981 se
2023 1932 2198 1986 animo
2220 1938 2289 1989 ob
2319 1942 2499 1996 nescio
2528 1961 2659 2014 quas
2687 1964 2925 2018 caussas,
2962 1957 3320 2034 Hieronymus
3353 1974 3523 2026 semel

1945 2030 2101 2088 atque
2132 2022 2346 2095 iterum,
2381 2040 2436 2084 ut
2461 2048 2524 2088 ex
2556 2034 2792 2106 Epistola
2821 2043 2948 2099 Xlll.
2977 2022 3216 2120 appare't,
3240 2055 3305 2110 ad
3339 2022 3520 2127 pacem

1944 2116 2392 2190 concordiamque
2411 2125 2810 2187 humanissimis
2835 2136 3024 2194 litteris
3047 2143 3306 2201 invitavit.
3331 2149 3524 2207 Habuit

1943 2212 1997 2256 et
2029 2219 2288 2273 sororem,
2315 2216 2468 2283 cujus
2496 2218 2770 2286 ignoratur
2793 2243 3008 2295 nomen,
3034 2232 3108 2287 de
3128 2251 3228 2304 qua
3251 2243 3445 2310 sarpius
3469 2245 3519 2298 in

1943 2292 2196 2361 Eltlsltllls
2225 2299 2285 2353 Vl
2317 2313 2368 2356 et
2401 2304 2503 2359 Vll.
2539 2309 2805 2379 loquitur,
2843 2292 3004 2386 quml
3028 2323 3079 2377 in
3117 2292 3443 2398 preposi'to:

1940 2385 2167 2453 videtur,
2197 2392 2410 2450 Christo
2429 2402 2714 2472 serviendi,
2746 2422 2784 2462 a
2803 2425 2907 2479 quo
2932 2415 3220 2485 exciderat,
3252 2437 3281 2476 a
3306 2422 3519 2484 Iuliano

1943 2475 2177 2534 Diacono
2220 2483 2536 2545 adhortante
2557 2533 2570 2556 ,
2615 2503 2987 2562 permanserit.
3018 2505 3258 2565 Fratrem
3285 2513 3514 2586 denique

1939 2579 2062 2622 natu
2091 2572 2348 2631 minorem
2372 2622 2384 2642 ,
2419 2585 2634 2641 nomine
2661 2587 3024 2650 Paulinianum
3046 2641 3059 2666 ,
3103 2601 3170 2656 de
3199 2620 3508 2678 quo-poswa

1935 2672 2032 2714 nec
2061 2667 2224 2720 semel
2257 2671 2445 2727 redibit
2475 2691 2670 2732 sermo.

2527 2789 2794 2850 CAPUT
2840 2797 2899 2854 ll.

1930 2928 1968 2982 1.
1999 2931 2163 2989 Probe
2179 2941 2418 2997 educatus
2445 2947 2583 3000 timui
2601 2967 2699 3003 una
2713 2969 2826 3006 cum
2854 2955 3072 3025 lionoso,
3104 2963 3314 3020 Romam
3340 2973 3408 3023 ad
3434 2975 3499 3026 li-

1998 3029 2129 3077 teras
2154 3029 2444 3086 etliscemlas
2472 3039 2706 3093 mittitur.
2731 3041 2792 3095 11.
2821 3043 3296 3123 Grammaticorum,
3326 3059 3505 3116 [υπατο-

1998 3128 2142 3177 rum,
2195 3127 2240 3168 et
2280 3118 2702 3192 PliilosOp/torum
2738 3134 2942 3189 sc/trilas
2988 3118 3292 3208 frequentat.
3322 3149 3404 3206 ΙΙΙ.
3442 3154 3505 3210 In

1997 3202 2117 3254 υἱέα
2139 3207 2368 3272 qua'dam
2396 3215 2624 3279 pueritia
2650 3219 2856 3278 labitur.

1995 3353 2034 3408 Ι.
2066 3356 2205 3413 Nihil
2231 3360 2447 3420 dubium
2477 3379 2576 3437 est,
2609 3388 2729 3431 eum
2769 3394 2828 3436 se
2856 3383 2968 3451 ipse
2989 3427 3004 3452 ,
3045 3399 3101 3443 ut
3130 3397 3373 3464 superius
3402 3402 3498 3457 ob-

1921 3450 2273 3516 servavimus,
2302 3453 2578 3516 Catholica
2601 3464 2734 3523 lacte
2751 3473 3006 3529 nutritum
3025 3478 3092 3533 ab
3115 3482 3242 3551 ipsis
3273 3487 3498 3544 incuna-

1919 3535 2059 3594 bulis
2085 3540 2247 3610 dicat,
2276 3548 2401 3616 quin
2431 3550 2591 3609 fuerit
2620 3557 2906 3620 infantulus
2932 3569 3104 3626 adhuc
3133 3588 3316 3632 sancta
3345 3582 3500 3637 insti-

1920 3632 2120 3689 tutione
2146 3645 2200 3690 et
2223 3654 2313 3706 pra
2333 3644 2504 3711 ceptis
2528 3646 2868 3722 informatus,
2892 3673 3168 3727 parentum
3191 3683 3374 3739 Opera,
3401 3679 3494 3744 qui

2894 3723 2905 3727 -
3229 3723 3242 3739 .
3272 3723 3308 3725 -κ
3360 3723 3374 3739 .
3405 3723 3494 3744 -.--

1915 3723 2148 3795 animum
2177 3729 2364 3786 rudem
2396 3735 2580 3802 primis
2604 3740 2894 3800 imbuerint
2930 3751 3246 3812 Christiana:
3284 3763 3495 3829 pietatis

1912 3831 1974 3870 ac
2001 3817 2124 3874 ﬁdei
2152 3822 2454 3882 elementis.
2485 3828 2858 3892 Collactaneus
2884 3841 3000 3907 ejus
3021 3884 3035 3907 ,
3075 3855 3129 3898 et
3161 3849 3282 3902 vita:
3309 3867 3494 3910 comes

1912 3907 2154 3965 Bonosus
2177 3916 2391 3984 quidam
2420 3919 2517 3976 fuit
2537 3964 2550 3987 ,
2580 3939 2611 3978 c
2641 3941 2896 3994 generosa
2930 3933 3286 4010 locupletique
3313 3945 3480 4014 stirpe

1911 4007 2238 4072 progenitus.
2267 4025 2425 4078 quem
2449 4014 2690 4084 impense
2718 4019 2917 4086 laudat,
2945 4041 3042 4081 nec
3067 4031 3256 4098 semel,
3293 4038 3484 4102 princi-

1909 4107 2010 4160 pue
2040 4110 2168 4150 vero
2196 4099 2364 4167 Epist.
2397 4104 2482 4158 Ill.
2517 4108 2626 4175 ubi,
2663 4109 2844 4181 Iidem,
2873 4117 2967 4181 ait,
3001 4136 3093 4175 nos
3123 4125 3376 4180 nutricum
3405 4130 3480 4182 si-

1908 4199 2022 4245 nus,
2041 4186 2192 4239 iidem
2213 4193 2474 4260 amplexus
2502 4201 2715 4265 foverint
2743 4204 3047 4271 bajulorum.
3071 4209 3254 4266 Studia
3279 4215 3479 4278 littera,—

1907 4288 2022 4327 rum
2070 4279 2210 4346 quod
2253 4283 2472 4348 attinet,
2517 4289 2740 4355 primam
2781 4295 2924 4349 illam
2957 4297 3334 4373 literatturam,
3365 4323 3485 4380 quae

1905 4363 2280 4426 Grammatice
2311 4374 2452 4430 velut
2483 4378 2698 4436 infantia
2728 4397 2840 4452 est,
2886 4390 2937 4445 in
2977 4394 3144 4460 patria
3185 4363 3400 4457 edidicil
3445 4420 3476 4460 ι

1904 4471 2255 4530 prmceptorc,
2285 4482 2443 4537 quem
2465 4470 2724 4530 Orbilium
2754 4480 2822 4533 ab
2845 4497 2933 4550 eo,
2952 4483 3022 4540 de
3039 4501 3146 4558 quo
3168 4489 3474 4562 Suetonius,

1901 4555 2099 4609 celebri
2125 4557 2500 4620 Beneventano
2520 4566 2901 4641 Grammatico,
2934 4582 3039 4635 acri
3060 4593 3218 4654 atque
3237 4585 3477 4658 plagoso.

1900 4648 2260 4714 cognominat,
2292 4661 2347 4706 et
2374 4655 2440 4708 ad
2466 4671 2622 4727 quem
2645 4665 2950 4735 srevientem,
2975 4686 3032 4726 se
3057 4673 3150 4739 ait,
3175 4677 3238 4728 de
3258 4679 3386 4730 avie
3410 4682 3480 4732 si.-

1901 4750 1968 4787 uu
1999 4745 2213 4794 tractum
2241 4758 2347 4797 esse
2368 4748 2638 4815 captivum.

1975 4826 2040 4881 ll.
2071 4827 2338 4889 Grandior
2358 4835 2546 4902 factus,
2571 4853 2622 4895 et
2653 4847 2950 4901 etiamnum
2977 4857 3158 4905 tamen
3189 4866 3339 4920 puer,
3369 4855 3460 4911 ubi

1896 4914 2208 4974 domesticis
2240 4928 2686 4995 praeceptionibus
2730 4935 3014 4989 roboratus
3066 4939 3329 5005 publicam
3380 4944 3466 5000 lu-.-

1893 5023 2009 5064 cem
2045 5028 2287 5080 quierere
2312 5022 2496 5087 cmpit,
2521 5021 2744 5077 Romani
2788 5029 2986 5081 missus
3023 5039 3124 5094 est,
3158 5032 3468 5094 liberalibus

1891 5103 2095 5156 artibus
2142 5107 2490 5165 erudiendus.
2538 5112 2814 5167 Annorum
2861 5117 3019 5172 fuerit
3061 5119 3172 5176 fere
3209 5121 3470 5183 (Ῑυοάενίν

1889 5194 2044 5261 ginti,
2077 5210 2198 5247 nam
2247 5198 2430 5251 Romae
2469 5215 2590 5252 eum
2641 5213 2764 5256 tunc
2792 5208 2965 5274 egisse
3005 5213 3468 5275 vcrosimillimum
3502 5231 3505 5234 '

1889 5290 2002 5344 cst,
2052 5297 2172 5335 cum
2224 5283 2292 5336 de
2340 5287 2516 5339 subito
2564 5287 2759 5344 Juliani
2816 5295 3042 5351 interitu
3081 5300 3279 5358 dictum
3335 5305 3467 5366 illud

1887 5371 2084 5426 ethnici
2107 5372 2324 5426 audivit.
2355 5376 2480 5428 Erat
2506 5390 2636 5431 vero
2667 5379 2755 5436 ille
2779 5399 2951 5439 annus
2977 5387 3103 5456 565,
3135 5403 3192 5447 ut
3218 5400 3463 5466 superius

1886 5461 2383 5528 animadvertimus,
2412 5471 2466 5517 et
2509 5481 2722 5529 puerum
2765 5487 2824 5528 se
2871 5481 3076 5535 tunciu
3104 5482 3466 5547 Grammatica-

1887 5552 2008 5604 ludo
2037 5557 2345 5608 exercuisse
2373 5564 2618 5612 testatur.
2663 5563 2960 5635 Applicavit
2987 5584 3164 5628 autem
3206 5578 3276 5632 ibi
3306 5596 3364 5635 se
3395 5586 3460 5637 ad

1890 5646 2148 5700 Donatum
2178 5645 2592 5702 Grammaticum
2639 5661 2760 5711 tunc
2802 5662 3305 5734 celebratissimum,
3337 5687 3460 5724 eum
