4048 6192
616 245 684 300 lii
1877 251 1934 307 S.
1978 249 2358 305 HI-ERONYMI
2397 249 2576 316 \‘ITA,
3808 259 3874 316 ιϐ

605 372 778 442 ipsum
810 370 908 440 qui
932 370 982 424 in
1006 368 1312 434 Terentium
1344 374 1396 419 et
1428 366 1705 436 Virgilium
1737 366 2171 420 Commentarios

605 461 862 532 reliquit:
897 462 949 515 in
979 460 1130 529 cujus
1159 457 1338 513 schola
1385 465 1586 511 tantam
1639 457 1738 510 sibi
1770 456 1943 511 Latini
1971 472 2180 512 sermo-

605 554 688 609 nis
717 554 960 624 peritiam
990 562 1147 620 atque
1185 549 1506 621 elegantiam
1557 550 1906 619 comparavit,
1943 559 2000 604 ut
2028 549 2182 605 facile

602 659 789 698 omnes
818 658 1000 696 eorum
1033 650 1335 710 temporqu
1369 640 1673 710 Scriptores
1702 641 1801 704 hac
1833 640 1990 696 laude
2015 655 2178 710 supe-

600 735 750 788 rarit.
796 733 1035 786 Meminit
1080 733 1196 802 ejus
1245 731 1304 787 S.
1361 731 1518 796 Pater
1571 733 1624 787 itt
1665 731 2076 792 Commentariis
2126 733 2180 796 iu

598 824 1007 891 Ecclesiastem,
1036 825 1261 894 aliisque
1295 825 1537 893 pluribus
1567 824 1721 889 Iocis,
1751 840 1981 892 quorum
2011 839 2174 882 unum

600 914 845 970 laudasse
871 914 1002 972 satis
1030 915 1131 976 erit
1159 916 1209 968 in
1238 915 1405 972 Libro
1428 916 1494 983 Il.
1513 927 1697 970 contra
1722 917 2017 981 Rufiinmn.
2045 913 2180 975 Puto

595 1006 734 1074 quod
781 1023 906 1076 puer
931 1007 1108 1077 legeris
1161 1008 1313 1075 Aspri
1359 1008 1409 1060 in
1452 1007 1720 1078 Virgilium
1775 1018 1821 1062 et
1874 1007 2182 1072 Sallustiani

603 1097 1072 1158 Commentarios...
1115 1097 1325 1162 Yelcotii
1370 1100 1422 1152 in
1471 1098 1737 1156 Orationes
1771 1099 2045 1165 Ciceronis,
2091 1097 2178 1157 Vi-

597 1193 776 1244 ctmini
797 1193 848 1244 in
873 1189 1119 1261 Dialogos
1140 1191 1274 1256 eius,
1293 1203 1337 1244 et
1360 1193 1412 1246 in
1447 1189 1663 1245 Terentii
1683 1189 1967 1246 Comtzdias
1988 1206 2177 1259 ιιι-ατε·

598 1284 760 1352 ptoris
796 1284 895 1350 mei
938 1283 1144 1347 Donati,
1175 1301 1315 1354 (eque
1355 1285 1406 1337 in
1453 1282 1738 1354 Virgilium,
1766 1293 1812 1347 et
1861 1282 2078 1347 oliorum
2127 1284 2180 1336 in

597 1378 746 1431 alios.
789 1376 927 1441 Sunt
948 1377 1036 1445 qtti
1064 1388 1119 1438 et
1148 1376 1423 1441 Victorini,
1447 1376 1628 1434 eximii
1664 1391 1756 1444 per
1803 1375 1940 1429 idem
1971 1383 2179 1443 tempus

592 1469 912 1539 eloquentia:
947 1470 1215 1542 magistri,
1252 1469 1552 1532 auditorem
1605 1467 1773 1521 fuisse
1811 1484 1934 1523 eum
1977 1467 2177 1524 dicant.

593 1560 702 1616 Sed
731 1559 945 1632 quando
988 1561 1040 1614 id
1083 1575 1355 1630 nunquam
1401 1559 1469 1612 ab
1501 1559 1616 1627 ipso
1661 1557 1932 1631 proditum
1958 1567 2064 1624 est,
2088 1557 2181 1628 qui

595 1651 712 1720 ejus
740 1667 904 1721 stupe,
938 1667 1060 1712 cum
1109 1650 1233 1703 alibi
1259 1658 1312 1703 et
1345 1649 1559 1702 laudato
1583 1647 1783 1702 dudum
1815 1648 1953 1714 loco,
1985 1658 2095 1703 tum
2126 1649 2178 1702 in

595 1742 850 1811 tiatalogo
877 1741 1209 1812 Scriptorum
1253 1740 1534 1805 illustrium
1562 1737 1713 1812 (Cap.
1731 1740 1853 1812 Cl),
1881 1751 1935 1796 et
1963 1743 2013 1796 in
2038 1742 2179 1796 Prte-

596 1832 798 1888 l'atione
831 1833 880 1886 itt
915 1832 1084 1901 Epist.
1120 1832 1184 1885 ad
1231 1831 1450 1888 Galatas
1480 1833 1744 1897 meminit,
1779 1849 1878 1892 nec
1908 1835 2072 1888 verbo
2103 1846 2179 1889 te-

594 1939 701 1980 nus
729 1923 781 1978 id
824 1933 1012 1988 notat;
1063 1933 1118 1982 ut
1150 1925 1256 1990 iiiis
1291 1925 1848 1996 assentiamur,nulla
1895 1940 1992 1980 nos
2019 1942 2177 1997 argu-

594 2025 772 2073 tuenta
800 2017 1091 2073 adducunt.
1125 2017 1235 2071 luto
1286 2033 1414 2073 vero
1443 2017 1743 2088 refragatur
1772 2017 1875 2073 hoc
1908 2019 2077 2087 ipsum
2109 2019 2181 2074 de

593 2124 662 2164 eo
687 2109 959 2175 silentium
1009 2112 1307 2181 praesertim
1356 2112 1406 2166 in
1437 2110 1728 2174 Chronico,
1758 2120 1814 2166 et
1856 2111 2016 2166 modo
2062 2111 2181 2166 lau-

589 2202 716 2258 dato
766 2203 1070 2258 testimonio
1098 2245 1112 2266 ,
1169 2204 1363 2274 quibus
1407 2203 1544 2260 locis
1590 2203 1842 2258 Rhetoris
1888 2204 2029 2259 illius
2072 2220 2182 2260 una

589 2309 712 2354 cum
744 2293 952 2354 Donato
980 2295 1307 2348 mentionem
1343 2293 1564 2360 faciens,
1600 2294 1742 2352 hunc
1769 2296 1948 2361 unice,
1975 2296 2174 2351 minori

590 2399 816 2446 numero
841 2382 1215 2462 Pi'teeeptorem
1236 2401 1383 2452 suum
1412 2385 1648 2454 appellat
1681 2402 1695 2440 :
1751 2386 1899 2440 illum
1933 2401 2034 2442 nec
2057 2403 2174 2441 ma-

591 2475 841 2544 gistrum,
901 2490 1072 2544 neque
1121 2475 1352 2534 amicum
1402 2483 1576 2529 vocat.
1637 2475 1821 2545 Neque
1873 2492 2004 2532 vero
2051 2477 2177 2532 hinc

590 2576 770 2635 putes,
800 2582 919 2620 cum
961 2551 1330 2634 a'Rhetorunt
1355 2566 1613 2625 exhedris
1638 2568 1997 2633 abstinuisse;
2043 2569 2176 2639 quin

591 2662 701 2720 imo
733 2663 933 2732 primas
971 2661 1292 2732 eloquentia:
1323 2662 1492 2727 dedit,
1523 2672 1578 2721 et
1610 2679 1832 2732 puerum
1861 2678 1922 2719 se
1954 2666 2006 2718 in
2033 2663 2178 2720 Con-

603 2754 883 2810 troversiis
936 2753 1147 2815 lusis.~e,
1203 2753 1342 2807 libro
1388 2763 1571 2807 contra
1629 2754 1943 2824 Pelagianos
2002 2756 2175 2825 primo

592 2853 854 2910 testatur;
905 2855 954 2900 et
1002 2859 1123 2914 cap.
1157 2843 1210 2897 2.
1253 2843 1773 2898 Commentariorum
1821 2845 1887 2899 ad
1936 2845 2171 2912 Galatas,

588 2937 888 3004 Aliquoties,
923 2935 1113 3012 inquit,
1147 2950 1262 2987 cum
1299 2932 1708 2988 adolescentulus
1753 2936 1931 2996 Romw
1957 2935 2172 2990 Contro-

589 3027 777 3086 uersias
802 3027 1164 3090 declmnarem,
1192 3034 1236 3079 et
1262 3031 1328 3078 ad
1373 3040 1489 3078 vera
1525 3029 1802 3078 certamina
1830 3027 1964 3093 ﬁctis
2002 3026 2176 3079 militi-

585 3117 677 3173 bus
703 3134 979 3182 exerceret,
1006 3128 1108 3178 etc.
1140 3117 1380 3183 Accessit
1407 3119 1567 3171 etiam
1593 3115 1656 3168 ad
1687 3115 1905 3181 Forum,
1936 3125 1980 3168 et
2011 3117 2165 3171 tribu-

590 3213 731 3268 nalia
771 3211 1044 3288 iudicum,
1083 3221 1137 3268 ut
1185 3211 1547 3276 disertissimos
1607 3207 1887 3262 Oratorum
1939 3209 2169 3265 audiret.

593 3303 831 3372 [lenique
859 3311 910 3360 ct
949 3301 1330 3372 prtetlicationis
1361 3301 1651 3370 diasyrtica:
1690 3301 1914 3369 strophis
1942 3301 2091 3367 lusit,
2120 3300 2172 3355 id

591 3406 696 3456 est,
725 3393 983 3452 Oratorim
1011 3393 1162 3453 artis,
1193 3390 1335 3458 quod
1366 3389 1476 3452 fere
1507 3391 1831 3458 pra-cipuum
1871 3399 1972 3455 est,
2000 3391 2168 3456 novit,

589 3499 712 3538 eum
754 3497 816 3538 ea
849 3482 913 3535 ad
942 3498 1060 3550 qua:
1109 3479 1437 3548 respondere
1483 3481 1702 3549 tlil’licilc
1730 3489 1833 3543 est,
1867 3481 2167 3535 elevantur.

587 3576 698 3631 Nec
753 3575 892 3629 inter
931 3572 1320 3630 Grammaticos
1366 3583 1592 3638 tanztnu,
1633 3581 1723 3635 aut
1762 3573 2026 3642 Iibetores
2073 3574 2169 3630 dc-

593 3669 758 3730 tritus
782 3674 884 3730 cst.
914 3664 1010 3726 sed
1046 3674 1102 3720 et
1137 3664 1444 3725 Dialectieae
1485 3681 1704 3733 operam
1750 3666 1917 3730 dedit,
1947 3676 2002 3719 ct
2033 3667 2172 3722 inter

587 3759 946 3829 Philosophos
974 3756 1134 3812 etiam
1182 3770 1242 3816 se
1272 3756 1554 3826 plurimam
1599 3757 1720 3815 vita:
1762 3768 1965 3828 partem
1995 3759 2170 3828 egisse

582 3850 974 3923 prodituCpist.
996 3849 1094 3919 ι).
1124 3849 1401 3920 Porphyrii
1438 3848 1685 3918 Isagogas
1706 3850 1849 3918 legit,
1884 3849 2169 3907 Alexandri

585 3944 907 4015 Aphrodisei
933 3943 1362 3998 Commentarios
1402 3941 1559 3994 vertit
1590 3957 1601 3992 :
1635 3940 1821 4011 vertit,
1849 3940 2085 4010 inquam.
2117 3940 2171 3994 id

584 4048 690 4102 est,
741 4037 980 4102 verSavit
1029 4033 1223 4097 diurna
1276 4041 1645 4100 nocturnaque
1681 4022 1879 4096 manu,
1935 4047 2063 4096 non,
2112 4041 2170 4086 ut

583 4130 727 4188 falso
754 4130 1012 4190 hactenus
1040 4124 1306 4183 creditum
1349 4135 1452 4187 est,
1485 4124 1552 4178 de
1579 4121 1768 4178 Cra-co
1809 4123 1862 4177 itt
1914 4122 2164 4178 Latinum

584 4229 670 4277 est
715 4221 1119 4288 interpretatus.
1154 4217 1210 4271 Itt
1267 4214 1503 4285 Epistula
1551 4211 1665 4268 LX.
1698 4213 1762 4267 ad
1814 4213 2162 4268 Heliodorum

584 4313 786 4381 legisse
828 4312 987 4375 etiam
1040 4325 1100 4364 se
1149 4319 1351 4370 narrat,
1393 4305 1643 4369 Platonis,
1691 4303 1954 4374 Diogenis,
2002 4302 2189 4358 Clito?

586 4402 757 4459 machi
789 4400 1082 4464 Carneadis,
1116 4409 1162 4452 et
1216 4395 1516 4454 P‘ossidonii.
1549 4397 1797 4464 opuscula
1824 4410 1844 4448 :
1871 4403 1926 4459 et
1969 4393 2163 4460 passim

588 4493 711 4549 alibi
759 4493 1020 4562 insignem
1069 4491 1170 4544 sibi
1221 4489 1583 4556 Philosophia:
1636 4487 1883 4555 peritiam
1932 4499 2152 4553 compa-

584 4599 752 4648 rasse,
806 4583 872 4636 iis
921 4597 1042 4651 quzc
1095 4581 1309 4646 scriptis
1360 4579 1473 4632 suis
1529 4578 1881 4642 intermiscet,
1917 4587 2153 4631 veterum

587 4676 1029 4748 philosophorum
1069 4672 1278 4742 placitis
1302 4685 1365 4724 ac
1391 4669 1675 4725 sententiis
1703 4668 1953 4724 ostendit.
1986 4668 2154 4726 Maxi-

581 4786 720 4835 mam
769 4781 984 4836 quoque
1037 4762 1384 4831 Antiquitatis
1432 4760 1746 4816 memoriam
1808 4759 2053 4827 collegit,
2096 4759 2161 4814 ad

576 4878 760 4929 quam,
784 4869 836 4912 ut
867 4867 918 4910 et
954 4863 1178 4909 cmteras
1221 4851 1499 4912 {:tenltatcs
1529 4848 1930 4918 perdiscenilas,
1962 4850 2163 4920 optimo

579 4967 708 5004 ωηο
739 4949 988 5014 consilio,
1020 4941 1411 5011 Bibliulltecatu
1442 4940 1544 5008 sibi
1573 4940 1832 4994 librorutn
1861 4941 2162 5011 utnnigeuze

573 5041 895 5099 eruditionis
917 5037 1322 5100 solertissimam
1350 5034 1548 5105 ingenti
1575 5033 1757 5094 labore
1777 5043 1834 5092 et
1857 5034 2160 5104 sumptibus

573 5131 847 5187 instruxit.
896 5130 1111 5186 Nullum
1161 5127 1395 5204 denique
1419 5124 1676 5188 doetriua:
1706 5139 1874 5192 genus
1902 5124 2156 5182 intactum

572 5223 830 5290 reliquit,
882 5231 1077 5289 pra-ter
1127 5219 1321 5275 artium
1371 5230 1645 5278 sacrarum
1691 5214 2057 5283 disciplinam,
2090 5217 2156 5271 ad

569 5327 732 5382 quant
759 5327 946 5366 omnes
982 5312 1092 5381 jam
1140 5321 1249 5362 ιιιιιι
1296 5309 1507 5379 (neque
1537 5307 1680 5362 enim
1725 5306 1844 5361 Iieic
1871 5307 1972 5360 alia
2003 5321 2155 5362 cmu-

568 5417 956 5464 tncmoramus,
1000 5417 1164 5470 quam
1198 5416 1315 5468 quze
1347 5400 1530 5455 Ruunt:
1563 5414 1693 5467 puer
1737 5397 1883 5466 egit)
1931 5396 2157 5452 medita-

571 5494 750 5545 timtrs
798 5492 1003 5545 videtur
1033 5505 1158 5542 suas
1185 5490 1460 5546 retulisse.
1512 5489 1644 5542 Nam
1675 5497 1728 5542 et
1758 5488 2007 5557 pietatem
2048 5503 2150 5540 una

570 5582 708 5637 adeo
734 5579 918 5644 coluit,
951 5588 1010 5632 ut
1035 5579 1099 5632 ad
1131 5579 1377 5633 Ecclesia:
1403 5589 1456 5633 et
1483 5579 1781 5646 Religionis
1812 5577 2150 5645 potissimum

569 5674 898 5738 utct'euteuta
949 5669 1294 5738 intelligeres,
1336 5669 1508 5724 studia
1551 5667 1641 5722 illa
1671 5667 1920 5720 conferri.
1947 5667 2141 5722 Scribit

2299 367 2370 420 ita
2398 368 2466 423 de
2496 384 2555 424 se
2585 370 2701 438 ipso
2729 369 2782 424 in
2831 384 2951 440 cap.
2987 369 3098 424 XL.
3146 367 3444 426 Ezechielis
3473 389 3486 426 :
3530 370 3669 427 Dum
3717 391 3872 434 essent

2293 456 2472 511 Ranae
2513 475 2659 529 puer,
2703 469 2750 514 et
2794 459 3086 516 liberalibus
3138 462 3320 518 studiis
3363 463 3614 530 erudircr,
3651 466 3872 523 solebam

2288 563 2401 606 cum
2427 550 2622 607 ceteris
2668 551 2894 621 ejusdem
2937 551 3101 605 anatis
3145 561 3192 605 et
3234 555 3484 622 propositi
3513 555 3613 626 (ex
3644 555 3731 611 Itis
3759 569 3874 614 erat

2287 636 2684 708 Pammachius,
2716 641 2785 697 de
2831 658 2938 713 quo
2967 643 3165 712 smpius
3211 643 3348 704 infra
3395 645 3591 702 redibit
3639 654 3866 722 sermo)

2288 731 2463 787 diebus
2501 730 2787 793 Dominicis
2832 735 3103 799 sepulchra
3129 735 3491 806 Apostolorum
3513 750 3558 793 et
3583 739 3870 813 Martyrum

2288 823 2525 888 circuire,
2555 825 2828 894 crebroque
2879 839 3090 897 cryptas,
3119 828 3336 895 ingredi,
3365 844 3477 898 quia
3521 831 3575 884 in
3621 842 3871 887 terrarum

2289 917 2545 983 profunda
2577 919 2814 988 defossa,
2842 933 2905 971 ea:
2933 929 3148 988 utraque
3173 929 3319 990 parte
3347 921 3742 991 ingredientium
3784 941 3872 993 per:

2287 1013 2505 1076 parietes
2555 1011 2792 1064 haberent
2833 1027 3049 1082 corpora
3099 1012 3408 1082 sepultorum
3431 1030 3450 1065 :
3476 1025 3524 1072 et
3550 1017 3619 1068 ita
3657 1016 3869 1072 obscura

2285 1109 2404 1157 sunt
2443 1105 2633 1166 omnia,
2665 1112 2719 1154 ut
2764 1103 3129 1172 propmwdum
3168 1102 3301 1156 illud
3337 1101 3704 1175 Propheticunt
3728 1124 3866 1167 cont.-

2286 1190 2488 1259 pleatur
2508 1207 2527 1244 :
2556 1190 2878 1256 Descendunt
2906 1193 2977 1251 ad
3001 1191 3273 1263 Inferuum
3306 1196 3553 1264 uiuentes,
3581 1209 3689 1253 etc.

2358 1283 2443 1351 Ill.
2484 1282 2618 1338 Cum
2649 1285 2884 1348 nondum
2919 1296 3097 1345 tamen
3127 1287 3406 1356 Baptismo
3428 1300 3573 1344 esset
3603 1291 3867 1363 initiatus,

2281 1360 2496 1444 jamque
2527 1376 2682 1429 initia
2704 1377 2926 1430 duceret
2951 1376 3353 1442 adolescentia,
3379 1395 3500 1449 qua:
3545 1391 3675 1435 mtas
3716 1360 3869 1452 juxta

2284 1467 2401 1533 ejus
2452 1466 2777 1534 supputandi
2830 1467 3090 1534 rationes,
3135 1478 3254 1538 post
3303 1470 3619 1538 vigesimum
3667 1487 3863 1528 annuat

2285 1557 2544 1624 succedit,
2577 1574 2682 1612 non
2729 1560 2861 1613 satis
2902 1559 3003 1614 sibi
3031 1561 3194 1626 cavit,
3237 1561 3484 1616 lubricum
3515 1564 3866 1621 adolescentia:

2283 1647 2396 1711 iter,
2429 1649 2482 1713 iu
2507 1665 2605 1716 quo
2633 1661 2678 1710 et
2700 1651 2900 1718 lapsum
2920 1669 2973 1705 se
2998 1652 3203 1720 Epistol
3230 1652 3361 1706 .Yll.
3386 1654 3450 1706 ad
3474 1653 3864 1723 Chromatium,

2286 1738 2592 1796 humillime
2647 1743 2952 1795 contitetur.
3013 1743 3223 1796 Peccati
3277 1759 3489 1812 quoque
3538 1761 3729 1815 genus.
3762 1762 3866 1816 quo

2283 1831 2664 1894 eottscicntiatu
2705 1848 2856 1890 suam
2898 1833 3106 1901 polluit,
3141 1833 3212 1887 ad
3253 1834 3596 1889 Ilelindortun
3625 1838 3866 1892 scribens

2287 1920 2458 1988 Epist.
2493 1921 2630 1979 XIV.
2667 1935 2837 1988 nutat.
2887 1925 2973 1976 ubi
3005 1940 3164 1992 quam
3195 1927 3470 1991 amiserat,
3505 1927 3872 1995 virginitatem

2283 2013 2531 2082 deplorat
2561 2032 2574 2066 :
2611 2015 2673 2067 Et
2715 2015 2809 2068 hoc
2853 2033 2944 2089 ego
2970 2034 3068 2071 non
3111 2019 3320 2089 integris
3345 2030 3452 2072 rate
3477 2019 3554 2078 vel
3595 2020 3862 2086 mercibus,

2283 2122 2372 2161 nec
2398 2108 2544 2178 quasi
2573 2109 2781 2176 ignarus
2804 2111 3057 2178 [luctuum
3083 2126 3391 2179 pramoneo,
3419 2111 3508 2174 sed
3533 2113 3682 2182 quasi
3706 2129 3866 2182 nuper,

2283 2199 2557 2268 nau/‘ragio
2584 2199 2770 2268 ejectus
2798 2200 2849 2252 in
2891 2201 3059 2268 littus,
3081 2202 3257 2254 timida
3296 2203 3606 2272 nauigaturis
3633 2217 3753 2257 voce
3773 2204 3863 2266 de-

2282 2291 2478 2354 nuntio,
2509 2289 2572 2342 In
2601 2290 2689 2342 illo
2717 2302 2841 2351 cestu
2868 2290 3155 2361 Charybdis
3187 2292 3408 2348 luxuria:
3433 2295 3649 2347 salutent
3700 2305 3862 2348 uorat.

2283 2379 2365 2434 lbi
2394 2397 2480 2434 ore
2511 2383 2732 2453 uirgineo
2778 2383 2846 2435 ad
2898 2385 3157 2450 pudicitia:
3187 2385 3527 2455 perpetranda
3570 2387 3860 2458 naufragia,

2282 2472 2559 2545 Scyllarum
2589 2473 2840 2539 renidens,
2872 2473 3028 2528 libido
3055 2473 3338 2541 bianditur,
3381 2484 3489 2531 etc.
3532 2476 3865 2533 Manifestius

2283 2563 2334 2617 in
2370 2564 2591 2632 Epistol.
2639 2564 2871 2620 XLVIII.
2915 2565 2981 2620 ad
3018 2565 3438 2632 Paunnachium,
3473 2568 3564 2622 ubi
3613 2569 3864 2637 primam,

2229 2696 2249 2709 .
2281 2670 2401 2722 qua:
2441 2671 2470 2708 a
2512 2657 2788 2710 nativitate
2819 2666 2931 2719 est,
2966 2657 3323 2726 virginitatem
3354 2660 3454 2714 sibi
3485 2659 3752 2728 adimens,
3784 2662 3864 2724 alo

2283 2757 2448 2802 teram
2476 2765 2594 2816 qua:
2614 2759 2695 2803 est
2726 2766 2755 2802 ιι
2782 2749 3080 2819 Baptistae,
3101 2751 3185 2805 vix
3213 2752 3313 2806 sibi
3341 2762 3554 2808 servat:
3587 2753 3864 2825 Virginita-

2281 2846 2454 2903 tatem,
2501 2839 2690 2908 inquit,
2723 2840 2774 2892 in
2805 2841 2988 2895 uelum
3027 2845 3164 2912 fero,
3193 2859 3294 2896 non
3340 2845 3460 2912 quia
3512 2845 3747 2910 habeam,
3775 2845 3870 2913 sed

2279 2929 2590 3000 quiamagis
2633 2931 2785 2983 mirer
2827 2936 2962 3000 quod
3007 2922 3108 2991 non
3155 2933 3334 2987 habeo.
3385 2932 3618 3003 lngenua
3647 2945 3692 2988 et
3722 2951 3864 2995 vere-

2279 3021 2446 3073 cunda
2483 3021 2733 3090 confessio
2759 3033 2849 3087 est,
2875 3039 2976 3094 quo
3005 3026 3115 3092 ipse
3151 3041 3349 3090 careas,
3370 3026 3425 3086 id
3449 3029 3499 3079 in
3533 3028 3650 3081 aliis
3676 3029 3864 3098 prendi-

2279 3125 2584 3165 Cttt'c........
2615 3109 2804 3166 Nullus
2830 3130 2882 3166 se
2903 3113 3121 3182 decipiat
3149 3130 3166 3167 :
3195 3131 3352 3184 neque
3378 3115 3562 3181 blando
3597 3118 3866 3174 adulator:

2277 3218 2330 3255 se
2359 3204 2656 3272 priet-ipim.
2700 3203 2881 3258 Prima
2923 3217 2996 3259 est
3029 3207 3348 3277 virginitasa
3375 3209 3538 3277 prima
3565 3211 3864 3267 nativitate:

2277 3295 2499 3348 secunda
2521 3296 2780 3365 virginitas
2805 3313 2836 3348 a
2857 3297 3080 3350 secunda
3105 3299 3384 3352 nativitate.
3405 3299 3542 3354 Sunt
3561 3302 3650 3370 qui
3680 3301 3862 3373 lapsus

2277 3383 2538 3453 ejusmodi
2574 3386 2814 3455 pluribus
2863 3398 3159 3450 excusent;
3210 3389 3339 3442 mihi
3382 3391 3551 3444 satius
3591 3392 3869 3459 interdum

2283 3478 2516 3544 videtur,
2547 3479 2896 3531 commissqu
2934 3479 3170 3548 aliquod,
3195 3493 3291 3533 ceu
3315 3481 3617 3535 cicatricem
3647 3485 3699 3538 in
3728 3487 3865 3539 Sau-

2277 3572 2375 3625 ctis
2403 3571 2646 3639 agnosci,
2675 3585 2939 3638 quorum,
2977 3586 3042 3624 cx
3069 3570 3209 3624 vitiis
3250 3570 3315 3624 ad
3365 3572 3618 3641 pietatem
3671 3575 3858 3644 resipi-

2275 3665 2558 3729 scentium,
2592 3665 2839 3733 exempla
2881 3663 3151 3719 efﬁcacius
3199 3679 3298 3718 nos
3344 3675 3616 3720 moveant.
3651 3668 3867 3728 Addam

2278 3766 2556 3827 propterea
2604 3755 2772 3809 videri
2803 3770 2982 3826 posse,
3016 3755 3180 3811 etiam
3213 3765 3332 3826 post
3361 3756 3694 3827 Baptismum
3726 3760 3862 3815 deli-

2274 3849 2480 3920 quisse,
2503 3862 2565 3902 ac
2588 3862 2647 3900 se
2677 3847 2930 3915 polluisse
2962 3847 3153 3904 iterum
3181 3864 3194 3900 :
3229 3856 3285 3901 ut
3312 3847 3768 3918 quemadmodum
3795 3851 3865 3906 ad

2273 3939 2564 3995 secundum
2614 3940 2970 4009 virginitatem
3015 3939 3334 3994 induendum
3379 3940 3640 4009 Baptismi
3683 3943 3857 4012 aquis,

2274 4033 2341 4086 ita
2370 4032 2547 4087 altero.
2582 4032 2718 4100 ignis
2747 4031 3016 4102 baptismo.
3034 4030 3105 4086 ad
3126 4031 3315 4086 sordes
3343 4033 3478 4086 alias
3495 4032 3857 4103 detergendus

2274 4122 2558 4194 indigeret.
2595 4123 2771 4178 Verba
2814 4123 2929 4195 ejus
2960 4134 3082 4180 sunt
3131 4123 3232 4193 Ep.
3285 4122 3472 4178 XVIII.
3519 4123 3584 4178 ad
3643 4125 3857 4179 Damas.

2273 4231 2416 4270 num.
2449 4215 2536 4271 il.
2571 4215 2681 4287 Ego
2709 4217 2828 4286 quia
2853 4225 2899 4270 et
2921 4216 3078 4269 oculis
3107 4215 3247 4273 video
3271 4215 3340 4270 ad
3378 4215 3860 4286 concupiscendam,

2273 4316 2320 4362 et
2347 4323 2497 4360 manu
2528 4307 2852 4361 scandalizor
2879 4315 2923 4360 et
2970 4305 3112 4376 pede,
3157 4315 3204 4359 et
3251 4307 3473 4358 omnimn
3519 4305 3856 4360 membrorum

2272 4408 2417 4468 parte
2452 4399 2709 4469 delinqno,
2743 4398 2899 4451 habeo
2945 4399 3116 4452 omnia
3142 4398 3406 4450 immunda
3429 4412 3448 4450 :
3472 4406 3517 4450 et
3554 4398 3674 4464 quia
3703 4398 3860 4451 semel

2270 4491 2455 4566 spiritu
2490 4491 2790 4560 baptizatus,
2820 4507 3020 4543 rursum
3053 4489 3273 4546 tunicam
3311 4489 3490 4556 pollui,
3528 4489 3739 4541 secundi
3770 4489 3861 4541 ba-

2272 4583 2522 4653 ptismatis
2546 4584 2870 4652 purgatione,
2895 4582 2952 4634 id
2969 4592 3061 4646 est,
3090 4581 3222 4651 ignis
3243 4581 3465 4650 indigeo.
3493 4579 3691 4638 Verum
3724 4579 3862 4640 nihil

2272 4673 2434 4740 habet
2470 4674 2526 4730 in
2555 4673 2638 4742 his
2665 4674 2952 4742 singulare,
2981 4673 3197 4744 etquod
3223 4688 3253 4727 a
3283 4673 3490 4742 vulgata
3517 4673 3844 4728 Sanctorum

2269 4764 2544 4820 hominum
2574 4764 2774 4835 phras't,
2801 4763 2892 4834 qui
2915 4763 3190 4821 tuodestim
3212 4779 3397 4821 caussa
3427 4777 3547 4820 sese
3571 4762 3854 4835 dejiciunt,

2267 4856 2574 4912 abhorreat.

2891 5011 3110 5079 CAPUT
3149 5012 3235 5068 III.

2267 5144 2307 5204 ι.
2351 5143 2529 5198 Roma:
2553 5141 2872 5212 Baptismuu-
2900 5144 3129 5212 suscipit,
3160 5141 3233 5199 II.
3285 5144 3394 5199 Sub
3441 5144 3642 5198 Liberio
3677 5143 3836 5216 Papa,

2631 5249 2766 5286 anno
2794 5234 2998 5288 circiter
3040 5235 3205 5292 (etatis
3235 5250 3341 5288 suw
3363 5233 3490 5288 XX.

2336 5392 2375 5456 ι.
2418 5389 2536 5443 Non
2563 5389 2688 5444 alibi
2726 5405 2884 5459 quam
2929 5390 3116 5454 Ruunt:
3148 5389 3311 5443 fuisse
3339 5388 3726 5458 I-Iiertmymum
3758 5387 3841 5442 Ia-

2266 5496 2427 5536 vaero
2467 5480 2721 5550 Baptism]
2768 5481 3030 5544 ablutum,
3058 5481 3126 5533 ita
3157 5495 3254 5548 pro
3279 5489 3431 5533 certo
3459 5479 3720 5535 habemus
3741 5520 3757 5546 ,
3791 5486 3852 5533 ιιι

2262 5574 2349 5640 qui
2373 5573 2529 5628 aliter
2556 5574 2815 5639 sentiunt,
2849 5573 3010 5642 idque
3039 5574 3235 5625 factum
3264 5571 3522 5639 Aquileia:
3553 5572 3765 5638 volunt,
3794 5577 3850 5623 et

2263 5666 2572 5735 inscriptum
2605 5665 2731 5721 olim
2759 5664 2984 5734 lapidem
3033 5662 3213 5735 (I'also
3243 5664 3466 5731 tamen)
3517 5671 3712 5747 testem
3744 5661 3852 5718 ad-
