4048 6192
205 219 269 279 Π
1483 218 1543 273 ε.
1584 214 1749 269 lilEll

1861 211 1962 266 [ill
2009 212 2185 266 VlTA.

206 335 391 388 bibent
414 334 469 388 in
498 347 617 387 eam
665 312 798 398 rem,
821 333 997 385 valere
1027 333 1239 401 penitus
1265 332 1569 399 jttbcantus.
1604 328 1780 383 Testis

206 424 319 493 ipse
346 424 496 477 omni
525 423 837 491 exceptione
880 423 1053 490 major
1087 432 1172 476 est
1217 420 1274 475 S.
1309 420 1465 474 Pater
1488 420 1541 475 in
1574 418 1780 472 duabus

205 514 267 569 ad
299 514 590 569 Damasum
622 513 876 582 Epistolis
904 512 1018 566 XV.
1054 522 1107 567 et
1138 511 1278 566 XVI.
1311 509 1461 577 Inde,
1505 508 1774 578 inquiens,

206 623 338 659 nunc
362 621 484 659 mea:
516 607 703 658 attinnt:
747 605 1011 673 postulans
1052 604 1242 665 cibum,
1276 601 1406 655 unde
1436 601 1555 655 olim
1588 598 1776 653 Christi

204 698 492 751 vestimenta
514 696 736 765 suscepi.
763 695 847 761 Et,
886 694 996 764 Ego
1018 696 1195 764 igitur,
1220 706 1271 747 ttt
1299 706 1414 747 ante
1433 694 1544 765 jam
1573 694 1773 761 scripsi,

202 788 385 843 Christi
415 800 597 843 restent
638 790 691 842 in
729 788 963 843 Romana
991 787 1113 840 urbe
1158 787 1458 857 suscipiens,
1488 802 1617 838 nunc
1655 786 1774 838 bar-

200 881 314 937 baro
341 880 514 952 Syrite
541 881 701 935 limite
726 891 914 935 teneor.
947 878 1129 949 Neque
1156 880 1299 933 enim
1339 880 1457 933 heic
1484 876 1585 931 alia
1613 877 1776 931 Chri-

196 972 257 1026 sti
314 973 635 1026 vestimenta
686 972 906 1041 inti-lligi
957 972 1064 1025 ullo
1110 970 1271 1025 modo
1322 980 1565 1040 possunt.
1615 984 1773 1036 quam

194 1079 306 1132 qua:
327 1064 484 1133 juxta
516 1065 830 1133 Apostoluut
856 1080 949 1133 per
972 1064 1171 1119 Gratia:
1209 1065 1477 1117 lavacrum
1505 1074 1559 1117 ct
1589 1062 1774 1117 Fidem

192 1155 488 1223 induimus,
511 1167 569 1211 ut
598 1166 940 1226 praetereant,
968 1156 1033 1210 ad
1059 1155 1318 1211 candidas
1337 1172 1549 1225 quoque
1574 1165 1773 1218 vestes,

187 1246 389 1315 quibus
436 1249 646 1301 amiciri
697 1248 943 1301 soiebant
989 1247 1116 1300 olim
1164 1246 1459 1301 Christiani
1514 1244 1775 1315 llaptismi

186 1347 460 1406 tempore,
496 1338 561 1392 iis
610 1338 789 1392 verbis
833 1337 1033 1391 adludi.
1075 1336 1294 1391 Certum
1339 1345 1617 1406 prmterea,
1664 1336 1771 1390 imo

187 1439 235 1484 et
255 1431 558 1483 sententia:
580 1429 741 1497 hujus
768 1431 1163 1484 consectarium
1192 1439 1297 1496 est,
1315 1444 1438 1484 eum
1466 1445 1571 1483 non
1596 1430 1775 1482 statim

189 1537 217 1573 a
247 1519 555 1584 nativitate,
605 1534 782 1589 neque
834 1521 1023 1588 primis
1075 1520 1311 1574 infantia:
1363 1521 1540 1584 annis,
1593 1520 1771 1587 Btpli-

186 1626 356 1664 smum
398 1610 730 1678 suscepisse,
772 1610 867 1664 sed
911 1610 1093 1663 adulta
1141 1620 1322 1676 artato,
1354 1612 1602 1665 nimirum
1647 1627 1766 1666 cum

188 1700 369 1757 Romae
394 1708 560 1754 esset.
592 1698 785 1752 \‘erutn
820 1698 939 1752 beic
966 1697 1297 1767 perdifficilis
1324 1702 1548 1767 quaestio
1569 1702 1759 1764 oritur,

187 1809 309 1847 num
341 1792 553 1848 scilicet
582 1807 704 1846 cum
736 1791 907 1861 primo
938 1791 1163 1845 Romam
1213 1792 1434 1849 advenit
1480 1795 1755 1849 literarum

184 1884 373 1939 studiis
394 1884 742 1946 erudiendos,
781 1898 847 1937 an
895 1891 1103 1954 postea,
1145 1900 1289 1949 cum,
1330 1888 1625 1955 peragratis
1646 1887 1758 1955 jam

183 1977 391 2040 Galliis,
414 1986 473 2032 et
506 1976 575 2031 de
602 1977 895 2031 solitudine
927 1977 1155 2031 ineunda
1182 1979 1447 2047 cogitans,
1471 1994 1536 2035 eo
1571 1979 1761 2035 rediis-

180 2077 282 2131 set,
310 2068 481 2121 sacris
508 2084 568 2122 se
605 2067 763 2122 undis
800 2066 1052 2123 altluerit.
1081 2067 1316 2121 Alteram
1367 2068 1504 2123 banc
1551 2070 1759 2138 opinio-

179 2174 298 2211 nrm
341 2157 696 2218 eruditissimi
752 2158 949 2227 quique
1004 2159 1364 2213 recentiorum
1414 2169 1647 2225 tuentur,
1696 2176 1759 2215 ea

182 2249 321 2303 ducti
350 2250 672 2318 cumprimis
702 2248 928 2311 ratione,
958 2249 1099 2318 quod
1129 2250 1257 2303 olim
1288 2249 1382 2319 qui
1413 2250 1641 2305 infantes
1667 2251 1759 2304 ba.

183 2341 359 2410 ptizati
390 2356 501 2394 non
530 2339 780 2402 fuissent,
813 2339 1034 2395 dilferre
1065 2354 1232 2407 usque
1264 2339 1586 2411 baptismum
1616 2341 1759 2395 sole-

179 2444 314 2497 rent,
338 2430 833 2501 quoadjuventutis
860 2431 1169 2485 discrimina
1193 2430 1538 2502 acrioresque
1567 2432 1756 2486 stimu-

179 2524 259 2577 los
286 2526 592 2579 evasissent
619 2541 631 2576 :
666 2523 719 2577 id
749 2522 891 2593 quod
946 2522 1152 2576 fervido
1184 2521 1494 2594 Hieronymi
1539 2522 1753 2591 ingenio

180 2617 408 2670 maxime
457 2623 883 2669 consentaneum
918 2614 1097 2667 fuerit.
1126 2612 1307 2668 Videri
1343 2622 1547 2681 autem,
1576 2615 1744 2678 aiunt,

178 2708 356 2778 pietati
385 2706 506 2775 ejus
532 2722 595 2759 ac
624 2705 868 2774 religioni
902 2705 1014 2758 fieri
1044 2705 1311 2773 iujttriatn,
1341 2703 1384 2759 si
1417 2706 1748 2775 propositum

174 2798 277 2853 Deo
306 2796 654 2862 inserviendi,
684 2795 826 2865 quod
854 2798 1014 2865 erepit
1055 2812 1272 2851 verstre
1310 2798 1511 2861 animo,
1546 2806 1602 2849 ut
1623 2812 1747 2851 mox

171 2889 424 2952 dicemus,
474 2904 597 2942 cum
650 2890 700 2941 in
732 2888 932 2943 Gallias
972 2890 1422 2957 peregrinaretur,
1472 2890 1747 2959 Baptismo

172 2980 433 3051 pesterins
467 2977 603 3045 fuit,
634 2995 732 3032 nec
771 2994 900 3032 sane
939 2976 1152 3033 modico
1188 2979 1443 3048 temporis
1477 2978 1669 3049 Spatia,
1699 2980 1743 3033 si

170 3069 321 3124 debet
348 3069 459 3124 iSIe
501 3068 569 3123 ad
616 3070 846 3138 priorem
881 3067 1039 3123 Urbis
1067 3068 1356 3122 incolatum
1385 3067 1596 3123 referri.
1638 3068 1745 3124 Sed

171 3158 274 3217 lucc
304 3176 411 3214 nos
458 3160 683 3215 minime
709 3169 965 3219 movent;
997 3174 1122 3212 nam
1152 3172 1326 3227 neque
1352 3156 1597 3214 solemne
1622 3174 1741 3213 om-

169 3251 311 3307 nibus
340 3250 666 3306 Christianis
708 3250 825 3316 fuit,
849 3251 936 3321 qui
964 3250 1082 3304 sine
1106 3247 1382 3319 Baptismo
1425 3258 1582 3305 attate
1610 3266 1743 3320 pauo

170 3340 267 3395 lum
310 3342 731 3412 processissent,
767 3350 823 3394 ut
863 3340 1038 3394 serius
1075 3338 1396 3396 differrent:
1429 3355 1604 3412 neque
1646 3357 1745 3412 po-

166 3433 355 3487 sterius
391 3431 521 3486 illud
576 3431 887 3498 llicrouvtni
928 3430 1036 3485 Deo
1061 3431 1330 3485 serviendi
1380 3432 1737 3503 propositum,

166 3525 447 3597 quidquam
470 3524 708 3579 defuisse
750 3523 933 3593 pietati
962 3523 1078 3591 ejus
1105 3523 1348 3593 pristina:
1389 3532 1559 3579 notat.
1600 3522 1739 3591 Quin

168 3617 262 3673 imo
285 3633 429 3672 nova
476 3632 595 3671 eam
623 3616 937 3670 accessione
966 3614 1207 3669 cumulat
1236 3631 1251 3667 :
1300 3614 1563 3686 siquidem
1604 3616 1735 3670 illud

167 3720 288 3773 erat,
318 3726 438 3763 non
493 3707 832 3777 ingrediendi
875 3716 1001 3761 tunc
1026 3705 1246 3760 demum
1271 3703 1630 3762 Christianam
1661 3708 1740 3761 vi-

166 3808 281 3865 tam,
308 3799 414 3855 sed
469 3798 847 3868 perfectiorem
901 3796 1072 3858 multo
1121 3794 1332 3865 agendi,
1384 3796 1735 3866 propositum.

167 3892 293 3958 quod
327 3888 679 3960 postmodum
710 3888 763 3942 in
789 3902 974 3943 eremo
1003 3886 1260 3956 implevit.
1284 3886 1573 3952 Praeterea,
1594 3887 1739 3956 quod

166 3982 314 4037 redux
342 3999 373 4037 a
405 3981 596 4038 Galliis
640 3981 865 4036 Romam
896 3980 1174 4049 repetierit
1202 3978 1259 4035 S.
1304 3978 1483 4047 Pater,
1511 3980 1658 4033 nullo
1684 3979 1734 4033 in

167 4076 270 4143 ejus
299 4079 423 4131 vita:
454 4076 619 4140 serie,
656 4073 1006 4129 fundamento
1033 4072 1238 4137 nititur,
1268 4072 1377 4125 imo
1397 4088 1428 4126 a
1451 4072 1563 4127 veri
1606 4087 1731 4140 spe-

166 4170 237 4222 cie
274 4172 418 4225 omni
469 4168 750 4223 abhorret.
795 4166 900 4222 Sed
947 4166 1061 4221 ltrec
1109 4166 1317 4236 plenius
1366 4180 1431 4220 ex
1478 4165 1584 4229 his,
1619 4180 1737 4233 qua:

166 4257 371 4315 dicenda
404 4270 536 4316 sunt
564 4260 808 4325 inferius,
844 4258 1188 4312 constabunt.

228 4353 285 4406 ll.
327 4355 525 4409 [latum
554 4355 733 4423 itaque
754 4362 888 4417 esto,
918 4367 1047 4407 eum
1066 4360 1351 4421 antequam
1374 4350 1541 4405 Roma
1570 4350 1733 4405 dece-

165 4443 325 4511 deret,
352 4460 481 4500 cum
512 4462 579 4499 eo
609 4446 839 4514 primum
871 4442 945 4497 ad.
968 4442 1256 4497 simulares
1283 4443 1464 4497 literas
1488 4441 1738 4496 ediscen-

165 4532 250 4588 das
273 4537 531 4600 venisset,
564 4534 730 4589 sacris
757 4532 920 4587 fuisse
946 4532 1100 4587 undis
1129 4530 1368 4586 ablutum
1394 4548 1406 4584 :
1437 4530 1539 4585 boc
1578 4530 1738 4583 nimi-

164 4637 270 4678 rum
315 4637 583 4695 tempore,
624 4625 691 4679 ad
737 4624 878 4694 quod
914 4638 1011 4678 nos
1056 4621 1189 4676 ordo
1237 4620 1371 4676 Vitae
1414 4621 1531 4692 ejus
1578 4636 1737 4691 quam

163 4718 567 4775 couscribimus.
595 4716 764 4782 duxit,
787 4715 887 4771 sub
912 4715 1126 4771 Liberio
1157 4714 1316 4785 Papa,
1348 4729 1456 4769 non
1489 4713 1736 4780 Damaso,

164 4816 353 4862 etcum
383 4807 625 4862 nondum
648 4808 783 4877 ipse,
814 4815 871 4861 ut
898 4805 1131 4872 videtur,
1161 4821 1358 4859 annum
1388 4804 1562 4859 letalis
1591 4805 1739 4875 vige-

160 4896 354 4949 simum
382 4898 669 4967 attigisset.
698 4898 765 4952 Et
791 4912 917 4953 vero
954 4899 1022 4964 si,
1063 4905 1119 4951 ut
1146 4896 1345 4951 dudum
1384 4896 1737 4964 ostendimus,

160 5004 259 5043 non
284 5003 357 5043 eo
385 5002 559 5056 usque
582 4990 904 5056 Baptismum
930 4990 1154 5056 distulit,
1185 4989 1326 5059 quod
1356 5005 1386 5045 a
1410 4989 1611 5047 Gallica
1640 5006 1737 5060 pe-

162 5079 528 5149 regrinatione
565 5080 950 5149 regrederetur,
985 5096 1323 5151 consequens
1353 5093 1456 5148 est,
1487 5091 1547 5135 ut
1582 5093 1745 5135 antea

164 5171 476 5242 susceperit,
521 5186 645 5228 cum
689 5172 894 5227 scilicet
937 5175 1161 5228 Romam
1202 5173 1399 5244 (neque
1428 5174 1571 5229 enim
1613 5172 1737 5226 alibi

163 5261 346 5318 tinctus
363 5263 472 5333 est)
501 5263 693 5319 litteris
723 5264 1047 5320 erudiendas
1078 5265 1255 5327 venit;
1297 5274 1352 5319 ut
1377 5265 1419 5318 si
1445 5262 1566 5334 jure
1595 5264 1737 5317 illam

165 5350 269 5409 falsi
297 5357 695 5426 redarguimus,
734 5356 955 5411 omnino
980 5358 1148 5411 altera
1186 5354 1300 5409 hinc
1346 5370 1469 5412 vera
1520 5364 1738 5409 senten-

166 5442 227 5497 tia
267 5449 354 5501 sit.
385 5447 495 5503 Sed
536 5457 592 5503 et
633 5448 998 5519 peculiaribus
1039 5448 1089 5503 id
1125 5447 1375 5503 evincere
1412 5444 1741 5515 argumentis

169 5529 297 5591 libet.
323 5538 538 5609 Quippe
576 5554 686 5594 nec
711 5539 829 5608 ipse
866 5538 1093 5594 obscure
1135 5536 1337 5593 indicat
1369 5538 1425 5593 S.
1457 5536 1637 5596 Pater,
1679 5549 1737 5587 se

169 5633 259 5681 tton
285 5628 537 5699 Damaso,
565 5630 664 5688 sed
699 5628 910 5701 pridem
942 5629 1055 5700 ejus
1083 5628 1365 5687 decessore
1392 5624 1604 5686 Liberio
1627 5622 1736 5679 Ito-

3409 220 3479 274 l8

1890 338 2098 376 matiam
2146 324 2441 379 Ecclesiattt
2486 325 2907 393 administrante,
2952 327 3296 399 baptizatum.
3336 335 3467 390 Cum

1888 416 2031 469 enim
2063 416 2129 469 ad
2158 416 2309 470 illum
2340 416 2606 485 Epistolas
2639 418 2801 472 modo
2842 419 3077 476 laudatas
3103 419 3364 491 scribens,
3407 429 3468 481 il-

1888 504 1977 558 lud
2010 514 2214 574 urgeat,
2243 506 2386 576 quod
2416 507 2599 561 Ruina:
2640 505 2837 563 Christi
2866 511 3174 566 vestimenta
3212 530 3460 583 suscepe-

1888 597 1974 654 rit.
2010 606 2066 650 ut
2104 612 2170 651 eo
2203 598 2402 666 justius
2431 598 2553 653 inde
2586 599 2873 654 consilium
2906 600 2971 655 de
3014 600 3115 658 lide
3142 615 3283 673 petat
3311 624 3327 659 :
3358 608 3401 661 si
3432 625 3464 662 a

1887 687 2133 749 Damaso,
2183 699 2275 742 aut
2325 690 2417 743 illo
2462 689 2785 745 Cztthcdrant
2836 700 3070 758 tenente,
3119 698 3458 766 suscepisset,

1884 778 2065 846 utique
2093 778 2258 841 istud,
2284 780 2426 849 quod
2449 797 2559 836 sua:
2584 791 2702 836 erat
2730 796 2934 839 caussa:
2958 785 3290 853 palmarium,
3315 790 3464 843 addi-

1881 866 2075 929 disset;
2121 870 2280 939 plane
2318 880 2496 927 autem
2527 883 2665 927 tacet
2694 873 2745 926 in
2778 882 3002 943 utraque
3028 874 3286 943 Epistola.
3324 880 3460 944 Quin

1884 961 1991 1015 into
2032 965 2360 1018 contrarium
2390 965 2441 1017 itt
2470 965 2651 1032 priore
2683 965 2874 1027 innuit,
2908 966 3031 1019 olim
3059 966 3155 1021 illo
3184 968 3460 1036 adverbio,

1884 1050 2054 1119 Unde,
2111 1056 2381 1125 inquiens,
2437 1054 2557 1109 0L!
2572 1055 2622 1108 Μ
2675 1055 2865 1111 Christi
2904 1061 3195 1112 vestimenta
3245 1064 3462 1130 suscepi,

1883 1146 2101 1213 perinde
2122 1162 2183 1201 ac
2211 1148 2256 1201 si
2275 1147 2500 1213 diceret,
2524 1157 2808 1215 antequam
2839 1158 2891 1202 tu
2916 1149 3071 1218 hujus
3093 1150 3348 1205 Ecclesia:
3378 1168 3465 1206 re-

1882 1236 2059 1304 gimen
2106 1237 2397 1292 obtineres.
2445 1238 2566 1292 lniit
2620 1253 2746 1292 vero
2790 1239 3156 1294 Pontiﬁcatum
3204 1240 3464 1296 Damasus

1884 1328 1984 1380 Sub
2023 1329 2143 1381 anni
2184 1329 2289 1383 566
2338 1329 2496 1382 linem
2525 1370 2540 1393 ,
2580 1344 2700 1383 cum
2752 1329 3105 1402 Hieronymus
3146 1331 3459 1402 vigesimum

1884 1417 2099 1471 circiter
2140 1418 2262 1473 vita:
2297 1429 2499 1489 ageret.
2531 1419 2677 1474 idem
2717 1434 2941 1490 arguere
2985 1431 3068 1474 est
3106 1436 3171 1475 ex
3204 1423 3460 1491 temporis

1881 1507 2172 1574 notatione,
2202 1523 2305 1577 quo
2340 1503 2541 1562 amicus
2568 1508 2687 1578 ejus
2727 1510 2967 1564 liuflintts
3002 1510 3330 1580 Baptismnm
3362 1528 3459 1566 δυσ·

1875 1597 2064 1665 scepit,
2098 1612 2239 1650 anno
2281 1598 2502 1663 scilicet,
2551 1610 2608 1652 ttt
2648 1599 2823 1654 serius
2854 1601 2981 1665 57],
3029 1611 3085 1654 ut
3115 1618 3177 1655 ex
3214 1602 3453 1671 ejusdem

1874 1687 2106 1757 lipistola
2137 1688 2201 1741 ad
2234 1689 2573 1743 Anastasium
2598 1681 2820 1759 Papam,
2848 1700 2903 1745 et
2941 1692 3032 1746 lib.
3061 1691 3127 1744 ΙΙ.
3155 1693 3453 1747 Invectiva-

1870 1796 1986 1833 rum
2040 1776 2348 1851 Hieronymi
2404 1791 2740 1850 compertum
2784 1790 2889 1837 est.
2940 1781 3192 1837 Nostrum
3247 1784 3454 1839 scilicet

1867 1870 2029 1923 fuisse
2050 1871 2250 1941 aliquot
2270 1883 2394 1926 ante
2426 1872 2573 1926 ithnn
2603 1873 2758 1928 annis
2785 1873 2953 1930 hocce
2977 1885 3313 1930 sacramento
3342 1876 3448 1930 inis-

1868 1962 2076 2027 tiatutn,
2111 1972 2166 2018 et
2207 1979 2435 2019 concors
2463 1966 2743 2021 doctorum
2771 1969 3058 2033 sententia,
3101 1978 3155 2023 et
3193 1970 3451 2024 nonnulla

1864 2054 1921 2110 S.
1967 2057 2207 2125 ejusdem
2254 2057 2426 2113 Patris
2474 2060 2777 2113 tesuntouia
2828 2061 3201 2129 comprobent.
3248 2062 3449 2130 Accipe

1865 2147 2013 2202 istud
2048 2163 2112 2203 ex
2154 2148 2325 2219 Epist.
2371 2150 2459 2204 IV.
2499 2151 2566 2205 ad
2620 2151 2987 2205 Florentium:
3024 2152 3123 2206 Ille
3153 2152 3446 2223 (Ruflinus)

1864 2239 2015 2305 modo
2043 2257 2096 2294 se
2124 2241 2269 2307 lavit,
2297 2250 2341 2295 et
2372 2242 2591 2297 mundus
2618 2252 2713 2307 est,
2754 2252 2800 2296 et
2827 2253 3066 2314 tanquam
3104 2246 3193 2298 nia:
3234 2246 3445 2300 dealba-

1863 2344 1942 2383 tns
1973 2346 1991 2384 :
2016 2347 2106 2401 ego
2134 2335 2326 2385 cunctis
2348 2342 2666 2400 peccatorum
2693 2334 2924 2387 sordibus
2949 2335 3238 2403 inquinatus
3269 2336 3443 2391 diebus
3526 2374 3529 2377 -

1859 2438 1921 2475 ac
1948 2422 2175 2477 noctibus
2202 2424 2440 2491 Opperiar
2476 2440 2591 2477 cum
2620 2433 2833 2479 tremore
2880 2426 3088 2480 reddere
3117 2428 3443 2483 novissimum

1858 2514 2214 2583 quadrantem.
2250 2517 2317 2568 At
2357 2516 2399 2567 si
2426 2524 2547 2583 post
2570 2515 2830 2571 Gallicum
2856 2516 3067 2572 demunt
3092 2517 3193 2571 iter
3221 2520 3307 2574 hic
3333 2522 3439 2574 tin-

1854 2613 1972 2659 rtus
2004 2614 2105 2668 est,
2136 2606 2223 2659 vix
2253 2616 2368 2660 erat
2404 2615 2588 2660 notato
2617 2606 2775 2677 digna
2807 2610 3062 2678 temporis
3085 2609 3387 2666 dltl'ereutia
3420 2632 3435 2667 :

1850 2706 1999 2751 certe
2025 2696 2240 2766 quidem
2268 2711 2373 2752 non
2405 2707 2569 2765 tanta,
2612 2714 2677 2754 ex
2707 2714 2808 2770 qua
2851 2701 2940 2755 illa
2968 2711 3199 2771 recepta:
3228 2703 3430 2759 dudttm

1852 2787 2194 2853 innocentiae,
2236 2797 2289 2844 et
2328 2798 2727 2845 contractarum
2760 2791 3016 2859 temporis
3050 2791 3279 2847 decursu
3312 2810 3433 2848 sor~

1850 2881 2022 2947 dium,
2056 2882 2263 2938 institui
2297 2882 2634 2951 comparatio
2664 2892 2863 2949 posset.
2909 2881 3072 2952 Igitur
3100 2884 3294 2937 tiuctus
3318 2900 3435 2937 ont-

1852 2972 1979 3026 niuo
2010 2982 2092 3026 est
2119 2982 2403 3041 antequam
2432 2986 2657 3027 emenso
2678 2971 2976 3025 studiorum
3004 2975 3195 3027 currict
3217 2975 3269 3024 ιι»
3290 2974 3434 3030 Urbe

1844 3052 2156 3126 'tlecedcret,
2186 3064 2341 3117 anuis
2372 3064 2491 3131 plus
2520 3064 2699 3117 minus
2733 3071 2858 3117 ante
2880 3062 3152 3118 Ruflinum
3180 3076 3431 3134 quatuor.

1852 3154 2026 3221 Atque
2056 3151 2159 3206 huc
2182 3151 2372 3206 referri
2405 3152 2533 3204 illud
2576 3152 2735 3204 etiam
2764 3151 2946 3218 velim,
2981 3152 3123 3222 quod
3167 3156 3298 3207 alias
3320 3156 3433 3210 lau-

1849 3241 1977 3296 dato
2005 3243 2123 3296 loco
2165 3242 2258 3297 lib.
2293 3240 2407 3295 XII.
2456 3242 2506 3294 iu
2553 3240 2913 3304 Ezecltielem,
2947 3258 3006 3298 se
3048 3245 3122 3298 ait
3160 3245 3216 3300 S.
3251 3245 3428 3311 Pater,

1848 3349 1971 3388 cum
1998 3342 2142 3388 esset
2163 3333 2349 3387 Roma:
2380 3348 2527 3403 puer,
2554 3340 2607 3386 et
2632 3331 2942 3389 liberalibus
2966 3333 3155 3390 studiis
3183 3337 3447 3391 erudire-7

1849 3436 1951 3489 tur,
1986 3424 2200 3479 solitum
2227 3439 2346 3478 cum
2370 3423 2581 3479 czeteris
2604 3422 2843 3492 ejusdem
2865 3425 3037 3479 aetatis
3058 3440 3121 3480 ac
3144 3428 3425 3496 propositi.

1846 3518 2033 3572 diebus
2061 3516 2350 3571 Dominicis
2393 3516 2674 3586 sepulchra
2718 3516 3094 3585 Apostolorum
3132 3528 3187 3572 et
3226 3518 3425 3590 Marty-

1848 3626 1965 3663 rum
1993 3609 2241 3665 circuire.
2266 3608 2403 3677 Quid
2436 3608 2578 3663 euim
2602 3607 2744 3661 aliud
2776 3610 3035 3678 propositi
3066 3611 3278 3666 nomine
3309 3610 3427 3666 beic

1852 3701 1954 3756 loci
1973 3699 2310 3756 commodius
2336 3698 2624 3767 intelligas,
2642 3714 2799 3767 quam
2825 3700 3137 3768 religionem
3163 3701 3391 3756 tlltristia
3406 3732 3425 3743 -

1848 3809 1992 3860 nam,
2028 3796 2111 3847 cui
2151 3807 2346 3847 nomen
2391 3805 2485 3860 per
2512 3790 2839 3859 Baptismunt
2881 3790 3158 3845 dedisset?
3187 3792 3425 3859 Denique

1847 3894 1997 3937 vetus
2022 3896 2233 3952 quoque
2273 3880 2405 3935 Vita:
2452 3878 2880 3950 llieronymiana:
2907 3880 3123 3942 Auctor,
3154 3879 3244 3947 qui
3281 3878 3427 3934 Gen-

1847 3975 2035 4029 nadius
2081 3974 2248 4039 audit,
2296 3988 2417 4027 cum
2460 3982 2704 4037 testatur,
2750 3988 2871 4027 cum
2912 3988 3037 4041 puer
3063 3970 3241 4028 adhuc
3281 3984 3427 4027 esset

1848 4067 2010 4138 (quod
2042 4074 2124 4119 est
2155 4082 2219 4120 ex
2251 4066 2600 4134 Antiquorum
2641 4079 2823 4129 sensu,
2856 4080 2977 4119 eum
3002 4063 3239 4119 nondum
3273 4063 3422 4131 vige-

1846 4158 2039 4210 simum
2081 4170 2279 4208 anuum
2334 4156 2674 4221 excessisset)
2727 4154 3053 4221 Baptistuutn
3097 4154 3425 4222 suscepisse.

1851 4246 1961 4299 Iloc
2002 4244 2327 4307 testimonio,
2364 4243 2465 4295 etsi
2504 4242 2623 4296 aliis
2648 4241 2716 4295 de
2740 4243 2942 4295 caussis
2983 4243 3223 4308 Auetori,
3251 4240 3344 4311 qui
3370 4252 3429 4298 et

1848 4351 2041 4390 nomen
2086 4334 2359 4397 mentitur,
2401 4330 2541 4385 haud
2583 4330 2806 4384 multum
2854 4333 3163 4397 tribuamus,
3211 4333 3418 4389 nullum

1849 4440 2024 4482 tamen
2049 4436 2134 4480 est
2166 4434 2257 4480 aut
2286 4425 2563 4489 vetustius,
2587 4434 2678 4479 aut
2704 4425 2920 4496 propius
2945 4425 3009 4480 ad
3038 4425 3335 4482 faciendam
3359 4428 3425 4483 ft.-

1846 4520 1988 4575 detn.
2031 4519 2133 4575 Sed
2160 4521 2271 4574 haec
2303 4520 2576 4575 hactenus.

2468 4654 2694 4712 CAPUT
2733 4655 2829 4711 IV.

1847 4836 1887 4892 l.
1929 4837 2053 4893 Post
2088 4837 2319 4892 tisanana
2348 4838 2517 4892 studia
2544 4837 2749 4890 domum
2772 4840 3050 4890 revertitur.
3086 4837 3149 4889 ΙΙ.
3183 4834 3427 4903 Aquileia:

2103 4945 2375 4999 parumper
2399 4937 2645 4981 moratur.
2684 4926 2771 4980 lli.
2799 4927 2994 4979 Gaﬂias
3018 4926 3160 4995 petit.

1921 5082 1959 5137 l.
1986 5082 2342 5137 Steeularibtts
2370 5082 2547 5150 itaque
2568 5080 2740 5134 literis
2763 5078 2945 5134 Romae
2960 5079 3024 5133 ad
3050 5080 3263 5148 plctnnn
3291 5096 3419 5134 cru-

1848 5173 2011 5234 tilIUS,
2054 5172 2253 5239 diuque
2291 5171 2361 5223 ibi
2404 5170 2455 5222 in
2503 5169 2796 5221 Rhetorum
2842 5168 3039 5222 scholis
3077 5171 3425 5233 exercitatus,

1848 5261 2046 5317 Urbem
2070 5259 2395 5325 relinquere,
2425 5265 2478 5309 et
2501 5256 2698 5309 Gallias
2730 5266 2911 5324 petere
2933 5258 3245 5314 eruditionis
3274 5258 3429 5315 laude

1848 5360 1975 5405 tunc
1996 5348 2268 5407 ﬂorentes,
2294 5359 2394 5397 una
2424 5358 2544 5397 cum
2583 5343 2813 5408 Bonoso,
2847 5354 3102 5414 perpetuo
3131 5347 3429 5403 studiorum

1848 5456 1912 5495 ac
1954 5440 2078 5492 vita:
2112 5434 2329 5498 comite,
2373 5433 2618 5488 instituit.
2665 5434 2849 5504 Egerit
2897 5446 3021 5492 tunc
3068 5436 3427 5508 Hieronymus

1848 5528 2164 5599 vigesimum
2187 5523 2399 5577 tertium
2425 5523 2543 5591 plus
2572 5525 2749 5579 minus
2770 5526 2940 5583 :etatis
2960 5544 3180 5593 annum,
3213 5528 3303 5597 qui
3335 5545 3427 5582 re-

1850 5627 2050 5694 paratae
2088 5614 2289 5674 Salutis
2329 5622 2443 5671 erat
2481 5617 2882 5677 trccentesimus
2923 5620 3283 5694 sexagesimus
3334 5636 3431 5673 ttu-
