4048 6192
587 250 655 308 19
1857 244 1911 298 S.
1958 242 2186 296 lllEROZ

2294 240 2331 295 11
2376 241 2555 297 ἨΤΑ.
3787 244 3864 300 20

583 383 706 426 nus.
725 367 992 438 Colligere
1019 366 1119 420 hoc
1150 372 1229 420 est
1257 378 1318 418 ex
1352 358 1952 430 ipsiusmettestimonio
1975 356 2065 410 lib.
2088 355 2153 410 ll.

569 458 842 514 adversus
872 456 1232 517 Jovinianum,
1276 451 1367 506 ubi
1410 448 1839 504 adolescentulum
1881 461 1940 501 se
1984 453 2161 509 vocat,

585 567 706 606 cum
739 551 792 606 in
823 549 1006 606 Galliis
1031 551 1415 616 peregrinatus,
1446 540 1702 611 quosdam
1736 538 2007 599 Attacotos,
2039 553 2166 607 geu-

586 653 683 698 tem
709 639 1054 696 Britannicam
1092 634 1328 688 Immanis
1353 633 1483 686 vesci
1508 630 1742 685 carnibus
1772 628 1916 682 vidit.
1959 625 2161 680 Eadem

585 733 756 788 artatis
791 729 994 784 notatio
1019 736 1125 792 est,
1153 741 1273 780 eum
1305 741 1360 778 se
1378 725 1494 790 jam
1521 720 1916 782 adolescentulo,
1949 716 2167 784 Deiphi-

583 823 727 876 dium
751 832 936 873 omnes
957 817 1157 872 Gallias
1187 830 1348 885 prosa
1379 827 1642 881 versuque
1671 811 1969 864 illustrasse
1992 807 2163 860 adno.

584 923 657 966 tat
682 929 695 964 :
719 924 781 965 ea
805 908 1055 963 nimirum
1075 907 1143 961 de
1163 921 1376 968 caussa,
1400 903 1540 974 quod
1564 903 1790 972 ipsemet
1812 901 1865 954 in
1895 897 2082 954 Galliis
2104 911 2165 952 ea

583 1008 900 1070 tempestate
926 1006 1127 1068 ageret.

574 1139 578 1142 .
657 1092 720 1146 ll.
747 1091 885 1146 Nihil
904 1104 1066 1159 porro
1085 1097 1191 1142 tam
1205 1085 1622 1142 eSlVCI'OSimiIC.
1642 1098 1800 1146 quam
1815 1091 1871 1146 ut
1890 1081 2054 1134 Roma
2069 1079 2171 1134 dis-

585 1182 806 1246 cedens,
831 1180 1135 1236 Stridonem
1160 1177 1330 1244 primo
1350 1176 1690 1243 remigi-aret,
1714 1173 1856 1227 unde
1873 1181 1926 1226 et
1945 1180 2087 1225 recta
2118 1170 2168 1222 in

589 1273 789 1328 Gallias
810 1271 1155 1335 centcndere,
1179 1279 1233 1322 et
1256 1271 1309 1320 in
1335 1279 1550 1336 paterna
1575 1265 1736 1319 domo
1755 1271 1933 1332 posset
1959 1259 2170 1330 longin-

587 1365 794 1434 quioris
816 1358 1261 1433 peregrinationis
1282 1366 1525 1427 sumptus
1550 1369 1753 1424 parare.
1771 1352 1872 1407 Sed
1894 1352 1945 1406 in
1981 1352 2168 1419 patria,

586 1471 708 1525 qua:
745 1455 810 1507 ad
854 1453 1123 1523 ingenium
1167 1464 1271 1510 non
1303 1457 1440 1514 erat,
1485 1463 1670 1517 parum
1712 1445 1862 1500 stetit
1921 1441 2169 1497 Proxime

587 1549 797 1612 aberat,
847 1555 904 1600 ut
941 1545 1074 1615 Cap.
1120 1543 1158 1599 l.
1200 1542 1555 1606 ostendimus,
1599 1538 1851 1594 Stridone
1893 1537 2168 1606 Aquileia:

588 1650 704 1693 erat
737 1640 849 1692 lnrc
871 1639 1032 1692 etiam
1061 1637 1187 1690 urbs
1210 1635 1380 1689 multo
1416 1633 1765 1691 nobilissima.
1795 1639 1852 1686 et
1877 1630 2015 1699 quod
2048 1629 2173 1682 llic-

589 1745 872 1801 ronytnum
897 1728 1064 1796 magis
1088 1727 1346 1791 alliceret,
1369 1739 1434 1779 ac
1457 1725 1739 1786 detineret,
1759 1722 1958 1776 sanctis
1977 1719 2176 1774 dOCIiS-

590 1838 694 1890 que
720 1820 869 1885 viris,
901 1819 1132 1873 maxime
1159 1817 1249 1888 qui
1277 1818 1331 1872 in
1371 1815 1727 1871 celeberrimo
1756 1814 1826 1879 ibi
1856 1809 2176 1865 Monasterio

593 1911 967 1976 versabantur,
988 1909 1312 1974 abundabat,
1336 1922 1564 1978 quorum
1589 1906 1813 1960 illustria
1840 1905 2015 1957 adhuc
2038 1903 2177 1956 inter

595 2003 909 2074 Hieronymi
954 2002 1156 2056 amicos
1191 2000 1404 2055 nomina
1445 1998 1607 2054 multa
1649 2007 1926 2067 superant.
1972 1997 2046 2049 Ex
2096 1995 2177 2048 bis

593 2107 731 2148 unus
750 2103 862 2148 erat
885 2092 1163 2157 Bullinus,
1181 2092 1333 2161 cujus
1360 2091 1429 2145 ob
1451 2089 1646 2160 ingenii
1674 2088 1900 2142 fortasse
1917 2097 2178 2156 pr:cstan-

593 2187 722 2240 tiam
751 2201 912 2256 supra
945 2194 1171 2240 crcteros
1195 2182 1584 2239 consuetudine
1606 2182 1806 2250 saepius
1831 2187 2090 2244 uteretur,
2124 2187 2174 2231 et

593 2293 824 2347 quocum
869 2278 935 2332 dc
975 2277 1168 2332 studiis
1193 2277 1353 2332 verba
1390 2276 1677 2332 conferret.
1709 2276 1762 2330 ln
1790 2274 1930 2328 hunc
1961 2287 2180 2327 sensum

593 2371 805 2425 videtur
852 2381 971 2441 post
1011 2371 1216 2441 aliquot
1253 2387 1422 2425 annos
1470 2371 1536 2425 ad
1589 2386 1711 2425 cum
1758 2369 2000 2423 scribens
2050 2365 2176 2434 Epi-

593 2463 718 2518 stol.
744 2461 831 2516 Ill.
861 2462 1080 2526 dixisse,
1109 2464 1273 2530 Quam
1302 2464 1432 2518 illud
1463 2480 1537 2526 os,
1567 2463 1703 2528 quod
1725 2476 1917 2514 mecum
1941 2458 2014 2512 vel
2040 2472 2180 2510 erra-

596 2553 664 2608 vit
690 2554 967 2624 aliquando
990 2571 1008 2621 ;
1037 2556 1122 2609 vel
1142 2556 1333 2624 sapuit,
1367 2556 1624 2624 impressis
1652 2554 1857 2624 [igerem
1887 2549 2033 2604 labiis
2053 2550 2078 2601 Ζ)
2105 2549 2180 2602 lix

603 2647 709 2701 hoc
739 2658 888 2701 certe
913 2647 1140 2716 primum
1166 2656 1406 2715 tempore
1432 2645 1768 2699 innotescere
1799 2642 2183 2712 Hieronymum

599 2741 742 2795 inter
772 2747 825 2794 et
858 2738 1127 2792 Bullinum
1170 2738 1400 2793 amicitia
1442 2736 1658 2804 incepit,
1708 2749 1806 2789 nec
1839 2749 1936 2803 par
1963 2732 2186 2790 credere

599 2841 702 2896 est,
739 2845 834 2886 eos
863 2829 990 2884 alibi
1028 2843 1188 2900 quam
1231 2828 1490 2898 Aquileia:
1536 2827 1703 2896 prima
1747 2840 1877 2879 usos
1914 2822 2187 2878 familiari-

599 2932 739 2985 tate;
769 2937 881 2976 rem
907 2919 1049 2975 enim
1078 2920 1231 2990 plane
1265 2933 1456 2972 novam
1488 2917 1691 2978 dicunt,
1723 2925 1776 2970 ct
1801 2915 1952 2985 cujus
1984 2913 2186 2967 nullum

601 3013 658 3067 in
684 3010 995 3082 Hieronymi
1037 3010 1270 3080 scriptis,
1317 3017 1372 3063 et
1413 3022 1589 3063 rerum
1637 3007 1777 3062 serie
1817 3013 2186 3076 argumentum

603 3104 841 3172 reperire
879 3112 982 3168 est,
1014 3102 1112 3172 qui
1145 3101 1327 3156 Romae
1364 3114 1460 3157 eos
1502 3098 1670 3154 multo
1714 3097 1916 3169 pridem
1945 3095 2188 3168 junxisse

602 3195 886 3259 amicitias,
909 3193 1115 3259 volunt.
1620 3190 1623 3192 ’

683 3285 768 3340 HI.
809 3285 1156 3354 Compertum
1185 3285 1310 3339 hinc
1341 3293 1442 3347 est,
1487 3298 1589 3336 non
1631 3284 1700 3338 ita
1736 3281 1926 3351 exiguo
1949 3287 2190 3349 tempore

605 3378 993 3447 Hieronymum
1037 3375 1294 3446 Aquileia:
1337 3375 1661 3427 substitisse.
1709 3372 1906 3427 Verum
1934 3385 2038 3425 non
2073 3385 2190 3439 per-

611 3467 856 3521 mittebat
890 3465 1083 3520 insitus
1112 3465 1350 3520 discendi
1372 3464 1551 3527 ardor,
1582 3463 2017 3530 celebrioresque
2053 3459 2192 3529 apud

610 3564 821 3611 exteras
844 3557 1088 3610 nationes
1106 3554 1367 3609 doctrina:
1389 3553 1542 3607 laude
1566 3553 1709 3607 viros
1731 3551 1960 3607 adeundi
1982 3549 2193 3605 deside-

613 3651 773 3715 rium,
803 3658 860 3702 ω
886 3647 1087 3703 diutius
1107 3647 1185 3702 ibi
1200 3646 1538 3701 consisteret.
1565 3645 1804 3715 Arripuit
1826 3646 2002 3714 itaque
2026 3645 2192 3699 iteriu

613 3741 836 3808 Gallias,
860 3755 1033 3811 neque
1055 3755 1213 3794 unam
1249 3739 1409 3794 modo
1429 3747 1521 3793 ant
1548 3738 1770 3792 alteram
1795 3753 1858 3793 ex
1885 3738 1964 3792 his
1993 3737 2192 3804 invisit,

614 3831 710 3887 sed
735 3844 945 3896 omnes,
981 3828 1156 3901 quoad
1190 3830 1309 3901 ejus
1330 3829 1497 3894 licuit,
1538 3828 1830 3884 Galliarum
1859 3843 1984 3882 oras
2022 3827 2199 3896 perlu-

614 3922 825 3986 stravit,
851 3931 911 3976 ut
929 3937 993 3978 ex
1015 3923 1262 3978 omnibus
1288 3923 1458 3978 doctis
1479 3922 1626 3983 viris,
1645 3930 1699 3976 et
1725 3921 2059 3977 bibliothecis
2081 3923 2198 3975 the-

616 4027 833 4066 saurum
855 4013 964 4068 sibi
977 4012 1216 4067 scientia:
1234 4021 1584 4084 compararet.
1613 4011 1666 4066 id
1689 4027 1753 4068 ex
1777 4027 1842 4067 eo
1866 4013 2198 4082 potissmium

617 4115 860 4173 apparet,
885 4104 1023 4174 quod
1057 4104 1296 4159 locorum
1325 4121 1417 4174 per
1447 4114 1627 4176 partes
1655 4120 1758 4158 non
1792 4121 1934 4169 raro,
1961 4120 2059 4160 nec
2084 4104 2200 4164 sine

620 4196 874 4264 peculiari
928 4197 1091 4252 animi
1132 4197 1321 4252 aﬂ'ectu
1371 4197 1698 4261 recordatur,
1751 4197 2198 4265 quemadmodum

620 4287 1028 4355 i‘lpistleXlll.
1049 4289 1114 4343 ad
1131 4290 1504 4359 Agerucl-tiam,
1527 4289 1610 4342 ubi
1635 4289 2032 4357 Quidquitlintcr
2049 4288 2202 4359 Alpes

621 4389 668 4431 et
696 4377 999 4449 Pyrenamm
1020 4391 1112 4447 est,
1142 4381 1285 4450 quod
1310 4381 1511 4444 Oceano
1534 4390 1580 4433 et
1609 4379 1788 4433 Rheno
1811 4381 2088 4432 includitur
2117 4381 2201 4432 di-

623 4479 837 4539 reptum
862 4489 887 4522 :t
919 4473 1165 4528 Darbaris
1189 4476 1441 4529 miserunt
1467 4475 1517 4528 in
1551 4474 1763 4528 modum
1791 4475 1956 4528 dolet.
1994 4473 2206 4542 :lluqun-

625 4563 842 4626 tiacum,
891 4563 1078 4632 inquit,
1128 4565 1309 4619 nobilis
1351 4565 1604 4634 quondam
1643 4566 1812 4618 civitas
1865 4576 2014 4633 capta
2056 4575 2206 4629 atque

621 4653 858 4707 subversa
893 4661 984 4717 est,
1013 4664 1057 4706 et
1090 4655 1140 4706 in
1171 4653 1398 4710 Ecclesia
1425 4658 1582 4708 multa
1613 4655 1871 4707 hominum
1903 4656 2062 4707 millia
2095 4665 2202 4707 tru-

623 4747 814 4800 cidata.
877 4745 1162 4818 Vangiones
1220 4748 1371 4816 longa
1415 4747 1675 4800 obsidione
1713 4747 1882 4800 deleti.
1934 4747 2207 4800 Remorum

625 4839 744 4901 urbs
779 4847 1066 4909 pratpotens
1107 4837 1363 4897 Ambiani.
1399 4837 1668 4896 Atrebataz,
1698 4838 2006 4905 extremique
2042 4837 2208 4890 Itami-

626 4947 746 4982 nttut
780 4930 990 4995 Morini,
1023 4929 1304 4998 Toruagus,
1359 4928 1606 4994 Nemota},
1641 4929 1999 4998 Argentoratus
2042 4940 2206 4981 trans-

628 5022 720 5074 lati
758 5024 807 5074 in
839 5021 1181 5077 Germaniam.
1225 5022 1527 5087 Aquitaniae,
1558 5021 1848 5087 Nouemqne
1877 5022 2204 5092 pepulerunt,

627 5113 983 5182 Lugdunensis
1020 5125 1066 5168 et
1109 5114 1459 5170 Narbonensis
1498 5115 1771 5182 provincia:
1796 5121 1978 5180 printer
2019 5129 2208 5181 paucas

627 5205 773 5258 urbes
819 5206 1063 5272 populata
1102 5215 1217 5259 sunt
1257 5216 1460 5272 cuncta,
1505 5223 1629 5272 quas
1673 5217 1718 5258 et
1762 5206 1900 5272 ipsas
1931 5206 2056 5274 [oris
2097 5208 2210 5278 gla—

628 5299 776 5373 ilius:
807 5297 939 5348 intus
969 5309 1123 5348 uastat
1150 5299 1326 5366 (antes.
1363 5297 1480 5351 Non
1513 5315 1716 5366 possunt
1753 5299 1940 5367 absque
1968 5299 2210 5368 lacrgmis

629 5383 834 5435 Tolosa:
858 5388 1022 5450 facere
1052 5389 1349 5440 mentionem
1376 5409 1390 5446 ;
1434 5405 1546 5458 quae
1579 5402 1630 5442 ut
1653 5390 1905 5457 hucusque
1948 5405 2048 5442 non
2092 5405 2206 5442 rue-

630 5479 727 5526 ret.
774 5470 835 5522 S.
887 5468 1124 5538 Epismpi
1179 5475 1421 5542 Exuperii
1475 5480 1650 5531 merita
1699 5480 2054 5548 prwstiteru'ut.
2103 5477 2209 5533 Sed

615 5560 834 5614 nullam
874 5558 1079 5612 videtur
1121 5578 1186 5614 ex
1232 5567 1374 5618 omni
1420 5567 1710 5622 Galliarum
1758 5570 1974 5638 regione
2013 5570 2210 5623 diutius

632 5647 920 5706 incoluisse
959 5662 1114 5716 qnam
1145 5651 1409 5708 Treviros.
1459 5657 1684 5712 [‘cticrat
1730 5660 1971 5713 Bullinus
2012 5661 2077 5714 ab
2118 5676 2144 5715 e
2169 5678 2202 5730 ι,

2275 371 2402 411 cum.
2419 357 2526 427 jaut
2549 355 2658 426 itm
2689 358 3134 428 proﬁcisceretur,
3165 370 3222 414 ut
3249 360 3305 415 S.
3346 359 3533 416 Hilarii
3559 361 3724 415 libros
3756 361 3859 415 sibi

2272 451 2603 505 exscriberet
2635 470 2648 506 :
2677 452 2817 522 quod
2848 453 2960 521 ipse
2985 468 3103 506 cum
3127 452 3377 508 Treviros
3405 453 3664 517 venisset,
3699 467 3861 522 egre-

2273 543 2356 612 gie
2384 553 2691 612 persecutus
2721 552 2824 609 est,
2859 555 3019 613 utque
3054 544 3144 609 ait,
3183 543 3523 612 postmodum
3555 543 3733 613 Epist.
3767 543 3857 597 Vl.

2274 633 2339 687 ad
2373 633 2700 688 Florentium
2739 635 2998 698 scribens,
3032 633 3303 688 Prolixum
3342 635 3489 688 valde
3517 635 3580 687 de
3626 635 3861 705 Synodis

2275 724 2457 777 librum
2491 725 2552 779 S.
2603 724 2811 790 Hilarii,
2854 727 2900 778 ei
2947 725 3210 797 (Rttﬂino)
3246 725 3388 796 apud
3421 725 3653 787 Treviros
3702 741 3861 779 manu

2275 832 2386 868 mea
2427 816 2536 884 ipse
2564 816 2950 885 descripserant.
2985 817 3051 871 Et
3094 831 3224 871 sane
3267 816 3485 886 scriptio
3524 816 3612 870 illa
3657 817 3864 872 codicis

2276 905 2533 961 Hilariani
2570 923 2673 961 non
2700 907 2774 961 ita
2805 907 2956 962 brevi
2975 907 3168 962 conlici
3193 908 3384 977 potuit.
3415 907 3495 962 Ad
3536 909 3649 962 haec
3671 908 3865 964 Trevi-

2278 1003 2510 1054 rensium
2539 999 2732 1056 idioma
2763 999 2927 1069 probe
2964 1015 3023 1055 se
3052 1001 3304 1055 calluisse
3332 1000 3534 1054 indicat
3576 1001 3634 1055 in
3667 1001 3863 1056 Prom-

2279 1090 2388 1144 tnio
2414 1092 2630 1145 secundi
2665 1091 2788 1146 libri
2821 1092 3347 1146 Columentariornm
3389 1093 3440 1145 in
3473 1091 3772 1162 Epistulam
3798 1091 3866 1147 ad

2277 1181 2510 1248 Galatas,
2545 1184 2631 1237 ubi
2664 1183 2783 1249 bos,
2815 1193 3042 1252 excepto
3080 1198 3330 1239 sermone
3355 1184 3566 1252 Grateo,
3591 1186 3868 1254 propriam

2278 1273 2405 1327 dicit
2429 1274 2658 1342 linguam
2689 1274 3110 1340 babuisseatquc
3135 1274 3379 1329 eamdem
3408 1291 3548 1346 pene
3569 1276 3720 1330 illam
3744 1291 3868 1331 esse
3927 1303 3932 1306 -

2277 1379 2436 1432 quam
2467 1366 2516 1418 in
2546 1365 2716 1422 Gallia
2741 1365 3105 1420 Treverenses
3131 1366 3427 1421 baberent:
3461 1367 3512 1421 id
3543 1368 3685 1437 quod
3707 1383 3868 1424 nosse

2281 1464 2386 1508 tam
2433 1455 2589 1520 bene,
2633 1465 2690 1510 ut
2737 1456 2932 1525 prodit,
2986 1457 3128 1512 lmud
3171 1467 3318 1513 certe
3368 1460 3563 1528 exiguo
3604 1460 3867 1528 temporis

2279 1547 2451 1615 spatio
2480 1548 2670 1616 potuit.
2716 1548 2866 1602 Alias
2907 1549 3074 1603 etiam
3116 1565 3236 1604 cum
3269 1550 3722 1621 peregrinationis
3755 1566 3867 1605 sua:

2281 1654 2381 1692 una
2410 1655 2531 1694 cum
2561 1640 2774 1695 Bonoso
2817 1642 3198 1708 reminiscitur,
3230 1660 3352 1698 eum
3403 1644 3582 1698 statim
3631 1655 3863 1700 tractum

2280 1729 2513 1798 regionis
2536 1731 2791 1795 nominat,
2824 1730 3012 1798 Rheni,
3039 1733 3260 1797 scilicet,
3292 1733 3662 1789 setnibarbaras
3702 1737 3866 1805 ripas,

2280 1825 2346 1879 ad
2377 1839 2507 1894 quas
2542 1839 2723 1878 secum
2756 1824 2846 1879 illo
2888 1833 2997 1894 post
3039 1825 3272 1879 Romana
3310 1827 3478 1879 studia
3515 1827 3690 1880 eodem
3734 1829 3865 1894 cibo,

2283 1916 2394 1985 pari
2435 1917 2685 1984 frueretur
2724 1915 2941 1982 hospitio
2971 1914 3161 1985 (Epist.
3186 1914 3328 1985 Ill).
3374 1917 3610 1986 Denique
3651 1917 3723 1972 ibi
3759 1921 3869 1988 pri-

2285 2023 2394 2059 mus
2439 2007 2553 2076 ipse
2590 2007 2735 2076 coepit
2776 2005 2902 2060 velle
2943 2005 3107 2059 Deum
3151 2007 3314 2061 colere
3347 2006 3558 2077 (υἱώ),
3583 2009 3634 2063 id
3665 2018 3768 2075 est,
3803 2011 3871 2064 de

2285 2096 2514 2151 ineunda
2555 2111 2709 2152 nova:
2741 2097 2875 2151 Vita:
2906 2098 3132 2164 ratione,
3179 2113 3244 2153 ac
3286 2099 3733 2168 deingredicnda
3764 2100 3872 2154 lor.-

2287 2188 2441 2242 tassis
2461 2189 2620 2242 etiam
2644 2188 2928 2243 solitudine
2955 2188 3276 2254 deliberare,
3301 2202 3356 2244 et
3383 2190 3617 2258 Bonoso,
3645 2200 3703 2244 ut
3729 2191 3877 2256 idem,

2286 2280 2586 2334 institutum
2614 2281 2896 2350 arriperet,
2930 2287 3117 2334 auctor
3142 2295 3282 2335 esse.

2914 2454 3137 2510 CAPUT
3179 2455 3239 2507 ν.

2287 2587 2328 2642 1.
2389 2588 2432 2643 Ε
2492 2588 2664 2642 Gallia
2715 2587 3007 2643 Stridonem
3071 2589 3386 2657 regreditur,
3449 2599 3495 2643 et
3567 2590 3871 2657 Aquileiam.

2361 2682 2424 2746 11.
2471 2681 2659 2740 Scribit
2707 2681 2990 2751 Epimlam
3038 2685 3104 2733 att
3151 2680 3504 2736 Innocentium
3561 2683 3626 2742 de
3670 2683 3878 2754 muliere

2359 2777 2542 2847 septies
2582 2761 2840 2844 percussa.

2362 2909 2403 2965 Ι.
2423 2909 2572 2977 Quod
2585 2909 2762 2965 animo
2778 2918 3013 2980 ceperat
3027 2907 3240 2966 Christo
3253 2908 3519 2964 serviendi
3541 2912 3876 2979 propositum

2291 3004 2344 3059 in
2385 3004 2606 3072 Galliis,
2657 3012 2716 3058 ut
2741 3018 2903 3074 opere
2941 3004 3257 3073 quantocius
3286 3003 3622 3070 compleret,
3675 3003 3874 3059 Italian

2291 3096 2394 3152 sibi
2445 3105 2499 3152 et
2548 3095 2775 3166 patriam
2828 3082 3175 3165 repetendam
3233 3092 3516 3148 intellexit.
3575 3093 3692 3149 Non
3737 3096 3876 3165 quod

2292 3189 2451 3244 vellet
2482 3188 2532 3241 in
2584 3196 2804 3256 paterna
2832 3185 3032 3252 domo,
3083 3186 3224 3240 inter
3266 3195 3523 3258 cognatos
3563 3195 3618 3241 et
3657 3188 3875 3257 propin.

2293 3295 2428 3349 quos
2475 3277 2796 3333 Monachum
2846 3276 3083 3347 proﬁteri
3129 3275 3326 3349 (Epist.
3355 3277 3518 3347 XV);
3561 3293 3684 3332 cum
3730 3293 3797 3333 ne
3827 3278 3877 3332 in

2296 3372 2514 3427 urbibus
2540 3371 2755 3440 quidem
2785 3385 2905 3425 esse
2929 3370 3242 3436 Monachus,
3271 3385 3426 3441 aequo
3452 3372 3636 3426 animo
3664 3382 3878 3440 patere.-

2297 3473 2415 3529 tnr;
2437 3462 2699 3530 sedquod
2728 3463 2804 3516 rei
2833 3447 3115 3517 fatniliaris
3136 3504 3151 3528 ,
3185 3464 3388 3517 sororis
3421 3463 3545 3517 item
3571 3504 3586 3528 ,
3621 3474 3673 3516 et
3703 3463 3882 3517 fratris

2297 3553 2597 3608 Pauliniani
2627 3593 2641 3615 ,
2687 3553 2776 3622 qui
2809 3553 3012 3622 primos
3045 3563 3170 3607 tunc
3196 3569 3368 3607 annos
3401 3553 3638 3609 infantia:
3676 3564 3880 3624 ageret,

2297 3661 2424 3701 cura
2464 3645 2647 3700 nescio
2695 3660 2815 3714 qua:
2866 3646 2967 3701 sibi
2999 3645 3359 3700 incumberet.
3392 3647 3554 3701 Certe
3595 3649 3884 3716 quominus

2301 3739 2632 3810 propositum
2663 3739 2792 3792 illttd
2824 3739 3003 3792 statim
3036 3739 3340 3808 perliceret,
3371 3739 3624 3794 nonnulla
3659 3740 3885 3808 impedi—

2301 3840 2482 3887 mento
2505 3829 2678 3896 fuere,
2696 3844 2815 3899 quae
2846 3829 2958 3898 ip-e
2981 3828 3253 3883 Christum
3282 3830 3577 3899 adloquens
3601 3828 3776 3899 Epist.
3799 3829 3884 3884 llL

2301 3926 2364 3979 ad
2410 3923 2718 3988 Bullinum,
2760 3923 2941 3977 verbis
2988 3923 3128 3986 illis,
3157 3925 3280 3990 quia
3307 3925 3525 3990 implere
3569 3941 3674 3978 non
3708 3927 3884 3994 pomi,

2301 4024 2540 4070 excusat.
2565 4015 2814 4070 Substitit
2837 4014 3058 4083 proinde
3087 4016 3138 4068 in
3173 4015 3362 4084 patria,
3392 4029 3485 4070 seu
3531 4014 3708 4086 potius
3731 4016 3890 4085 Aqui-

2305 4105 2424 4159 leia:
2458 4113 2677 4175 propter
2708 4105 2807 4160 loci
2842 4104 3111 4168 viciniam,
3147 4115 3201 4160 et
3242 4105 3536 4159 amicorum
3580 4107 3634 4160 in
3664 4121 3727 4161 ea
3757 4122 3889 4160 ροη-

2303 4195 2640 4251 suetudinem
2667 4213 2680 4261 ;
2711 4211 2834 4250 nam
2861 4206 2913 4250 et
2945 4195 3193 4249 videntur
3223 4211 3288 4250 eo
3316 4195 3599 4252 referenda
3624 4200 3891 4267 pra'cipua

2306 4288 2655 4342 amicitiarum
2687 4287 2802 4354 ejus
2824 4302 2944 4340 cum
2978 4287 3274 4350 Valeriano,
3305 4287 3639 4354 Cbromatio,
3667 4287 3886 4351 Jovitm,

2310 4379 2560 4445 Eusebio,
2587 4379 2820 4442 Juliano,
2851 4378 3048 4442 Nicma,
3078 4379 3447 4450 Chrysogono,
3476 4380 3711 4445 nulline,
3735 4393 3894 4451 atque

2307 4470 2448 4536 aliis,
2479 4486 2597 4540 qua:
2635 4479 2689 4524 et
2718 4459 2879 4539 supra
2909 4471 3276 4526 recensuimus
3303 4473 3568 4542 exempla.
3614 4472 3722 4527 Per
3754 4473 3894 4527 ident

2311 4573 2540 4634 tempus,
2573 4563 2686 4617 sive
2711 4564 2870 4618 etiam
2899 4604 2912 4626 ,
2943 4565 2991 4618 si
3021 4566 3205 4630 mavis,
3239 4565 3292 4618 in
3337 4565 3528 4619 itinere
3558 4564 3623 4617 ad
3655 4564 3859 4620 Gallias
3879 4607 3892 4627 ,

2309 4655 2638 4719 Cencordim,
2671 4655 2812 4725 quod
2863 4665 2946 4710 est
2977 4657 3262 4726 Aquileiae,
3314 4656 3472 4726 (non,
3521 4666 3578 4711 ut
3627 4657 3898 4712 Victorius

2313 4757 2496 4817 putat,
2550 4748 2692 4802 aliud
2740 4747 3052 4801 Mirandulae
3101 4749 3336 4802 vicinum
3383 4747 3663 4817 oppidum)
3711 4763 3897 4802 senem

2312 4841 2534 4894 Paulum
2569 4839 2818 4908 cognovit
2861 4845 3019 4908 atque
3065 4839 3297 4892 amicum
3344 4839 3445 4893 sibi
3473 4839 3683 4908 junxit,
3729 4853 3899 4892 annos

2313 4930 2598 4985 habentem
2657 4936 2906 4992 centum,
2959 4935 3015 4982 et
3065 4928 3153 4997 qui
3203 4929 3260 4983 S.
3311 4928 3562 4999 Cypriani
3620 4927 3898 4982 Notarium

2313 5025 2499 5078 Horme
2532 5029 2879 5074 tractaverat.
2927 5017 3063 5073 Sunt
3112 5021 3274 5073 etiam
3326 5021 3416 5090 qui
3467 5035 3589 5074 eum
3644 5019 3899 5084 tradunt,

2313 5115 2450 5169 inter
2479 5110 2766 5165 Monachus
2792 5108 3188 5178 Aquileienses,
3220 5111 3334 5164 sive
3363 5111 3451 5180 qui
3481 5111 3582 5164 sub
3614 5109 3901 5165 Valeriano

2314 5203 2580 5272 Episcopo
2633 5199 2696 5252 ad
2746 5198 3122 5254 Monachorunt
3170 5201 3337 5254 instar
3383 5201 3544 5253 vitam
3589 5200 3898 5271 degebant,

2315 5309 2510 5349 nomen
2542 5290 2776 5359 proﬁteri
2806 5304 2958 5344 suum
2987 5292 3238 5344 voluisse.
3267 5288 3373 5344 Sed
3407 5305 3581 5360 neque
3618 5290 3726 5344 hoc
3751 5301 3903 5346 certo

2315 5385 2496 5452 aliquo
2544 5382 2848 5436 testimonio
2890 5391 3136 5445 constat,
3185 5397 3360 5450 neque
3404 5396 3469 5436 ex
3502 5397 3567 5435 eo
3609 5382 3732 5437 loco
3780 5383 3906 5436 licet

2315 5473 2604 5542 colligere,
2660 5487 2816 5542 quem
2869 5472 2921 5524 in
2973 5486 3092 5525 eam
3150 5486 3264 5524 rem
3319 5471 3540 5525 laudant
3599 5487 3667 5525 ex
3725 5472 3901 5542 Epist.

2318 5563 2577 5620 LXXXII.
2634 5563 2697 5614 ad
2747 5560 3100 5630 Teophilum,
3147 5560 3235 5612 ubi
3277 5574 3338 5614 se
3379 5561 3454 5614 ait
3493 5559 3551 5614 S.
3589 5561 3782 5625 Pater,
3829 5563 3905 5614 Ab

2323 5653 2655 5709 adolescentia
2688 5653 2735 5706 in
2773 5650 3066 5705 JIOttastcrii
3106 5649 3330 5702 clausum
3375 5649 3571 5705 ccllalis
3601 5654 3765 5721 magis
3798 5669 3905 5707 esse
