4048 6192
195 256 252 310 2|
1477 241 1534 294 S.
1575 234 1964 314 111Ε11οΝ11111
1993 230 2169 287 γιτΑ.
3026 268 3039 275 ,
3396 229 3465 286 33

200 367 412 422 uoluisse
459 362 661 431 aliquid
680 376 829 430 quam
858 357 1028 413 videri.
1055 354 1290 412 Omnino
1315 351 1456 408 enim
1487 343 1554 405 de
1598 349 1768 420 Syria:

203 458 487 516 solitudine
511 496 525 519 ,
556 469 715 524 quam
753 451 1067 506 adolescens
1111 448 1287 503 adhuc
1329 445 1478 500 inivit
1503 483 1519 508 ,
1567 458 1677 496 non
1705 441 1775 496 de

203 547 532 621 Aquileiensi
560 545 885 600 Monasterio
923 551 1008 596 est
1051 537 1449 608 intelligendus.
1495 533 1775 589 Falluntur

203 650 373 696 autem
410 654 477 694 eo
520 637 690 706 magis
711 677 726 703 ,
757 649 823 690 ac
863 633 987 687 vitae
1016 628 1442 700 Hieronymiana:
1467 624 1660 679 seriem
1689 623 1772 676 in-

200 739 450 793 vertunt,
492 730 584 799 qui
611 744 734 784 eum
759 726 951 781 volunt
995 739 1025 780 e
1053 722 1239 779 Galliis
1261 720 1493 791 primum
1524 717 1770 778 Romam,

200 820 385 877 deinde
411 819 587 876 Roma
622 817 924 887 Aquileiam
968 813 1324 870 concessisse.
1369 806 1522 876 Quod
1558 804 1773 875 quidem

200 910 711 971 comminiscuntur,
766 915 826 961 ut
869 903 1154 975 hypothesi
1203 915 1314 956 sua:
1366 897 1692 960 inserviant,
1721 901 1776 947 et

197 1003 528 1072 Baptismum
552 1000 614 1056 S.
663 999 869 1064 Patris,
899 1011 1060 1067 quem
1086 1004 1236 1050 certe
1274 1006 1383 1047 non
1422 988 1551 1043 alibi
1593 999 1776 1040 susce-

197 1094 334 1162 pisse
379 1107 506 1147 eum
549 1091 824 1153 sentiunt,
870 1102 1028 1158 quam
1071 1086 1296 1148 Roma,
1346 1083 1400 1136 in
1430 1081 1532 1135 hoc
1568 1089 1778 1146 tempus

199 1185 542 1240 transferant.
599 1184 666 1238 At
696 1182 900 1235 nullum
946 1188 1028 1233 est
1073 1178 1125 1231 in
1158 1173 1467 1243 Hieronymi
1519 1169 1776 1239 scriptis,

193 1285 415 1344 totaque
444 1274 565 1344 eius
589 1271 815 1330 historia
834 1311 849 1335 ,
879 1285 984 1338 quo
1013 1267 1070 1325 id
1114 1265 1338 1335 probent
1363 1273 1777 1331 argumentum;

188 1376 240 1421 et
268 1365 427 1436 quod
461 1379 626 1422 unum
660 1361 923 1417 excudunt
944 1374 1008 1413 ex
1039 1357 1212 1426 Epist.
1251 1353 1418 1411 XLlll
1466 1352 1531 1406 ad
1561 1349 1782 1405 Marcel-

185 1457 337 1522 lam,
396 1456 488 1510 ubi
520 1469 582 1509 se
612 1454 703 1507 ille
732 1451 993 1521 signiﬁcat
1035 1449 1258 1502 invitum
1307 1446 1492 1500 Romae
1537 1444 1589 1496 in
1638 1449 1782 1495 tanta

183 1549 388 1603 civium
421 1553 480 1600 et
507 1544 912 1614 peregrinorum
943 1539 1242 1608 frequentia
1271 1535 1495 1600 versari,
1529 1549 1592 1591 ac
1619 1547 1780 1602 porro

184 1639 350 1694 malle
371 1651 433 1691 se
465 1635 574 1690 alio
603 1632 916 1694 transferre,
945 1629 1098 1692 illud,
1132 1630 1370 1696 inquam,
1401 1624 1531 1686 nihil
1559 1622 1628 1676 ad
1662 1635 1775 1675 rem

187 1729 499 1786 facit..Data
529 1726 731 1796 quippe
761 1732 846 1780 est
874 1721 1111 1791 Epistola
1135 1719 1226 1781 illa
1258 1725 1377 1786 post
1401 1716 1591 1779 multo,
1611 1726 1772 1782 quam

187 1825 262 1877 illi
292 1822 639 1883 existimant,
669 1816 783 1872 sive
824 1830 944 1870 cum
975 1813 1157 1868 relicta
1187 1808 1418 1865 Calcidis
1443 1804 1732 1860 solitudine
1753 1845 1770 1870 ,

189 1915 418 1970 Romam
441 1909 699 1972 venisset,
725 1915 781 1962 et
796 1905 998 1976 jamdiu
1021 1903 1093 1957 ibi
1111 1901 1250 1970 apud
1274 1900 1557 1952 Damasum
1581 1909 1770 1965 agens,

187 2006 456 2075 iunxisset
483 2010 538 2058 et
565 2015 690 2055 cum
719 1997 963 2054 Marcella
1005 1992 1332 2056 amicitiam;
1356 2003 1477 2060 qua:
1502 1987 1629 2041 anui
1658 1986 1771 2040 cir-

190 2100 330 2153 citer
377 2094 483 2149 585
513 2100 638 2146 nota
668 2098 772 2144 est.
797 2087 941 2143 Nihil
984 2099 1145 2156 porro
1176 2083 1350 2144 minus
1379 2096 1444 2134 ex
1487 2077 1604 2147 ejus
1642 2091 1774 2131 con-

193 2198 342 2244 textu
368 2185 593 2255 colligas
613 2224 627 2248 ,
653 2197 777 2238 eum
825 2181 878 2234 in
907 2180 1088 2233 animo
1115 2175 1389 2238 habuisse,
1417 2187 1576 2242 quam
1608 2169 1776 2239 Ain“!

191 2279 346 2334 leiam
372 2318 390 2342 ,
448 2275 538 2344 qui
604 2280 858 2342 quantum
913 2268 1134 2323 haberet
1189 2265 1357 2320 Roma
1406 2261 1772 2317 molestiarum

191 2379 548 2438 exaggerans,
577 2379 683 2418 non
713 2372 820 2416 tam
852 2359 1158 2415 Marcellam
1181 2398 1197 2424 ,
1239 2370 1400 2424 quam
1427 2352 1775 2420 semetipsum

195 2459 512 2514 dehortatur
533 2454 600 2508 ab
629 2453 838 2507 urbium
867 2448 1204 2512 tumultibus,
1233 2454 1287 2502 et
1313 2444 1378 2498 ad
1401 2451 1606 2498 secreta
1636 2442 1778 2495 ruris

192 2550 397 2605 inritat.
431 2546 608 2609 Addo,
632 2560 733 2600 nec
758 2543 1065 2599 vcrosimile
1094 2555 1315 2609 prorsus
1344 2552 1466 2593 esse
1494 2536 1567 2590 ob
1597 2537 1774 2605 regio-

191 2655 314 2694 num
339 2639 531 2700 situm,
560 2644 718 2704 atque
735 2634 1036 2688 institutum
1069 2629 1497 2700 Hieronymiaua:
1542 2625 1776 2696 peregri-

190 2729 450 2792 nationis,
480 2727 692 2786 venisse
719 2739 843 2779 eum
873 2721 944 2777 de
969 2721 1154 2776 Galliis
1184 2720 1427 2784 Romam,
1461 2729 1516 2770 ut
1543 2732 1601 2772 se
1632 2724 1777 2787 post-

189 2824 412 2888 modum
457 2821 512 2877 in
543 2820 714 2890 patria
739 2858 755 2882 ,
796 2817 908 2872 sive
951 2813 1207 2882 Aquileiae
1237 2811 1520 2879 reciperet.
1549 2808 1663 2883 Alia
1710 2822 1778 2861 ex

189 2923 340 2984 parte
383 2912 500 2983 jam
557 2908 890 2968 ostendimus
941 2905 1216 2973 superiore
1271 2901 1458 2969 Capite
1510 2899 1600 2956 lll.
1654 2913 1778 2953 eum

189 3017 364 3072 antea,
384 3021 514 3062 cum
531 3003 710 3075 primo
726 3001 934 3057 scilicet
949 2999 1132 3060 Roma:
1153 2997 1305 3050 daret
1326 2994 1518 3048 litteris
1533 3006 1776 3060 operam,

187 3097 529 3166 Baptismum
560 3091 882 3160 suscepisse,
910 3097 968 3142 ut
995 3095 1049 3141 et
1077 3099 1264 3141 caussa
1299 3097 1396 3137 cur
1421 3095 1488 3136 eo
1530 3079 1780 3148 regrede-

187 3199 356 3253 retur,
378 3187 549 3256 plane
569 3181 794 3238 conlicta
816 3179 906 3244 sit,
933 3186 1147 3244 totaque
1174 3173 1263 3226 illa
1291 3171 1567 3225 hominum
1591 3176 1786 3221 cattera

188 3277 638 3333 doctissimorum
684 3271 922 3327 narratio
970 3271 1332 3322 commentum
1385 3261 1579 3330 sapiat.
1632 3259 1788 3313 Venit

186 3369 369 3438 itaque
394 3368 464 3424 S.
495 3366 653 3420 Pater
679 3362 748 3417 de
775 3361 962 3416 Galliis
990 3365 1132 3413 recta
1175 3354 1507 3415 Stridoneut,
1542 3350 1780 3422 pleraru-

184 3475 289 3530 que
313 3468 512 3514 autem
542 3453 800 3524 temporis
829 3459 1032 3520 partem
1063 3446 1319 3517 Aquileia:
1343 3486 1356 3508 ,
1390 3443 1456 3497 iis
1483 3457 1618 3512 quas
1645 3441 1790 3494 dice-

183 3549 380 3604 bamus
407 3548 484 3603 de
515 3543 746 3608 caussis,
774 3547 1136 3597 commoratus
1166 3543 1266 3591 est.

253 3638 320 3694 ll.
373 3638 528 3706 Quin
585 3635 747 3690 etiam
800 3629 1151 3700 scriptionum
1198 3640 1410 3680 suarum
1463 3623 1674 3679 videtur
1717 3621 1789 3677 ibi

183 3707 334 3783 initia
375 3726 700 3797 auspicatus
741 3721 1044 3776 narratione
1077 3718 1200 3779 illa,
1253 3717 1314 3770 de
1353 3715 1563 3768 muliere
1607 3714 1792 3784 septies

184 3837 456 3890 percussa,
486 3832 654 3889 quam
699 3812 1011 3869 Innocentio
1055 3809 1345 3878 inscripsit,
1375 3815 1428 3861 ct
1453 3807 1789 3877 cui-primum

184 3927 282 3966 nos
329 3912 386 3966 in
436 3907 812 3979 Epistolarum
844 3903 984 3958 serie
1006 3943 1022 3966 ,
1051 3915 1208 3970 quem
1249 3909 1303 3953 et
1348 3900 1399 3952 in
1427 3899 1649 3966 reliquis
1678 3897 1793 3965 ejus

184 4004 406 4074 scriptis
457 4001 669 4064 habet,
715 3998 892 4052 locum
923 3993 1300 4048 adtribuimus.
1332 3990 1672 4045 Innocentius
1704 3988 1793 4044 ille

183 4096 326 4150 idem
359 4104 494 4157 est,
545 4091 636 4160 qui
672 4088 826 4158 paulo
866 4095 987 4156 post
1015 4085 1260 4154 migranti
1295 4083 1346 4135 in
1373 4081 1644 4136 Orientem
1670 4079 1796 4134 llic-

183 4199 418 4256 ronymo
450 4197 518 4237 se
553 4181 810 4234 comitem
841 4174 990 4231 dedit
1019 4193 1034 4230 :
1063 4187 1238 4243 neque
1275 4172 1418 4227 enim
1450 4171 1797 4240 cognomines

184 4275 320 4328 alios
370 4273 677 4340 eidemque
729 4267 1116 4329 amicissimos,
1171 4272 1230 4318 ut
1278 4261 1525 4316 nonnulli
1568 4260 1795 4326 faciunt,

185 4366 553 4420 comminisci
587 4364 737 4417 licet.
771 4360 1006 4426 Tempus
1044 4355 1185 4426 quod
1216 4362 1441 4425 spectat,
1473 4353 1524 4406 in
1555 4351 1800 4407 Chrono-

182 4461 372 4530 logicis
398 4460 476 4513 ad
536 4471 664 4511 eam
694 4454 990 4524 Epistulam
1037 4452 1204 4511 notis,
1235 4464 1367 4518 quas
1397 4449 1515 4503 heic
1556 4456 1801 4513 repetere

188 4549 409 4618 longum
441 4555 646 4611 esset,
675 4554 728 4601 et
758 4553 952 4613 praater
978 4557 1112 4604 rem,
1141 4539 1323 4594 videre
1349 4547 1432 4593 est
1470 4546 1800 4607 argumenta,

183 4644 382 4710 quibus
430 4654 570 4694 eam
622 4635 744 4707 huic
793 4633 1050 4702 temporis
1080 4631 1268 4686 tractui
1295 4671 1306 4693 ,
1338 4630 1452 4684 sive
1488 4645 1632 4683 anno
1675 4631 1800 4694 3H,

181 4729 514 4785 adscribere
549 4724 798 4794 persuasi
831 4737 1036 4778 sumus.
1070 4721 1220 4775 None
1251 4720 1506 4785 velimus,
1543 4733 1684 4772 anno
1711 4718 1802 4772 ad-

176 4823 285 4878 huc
337 4821 540 4877 serius
596 4815 841 4878 dilferri,
885 4815 998 4868 sive
1050 4822 1170 4882 post
1231 4808 1536 4865 damnatum
1596 4809 1805 4880 Evagrii

179 4925 352 4980 opera
389 4906 750 4963 Auxentium
781 4905 832 4957 in
861 4903 1101 4958 Romana
1143 4901 1362 4972 Synodo
1381 4901 1506 4956 anni
1534 4900 1660 4955 δη.
1690 4899 1807 4954 Ca:-

183 5010 362 5057 terum
400 5010 524 5052 nec
556 4995 930 5062 probabilitate
957 5009 1049 5047 sua
1075 5003 1264 5049 carent
1287 4993 1516 5047 aliorum
1547 4993 1808 5057 rationes,

183 5095 266 5164 qui
294 5094 501 5149 serius
553 5083 747 5140 adhuc
775 5101 890 5150 eam
933 5085 1286 5156 protrahunt,
1339 5086 1451 5140 sive
1500 5085 1564 5138 ad
1611 5099 1806 5144 annum

186 5202 354 5256 usque
382 5184 531 5249 574,
566 5194 702 5236 cum
737 5186 857 5247 post
901 5177 1108 5248 longam
1150 5181 1204 5238 in
1248 5178 1469 5232 Oriente
1501 5176 1810 5244 peregrina-

189 5279 390 5332 tionem
425 5275 491 5330 S.
521 5272 709 5327 Pater
736 5268 1030 5323 Antiochia:
1055 5269 1433 5323 diversaretur.
1468 5266 1810 5321 Potissimum

190 5382 369 5426 autem
418 5369 857 5437 argumentum,
898 5360 1040 5429 quod
1071 5360 1140 5413 ab
1168 5359 1414 5414 Auxentii
1445 5367 1618 5414 morte
1660 5371 1813 5425 repe-

197 5474 326 5529 Iunt,
363 5462 463 5518 ubi
514 5456 740 5513 dicitur
778 5451 991 5522 Evagrii
1021 5451 1242 5507 excubiis
1271 5450 1498 5519 sepultus
1526 5465 1648 5516 pene
1672 5457 1813 5499 ante-

197 5570 338 5620 quam
382 5561 644 5608 mortuus
673 5586 692 5610 ,
728 5559 839 5598 nou
878 5541 1126 5598 eamdem
1161 5542 1298 5610 apud
1346 5557 1445 5596 nos
1495 5540 1600 5594 vim
1633 5537 1809 5591 habet.

203 5643 316 5700 Nam
369 5653 680 5701 mortuum
724 5650 911 5693 revera
960 5632 1195 5712 indicari
1237 5632 1413 5712 verbis
1462 5632 1565 5689 illis
1595 5637 1814 5687 conten-
1857 5697 1860 5700 ἢ

1881 348 2060 402 dunt:
2117 357 2213 398 nos
2240 340 2506 412 sepultum
2557 338 2770 410 quidem
2813 354 3123 414 μεταμρικῶς
3165 342 3304 408 dici,
3336 323 3456 400 cunt

1878 436 2217 491 anathemate
2249 447 2536 504 percussus
2568 442 2649 487 est
2670 473 2684 495 ,
2736 431 3076 502 intelligimus
3110 455 3123 490 :
3161 447 3454 503 mortuum,

1877 544 1985 582 non
2019 528 2111 581 ita.

2496 656 2724 712 CAPUT
2765 655 2852 710 Vl.

1874 772 1916 826 ι.
1949 771 2199 840 Aquileia:
2237 774 2402 824 varias
2431 771 2722 823 inimicitias
2761 770 2995 822 incurrit.
3031 770 3095 825 ll.
3127 768 3257 824 Inde
3299 772 3457 826 subito

2254 861 2479 914 divulsus
2508 861 2562 914 in
2593 858 2849 913 Orientem
2871 859 3092 930 navigat.

1949 1000 1985 1054 1.
2015 1000 2276 1069 Perquam
2296 997 2524 1053 libenter
2544 995 2782 1063 degisset
2803 994 3156 1064 llierouymns
3178 994 3454 1063 Aquileiae,

1878 1092 2106 1146 fortasse
2134 1093 2295 1146 etiam
2345 1089 2680 1160 propositum
2710 1089 2821 1143 Deo
2852 1085 3138 1158 perfectius
3166 1086 3456 1148 serviendi,

1877 1181 2030 1250 cujus
2072 1181 2209 1234 miro
2250 1179 2444 1234 ardore
2494 1178 2808 1244 tenebatur,
2852 1179 2902 1232 in
2932 1192 2996 1231 eo
3038 1176 3180 1247 quod
3223 1176 3291 1229 ibi
3339 1184 3460 1230 erat

1881 1271 2203 1326 Mouasterio
2230 1271 2516 1338 explesset,
2547 1270 2647 1323 nisi
2673 1285 2792 1323 eum
2823 1268 3014 1322 subitus
3042 1269 3185 1322 turbo
3204 1310 3221 1335 ,
3257 1275 3316 1323 ut
3340 1267 3456 1336 ipse

1881 1365 1976 1428 ait,
2000 1362 2259 1431 impiaque
2283 1361 2474 1414 avulsio
2509 1360 2862 1415 distraxisset.
2895 1359 3028 1426 Quid
3062 1361 3197 1414 istuc
3226 1359 3301 1414 rei
3340 1358 3458 1412 fue-

1879 1454 1968 1516 rit,
2000 1454 2275 1521 ignoratur
2310 1469 2324 1503 :
2369 1450 2462 1504 sed
2503 1451 2654 1520 plura
2689 1448 2936 1504 videntur
2968 1450 3034 1504 ad
3072 1448 3356 1504 creandam
3385 1448 3459 1501 illi

1877 1544 2128 1597 invidiam
2183 1543 2540 1598 concurrisse.
2597 1542 2812 1596 Sororis
2861 1544 3044 1597 nescio
3104 1543 3224 1612 quis
3275 1541 3457 1610 lapsus

1875 1648 2123 1702 magnum
2151 1633 2228 1687 illi
2269 1633 2449 1686 odium
2481 1633 2789 1686 concitavit.
2836 1633 2964 1686 Inde
3012 1643 3187 1687 ortum
3234 1634 3457 1686 fortasse

1871 1725 2154 1782 dissidium
2202 1727 2362 1780 etiam
2409 1739 2528 1779 cum
2569 1724 2864 1794 Lupicino,
2912 1725 3198 1780 Sacerdote
3245 1725 3454 1780 Strido-

1871 1817 2044 1880 nensi,
2076 1832 2234 1886 quem
2264 1816 2459 1871 acriter
2495 1816 2705 1886 sugillat
2754 1815 2920 1885 Epist.
2975 1815 3080 1869 Vll.
3109 1816 3321 1885 dignum
3358 1831 3454 1870 vo-

1869 1922 1997 1962 cans
2019 1907 2212 1977 patella
2231 1907 2547 1976 operculum,
2578 1906 2828 1972 videlicet,
2857 1915 2909 1958 ut
2935 1921 3098 1962 cwcas
3122 1921 3281 1959 ca‘cos
3307 1906 3458 1959 duce-

1871 2008 1942 2054 ret
1970 1999 2022 2051 in
2052 1999 2268 2065 foveam,
2295 1999 2510 2066 talisque
2538 2007 2662 2050 esset
2683 2005 2867 2062 rector,
2901 1997 3074 2060 quales
3098 1998 3176 2051 illi
3205 1999 3290 2062 qui
3318 2013 3458 2067 rege-

1872 2100 2064 2142 rentur.
2097 2089 2235 2143 Sunt
2260 2090 2418 2143 etiam
2443 2088 2532 2158 qui
2561 2103 2683 2141 eum
2708 2087 2883 2142 notari
2909 2097 3092 2157 putent
3122 2087 3220 2144 sub
3243 2089 3458 2140 nomine

1874 2181 2039 2236 lbera:
2082 2189 2311 2245 excetrw,
2342 2194 2370 2231 a
2400 2194 2502 2248 qua
2543 2193 2663 2233 sese
2703 2179 2944 2248 queritur
2983 2179 3309 2247 praecedenti
3338 2179 3462 2246 Epi-

1875 2274 2008 2330 stola
2038 2272 2097 2328 S.
2127 2272 2284 2326 Pater
2313 2271 2518 2326 sinistro
2544 2287 2630 2324 ore
2651 2271 2977 2325 dilaniatum.
3005 2271 3112 2326 Sed
3139 2281 3192 2326 et
3217 2271 3458 2325 Castori-

1877 2379 1959 2416 na:
1985 2370 2290 2422 matertera:
2321 2361 2620 2418 inimicitias
2644 2361 2886 2426 incurrit,
2917 2377 3050 2431 quas
3078 2371 3266 2432 postea
3288 2361 3462 2419 lenire

1876 2453 2273 2509 humanissimis
2313 2451 2502 2506 litteris
2525 2460 2745 2506 conatus
2770 2460 2870 2505 est.
3275 2439 3278 2442 ’

1946 2545 2011 2600 ll.
2039 2545 2156 2600 Alia
2186 2554 2310 2598 tunc
2338 2544 2600 2613 ejusmodi
2630 2544 2828 2605 diaboli
2853 2553 2998 2610 arte,
3030 2553 3088 2602 ut
3113 2545 3228 2615 ipse
3257 2545 3452 2610 innuit,

1875 2637 2014 2707 gigni
2043 2645 2262 2704 potuere
2285 2634 2522 2701 diSsidia,
2545 2635 2734 2702 quibus
2759 2651 2878 2689 cum
2909 2651 3060 2706 :nquo
3089 2636 3268 2708 animo
3297 2638 3459 2690 susti-

1876 2727 2068 2782 nendis
2097 2743 2192 2795 par
2218 2741 2321 2780 non
2351 2736 2513 2792 esset,
2545 2726 2834 2796 derepente
2862 2729 3064 2796 patriot,
3115 2730 3445 2796 parentibus,

1875 2817 2138 2886 cognatis,
2169 2815 2462 2884 amicisque
2482 2817 2600 2870 valc
2630 2818 2809 2871 dicere
2834 2857 2848 2880 ,
2881 2826 3040 2885 atque
3089 2818 3141 2870 in
3189 2817 3464 2872 Orientem

1880 2909 2109 2962 transire
2138 2907 2436 2972 constituit,
2469 2914 2530 2960 ut
2559 2907 2770 2976 longius
2811 2907 2878 2960 ab
2920 2907 3258 2961 inimicorum
3291 2907 3463 2970 odiis,

1881 2999 2155 3068 regionem
2181 2997 2403 3051 solitarii
2439 2998 2737 3065 proposito,
2761 3007 2869 3048 tum
2895 2997 3136 3050 locorum
3159 2999 3466 3064 sanctitate,

1883 3105 2006 3144 cum
2039 3087 2390 3140 habitantium
2433 3085 2813 3140 Monachorum
2842 3086 3038 3141 vicinia
3069 3089 3238 3158 magis
3265 3104 3466 3156 oppor-

1887 3186 2067 3232 tunam
2101 3175 2381 3229 inveniret.
2409 3175 2520 3229 lloe
2549 3189 2645 3228 nos
2673 3175 2773 3230 iter
2797 3176 2863 3229 ad
2893 3192 2982 3230 an.
3008 3178 3112 3232 572
3154 3166 3467 3240 referimus,

1886 3285 1986 3324 nec
2019 3267 2126 3323 falli
2159 3268 2446 3321 rationibus
2479 3267 2838 3323 subducendis
2867 3271 3108 3324 videmur
3153 3271 3329 3325 nobis.
3364 3271 3472 3325 Sed

1887 3362 2009 3432 quia
2043 3359 2292 3430 impedita
2322 3375 2408 3414 res
2434 3370 2536 3426 est,
2571 3361 2843 3430 multaque
2873 3361 3306 3432 llicronymianze
3335 3363 3471 3417 Vita:

1888 3462 2158 3510 momenta
2191 3468 2256 3508 ex
2285 3467 2345 3506 ea
2373 3454 2628 3521 temporis
2656 3455 2929 3510 notatione
2960 3455 3212 3525 pendent,
3243 3456 3472 3525 proiiriis

1889 3544 2000 3616 ipsa
2031 3553 2112 3600 est
2139 3545 2466 3613 argumentis
2487 3545 2794 3600 munienda.
2825 3547 2892 3600 Et
2912 3547 3069 3601 citius
3093 3547 3306 3617 quidem
3344 3547 3472 3600 illud

1889 3636 2129 3698 referre,
2175 3643 2282 3689 tcta
2332 3651 2534 3699 rerum,
2579 3652 2710 3703 quas
2757 3636 3016 3692 hactenus
3062 3640 3474 3704 edisseruimus,

1892 3728 2059 3782 series
2085 3734 2249 3779 vetat.
2292 3724 2362 3780 Ut
2391 3726 2564 3779 serius
2591 3735 2768 3780 autem
2799 3707 3045 3794 putemus
3064 3769 3079 3791 ,
3113 3729 3280 3781 multo
3309 3730 3476 3797 magis

1892 3827 2036 3872 vetat
2065 3817 2192 3870 illud
2223 3815 2361 3884 quod
2391 3831 2455 3870 ex
2485 3815 2684 3868 Rufliui
2727 3816 3159 3885 peregrinatione
3187 3832 3477 3885 argumen-

1896 3916 2004 3962 tum
2033 3907 2348 3961 desumitur.
2380 3908 2518 3960 Ante
2541 3921 2661 3960 euut
2691 3907 2834 3958 enim
2864 3906 2962 3960 vim
3005 3921 3063 3960 se
3104 3906 3317 3961 dedisse
3357 3905 3481 3961 llic-

1896 4014 2201 4069 ronymnm,
2233 3997 2406 4065 palam
2435 4005 2516 4051 cst
2547 3997 2814 4060 omnibus,
2847 4005 3004 4066 atque
3035 3997 3146 4064 ipse
3177 3997 3483 4051 luculentis-

1898 4091 2065 4146 sitnus
2097 4090 2246 4142 testis
2271 4097 2355 4142 est
2379 4089 2574 4158 sa-pius
2602 4088 2813 4142 laudato
2845 4089 2962 4142 loco
3001 4089 3174 4156 Epist.
3203 4090 3289 4143 lll.
3325 4088 3478 4142 Post-

1901 4195 2050 4249 quam
2077 4194 2152 4230 ute
2176 4193 2207 4228 a
2239 4187 2323 4229 tuo
2351 4178 2504 4231 latere
2532 4177 2725 4231 subitus
2755 4179 2900 4231 turbo
2930 4179 3201 4244 convulsit,
3237 4189 3342 4234 etc.
3373 4180 3482 4235 lloe

1903 4280 2076 4324 autem
2108 4268 2222 4336 ipso
2244 4281 2382 4320 anno
2412 4267 2537 4332 373,
2570 4275 2691 4334 puta
2725 4277 2843 4336 post
2868 4267 3070 4336 aliquot
3097 4283 3124 4319 a
3157 4268 3482 4340 Hieronymo

1904 4374 2136 4422 menses,
2167 4357 2435 4413 Bullinum
2488 4357 2834 4428 Aquileiense
2865 4347 3266 4414 monasterium
3321 4361 3478 4416 dese-

1903 4452 2076 4509 ruisse
2101 4491 2117 4515 ,
2157 4461 2216 4502 ut
2259 4449 2309 4502 in
2360 4447 2797 4519 IEgyptumrcutn
2831 4448 3027 4503 Sancta
3054 4450 3280 4506 Melauio
3310 4461 3484 4507 trans-

1905 4545 2118 4598 mittere
2144 4583 2158 4603 ,
2201 4551 2530 4609 compertum
2575 4557 2641 4595 ex
2692 4541 2920 4610 ejusmet
2946 4543 3147 4606 verbis,
3185 4545 3376 4614 quibus
3416 4545 3487 4601 ad

1907 4633 2245 4689 Anastasiuttt
2277 4632 2585 4686 Pontilicem
2618 4631 2859 4687 scribens
2909 4650 3050 4689 anno
3075 4635 3180 4689 400
3213 4637 3294 4688 vel
3340 4635 3483 4688 inse-

1907 4725 2113 4794 quenti,
2145 4739 2202 4777 se
2231 4724 2324 4787 ait,
2358 4734 2468 4792 post
2496 4723 2702 4793 triginta
2729 4726 2831 4795 fere
2857 4741 3018 4778 annos
3045 4726 3335 4794 parentibus
3363 4723 3486 4776 red-

1907 4817 2097 4879 ditum.
2130 4812 2279 4880 Fere,
2311 4814 2504 4883 inquit,
2546 4823 2604 4868 ut
2648 4830 2754 4867 non
2801 4815 3002 4868 solidos
3051 4812 3262 4880 triginta
3305 4809 3486 4865 dicere

1909 4922 2030 4962 eum
2063 4915 2215 4975 putes
2239 4946 2252 4966 ,
2281 4905 2373 4960 sed
2409 4906 2580 4973 potius
2605 4907 2671 4957 ab
2701 4919 2762 4957 ea
2793 4905 3018 4956 forumla
3047 4913 3099 4956 et
3128 4899 3354 4954 rotundo
3388 4919 3486 4953 uu-

1910 5013 2059 5058 mt-ro
2108 4995 2375 5064 intelligas
2421 4995 2550 5047 satis
2592 5007 2732 5054 esse,
2781 4994 2823 5044 si
2867 4993 3154 5061 vigesituus
3197 5006 3370 5044 nonus
3401 4993 3488 5045 vix

1909 5090 2124 5154 demum
2168 5085 2671 5154 inecpisset.-Porro
2699 5085 2914 5136 totidem
2943 5099 2971 5136 a
3000 5083 3104 5137 572
3145 5082 3209 5135 ad
3256 5083 3348 5136 401
3390 5099 3490 5135 uu-

1912 5189 2206 5240 merautur.
2249 5174 2358 5229 Nec
2383 5189 2510 5226 sane
2539 5176 2688 5226 locus
2716 5183 2793 5225 est
2841 5175 2941 5226 isto
2984 5174 3049 5227 ad
3091 5155 3492 5243 llieronyniiani

1912 5280 2065 5336 teque
2091 5273 2251 5333 atque
2282 5260 2573 5314 Bufliniani
2601 5260 2807 5312 itineris
2840 5271 3047 5330 tempus
3086 5263 3250 5331 probe
3289 5266 3490 5317 consti-

1913 5355 2170 5413 tuendum
2200 5348 2546 5408 luculentior.
2579 5348 2934 5405 Nihilosecius
2964 5363 3118 5407 erunt
3148 5353 3371 5410 fortasse
3401 5358 3494 5425 qui

1914 5464 1979 5504 ex
2021 5447 2211 5502 eodem
2262 5441 2572 5498 conclusum
2621 5440 2791 5505 ibunt,
2825 5443 2878 5498 in
2917 5460 3112 5500 annum
3153 5459 3493 5516 sequentem,

1915 5540 2027 5594 sive
2047 5539 2172 5604 5.75,
2205 5537 2403 5592 debere
2435 5533 2535 5584 iter
2563 5530 2784 5596 ditl‘erri,
2811 5549 2860 5589 et
2884 5555 3016 5607 quos
3039 5548 3300 5592 memorat
3328 5540 3497 5592 Rulli-

1919 5645 2018 5685 nus
2065 5644 2232 5688 annos
2279 5624 2492 5694 triginta
2513 5662 2525 5685 τ
2555 5636 2617 5676 ex
2650 5638 2752 5680 0th
2782 5640 3062 5705 Ditt'eutunt
3098 5633 3486 5687 consuetudine
