4048 6192
584 330 661 386 23
1861 296 1919 350 S.
1963 279 2336 345 llllil‘iONYlll
2383 279 2564 358 V‘ITA.
3784 272 3858 328 ει

591 445 872 506 caruisset,
907 455 1010 494 non
1035 437 1102 490 ab
1131 448 1194 488 co
1225 440 1466 498 tempore
1487 467 1502 492 ,
1533 436 1638 492 quo
1669 423 1718 474 in
1749 416 2038 485 Egyptian
2069 424 2164 462 na-

591 537 787 605 s‘gavit
807 575 821 598 ,
859 530 951 586 sed
981 524 1208 582 triennio
1240 521 1411 576 ferme
1440 526 1595 571 antea
1617 513 1724 577 {ab
1744 525 1811 566 eo
1835 523 1942 579 quo
1969 505 2166 562 Toram

594 595 770 681 naiale
805 595 1055 690 oppidum
1096 612 1370 677 deseruit,
1402 617 1456 662 et
1494 604 1748 675 Aquileia:
1797 613 1917 655 sese
1945 595 2167 665 recepit,

592 688 1093 784 supputariveliut.
1138 701 1292 772 Quod
1332 701 1431 755 etsi
1463 714 1491 750 a
1518 696 1628 750 veri
1669 691 1849 761 specie
1885 688 2172 741 abhorreat

595 777 734 876 (erat
779 802 918 857 enim
963 796 1135 862 Tora,
1166 795 1277 848 sive
1320 791 1491 861 Tyra,
1537 795 1628 840 aut
1675 783 1816 836 Tura
1857 777 2171 850 oppidulum

595 869 853 966 Aquileiae
877 904 1132 960 perquam
1157 887 1413 946 vicinum,
1436 889 1489 934 ut
1511 895 1540 932 a
1563 878 1674 930 suis
1694 875 1881 929 abesse
1908 869 2170 932 Bullinus,

589 1001 710 1043 cum
734 993 876 1040 esset
897 981 1174 1056 Aquileim,
1201 993 1305 1030 non
1331 973 1597 1027 videretur
1623 987 1634 1021 :
1661 980 1844 1022 revera
1870 963 2030 1018 etiam
2051 975 2172 1014 cum

590 1095 650 1134 se
680 1052 988 1149 parentibus
1019 1071 1285 1127 redditum
1315 1065 1470 1128 dicit,
1515 1063 1836 1130 Hieronymo
1866 1064 2035 1119 teste,
2070 1052 2174 1105 iui-

591 1142 930 1225 tio'alterius
973 1174 1158 1217 contra
1202 1173 1325 1215 eum
1377 1155 1517 1217 libri,
1569 1150 1824 1221 Aquileia:
1863 1142 2171 1211 habitaret),

593 1272 717 1318 sunt
744 1270 918 1315 tamen
945 1258 1046 1312 alia
1071 1256 1126 1310 in
1152 1269 1268 1309 eam
1301 1265 1434 1313 rem,
1463 1249 1576 1302 sive
1605 1259 1700 1314 pro
1726 1256 1868 1296 anno
1907 1239 2012 1295 575
2054 1251 2176 1307 qua:

599 1354 756 1409 nobis
782 1351 1024 1406 videmus
1049 1345 1245 1417 opponi
1278 1357 1452 1413 posse,
1476 1349 1526 1395 et
1559 1337 1754 1406 quibus
1776 1344 2079 1389 nostrarum
2109 1333 2181 1382 sit

598 1446 830 1517 partium
856 1439 1199 1497 satisfecisse.
1230 1436 1410 1492 Primo
1433 1430 1712 1501 Evagrius,
1738 1426 1891 1496 cujus
1911 1423 2047 1477 adeo
2073 1420 2178 1476 fre-

597 1549 770 1607 quens
797 1535 847 1588 in
878 1530 1188 1601 Hieronymi
1221 1525 1411 1581 litteris
1443 1521 1642 1576 mentio
1671 1528 1783 1584 cst,
1813 1515 1987 1571 eidem
2018 1512 2181 1566 fuisse

601 1627 808 1682 itineris
845 1625 1027 1680 Socius
1063 1621 1295 1676 videtur.
1340 1617 1388 1671 ls
1424 1625 1622 1676 autem,
1652 1611 1741 1681 qui
1771 1625 1891 1664 cum
1919 1607 1976 1662 S.
2008 1605 2181 1659 Euse-

605 1721 695 1774 bio
723 1715 1050 1774 Vercellensi
1078 1729 1143 1768 ex
1169 1711 1388 1766 Oriente
1418 1708 1470 1761 in
1500 1704 1844 1761 Occidentem
1866 1706 2104 1763 venerat,
2123 1703 2186 1750 ut

602 1807 936 1883 gravissimis
979 1804 1340 1860 Ecelesiarum
1385 1795 1615 1866 negotiis
1661 1794 1934 1863 suppetias
1979 1788 2179 1853 ferret,

605 1881 727 1972 post
768 1900 1074 1956 damnatura
1119 1909 1212 1950 sua
1255 1890 1566 1959 cumprimis
1607 1902 1769 1956 opera
1814 1881 2182 1943 Auxentium,

606 1993 817 2048 nonnisi
857 2004 999 2045 anno
1033 1988 1138 2043 573
1169 1986 1221 2040 in
1249 1983 1524 2040 Orientem
1573 1977 1812 2034 creditur
1839 1971 2181 2040 remigrasse.

605 2090 764 2143 Certe
794 2093 1077 2152 antequam
1100 2077 1435 2134 Antiochiam
1461 2070 1783 2144 perveniret,
1804 2063 2068 2121 transiens
2088 2075 2188 2132 per

605 2176 1017 2250 Cappadociam,
1051 2172 1294 2244 quadam
1321 2186 1442 2225 cum
1472 2167 1529 2221 S.
1566 2163 1763 2220 Basilio
1794 2159 2039 2222 contulit,
2069 2170 2187 2224 qum

605 2245 811 2327 ab'lioc
849 2269 902 2322 in
934 2265 1104 2335 Epist.
1145 2263 1277 2318 Vlll.
1319 2260 1513 2327 scripta
1555 2264 1676 2326 post
1707 2255 2032 2308 Autumnum
2061 2245 2188 2300 dicti

608 2361 736 2416 anui
764 2360 870 2416 373
897 2357 1220 2412 referuntur.
1275 2351 1376 2422 Qui
1404 2351 1564 2421 igitur
1592 2344 1878 2416 Evagrium
1904 2340 2190 2396 comitatus

608 2451 826 2507 videtur
866 2449 1244 2516 Hieronymus,
1275 2458 1383 2497 non
1421 2450 1544 2516 ante
1587 2452 1708 2493 eum
1753 2447 1952 2488 annum
1993 2430 2092 2482 via:
2132 2441 2191 2480 se

611 2542 898 2599 dediderit.
929 2514 1131 2594 Deinde
1158 2551 1257 2592 nec
1289 2535 1401 2603 ipse
1427 2514 1591 2586 citius
1618 2529 1719 2583 iter
1744 2521 2027 2596 arripuerit
2063 2516 2192 2572 nur-

612 2637 771 2696 linus,
814 2645 973 2702 quem
1014 2628 1116 2683 hoc
1160 2627 1276 2696 ipso
1313 2639 1455 2678 anno
1493 2622 1599 2678 373
1649 2629 1774 2674 ante
1813 2616 1874 2673 S.
1914 2608 2191 2671 Athanasii

610 2726 815 2779 obitum
863 2719 1200 2777 Alexandria:
1240 2716 1438 2782 fuisse,
1477 2719 1812 2781 compertum
1843 2717 1999 2777 atque
2033 2703 2193 2758 indu-

611 2817 758 2873 biam
786 2824 886 2872 est.
923 2813 1069 2870 Idem
1111 2808 1528 2879 llieronymiana
1557 2803 1621 2858 ad
1649 2817 1768 2858 eum
1800 2798 2038 2868 Epistola
2078 2804 2189 2848 ter-

611 2909 682 2964 tia
713 2906 970 2970 declarat,
1001 2918 1120 2974 qua:
1149 2917 1268 2957 cmn
1297 2900 1418 2954 data
1444 2898 1547 2962 sit,
1579 2905 1636 2949 ut
1665 2910 1763 2947 suo
1794 2891 1912 2946 loco
1951 2887 2195 2959 pluribus

610 2999 978 3063 ostendemus,
1013 3005 1197 3050 :cstate
1239 2991 1366 3047 anni
1407 2991 1533 3054 57-1,
1575 2997 1698 3041 time
1744 2985 1972 3054 primum
2014 2990 2194 3035 tamen

612 3101 888 3162 acceptum
928 3090 996 3144 de
1037 3085 1177 3142 illius
1225 3085 1275 3138 in
1320 3081 1608 3152 zEgyptum
1649 3077 1878 3131 adventu
1927 3071 2193 3132 nuntium,

615 3158 875 3251 inopinati
920 3178 1021 3236 sibi
1073 3175 1248 3249 gaudii
1298 3186 1543 3228 caussam
1589 3167 1862 3224 exstitisse
1907 3158 2204 3234 signiﬁcat.

613 3274 722 3330 Nec
752 3289 882 3327 sane
909 3270 1117 3325 videtur
1144 3263 1448 3322 verosimile
1474 3305 1488 3330 ,
1525 3262 1569 3316 si
1614 3259 1831 3315 biennio
1869 3264 1994 3310 ante
2026 3255 2077 3307 in
2104 3267 2198 3306 eas

617 3369 864 3435 regiones
903 3360 1148 3416 Bullinus
1188 3355 1578 3418 transmiserat,
1619 3361 1726 3406 tam
1771 3363 1893 3403 sero
1937 3346 2100 3400 fuisse
2131 3341 2197 3396 ad

619 3456 850 3512 amicum
883 3453 1264 3520 Hieronymum
1296 3447 1558 3517 perlatum
1584 3441 1634 3495 id
1661 3439 1856 3494 nuntii.

695 3547 789 3602 His
829 3554 887 3600 ut
932 3541 1361 3604 satisfaciamus,
1393 3537 1567 3606 primo
1618 3531 1899 3602 Eragrium
1949 3527 2197 3591 dicimus,

624 3641 764 3695 inter
792 3637 991 3708 primos
1019 3631 1230 3703 quidem
1265 3629 1427 3684 fuisse
1450 3625 1757 3696 Hieronymi
1789 3622 2013 3685 amicos,
2046 3617 2202 3672 mini-

625 3747 712 3787 me
740 3745 865 3782 vero
893 3724 1100 3781 itineris
1125 3721 1241 3794 ejus
1265 3721 1491 3777 socium.
1523 3717 1682 3772 Certe
1713 3713 1846 3769 nihil
1867 3721 1948 3767 est
1970 3727 2032 3766 ex
2057 3707 2203 3762 omni

624 3837 804 3882 rerum
837 3817 1374 3889 llicronymianarum
1403 3809 1646 3875 historia,
1670 3821 1776 3878 quo
1800 3803 1866 3859 ad
1899 3803 1948 3858 id
1979 3799 2206 3857 creden-

623 3915 749 3971 dum
789 3911 1137 3967 addat-amur.
1182 3905 1314 3972 Quae
1353 3902 1487 3957 adeo
1522 3899 1686 3954 multa
1714 3897 1782 3952 de
1808 3897 1925 3966 ejus
1960 3890 2204 3948 laudibus

625 4005 882 4075 pra-dicat
905 4002 961 4054 S.
999 4000 1152 4052 Pater
1177 4037 1192 4062 ,
1230 3993 1442 4049 nonnisi
1471 3989 1748 4045 familiaris
1773 3987 1889 4056 ejus
1912 3990 2202 4039 consuetu-

623 4097 785 4159 diuis,
831 4093 1060 4146 maxime
1102 4103 1224 4144 eum
1264 4083 1561 4142 Antiochia‘
1593 4081 1790 4152 pariter
1827 4084 2027 4139 essent,
2059 4072 2207 4129 testi-

625 4189 803 4244 monia
829 4194 974 4249 sunt,
1005 4199 1072 4238 ne
1094 4183 1184 4237 illo
1211 4178 1422 4250 quidem
1447 4173 1815 4251 exceptoloco
1843 4165 2094 4237 Epistolas
2115 4163 2204 4219 111.

625 4280 826 4335 dudmn
859 4275 1106 4341 laudata',
1141 4271 1233 4328 ubi
1263 4267 1653 4329 Innocentium,
1681 4277 1792 4317 sua:
1822 4261 2004 4330 utique
2031 4253 2204 4311 comi-

629 4385 736 4428 tem
785 4365 1261 4440 peregrinationis,
1305 4376 1425 4417 cum
1472 4358 1563 4412 illo
1602 4359 1911 4423 comparat,
1954 4357 2207 4416 tanquam

629 4464 841 4519 oculum
870 4477 988 4515 cum
1019 4459 1195 4522 oculo,
1224 4467 1383 4525 atque
1412 4453 1514 4507 isto
1546 4449 1816 4518 inopinata
1861 4452 2034 4498 morte
2074 4439 2205 4495 sub-

631 4562 800 4610 tracto
820 4593 834 4616 ,
867 4550 1036 4613 Nunc,
1073 4547 1263 4616 inquit,
1293 4561 1395 4598 uno
1425 4553 1470 4597 et
1496 4549 1597 4594 toto
1626 4538 1750 4591 milii
1772 4536 1959 4590 lumine
1987 4533 2208 4603 Evagrio

632 4656 804 4702 nostro
843 4647 1007 4714 fruor.
1056 4639 1123 4694 Ut
1163 4652 1290 4690 vero
1333 4635 1492 4687 etiam
1534 4632 1720 4684 demus
1760 4627 1964 4681 socium
2006 4620 2210 4678 itineris

634 4753 755 4793 eum
790 4733 982 4794 fuisse,
1022 4744 1126 4784 non
1157 4735 1304 4781 certe
1345 4723 1524 4787 fuerit,
1556 4735 1676 4774 eum
1705 4717 1935 4788 primum
1967 4711 2210 4782 Aquileia

634 4832 992 4900 Hieronymus
1021 4817 1339 4878 solvitzsed
1383 4817 1518 4870 forte
1558 4813 1630 4867 illi
1672 4810 1968 4881 provincias
1995 4805 2209 4878 jamdu-

635 4927 762 4982 dum
806 4921 980 4977 Varias
1020 4912 1368 4972 circumeunti
1397 4952 1409 4972 .
1453 4906 1802 4978 CappadOcia:
1849 4901 2116 4964 occurrit,
2151 4909 2214 4949 ac

637 5016 901 5085 reliquum
951 5007 1155 5064 itineris
1208 5004 1418 5077 Syriam
1461 5015 1647 5053 versus
1693 5011 1812 5050 eum
1857 5008 1922 5048 eo
1966 4988 2212 5060 perfecit.

637 5111 879 5165 Alterum
919 5101 1058 5176 quod
1091 5097 1378 5170 opponitur
1421 5110 1485 5150 ex
1526 5090 1726 5146 Bullini
1768 5087 2008 5141 discessu
2053 5097 2216 5151 argu-

639 5209 901 5263 mentum,
931 5173 1128 5251 levinre
1156 5194 1369 5261 negotio
1393 5184 1738 5256 expedimus;
1771 5192 1940 5248 neque
1966 5175 2107 5231 enim
2132 5173 2220 5228 ille

639 5305 784 5351 recta
815 5293 868 5345 in
897 5287 1187 5358 Egyptum
1214 5277 1521 5341 contendit,
1551 5271 1644 5330 sed
1675 5268 2060 5339 Jerosnlymam
2106 5263 2218 5332 prio
2295 5289 2307 5299 -

641 5399 732 5441 me
758 5380 955 5440 invisit,
972 5351 1178 5430 e't'loca
1203 5373 1417 5435 Sancta,
1443 5366 1634 5437 quibus
1655 5377 1716 5416 ea
1737 5375 1839 5431 qua
1868 5373 1963 5428 par
1986 5363 2068 5410 est
2095 5351 2221 5407 reli-

643 5476 801 5545 gione
848 5463 1256 5536 perlustrandis,
1297 5459 1527 5512 maxime
1566 5468 1697 5507 vero
1742 5459 1888 5504 tanto
1931 5456 2215 5506 terrarum,

645 5578 710 5618 ac
736 5556 900 5614 maris
926 5549 1228 5606 emetienda
1256 5548 1444 5615 spatio,
1469 5544 1610 5599 haud
1632 5555 1776 5597 certe
1799 5540 2020 5594 nimium
2050 5532 2221 5587 videri

646 5651 810 5705 debet
853 5638 1106 5706 temporis
1151 5634 1521 5696 intervallum,
1559 5631 1699 5693 quod
1743 5630 1809 5682 ab
1853 5627 1975 5680 anni
2005 5623 2130 5687 57⁸2,
2169 5629 2229 5675 ut

641 5761 674 5814 ι»
687 5755 748 5797 ar
777 5733 1010 5801 credere
1031 5741 1111 5789 cst
1143 5728 1422 5796 postremis
1453 5719 1830 5787 uicttsibus,ad
1855 5710 2227 5782 subsequentis

2310 398 2377 454 73
2405 397 2668 463 Martium,
2703 407 2792 451 aut
2825 395 3062 465 Aprilem
3115 392 3399 449 intercedit
3429 411 3442 448 :
3472 408 3577 462 quo
3609 403 3859 461 tempore

2272 501 2556 560 antequam
2597 490 2920 544 Athanasius
2949 489 3094 542 diem
3116 486 3325 552 obiret,
3358 483 3694 539 Alexandriae
3734 483 3854 536 fuit.

2272 580 2485 635 Falsum
2517 593 2676 649 porro
2704 587 2785 633 est
2805 620 2819 641 ,
2849 578 3090 632 nuntium
3119 575 3186 630 de
3214 575 3332 644 ejus
3362 575 3413 628 in
3441 572 3680 644 Egypto
3705 586 3858 626 mora

2272 672 2442 725 solum
2471 672 2611 725 circa
2654 669 2980 737 insequentis
3009 668 3132 721 anni
3176 668 3281 721 574
3311 664 3541 720 medium
3589 664 3860 734 llicrony-

2276 778 2420 816 mum
2443 763 2735 830 accepisse.
2761 761 2939 817 Facile
2959 760 3098 816 enim
3120 758 3285 811 multo
3304 767 3460 810 antea
3483 755 3550 809 ab
3571 751 3860 808 Heliodoro

2276 858 2356 910 sui
2399 856 2602 909 itineris
2631 854 2797 915 socio,
2835 853 2924 922 qui
2968 850 3358 918 Jerosolymam
3393 852 3726 915 perrexerat,
3756 858 3861 896 au-

2277 947 2398 1012 diit,
2440 961 2560 1000 cum
2611 943 2989 998 Alexandriam
3033 953 3315 1009 regressus
3357 947 3459 992 est.
3509 932 3863 989 Conﬁrmavit

2281 1037 2436 1106 paulo
2483 1044 2622 1106 post,
2653 1043 2708 1091 et
2753 1033 3030 1103 superiore
3071 1039 3251 1084 tamen
3287 1042 3426 1082 anno
3465 1026 3571 1080 373
3610 1023 3865 1078 eumdem

2281 1129 2522 1183 nuntium
2554 1126 2946 1184 Alexandrinus
2991 1122 3279 1179 Monachus
3316 1120 3513 1174 missus
3543 1117 3606 1171 ad
3633 1115 3864 1170 Confesc

2280 1235 2451 1282 sorcs,
2492 1235 2627 1289 quos
2671 1218 2849 1272 statim
2893 1217 2960 1270 ab
3001 1213 3280 1269 Athanasii
3321 1216 3493 1265 morte
3534 1209 3586 1262 in
3625 1205 3867 1277 Egypto

2281 1311 2527 1367 exSnIarc
2559 1309 2748 1363 Valens
2795 1308 3090 1376 Imperator
3135 1305 3312 1373 jussit.
3357 1300 3462 1356 Sed
3508 1299 3592 1353 his
3634 1298 3866 1366 aliisque

2282 1401 2509 1455 subinde
2558 1400 2758 1454 notitiis
2807 1413 2912 1454 non
2955 1394 3327 1466 acquiesceb'it
3375 1392 3432 1448 S.
3476 1391 3653 1455 Pater,
3693 1388 3869 1442 donec

2282 1491 2486 1548 crebra:
2505 1504 2571 1545 eo
2600 1487 3016 1544 commeantium
3044 1482 3398 1548 multitudini,
3429 1480 3586 1551 idque
3615 1478 3867 1532 certiori-

2285 1587 2383 1640 bus
2426 1583 2745 1638 testimoniis
2790 1579 3072 1643 referenti,
3107 1576 3321 1631 tandem
3382 1587 3525 1626 anno
3561 1571 3666 1625 574
3710 1568 3870 1623 fidem

2285 1675 2545 1734 adhibuit.
2598 1672 2842 1727 Testatur
2891 1671 3005 1726 lnec
3047 1668 3226 1722 omnia
3267 1681 3364 1736 per
3411 1673 3592 1734 partes
3639 1663 3871 1730 ipsemet

2290 1765 2521 1836 Epistula
2555 1764 2641 1818 illa
2675 1763 2760 1818 111.
2785 1762 2852 1816 ad
2880 1759 3172 1823 liuflinum,
3197 1773 3263 1812 ex
3288 1771 3390 1825 qua
3421 1753 3728 1808 describere
3753 1750 3875 1805 hare

2289 1871 2452 1928 pauca
2487 1856 2629 1910 libet.
2657 1854 2835 1908 Prima
2858 1851 3108 1922 inapinati
3124 1848 3296 1922 gaudii
3321 1849 3380 1899 ab
3412 1844 3690 1900 Heliodoro
3714 1847 3876 1914 fratre

2291 1949 2414 2003 mihi
2441 1959 2512 2001 est
2542 1948 2771 2000 nuntiata
2796 1945 3029 2016 felicitas.
3064 1941 3183 1996 Non
3209 1939 3470 1994 credebam
3496 1949 3702 2000 certum,
3737 1927 3876 2005 quod

2290 2048 2476 2092 certum
2502 2053 2607 2092 esse
2633 2036 2891 2106 cupiebam
2917 2076 2931 2098 ,
2963 2032 3240 2103 priuscrtim
3269 2046 3382 2083 cum
3417 2037 3464 2082 et
3493 2027 3579 2080 ille
3603 2029 3665 2079 ab
3691 2025 3795 2078 alio
3821 2039 3876 2078 se

2290 2131 2491 2184 audisse
2516 2131 2733 2195 diceret,
2775 2137 2822 2182 et
2859 2128 2932 2180 rei
2967 2127 3158 2179 novitas
3187 2123 3336 2191 ﬁdem
3361 2120 3601 2176 sermonis
3627 2117 3872 2189 auferret.

2293 2225 2515 2280 Rursum
2556 2237 2800 2286 suspensa
2843 2229 2976 2283 vota,
3017 2227 3374 2284 nutantemque
3415 2223 3628 2266 mentem
3669 2208 3880 2279 quidam

2293 2316 2668 2370 Alexandrinus
2698 2311 3002 2376 Monac/tus,
3023 2309 3111 2379 qui
3138 2307 3205 2361 ad
3227 2304 3502 2376 Egyptios
3530 2301 3880 2370 Confessores,

2293 2417 2340 2461 ct
2370 2407 2623 2460 voluntate
2646 2406 2751 2472 jam
2782 2402 3034 2471 Martyres
3062 2401 3144 2470 pio
3178 2397 3334 2467 plebis
3363 2393 3672 2466 jamdudum
3711 2391 3879 2459 fuerat.

2294 2499 2618 2554 transmissus
2643 2497 2897 2565 obsequio,
2922 2494 3222 2564 manifestus
3249 2489 3319 2543 ad
3338 2486 3684 2542 credulitatem
3713 2483 3882 2536 nuntii

2295 2603 2470 2647 auctor
2490 2589 2779 2660 impulerat.
2814 2586 3000 2641 Fateor
3025 2595 3071 2639 et
3091 2585 3143 2637 in
3164 2585 3259 2636 hoc
3282 2597 3440 2635 meant
3464 2577 3657 2633 labasse
3677 2587 3849 2631 senti'n
3864 2603 3880 2614 -

2299 2689 2440 2741 tiam.
2476 2683 2612 2738 Nam
2638 2698 2752 2736 cum
2778 2691 2822 2734 et
2850 2679 3067 2750 patriam
3089 2687 3225 2730 tuam
3248 2676 3506 2746 ignoraret
3534 2681 3578 2724 et
3601 2685 3804 2729 nomen,
3827 2668 3879 2720 in

2297 2793 2356 2834 eo
2386 2788 2551 2831 tamen
2580 2775 2693 2845 plus
2718 2773 2977 2826 videbatur
2996 2768 3197 2836 a/I'erre,
3223 2766 3356 2836 quod
3387 2763 3559 2818 eadem
3588 2762 3877 2824 asserebat,

2296 2885 2410 2940 qua:
2445 2870 2558 2940 jam
2595 2867 2727 2920 alius
2762 2864 3090 2922 indicaverat.
3141 2859 3366 2914 Tandem
3408 2859 3612 2929 plenum
3656 2857 3889 2909 veritatis

2301 2961 2500 3033 pondus
2526 2959 2688 3028 erupit
2709 2997 2723 3020 ,
2758 2956 3013 3026 lluﬂinum
3055 2953 3185 3008 enim
3215 2951 3401 3005 Nitria:
3427 2965 3532 3004 csse
3552 2989 3566 3012 ,
3591 2959 3638 3002 ct
3663 2948 3732 3000 ad
3762 2949 3873 3001 beas

2301 3065 2407 3108 tum
2434 3053 2712 3124 porrexisse
2734 3049 3072 3109 Macharium,
3098 3044 3272 3099 crebra
3294 3041 3678 3096 commeantium
3710 3041 3882 3093 multi-

2304 3147 2424 3201 tudo
2462 3144 2724 3214 referebat.
2769 3141 2867 3196 Hic
2908 3157 3021 3194 vero
3065 3149 3168 3210 tota
3208 3136 3521 3191 credulitatis
3561 3138 3705 3202 frena
3742 3133 3884 3186 laxa-

2304 3241 2371 3304 vi,
2395 3246 2497 3293 etc.
2527 3236 2666 3290 Nihil
2699 3235 2874 3302 itaque
2898 3231 3208 3300 impediunt,
3244 3243 3310 3282 ne
3330 3242 3470 3281 anno
3497 3225 3600 3280 372
3621 3223 3880 3292 Hierony-

2301 3329 2374 3384 mi
2401 3327 2454 3382 in
2484 3327 2755 3382 Orientem
2781 3326 2883 3379 iter
2902 3323 3250 3392 assigncmus,
3278 3334 3396 3388 qua:
3418 3316 3648 3371 maxime
3671 3315 3884 3368 obstare

2301 3413 2674 3474 Videbattlltt‘.’

2904 3587 3132 3646 CAPUT
3176 3587 3282 3644 VII.

2305 3755 2346 3810 1.
2377 3755 2486 3809 lter
2510 3755 2572 3809 S.
2605 3751 2777 3806 Patris
2812 3747 3129 3803 describitur.
3158 3744 3221 3799 ll.
3255 3742 3330 3796 An
3369 3740 3746 3810 Jerosolymam
3774 3749 3891 3793 tunc

2625 3843 2850 3897 adierit?
2877 3840 2962 3895 111.
2991 3835 3272 3892 Antiochia:
3294 3833 3532 3888 substitit.

2381 4006 2420 4060 1.
2463 4004 2564 4058 Per
2595 3998 2860 4070 Illyricum
2889 4003 3140 4050 terrestre
3171 3991 3272 4046 iter
3301 3985 3593 4056 arripuisse
3623 3983 3890 4053 Hierony-

2308 4112 2454 4153 mum
2513 4090 2752 4148 nonnulli
2786 4100 3096 4159 persuasum
3124 4083 3320 4138 habent
3341 4121 3356 4145 ,
3385 4088 3544 4147 atque
3570 4075 3856 4129 Thraciam
3877 4113 3892 4136 ,

2310 4191 2560 4252 Pontum,
2595 4182 2920 4254 Bithyniam,
2943 4176 3226 4238 Galatiam,
3249 4169 3660 4243 Cappadociam.
3690 4182 3755 4219 ac.
3781 4174 3894 4218 tan-

2309 4284 2431 4340 dem
2459 4279 2668 4352 Syriam
2691 4275 2965 4330 cireuisse.
2997 4267 3162 4325 Nobis
3192 4266 3308 4321 hate
3333 4261 3554 4319 minime
3575 4255 3894 4313 verosimilis

2311 4347 2575 4430 sententia
2607 4366 2816 4422 videtur
2847 4383 2860 4419 :
2890 4361 3018 4433 quin
3060 4361 3176 4429 ipse
3217 4357 3377 4412 etiam
3401 4350 3610 4406 videtur
3650 4348 3707 4400 S.
3740 4347 3895 4400 Pater

2311 4466 2442 4522 satis
2468 4469 2652 4532 aperte
2678 4458 2913 4514 indicare
2943 4468 3022 4515 se,
3049 4450 3230 4506 statim
3263 4446 3330 4502 ab
3356 4440 3686 4514 Aquileiensi
3715 4440 3900 4492 littore

2313 4573 2462 4617 mare
2492 4557 2810 4623 ingressum,
2847 4547 2966 4600 navi
2995 4546 3047 4599 in
3072 4540 3354 4597 Thraciam
3383 4533 3674 4606 appulisse,
3708 4539 3762 4583 et
3792 4528 3902 4598 pri-

2313 4666 2404 4707 mo
2447 4645 2661 4715 quidem
2702 4650 2891 4697 a‘stum
2939 4637 3103 4693 maris
3142 4645 3378 4703 passum.
3429 4629 3625 4682 Demus
3667 4625 3900 4692 ejusmct

2316 4744 2497 4805 verba,
2526 4754 2646 4811 qua:
2683 4751 2797 4792 rem
2837 4741 3001 4788 totam
3050 4726 3274 4782 mirifice
3321 4721 3585 4791 explicant
3627 4731 3693 4772 ex
3741 4715 3901 4768 toties

2319 4804 2793 4901 laudata-Epistola
2825 4825 2910 4880 111.
2936 4823 3001 4876 ad
3029 4818 3320 4875 Rufliuum.
3358 4811 3631 4880 Postquam
3666 4821 3747 4858 me
3769 4845 3782 4868 ,
3820 4804 3898 4856 in-

2317 4931 2452 5002 quit,
2490 4945 2523 4982 a
2566 4936 2650 4980 tuo
2694 4924 2849 4977 latere
2884 4916 3080 4972 subitus
3127 4911 3269 4964 turbo
3311 4903 3556 4960 convulsit
3583 4915 3600 4952 :
3631 4907 3905 4969 postquam

2321 4991 2516 5097 diutino
2544 5015 2770 5074 caritatis
2793 5014 3062 5066 horrentem
3087 5004 3244 5072 impia
3273 4996 3505 5054 distraxit
3527 4991 3745 5056 avulsio,

2331 5427 2554 5484 Tandem
2602 5422 2654 5475 in
2699 5419 2888 5473 incerto
2942 5400 3361 5482 peregrinationis
3399 5395 3629 5458 erranti,
3676 5407 3794 5445 cum
3836 5403 3915 5440 me

2333 5519 2548 5574 Thracia
2571 5557 2586 5581 ,
2626 5511 2817 5566 Pontus
2838 5547 2852 5570 ,
2885 5514 3036 5572 atque
3065 5493 3309 5565 Bithynia
3333 5530 3348 5553 ,
3382 5497 3640 5556 totumque
3671 5483 3911 5540 Galatiat,

2330 5621 2376 5664 ct
2419 5570 2760 5676 Cdpjiitdocitc
2789 5597 2880 5648 iter
2904 5635 2918 5658 ,
2955 5570 3010 5645 et
3042 5584 3233 5658 fervido
3271 5580 3481 5633 Cilicum
3512 5585 3648 5627 terra
3689 5570 3917 5640 fregisset

2331 5717 2457 5762 tcstu
2479 5672 2504 5772 ,Π
2526 5672 2678 5768 Syria
2708 5690 2831 5744 mihi
2864 5687 2993 5741 rclut
3023 5678 3301 5752 ﬁdissimus
3341 5672 3593 5740 naufrago
3624 5674 3807 5736 portus
3829 5676 3916 5715 os-
