4048 6192
159 293 221 351 23
1420 297 1476 352 S.
1525 292 1896 350 lllliRiiNYill
1943 295 2125 351 \"lTA.

161 408 323 463 currit.
359 407 502 464 Alibi
531 407 688 464 etiam
716 408 987 478 regionum
1031 414 1226 478 prxler
1252 408 1378 464 istas
1405 449 1419 472 ,
1447 417 1610 478 atque
1637 421 1730 462 nr-

163 500 290 553 liium
343 516 442 570 per
487 515 618 570 quas
661 500 968 564 transierit,
1002 503 1330 556 mentionem
1373 501 1537 568 facit,
1589 503 1728 557 utin

161 589 418 645 Lacharia:
465 605 584 661 cap.
640 589 755 653 XII.
800 591 890 645 ubi
939 591 1164 647 Athenis
1193 606 1254 646 se
1301 591 1474 661 prodit
1523 591 1725 656 fuisse;

161 681 220 735 ln
261 698 393 745 arce,
439 682 688 752 inquiens
709 723 725 746 ,
763 684 1140 738 Atheniensium
1167 725 1182 750 ,
1213 686 1362 746 ina-ta
1399 685 1727 738 simulacrum

159 770 388 826 Minerva
407 814 423 839 ,
470 773 572 826 vidi
602 774 856 841 Spheram
883 791 1078 828 aeneam
1125 776 1408 843 grauissimi
1463 776 1722 844 ponderis,

157 879 289 932 quam
315 879 406 933 ego
433 881 525 932 pro
553 864 895 921 imbecillitate
921 867 1210 937 corpusculi
1241 885 1436 922 movere
1461 868 1545 922 vix
1557 869 1717 938 potui,

156 962 248 1006 etc.
278 953 342 1008 Et
383 955 436 1009 in
467 955 736 1012 Prommio
781 958 1005 1012 secundi
1049 958 1169 1012 libri
1200 957 1719 1016 Commentariorum

153 1045 208 1098 ad
232 1044 466 1108 Galatas.
500 1048 610 1110 Scit
630 1091 644 1115 ,
677 1051 878 1118 inquit,
926 1067 1122 1104 ntecum
1148 1053 1234 1121 qui
1263 1052 1386 1106 vidit
1426 1052 1720 1121 Anchyram

149 1140 459 1209 mrtropolim
471 1141 690 1197 Galatia
703 1144 977 1208 civitatem,
996 1155 1118 1214 quot
1144 1161 1278 1198 nunc
1300 1161 1453 1214 usque
1477 1144 1723 1200 schisma-

147 1231 262 1285 tibns
304 1233 591 1288 dilacerata
629 1235 728 1299 sit,
757 1245 877 1304 quot
922 1236 1216 1307 dogntatum
1245 1235 1569 1289 varietatibus
1598 1251 1721 1288 con-

143 1334 388 1392 stuprata.
422 1327 540 1381 Alia
568 1327 620 1380 id
647 1340 818 1395 genus
842 1327 966 1381 alibi
997 1328 1221 1382 rimatus
1244 1336 1346 1381 est.
1380 1327 1446 1379 Et
1480 1325 1635 1379 Tarsi
1666 1325 1717 1379 in

142 1412 321 1470 Cilicia
371 1416 686 1484 aliquandiu
735 1431 858 1471 eum
910 1418 1208 1481 mansisse,
1252 1417 1507 1486 colligere
1548 1425 1725 1472 estex

143 1504 297 1572 Epist.
333 1503 528 1559 CXXI.
571 1505 639 1560 ad
681 1507 954 1576 Algacinm
996 1507 1203 1573 Quaest.
1253 1523 1311 1562 ll.
1363 1506 1454 1562 ubi
1501 1507 1722 1563 Cilicum

143 1596 323 1665 linguae
381 1597 779 1664 proprietates,
829 1597 1021 1666 quibus
1076 1598 1272 1652 Paulus
1324 1598 1612 1668 Apostolus
1668 1598 1720 1652 in

141 1685 383 1754 Epistolis
421 1686 536 1740 suis
563 1699 691 1740 usus
720 1686 812 1750 sit,
843 1687 1046 1755 Optime
1071 1701 1131 1740 se
1163 1687 1338 1755 prodit
1365 1687 1599 1740 novisse.
1641 1686 1716 1740 ita

141 1787 187 1834 ct
221 1776 629 1842 Theodosium,
675 1777 765 1846 qui
805 1777 1042 1832 creditur
1088 1777 1477 1830 monasterium
1509 1776 1709 1829 consti-

140 1869 292 1926 tuisse
342 1867 484 1938 apud
539 1867 807 1922 Rhossum
862 1867 913 1921 in
963 1865 1147 1922 Cilicia
1195 1866 1260 1920 ad
1316 1867 1482 1922 maris
1536 1880 1710 1933 oram,

137 1959 464 2024 «invenisse,
487 1958 712 2028 ejusque
744 1967 800 2012 ut
828 1967 881 2012 et
907 1966 1224 2012 creterorum
1252 1955 1354 2011 sub
1376 1971 1444 2011 eo
1465 1955 1711 2012 Anacha—

137 2061 357 2106 retarum
387 2064 566 2105 mores
611 2049 778 2104 fuisse
814 2056 1204 2117 perscrutatum
1225 2090 1240 2112 ,
1273 2063 1336 2102 ac
1363 2048 1558 2102 similis
1586 2049 1710 2104 vita:

135 2158 306 2197 amore
344 2143 643 2204 incensore,
673 2155 739 2196 ex
770 2139 832 2195 ll.
866 2140 1102 2210 Epistula
1126 2181 1144 2206 ,
1173 2156 1291 2207 qua:
1316 2139 1383 2194 ad
1423 2155 1546 2194 eum
1587 2139 1708 2194 data

138 2242 230 2294 est.
269 2233 458 2301 liquet.
504 2231 765 2287 Nimirum
810 2245 1160 2301 quascumque
1212 2230 1504 2299 insigniora
1558 2230 1708 2284 vide-

137 2333 326 2384 rentur,
354 2322 525 2377 oculis
547 2335 805 2390 usurpare
836 2320 998 2374 voluit
1017 2361 1032 2383 ,
1066 2321 1297 2375 maxime
1325 2319 1706 2374 Monachorum

137 2425 291 2470 cretus
328 2413 692 2477 celebriores,
723 2427 949 2482 quorum
980 2410 1276 2481 prcesertim
1329 2411 1568 2465 instituta
1615 2425 1711 2463 no-

138 2507 306 2562 scendi
332 2517 498 2576 atque
538 2505 782 2560 imitandi
812 2519 1040 2567 caussa,
1091 2502 1549 2572 peregrinabatur.
1597 2501 1709 2555 Via:

135 2599 343 2653 comites
376 2607 667 2666 perpetuos
696 2595 944 2660 habebat,
980 2603 1174 2663 prmter
1201 2593 1591 2656 Innocentium,
1621 2601 1705 2645 at-

134 2705 228 2759 que
253 2687 598 2744 lleliodorum
625 2727 641 2750 ,
668 2701 801 2756 quos
826 2700 985 2755 supra
1014 2685 1447 2748 memoravimus,
1475 2683 1706 2737 Nicaeam

133 2795 334 2853 quoque
382 2779 818 2850 llypodiaconnm
855 2775 1113 2847 Aquileia:
1137 2817 1152 2840 ,
1183 2784 1237 2831 et
1262 2774 1471 2846 Hylam,
1502 2773 1709 2829 Sancta:

135 2874 335 2928 Melanii
377 2872 650 2942 (atriolum,
678 2871 764 2940 qni
794 2870 1015 2938 puritate
1044 2883 1242 2922 morum
1271 2866 1524 2920 maculam
1553 2867 1708 2919 servi-

135 2966 241 3019 tutis
283 2964 514 3020 abluerat
560 2962 755 3035 (Epist.
800 2959 944 3032 III).
984 2960 1267 3024 Bonosus,
1313 2972 1418 3028 quo
1469 2971 1592 3012 cum
1640 2956 1708 3012 ab

133 3059 341 3114 infantia
381 3057 640 3113 educatus
663 3096 680 3121 ,
708 3064 763 3110 et
789 3053 1010 3109 honestis
1051 3053 1225 3107 δωρειιὶ
1264 3050 1455 3104 artibus
1479 3049 1708 3104 eruditus

134 3150 256 3216 luit,
282 3151 485 3221 quique
523 3163 649 3202 eum
677 3145 842 3200 fuerat
874 3146 926 3199 in
957 3144 1249 3200 Galliarum
1279 3139 1709 3210 peregrinatione

134 3242 429 3306 comitatus,
454 3235 922 3306 solitudinemjam
941 3233 1168 3304 petierat
1189 3231 1241 3284 in
1259 3229 1430 3284 insula
1455 3227 1706 3298 quadam,

135 3332 399 3388 Dalmatia:
445 3339 507 3384 ut
548 3328 791 3391 videtur,
836 3326 1025 3396 pelago
1066 3323 1500 3377 circumsonante
1526 3359 1542 3386 ,
1575 3333 1711 3372 nau-

133 3422 291 3491 fraga,
321 3433 378 3476 et
411 3421 464 3474 in
497 3433 599 3488 qua
627 3417 759 3472 nihil
791 3432 895 3470 non
924 3414 1116 3470 terrori
1151 3420 1315 3467 esset.

195 3515 256 3572 ιι.
291 3517 430 3572 Num
471 3514 860 3585 Jerosolymam
892 3509 994 3565 hoc
1024 3508 1198 3580 primo
1239 3508 1291 3561 in
1321 3508 1592 3562 Orientem
1627 3503 1712 3557 iti-

132 3625 254 3665 nere
292 3609 532 3672 adierit,
572 3607 897 3675 disputatum
930 3602 1070 3657 inter
1095 3599 1357 3656 eruditos.
1393 3601 1564 3668 Atque
1595 3597 1709 3666 ipse

131 3699 336 3765 quidem
388 3697 446 3754 S.
505 3697 665 3752 Pater
718 3693 953 3764 Epistola
1006 3689 1178 3746 XXII.
1235 3689 1303 3744 ad
1359 3687 1710 3742 Eustochium

131 3791 391 3851 scribens,
426 3803 486 3843 se
515 3795 742 3840 testatur
787 3799 854 3839 eo
896 3783 1124 3838 consilio
1164 3795 1192 3834 a
1235 3781 1348 3836 suis
1374 3778 1706 3844 discessisse,

131 3891 185 3937 ut
209 3880 586 3950 Jerosolymam
615 3878 922 3932 militaturus
951 3883 1197 3945 pergeret.
1228 3872 1282 3926 In
1315 3872 1547 3943 Epistula
1573 3885 1708 3940 quo-

133 3989 229 4041 que
253 3971 418 4028 XLV.
445 3971 513 4026 ad
545 3969 804 4032 Asellam,
828 3984 949 4023 cum
980 3968 1166 4023 Roma:
1197 3974 1342 4022 esset
1363 4005 1376 4026 .
1409 3978 1567 4019 orare
1591 3977 1711 4018 eam

130 4063 268 4134 jubet
289 4107 305 4131 ,
336 4075 396 4124 ut
424 4065 488 4119 de
513 4063 776 4132 Babylone
800 4059 1176 4130 Jerosolymam
1199 4057 1399 4127 regredi
1425 4053 1712 4125 aliquando

133 4157 223 4210 sibi
270 4158 430 4214 liceat
459 4172 473 4208 :
507 4155 706 4224 quibus
733 4151 916 4207 verbis
953 4164 1012 4204 se
1043 4149 1207 4204 fuisse
1246 4147 1453 4217 pridem
1496 4145 1685 4200 .Ieroso

133 4247 265 4302 litate
293 4287 308 4311 ,
347 4246 543 4302 iudicio
569 4255 672 4300 est.
706 4244 837 4302 Item
875 4242 926 4296 in
959 4239 1276 4295 Pru-fatione
1312 4237 1376 4292 ad
1409 4237 1615 4307 Didymi
1647 4235 1714 4290 de

132 4337 324 4407 Spiritu
351 4338 548 4394 Sancto
576 4337 795 4398 librum,
826 4349 987 4404 quem
1017 4332 1203 4386 Latine
1225 4330 1294 4386 de
1318 4329 1507 4385 Graieo
1532 4328 1713 4395 vertit,

134 4445 189 4486 se
225 4433 332 4498 ait,
363 4431 430 4486 de
457 4429 723 4500 Babylone
745 4468 760 4492 ,
793 4427 844 4482 id
883 4436 966 4482 est
993 4425 1161 4483 Roma
1187 4463 1203 4490 ,
1246 4423 1377 4477 velut
1405 4421 1715 4491 postliminio

133 4521 496 4593 Jerosolymam
527 4535 636 4576 esse
663 4533 940 4584 reversum,
967 4525 1023 4572 et
1054 4524 1167 4586 post
1197 4513 1406 4568 Romuli
1432 4512 1636 4577 Casam,
1668 4521 1715 4567 et

135 4616 358 4677 luderem
384 4612 716 4683 Lupercalia,
748 4609 1081 4665 diversorium
1113 4607 1330 4672 Maria,
1359 4613 1407 4660 et
1433 4605 1716 4661 Saluatoris

133 4706 420 4771 speluncam
448 4704 731 4774 expetisse.
764 4699 986 4758 Accedit
1004 4742 1019 4765 ,
1056 4699 1366 4764 Baroninm,
1393 4695 1712 4762 Victoriam,

134 4805 289 4866 atque
315 4797 450 4852 alios
479 4795 657 4865 magni
684 4793 920 4852 nominis
937 4792 1081 4846 viros
1109 4791 1162 4847 in
1186 4806 1248 4845 ea
1279 4804 1399 4844 esse
1423 4789 1712 4852 sententia,

135 4893 184 4938 ut
225 4887 313 4941 bis
359 4885 748 4956 Jerosolymam
795 4883 1008 4938 venisse
1045 4897 1167 4936 eum
1208 4880 1412 4936 velint:
1459 4891 1510 4934 et
1549 4879 1716 4934 semel

135 4976 354 5044 quidem
383 4975 485 5037 hac
510 4976 680 5046 prima
707 4974 760 5028 in
787 4972 1058 5029 Orientem
1089 4972 1535 5042 peregrinatione,
1561 4981 1716 5026 ante-

135 5082 291 5134 quam
324 5065 562 5135 Calcidis
583 5080 818 5119 eremum
847 5065 1214 5135 ingrederetur
1247 5082 1260 5116 :
1290 5064 1356 5119 de
1382 5064 1550 5118 altero
1573 5063 1715 5117 enim

134 5160 402 5225 adventu,
437 5172 563 5217 cum
613 5155 822 5214 scilicet
864 5157 1029 5216 Roma
1075 5165 1196 5226 post
1240 5155 1447 5209 Damasi
1491 5163 1716 5208 mortem

136 5248 397 5316 discessit,
427 5262 590 5304 nemo
614 5257 696 5304 est
723 5247 812 5317 qui
840 5246 1067 5303 dubitet.
1095 5247 1289 5302 Verum
1309 5245 1564 5317 quidquid
1595 5245 1718 5299 aliis

136 5342 393 5408 videatur,
420 5357 542 5398 eum
570 5341 744 5397 semel
775 5339 956 5406 modo,
983 5354 1161 5410 neque
1187 5341 1288 5394 hoc
1310 5338 1524 5410 quidem
1556 5338 1714 5392 itine-

140 5450 215 5500 re,
245 5436 316 5490 (ιθ
340 5452 441 5504 quo
466 5437 680 5507 agimus
701 5475 718 5500 ,
754 5433 852 5488 sed
890 5434 1061 5486 altero
1098 5431 1187 5486 diu
1217 5440 1336 5502 post
1362 5432 1414 5484 in
1444 5430 1716 5486 Orientem

139 5523 394 5595 instituto,
420 5526 820 5596 Jerosolymam
849 5523 1174 5593 porrexisse,
1198 5520 1553 5582 luculentiora
1571 5519 1718 5586 ejuso

145 5627 244 5668 Iret
268 5619 321 5671 S.
354 5619 603 5674 Auctoris
634 5615 944 5672 testimonia
986 5615 1329 5684 persuadent.
1368 5612 1657 5667 Enimvero
1675 5611 1719 5664 si

145 5716 203 5758 eo
227 5716 344 5765 tunc
368 5711 725 5775 accessisset,
762 5723 854 5778 qtu
885 5706 1000 5762 lieri
1039 5704 1244 5776 potuit,
1291 5713 1348 5759 ut
1395 5699 1717 5760 exantlantis

1832 409 1944 478 jam
1970 412 2418 483 peregrinationis
2450 425 2565 478 ejus
2593 413 2965 485 incommodis,
2997 420 3290 480 Antiochia:
3317 423 3418 480 de-

1833 519 1985 573 gens,
2013 514 2172 573 atque
2199 503 2324 558 hinc
2363 505 2606 560 scribens
2640 508 2838 575 smpius
2882 511 3144 568 laudatam
3183 516 3248 570 ad
3280 516 3414 573 Ruf-

1835 594 1996 648 linum
2025 595 2340 664 Epistolam,
2376 595 2515 650 inter
2540 598 2732 663 multa,
2764 614 2879 667 ane
2907 601 2975 655 de
3000 605 3109 658 suis
3139 606 3414 664 itineribus

1831 686 2003 775 eidem
2038 702 2132 756 per
2155 696 2333 757 partes
2364 697 2560 751 narrat,
2591 689 2694 743 hoc
2714 707 2869 746 unum
2901 695 3041 764 quod
3068 708 3180 751 erat
3209 702 3413 756 cmteris

1832 776 2170 844 praestantius
2201 778 2468 842 omnibus,
2497 781 2817 849 pneterirel.
2849 783 3098 838 Sanctum
3128 787 3408 855 civitatem,

1829 865 1881 920 in
1910 881 2010 936 qua
2041 866 2238 921 dudum
2269 869 2428 923 luisse
2455 870 2686 924 amicum
2728 886 2882 926 suum
2933 873 3302 937 intellexerat.
3351 894 3416 934 ne

1832 967 2040 1025 arrepta
2083 957 2210 1014 hinc
2245 960 2459 1029 quidem
2500 961 2783 1016 occasione
2826 964 3157 1020 nominaret!
3194 966 3417 1022 Praster-

1833 1047 1997 1112 misit,
2028 1050 2148 1118 quia
2181 1050 2412 1103 nondum
2441 1050 2718 1105 inviserat.
2745 1050 2812 1106 Et
2837 1067 2968 1107 sane
2994 1054 3084 1108 lib.
3117 1054 3200 1110 Ill.
3231 1067 3414 1111 contra

1835 1139 2081 1192 eumdem
2123 1135 2388 1194 Rnl’linum
2433 1141 2501 1196 de
2539 1141 2772 1197 secunda
2819 1142 2870 1197 in
2900 1142 3131 1199 Orientis
3177 1147 3415 1214 partibus

1831 1229 2255 1296 peregrinatione
2292 1245 2384 1284 sua
2410 1229 2634 1300 loquens
2653 1272 2670 1296 ,
2704 1233 2771 1285 ita
2799 1247 2857 1287 se
2883 1232 3021 1288 Loca
3052 1233 3245 1289 Sancta
3279 1237 3412 1290 invi-

1827 1317 1962 1371 sisse
2008 1318 2285 1386 proﬁtetur
2312 1360 2328 1385 ,
2381 1335 2445 1376 ac
2485 1322 2529 1375 si
2578 1332 2735 1378 antea
2779 1323 2949 1378 solum
2991 1324 3059 1380 de
3103 1326 3207 1382 illis
3249 1326 3412 1382 fando

1827 1409 2021 1478 aliquid
2066 1411 2332 1479 audierit,
2374 1411 2565 1467 viderit
2622 1424 2798 1468 autem
2847 1415 3000 1472 nihil.
3061 1416 3277 1481 Intraui,
3327 1419 3408 1474 in-

1825 1500 1976 1570 quit,
2027 1499 2401 1572 Jerosolymam
2425 1543 2439 1566 ,
2497 1503 2601 1556 ridi
2653 1505 2814 1558 multa
2860 1506 3143 1570 miracula,
3198 1518 3248 1563 et
3298 1525 3411 1578 quae

1823 1597 1964 1662 prius
1987 1594 2058 1646 ad
2082 1611 2162 1646 me
2182 1598 2321 1663 [orna
2343 1596 2639 1663 pertulerat,
2663 1599 2932 1652 oculorum
2949 1602 3150 1670 judicio
3177 1619 3411 1672 compro-

1819 1687 1947 1738 bavi.
1979 1685 2092 1740 Non
2141 1695 2224 1741 est
2243 1728 2258 1752 ,
2285 1687 2329 1740 si
2360 1687 2486 1754 quid
2531 1688 2687 1742 video
2707 1730 2723 1754 ,
2754 1691 2897 1759 quod
2941 1691 3066 1746 huic
3094 1704 3408 1763 argumento

1815 1775 1998 1845 reponi
2031 1777 2218 1846 possit.
2243 1776 2497 1832 Adductis
2524 1788 2702 1834 autem
2723 1781 2969 1849 superius
2995 1782 3047 1836 in
3075 1784 3399 1838 contrariam

1814 1877 2016 1938 partem
2058 1868 2230 1924 facilis
2258 1870 2536 1939 responsio
2573 1880 2677 1925 est.
2730 1871 2806 1926 Et'
2839 1874 3011 1941 primo
3051 1873 3265 1944 quidem
3289 1917 3302 1938 ,
3335 1891 3403 1931 eo

1814 1973 1997 2013 revera
2018 1959 2245 2014 consilio
2272 1969 2431 2030 atque
2460 1961 2641 2015 animo
2683 1961 2741 2016 S.
2784 1961 3064 2018 Doetorem
3115 1965 3166 2019 in
3211 1965 3403 2021 Orien-

1816 2057 1922 2104 tem
1950 2049 2210 2119 migrasse
2231 2093 2245 2114 ,
2279 2061 2336 2105 ut
2363 2051 2755 2123 Jerosolymam
2802 2053 3104 2121 inviseret,
3138 2055 3234 2111 sed
3278 2058 3400 2112 aliis

1815 2139 2153 2208 postmodum
2197 2140 2266 2196 de
2303 2141 2504 2196 caussis
2547 2143 2598 2196 in
2645 2144 2854 2213 Syriam
2885 2144 3170 2200 deductum
3196 2187 3211 2206 .
3241 2155 3402 2216 atque

1815 2230 2179 2296 Antiochiam,
2213 2231 2543 2300 propositum
2576 2242 2812 2286 mutasse
2836 2274 2853 2300 ,
2877 2242 2968 2286 aut
3011 2235 3063 2288 in
3093 2235 3236 2288 aliud
3270 2245 3404 2289 tem-

1813 2335 1912 2390 pus
1940 2320 2230 2375 distulisse.
2263 2320 2438 2376 lnnuit
2457 2325 2556 2376 hoc
2579 2321 2718 2376 idem
2741 2324 2876 2392 ipse,
2903 2339 3022 2378 cum
3038 2324 3149 2395 jam
3176 2326 3404 2383 (lalcidis

1813 2425 2053 2466 eremum
2108 2412 2416 2482 ingressus,
2475 2427 2541 2468 ex
2596 2428 2765 2482 eaque
2814 2415 3055 2470 scribens
3111 2416 3399 2487 Epistolatn

1811 2501 1880 2558 V.
1901 2503 1967 2557 ad
1994 2504 2345 2573 Florentium,
2369 2505 2564 2575 prodit.
2599 2506 2752 2561 lectis
2779 2507 3018 2574 ejusdem
3049 2507 3265 2576 litteris,
3296 2511 3400 2566 sibi

1810 2612 2128 2650 reaccensum
2179 2598 2335 2668 fuisse
2360 2598 2587 2652 animum
2625 2599 2999 2670 Jerosolymam
3025 2603 3397 2672 proﬁciscendi.

1811 2684 1888 2740 Ex
1907 2701 1971 2740 eo
1991 2695 2135 2740 certe
2153 2686 2293 2740 nulla
2325 2703 2508 2744 caussa
2531 2699 2628 2754 est,
2663 2705 2759 2746 cizr
2786 2691 2838 2746 in
2868 2691 2951 2745 illa
2967 2691 3030 2748 ad
3051 2691 3398 2752 Eustochium

1811 2773 2048 2844 Epistula
2077 2778 2367 2849 quidquam
2395 2781 2737 2837 immutemns
2759 2823 2774 2848 ,
2807 2791 2864 2838 ut
2901 2785 3072 2839 visum
3115 2796 3198 2843 est
3227 2787 3395 2843 Tillc-

1811 2869 2031 2934 mentio,
2062 2869 2152 2940 qui
2193 2873 2400 2926 censuit
2435 2887 2532 2942 pro
2575 2872 2953 2944 Jerosolymnm
2997 2876 3276 2946 legendum
3323 2878 3394 2932 ibi

1810 2957 2130 3013 Antiochiam
2180 2970 2270 3014 aut
2329 2961 2585 3015 Orientem
2638 2976 2779 3016 esse.
2834 2963 3058 3031 Reliqua
3117 2965 3223 3018 duo
3279 2965 3394 3019 loca

1812 3059 2028 3105 movent
2068 3065 2164 3105 nos
2205 3052 2372 3106 multo
2409 3054 2587 3107 minus
2627 3067 2689 3107 ac
2732 3052 2842 3107 fere
2885 3054 3036 3106 nihil.
3075 3056 3208 3108 Cum
3253 3057 3397 3111 enim

1812 3140 2147 3210 exploratum
2175 3142 2277 3201 sit.
2305 3157 2426 3195 eum
2473 3142 2543 3196 ibi
2587 3155 2904 3215 μεταφορικῶς
2945 3145 3166 3198 Romam
3208 3160 3400 3204 vocare

1815 3230 2162 3302 Babylonem,
2189 3246 2276 3286 res
2297 3231 2600 3301 ipsajubet,
2633 3241 2709 3298 ul,
2742 3248 2900 3302 quam
2933 3235 3006 3288 illi
3038 3239 3279 3306 Opponit,
3309 3238 3401 3293 Je-

1813 3321 2140 3392 rosolymam
2185 3320 2373 3374 eodem
2417 3336 2578 3376 sensu
2609 3323 2933 3392 accipiamus
2977 3341 3071 3395 pro
3099 3328 3404 3384 solitudinis

1813 3418 1868 3466 et
1892 3411 2084 3481 quietis
2111 3411 2249 3477 loco,
2280 3419 2339 3466 ut
2367 3425 2427 3468 se
2456 3412 2647 3468 itermn
2679 3414 2963 3485 signillret,
3011 3433 3040 3471 a
3088 3420 3404 3478 tumultibus

1814 3505 2022 3559 urbium
2048 3514 2100 3559 et
2124 3504 2303 3559 szceuli
2335 3503 2401 3559 ad
2427 3504 2718 3560 solitariam
2749 3507 2907 3562 vitam
2938 3511 3213 3566 transisse.
3248 3512 3400 3570 Adeo

1814 3613 1987 3667 neque
2016 3612 2200 3650 eorum
2244 3597 2481 3666 opinioni
2523 3600 2885 3664 assentimur,
2933 3602 3021 3672 qni
3077 3615 3270 3675 negant
3301 3605 3405 3661 hoc

1813 3690 2026 3760 quidem
2074 3698 2316 3757 tempore
2356 3698 2640 3758 antequam
2678 3691 2729 3744 in
2775 3693 2987 3748 Calcide
3033 3711 3091 3748 se
3140 3699 3405 3766 reciperet

1813 3780 1871 3835 S.
1930 3781 2108 3846 Pater,
2165 3779 2559 3851 Jerosolymam
2607 3783 2946 3837 concessisse
3005 3801 3019 3836 :
3070 3789 3407 3841 concessisse

1815 3881 2012 3935 autem,
2040 3871 2196 3941 idque
2234 3870 2446 3940 primo,
2496 3871 2718 3935 volunt,
2767 3883 3046 3943 postquam
3092 3890 3122 3928 e
3169 3876 3442 3944 Calcidis,

1817 3977 2001 4018 eremo
2047 3963 2249 4028 exivit,
2305 3963 2447 4018 circa
2497 3977 2698 4016 annum
2752 3963 2904 4029 578,
2953 3976 3236 4034 antequam
3292 3967 3400 4018 Ro-

1823 4069 1963 4107 tnam
1994 4061 2371 4106 reverteretur.
2405 4053 2691 4108 Enimvero
2723 4041 2948 4122 probant
2991 4071 3110 4125 qua:
3144 4055 3403 4111 hat-tenus

1818 4147 2081 4216 disputata
2137 4153 2302 4209 sunt,
2367 4161 2488 4199 eu.n
2545 4147 2752 4199 nonnisi
2805 4148 2972 4200 multo
3028 4156 3146 4215 post
3197 4149 3290 4200 illo
3339 4162 3402 4202 se

1819 4240 2176 4300 transtulisse,
2201 4253 2320 4292 eum
2347 4237 2519 4292 Roma
2544 4239 2734 4294 iterum
2761 4238 3012 4293 discessit
3039 4249 3159 4308 post
3179 4250 3410 4293 mortem

1822 4331 2055 4391 Damasi,
2087 4328 2347 4396 reliquum
2377 4328 2498 4381 vita:
2528 4328 2578 4382 in
2606 4327 2762 4382 Locis
2790 4328 3002 4384 Sanctis
3031 4339 3085 4384 et
3109 4329 3411 4390 Bethlecmi

1819 4439 1981 4494 specu
2010 4431 2399 4476 transacturus.

1894 4514 1978 4569 Ill.
2009 4513 2158 4570 Tunc
2190 4519 2365 4582 itaque
2392 4527 2496 4566 non
2525 4510 2736 4566 videtur
2765 4511 2990 4567 ulterius
3025 4529 3185 4584 quam
3214 4515 3407 4570 Antio-

1821 4607 1994 4662 chiam
2019 4619 2184 4675 usque
2207 4603 2476 4675 profectus
2506 4619 2520 4657 :
2549 4618 2652 4675 qua
2693 4603 2746 4658 in
2774 4603 2907 4658 urbe
2931 4606 3070 4672 apud
3097 4606 3410 4677 Evagrinm,

1820 4701 1904 4754 cui
1932 4707 2046 4753 erat
2073 4698 2384 4768 cumprimis
2425 4711 2580 4752 carus
2601 4737 2617 4762 ,
2655 4697 2966 4769 aliquandiu
2997 4699 3312 4765 subsistere,
3349 4710 3413 4758 ut

1822 4807 1944 4846 mox
1976 4789 2244 4856 dicemus,
2267 4799 2484 4844 coactus
2512 4796 2596 4843 est
2621 4804 2742 4842 cum
2774 4791 2892 4842 aliis
2919 4788 2985 4843 de
3013 4791 3218 4843 caussis
3238 4829 3254 4854 ,
3288 4797 3404 4842 tum

1822 4885 1962 4956 quod
1995 4899 2096 4937 non
2119 4882 2344 4951 amplius
2367 4881 2680 4937 sufficerent
2704 4881 2802 4936 sibi
2830 4881 3086 4934 attenuati
3111 4889 3217 4932 tam
3247 4879 3412 4948 longo

1824 4976 2014 5030 itinere
2051 4974 2289 5043 corporis
2317 4975 2491 5038 vires,
2541 4983 2596 5027 et
2637 4987 2776 5042 :rgra
2825 4970 3128 5023 valetudine
3173 4969 3246 5023 uti
3291 4970 3404 5038 jam

1822 5066 2088 5136 coepisset.
2112 5063 2376 5119 Craterum
2399 5064 2530 5117 nihil
2553 5063 2707 5115 nobis
2730 5076 2794 5114 ex
2813 5058 2957 5113 omni
2976 5058 3409 5126 peregrinatione

1826 5159 1913 5214 illa
1945 5169 2049 5211 tam
2095 5157 2286 5210 mirum
2317 5165 2394 5208 est
2415 5195 2433 5220 ,
2463 5169 2620 5223 quam
2664 5152 2803 5228 quod
2829 5192 2842 5211 ,
2875 5165 2996 5203 cum
3045 5159 3227 5228 posset
3252 5167 3409 5220 mque

1825 5249 2039 5312 animo,
2070 5245 2516 5316 quemadmodmn
2560 5244 2627 5296 de
2665 5225 2724 5296 se
2762 5244 2874 5308 ipse
2919 5225 3175 5306 testatur,
3213 5259 3401 5297 carere

1829 5337 2013 5408 patria,
2037 5335 2206 5397 dante,
2228 5333 2537 5399 parentibus,
2563 5347 2753 5393 sorore,
2778 5331 3026 5399 cognatis,
3046 5332 3410 5386 euttsuetndine

1828 5426 2060 5482 lautioris
2089 5423 2186 5477 cibi
2225 5421 2418 5492 (Epist.
2466 5419 2696 5489 XXII),
2737 5421 2963 5492 aliisque
3005 5423 3254 5476 omnibus
3284 5427 3408 5479 vita:

1828 5515 2166 5581 commodis,
2221 5529 2379 5568 unam
2427 5511 2850 5576 Biblimheeam,
2907 5513 3210 5568 lectissimis
3258 5513 3409 5568 libris

1829 5610 2162 5668 instructam,
2193 5621 2351 5676 quam
2382 5603 2483 5658 sibi
2505 5618 2714 5659 summo
2746 5606 2926 5662 labore
2955 5614 3113 5676 atque
3138 5606 3411 5674 impendio

1832 5701 2016 5756 Roma:
2042 5699 2362 5770 confecerat,
2395 5712 2574 5754 secum
2601 5697 2738 5768 tulit,
2758 5699 2896 5771 quod
2919 5715 2981 5755 ea
3010 5697 3213 5753 omnino
3237 5711 3408 5750 carere
