4048 6192
606 285 675 343 !‘l
1880 277 1938 335 S.
1979 276 2158 333 HIERt

2273 275 2357 333 an
2400 275 2582 333 vm.
3810 283 3878 341 τε

609 420 713 460 non
739 408 953 475 poterat.
976 398 1180 456 Tantus
1206 394 1263 450 in
1281 406 1346 449 eo
1372 399 1486 448 erat
1516 390 1835 456 litterarum,
1867 382 2033 460 atque
2057 404 2185 446 erue

609 495 828 553 ditionis
851 507 1019 549 amor.

1156 620 1165 625 “
1191 619 1418 678 CAPUT
1458 618 1593 681 VIII.

608 740 653 800 ι.
697 736 976 798 Antiochia
1003 734 1287 805 Itospitatur
1305 774 1322 801 ,
1348 732 1436 786 ubi
1460 732 1524 787 de
1559 729 1783 786 ineunda
1808 727 2185 784 solitudine’se-

675 845 786 883 cum
811 828 938 897 agit.
969 824 1036 881 ll.
1066 824 1259 881 Scribit
1285 841 1346 878 ea
1379 839 1531 892 super
1556 839 1611 877 re
1653 822 1723 877 ad
1746 822 1936 876 amicos
1974 820 2183 891 Episto-

673 918 771 973 ιω.
798 916 883 971 III.
914 914 1288 986 Apollinarium
1313 912 1656 973 Laodicenum
1681 912 1825 966 audit
1843 954 1860 977 ,
1889 911 1951 965 ab
1980 913 2185 982 ejusque

671 1009 855 1064 heresi
884 1015 1046 1062 cauet.
1084 1006 1173 1063 IV.
1208 1005 1461 1061 Maroniw
1497 1005 1777 1060 diversatus
1812 1005 2077 1060 historiam
2119 1004 2183 1059 de

669 1100 878 1157 Halcho
906 1099 1155 1155 m‘onaclta
1180 1098 1250 1153 alt
1272 1098 1500 1170 ejusdem
1528 1114 1614 1152 ore
1654 1098 1877 1167 excipit!

667 1234 713 1288 l.
744 1232 830 1289 Ad
862 1234 1018 1288 linem
1048 1232 1300 1303 vergebat
1325 1245 1497 1286 annus
1521 1233 1930 1286 trecentesimus
1957 1239 2173 1300 septua-

597 1325 834 1394 gesimus
861 1323 1087 1390 tertius,
1131 1323 1177 1378 si
1216 1322 1454 1378 rationes
1496 1329 1640 1376 recte
1670 1320 2020 1388 instituimus,
2052 1337 2175 1377 cum

599 1413 943 1469 Antiochiam
968 1413 1116 1469 venit
1144 1412 1501 1483 Hieronymus
1524 1452 1539 1476 ,
1567 1412 1657 1482 qui
1687 1412 1847 1467 etiam
1879 1411 2015 1466 ultra
2046 1411 2175 1467 sub-

592 1494 870 1575 sequentis
894 1503 1278 1558 annimedium
1306 1502 1377 1557 ibi
1402 1503 1541 1572 apud
1567 1502 1851 1573 Evagrium
1873 1502 2174 1574 bospitatns

591 1604 694 1651 est.
738 1593 901 1649 Mora
929 1607 1173 1648 caussam
1215 1592 1377 1647 fuisse
1416 1592 1728 1660 cumprimis
1768 1592 2041 1648 innuimus
2078 1592 2178 1648 ad-

590 1698 826 1749 versam,
853 1683 908 1737 in
935 1697 1093 1752 quam
1122 1681 1400 1749 inciderat,
1427 1681 1818 1748 valetudinem;
1840 1682 1914 1737 ait
1940 1683 2082 1737 enim
2105 1682 2173 1738 de

590 1789 653 1830 se
704 1775 839 1843 ipse,
892 1772 1033 1842 quod
1083 1789 1281 1843 semper
1328 1773 1565 1842 inﬁrmus
1609 1773 1835 1844 Evagrio
1882 1774 2055 1828 amico
2103 1774 2173 1828 ad

591 1863 815 1918 taborem
841 1863 1075 1918 cumulus
1107 1866 1459 1935 accessisset,
1484 1863 1695 1938 fuisset
1723 1879 1850 1920 vero
1875 1904 1891 1931 ,
1923 1865 2175 1935 quidquid

590 1953 881 2009 morborum
922 1970 1031 2009 esse
1057 1963 1255 2023 poterat
1302 1964 1559 2025 expertus.
1604 1956 1893 2012 Accessere
1931 1956 2013 2012 his
2048 1956 2169 2013 alia:

587 2060 709 2100 cum
740 2044 958 2101 duriore
978 2044 1188 2101 fortuna
1206 2046 1657 2112 conﬂictationes;
1681 2047 1749 2103 de
1773 2056 2003 2118 quatuor
2023 2049 2166 2104 enim

586 2135 1029 2206 peregrinationis
1055 2151 1167 2192 sua:
1194 2137 1377 2203 sociis,
1403 2136 1771 2193 Innocentium
1793 2148 1953 2209 atque
1975 2139 2165 2211 Hylam

583 2226 758 2282 subita
800 2242 963 2281 unum
994 2235 1121 2297 post
1153 2227 1316 2282 alium
1358 2242 1503 2282 mors
1537 2228 1749 2298 rapuit;
1795 2230 1947 2286 illum
1988 2248 2171 2304 repen-

581 2319 720 2372 tinus
772 2318 987 2390 febrium
1026 2320 1184 2374 ardor
1217 2319 1506 2386 abstraxit;
1549 2322 1631 2376 hic
1670 2322 1854 2377 nedum
1896 2324 2167 2381 obductam

580 2410 725 2466 illius
768 2420 944 2467 morte
968 2451 983 2476 ,
1031 2420 1207 2469 morte
1250 2429 1346 2469 sua
1391 2416 1596 2469 rescidit
1624 2417 1930 2472 cicatricem.
1980 2418 2163 2476 llelio-

580 2499 748 2555 dorus
769 2541 786 2568 ,
825 2512 1055 2571 cumque
1091 2516 1158 2558 eo
1204 2502 1433 2559 fortasse
1462 2507 1624 2561 etiam
1652 2505 1860 2563 Nicmas
1884 2550 1899 2574 ,
1940 2509 2164 2567 ieroso-

581 2588 781 2662 Iymam
816 2591 1128 2662 jamdudum
1176 2594 1416 2660 iveranl;
1469 2611 1571 2652 nec
1598 2598 1743 2653 brevi
1791 2599 1914 2655 inde
1956 2603 2162 2658 reversi

579 2684 937 2751 Antiochiam,
973 2686 1299 2759 Hieronymo
1336 2701 1436 2745 suo
1473 2689 1673 2746 diutius
1710 2692 2033 2762 adfuerunt,
2064 2696 2161 2752 sed

579 2777 634 2832 in
661 2780 889 2850 patriam
929 2794 1237 2852 regressum
1285 2781 1371 2838 hic
1397 2798 1497 2838 una
1524 2824 1540 2852 ,
1572 2784 1660 2841 ille
1696 2786 1803 2841 alia
1846 2786 1914 2842 de
1949 2802 2155 2856 caussa,

577 2869 992 2925 meditabantur.
1040 2871 1105 2927 Et
1132 2886 1263 2929 sane
1301 2873 1390 2944 jus
1432 2888 1643 2944 aequum
1691 2875 2015 2935 Heliodorus
2059 2879 2160 2934 ob-

577 2958 865 3026 tendebat,
910 2962 1000 3032 qui
1047 2961 1117 3017 de
1155 2964 1366 3034 cognati
1420 2975 1595 3021 morte
1646 2965 1924 3036 inopinato
1970 2970 2158 3026 nuntio

575 3048 878 3107 admonitus
900 3092 916 3116 ,
954 3052 1118 3108 veluti
1145 3055 1348 3110 sororis
1378 3055 1552 3111 vidua:
1578 3097 1592 3119 ,
1624 3071 1689 3112 ac
1733 3059 1942 3133 nepotis
1987 3076 2054 3120 ex
2091 3076 2157 3118 ea

576 3142 813 3210 parvuli,
844 3142 1124 3213 Nepotiani
1164 3147 1382 3203 nomine
1406 3189 1422 3215 ,
1472 3148 1635 3204 rebus
1683 3150 1995 3208 domesticis
2033 3168 2158 3229 pro-

518 3258 521 3261 ι
576 3243 896 3303 spectorus,
944 3237 1169 3305 patriam
1210 3250 1457 3309 repetere
1502 3253 1802 3313 cogeretur.
1841 3245 1950 3302 Nec
1974 3256 2154 3317 tamen

574 3326 892 3395 arripienda:
913 3328 1214 3383 solitudinis
1240 3332 1570 3399 propositum
1613 3320 2153 3409 prorsusabjiciebat,

574 3415 703 3483 quin
750 3416 933 3484 potius
975 3416 1070 3471 abs
1120 3417 1445 3490 Hieronymo
1491 3424 1811 3489 postulabat,
1862 3442 1918 3479 ut
1956 3439 2155 3497 postea-

574 3521 727 3575 quam
763 3506 831 3560 ad
869 3508 1065 3561 deserta
1102 3509 1382 3578 migrasset,
1422 3511 1713 3567 invitutoria
1760 3516 1828 3569 ad
1863 3535 1917 3571 se
1966 3521 2153 3590 scripta

576 3599 901 3651 trasmitteret
930 3614 949 3652 :
993 3597 1045 3653 id
1092 3599 1235 3671 quod
1286 3600 1483 3658 factum
1536 3606 1695 3680 paulo
1746 3606 1884 3678 post,
1914 3608 2153 3668 dicemus

573 3701 673 3742 suo
701 3687 840 3743 loco.
1052 3756 1055 3759 _

646 3777 708 3833 Il.
738 3779 952 3834 Interim
977 3796 1097 3836 enm
1127 3782 1179 3836 in
1210 3783 1325 3837 d.es
1354 3785 1523 3854 magis
1543 3827 1557 3851 ,
1597 3784 1873 3857 magisque
1912 3787 1971 3844 S.
1995 3789 2154 3846 Pater

548 3870 883 3927 ~soiitudinis
919 3872 1183 3927 adeunda:
1211 3874 1393 3930 studio
1416 3873 1685 3944 ﬂagraret,
1720 3877 1959 3946 nihilque
1999 3880 2147 3936 aliud

574 3963 759 4017 animo
785 3977 966 4016 secum
997 3973 1261 4030 versaret,
1290 3966 1502 4035 scripsit
1524 3981 1585 4021 ea
1611 3966 1679 4021 de
1713 3983 1774 4023 re
1812 3969 1877 4023 ad
1908 3969 2152 4028 Theodo-

573 4056 736 4117 sium,
759 4070 881 4108 eum
914 4070 1073 4124 quem
1101 4057 1260 4125 paulo
1281 4059 1528 4128 superius
1554 4058 1788 4116 diximus
1807 4103 1821 4126 ,
1854 4071 1905 4118 et
1950 4079 2152 4121 memo-

571 4151 657 4197 rat
677 4142 1050 4200 Thcodoretus
1090 4146 1158 4201 de
1207 4146 1341 4203 Vitis
1399 4147 1615 4203 Patrum
1641 4164 1760 4221 cap.
1789 4151 1856 4206 Χ.
1886 4153 2151 4225 Prmposi-

573 4244 685 4289 tum
716 4233 1024 4292 Monasterii
1054 4237 1193 4304 apud
1222 4236 1493 4294 Rhossum
1526 4241 1577 4294 in
1605 4240 1786 4296 Cilicia
1808 4283 1823 4308 ,
1852 4253 1908 4297 et
1957 4260 2115 4315 quem
2135 4286 2149 4311 ,

570 4337 669 4392 per
692 4340 808 4380 eam
837 4327 951 4397 ipse
982 4328 1312 4396 provinciam
1343 4331 1641 4398 transiens,
1674 4334 1831 4401 paulo
1861 4344 1987 4388 ante
2018 4335 2153 4391 invi-

571 4413 710 4468 sisse
738 4416 953 4471 indicat.
983 4417 1133 4474 Unde
1161 4421 1402 4490 colligas,
1434 4437 1618 4478 errare
1655 4437 1750 4479 eos
1779 4427 1868 4494 qui
1904 4426 2152 4484 Theodo-

573 4503 713 4558 sium
765 4505 905 4560 hunc
951 4508 1116 4562 alium
1174 4521 1394 4578 putant,
1446 4514 1536 4582 qui
1586 4514 1821 4570 Calcidis
1877 4517 2148 4574 desertum

573 4592 869 4662 incoleret;
903 4597 1134 4651 nondum
1166 4601 1307 4654 enim
1332 4615 1451 4655 cum
1486 4601 1600 4657 haec
1632 4604 1918 4673 scriberet,
1952 4607 2149 4663 lliero-

576 4700 773 4756 nymus
799 4702 864 4742 eo
890 4701 1213 4745 accesserat.
1237 4691 1366 4747 Orat
1386 4702 1564 4748 autem
1614 4693 1762 4749 illum
1787 4737 1803 4762 ,
1833 4713 1896 4752 ac
1920 4708 2151 4757 caeteros

573 4791 700 4834 cum
729 4778 824 4834 illo
867 4778 1233 4837 Anachorctas
1257 4824 1272 4849 ,
1305 4799 1333 4837 a
1365 4784 1476 4839 Deo
1520 4785 1802 4855 impetrent
1827 4829 1841 4854 ,
1889 4800 1947 4861 ut
1994 4806 2148 4848 suum

574 4869 742 4926 hocce
773 4873 1103 4942 propositum
1142 4873 1249 4928 Deo
1294 4873 1578 4944 perfectius
1623 4878 1885 4933 serviendi
1929 4886 2148 4954 exsequi

571 4962 785 5019 demum
811 4966 940 5021 velit
967 4980 1031 5021 ac
1068 4968 1255 5038 possit.
1294 4966 1602 5023 Secundum
1644 4969 1696 5023 in
1725 4980 1905 5027 nostra
1938 4973 2150 5031 necen-

571 5055 725 5110 sione
751 5055 925 5112 locum
958 5056 1197 5126 Epistula
1246 5058 1336 5114 illa
1377 5058 1603 5115 obtinet.
1636 5060 1776 5115 Duas
1805 5071 1984 5118 autem
2015 5065 2150 5122 alias

573 5158 672 5214 per
700 5144 837 5200 idem
860 5155 1073 5217 tempus
1113 5164 1219 5218 quo
1256 5149 1498 5204 substitit
1528 5149 1827 5207 Antiochia:
1851 5194 1865 5217 ,
1896 5156 2146 5225 scripsit,

572 5234 797 5289 alterum
824 5237 890 5291 ad
921 5238 1191 5294 Rufiinutn
1213 5280 1229 5307 ,
1262 5240 1329 5295 ad
1358 5240 1727 5297 Fiorcntiuum
1756 5244 2005 5311 alteram,
2027 5263 2149 5317 qua:

573 5335 629 5378 et
653 5339 775 5380 sese
805 5328 856 5381 in
889 5329 1135 5387 Editione
1160 5332 1347 5387 eadem
1376 5342 1557 5388 nostra
1586 5335 1687 5390 sub
1714 5337 1953 5390 numeris
1990 5340 2149 5403 tertio

573 5424 630 5468 et
653 5425 844 5482 quarto
866 5430 1281 5488 consequuntur.
1310 5422 1445 5491 Quid
1470 5424 1813 5490 contineant,
1842 5426 2147 5495 quibusque

577 5503 648 5555 dc
679 5505 886 5556 caussis
924 5505 1027 5558 huc.
1077 5523 1168 5561 cas
1214 5512 1510 5567 referamus
1534 5554 1549 5578 ,
1582 5515 1843 5582 replicare
1868 5556 1884 5581 ,
1915 5516 2145 5572 instituti

578 5590 747 5644 nostri
782 5606 883 5645 non
903 5595 1127 5656 videtur.
1152 5613 1379 5655 maxime
1404 5615 1524 5656 cum
1555 5603 1606 5656 in
1634 5603 2039 5673 Chronologicis
2078 5608 2143 5661 ad

574 5694 672 5735 eas
700 5678 849 5735 Notis
875 5682 981 5737 sint
1028 5684 1174 5739 istaec
1203 5697 1332 5743 satis
1376 5691 1583 5747 abunde
1629 5700 1968 5759 pertractata.
2003 5695 2144 5753 Tan—

2301 398 2411 444 tum
2457 402 2738 445 monemus
2796 403 2895 459 pro
2961 404 3101 447 anno
3152 392 3280 461 574,
3334 393 3428 449 cui
3476 392 3598 450 illas
3674 395 3880 452 adscri-

2295 479 2491 545 bimus,
2520 481 2713 536 alicubi
2768 484 3163 552 typothetarum
3208 500 3394 542 errore
3440 498 3693 542 notarum
3740 506 3876 543 anno

2291 574 2419 641 575,
2445 574 2587 644 quod
2613 575 2797 629 vitium
2814 575 2880 630 ad
2900 576 3161 631 decimam
3177 586 3418 648 quartam
3461 594 3630 650 usque
3662 581 3877 651 Episto-

2292 670 2397 725 iam
2431 672 2484 725 in
2509 672 2715 743 aliquot
2739 673 3134 744 exemplaribus
3148 667 3305 729 durat
3324 692 3338 729 :
3361 689 3461 730 nos
3480 674 3671 731 sedulo
3690 690 3875 732 emcn-

2289 758 2405 814 dari
2433 762 2697 831 cupimus.
3269 787 3278 794 ·

2366 852 2455 906 Ill.
2481 853 2563 908 Ad
2603 854 2738 909 Vitre
2778 856 2973 911 seriem
3001 864 3060 911 ut
3100 856 3406 923 redeamus,
3455 873 3560 914 non
3605 861 3679 915 ita
3728 860 3873 930 apud

2291 942 2578 1014 Evagrium
2629 956 2871 1001 moratus
2896 948 3156 1003 continuo
3180 957 3260 1002 est
3301 949 3359 1003 S.
3385 949 3544 1004 Pater
3565 990 3581 1014 ,
3612 958 3672 1004 ut
3707 966 3872 1004 nunt-

2286 1048 2445 1103 quam
2480 1036 2763 1090 Antiochia
2805 1037 3097 1093 excederet
3136 1039 3307 1106 :quin
3366 1040 3542 1109 potius
3593 1054 3871 1095 sacrarum

2285 1125 2464 1180 studio
2491 1125 2794 1181 Literarum
2823 1128 3095 1194 incensus,
3114 1143 3258 1193 cum,
3287 1138 3345 1182 ut
3370 1129 3495 1185 alibi
3521 1129 3590 1185 de
3614 1144 3675 1185 se
3702 1139 3873 1186 testa-

2285 1224 2408 1282 tur,
2438 1216 2576 1272 haud
2608 1234 2877 1289 quaquam
2927 1220 3123 1291 ingenii
3155 1222 3237 1275 sui
3282 1221 3488 1277 viribus
3530 1221 3865 1290 conﬁderet,

2284 1325 2447 1379 seque
2475 1311 2589 1379 ipse
2615 1312 2811 1367 docere
2835 1314 3017 1378 vellet,
3051 1312 3147 1368 sed
3176 1329 3207 1367 a
3233 1313 3407 1369 ductis
3431 1323 3592 1384 atque
3637 1315 3831 1369 illustri
3849 1346 3865 1359 -

2280 1400 2383 1456 bus
2415 1402 2544 1456 viris
2588 1402 2944 1459 addiscendas
2974 1414 3207 1473 putaret,
3240 1405 3629 1475 Apollinarium
3661 1407 3862 1461 Laodi-

2281 1506 2474 1548 cenum
2520 1493 2840 1564 Episcopum
2892 1496 3045 1566 (qua:
3075 1497 3202 1551 urbs
3245 1496 3313 1550 ab
3341 1494 3627 1552 Antiochia
3669 1513 3864 1567 parum

2280 1583 2533 1656 distabat)
2566 1586 2913 1656 interpretem
2940 1587 3337 1657 Seripturarum
3366 1587 3521 1658 longe
3568 1588 3866 1645 celeberri-

2278 1692 2424 1732 mum
2479 1678 2793 1748 frequenter
2838 1679 3007 1746 adiit,
3043 1680 3206 1751 inque
3255 1681 3375 1750 ejus
3423 1680 3767 1750 disciplinam
3804 1696 3864 1737 se

2278 1768 2444 1824 dedit.
2470 1769 2602 1825 Rem
2645 1780 2828 1825 narrat
2873 1772 2989 1841 ipse
3030 1772 3195 1842 Epist.
3238 1772 3311 1827 ad
3358 1772 3761 1827 Pammacliium
3808 1784 3867 1829 et

2276 1860 2550 1916 Oceanum
2603 1860 2894 1918 LXXXIV.
2922 1861 3015 1916 ubi
3063 1872 3118 1917 et
3152 1877 3211 1917 se
3259 1861 3483 1916 multum
3531 1862 3609 1917 illi
3663 1862 3871 1919 debere

2277 1950 2595 2019 proﬁtetur,
2629 1951 2770 2020 quod
2816 1952 2868 2006 in
2914 1951 3311 2021 Scripturarum
3361 1951 3647 2019 doctrina,
3697 1967 3859 2023 quam

2273 2048 2427 2094 antea
2455 2040 2541 2095 vix
2567 2040 2634 2095 de
2658 2042 2839 2096 limine
2861 2042 3188 2097 salutaverat
3209 2082 3223 2109 ,
3254 2043 3588 2097 exotieerum
3642 2043 3854 2099 lectioni

2272 2131 2565 2186 Auetorum
2591 2130 2866 2199 adsuetus,
2895 2132 3036 2188 haud
3064 2149 3207 2188 sane
3229 2148 3412 2203 parum
3456 2133 3772 2203 profecerit.
3796 2135 3852 2191 id

2270 2236 2402 2276 vero
2447 2222 2641 2277 mirum
2688 2224 2857 2294 magis
2881 2266 2896 2293 ,
2927 2225 3069 2295 quod
3109 2224 3291 2291 addit,
3323 2242 3582 2296 nunquam
3619 2242 3675 2282 se
3714 2228 3861 2283 illius

2269 2312 2635 2367 contentiosum
2679 2330 2831 2384 super
2858 2332 3006 2369 sensu
3053 2315 3236 2387 dogma
3284 2317 3563 2378 suscepisse
3592 2332 3611 2371 :
3638 2317 3691 2372 id
3731 2328 3849 2384 est,

2269 2401 2579 2458 hmrcticum
2609 2404 2737 2458 illud
2765 2405 2881 2475 ejus
2910 2406 3163 2476 placitum
3204 2406 3273 2462 de
3307 2406 3707 2462 Platonicorum
3734 2423 3849 2467 cai-

2268 2496 2415 2549 nosis
2442 2492 2678 2549 fontibus
2704 2494 3013 2550 derivatum
3039 2495 3203 2565 (quod
3226 2497 3301 2551 sit
3323 2497 3566 2566 quaedam
3596 2497 3850 2552 substan-

2268 2586 2336 2640 tia
2364 2586 2539 2640 anima
2576 2587 2912 2656 separabiiis,
2948 2587 3088 2641 unde
3132 2587 3431 2655 hominem,
3457 2603 3617 2658 quem
3664 2589 3848 2644 Domi-

2265 2692 2365 2732 nus
2395 2686 2779 2747 assumpscrat,
2803 2692 2865 2733 ea
2889 2688 3041 2747 parte
3069 2694 3170 2750 qua
3198 2680 3478 2734 rationalis
3503 2687 3606 2747 est,
3624 2680 3846 2734 mutilaa

2268 2778 2376 2822 tum
2408 2769 2537 2836 ibat,
2564 2768 2795 2839 ejusque
2822 2771 3001 2824 munia
3041 2769 3095 2824 in
3142 2769 3375 2825 Verbum
3405 2769 3719 2826 conferebat
3742 2812 3759 2839 ,
3790 2781 3853 2826 ιιι

2262 2861 2506 2917 Christus
2551 2875 2689 2916 unus
2711 2876 2777 2917 ex
2806 2861 3220 2918 hailucinatione
3240 2876 3334 2917 sua
3361 2861 3672 2933 diceretur)
3703 2879 3842 2918 nun-

2262 2968 2420 3023 quam
2474 2954 2839 3024 excepit,nec
2866 2954 3045 3011 fucum
3091 2956 3202 3012 ﬁeri
3250 2957 3348 3012 sibi
3391 2968 3579 3024 passus
3619 2965 3725 3013 est.
3760 2956 3836 3010 Ex

2261 3061 2369 3117 quo
2390 3045 2518 3102 illud
2558 3047 2720 3101 etiam
2760 3048 3141 3113 conﬁrmatur,
3177 3056 3314 3113 ιιιιοιι
3346 3055 3607 3119 diximus,
3637 3068 3739 3123 per
3788 3055 3838 3109 id

2263 3140 2520 3210 temporis
2574 3138 2936 3196 Laodicenum
2983 3143 3297 3213 magismtm
3346 3147 3443 3200 abs
3508 3144 3841 3217 Hieronymo

2259 3231 2500 3287 auditum
2555 3230 2724 3287 fuisse
2754 3250 2769 3288 :
2799 3233 2889 3289 ille
2931 3234 3076 3290 enim
3104 3250 3224 3291 cum
3270 3236 3471 3292 diutius
3517 3247 3838 3293 venenatum

2259 3321 2450 3393 dogma
2506 3321 2693 3377 dolose
2770 3325 3195 3389 dissimulasset,
3259 3342 3405 3382 anno
3458 3327 3672 3383 demum
3736 3329 3838 3384 576

2258 3415 2310 3470 in
2344 3427 2580 3485 apertam
2612 3416 2856 3472 haeresim
2885 3420 3078 3488 erupit.
3106 3419 3215 3473 Nec
3254 3433 3383 3473 sane
3436 3421 3549 3476 veri
3597 3421 3837 3492 speciem

2259 3507 2420 3562 ullam
2451 3508 2631 3573 habet,
2653 3507 2815 3563 fuisse
2844 3518 3088 3562 nostrum
3118 3517 3445 3578 prmceptore
3475 3525 3630 3566 usum
3662 3510 3841 3567 homi-

2258 3615 2356 3664 ne,
2387 3600 2475 3669 qni
2520 3600 2693 3668 palam
2727 3600 2858 3653 scita
2886 3598 3139 3653 Ecclesia:
3169 3598 3455 3654 Platonicis
3481 3601 3839 3670 sepbismatis

2257 3688 3009 3760 depravaret,missetmtejam
3034 3687 3308 3745 manifesta
3330 3690 3539 3746 inustus
3558 3690 3834 3748 Itmreseos

2254 3787 2397 3835 nota.

2324 3875 2413 3933 IV.
2460 3875 2566 3931 Sed
2607 3885 2662 3932 et
2701 3876 2806 3930 alio
2835 3875 3095 3930 interdum
3139 3874 3352 3930 divertit
3390 3889 3484 3944 per
3524 3874 3574 3929 id
3624 3883 3842 3945 tempo-

2255 3967 2330 4023 ris
2355 3967 2410 4023 S.
2441 3967 2617 4022 Pater.
2661 3966 2917 4035 Maronia,
2965 3966 3177 4037 triginta
3213 3965 3323 4021 fere
3366 3965 3597 4021 millibus
3645 3968 3839 4023 Antio-

2254 4058 2371 4114 chia
2440 4057 2640 4112 distans
2697 4058 2935 4125 viculus,
2996 4068 3116 4128 post
3178 4057 3373 4112 multos
3435 4055 3688 4114 dominos
3751 4060 3838 4114 vel

2257 4157 2510 4220 patronos
2572 4150 2623 4203 in
2676 4149 2887 4218 Evagrii
2944 4148 3245 4221 Presbyteri
3298 4149 3696 4218 possessionem
3747 4166 3844 4206 vc-

2258 4248 2429 4294 uerat.
2478 4238 2591 4294 Iluc
2646 4239 3004 4309 Hieronymus
3062 4254 3159 4309 pro
3212 4239 3570 4297 familiaritate
3603 4281 3621 4308 ,
3676 4257 3841 4312 quam

2253 4345 2374 4384 cum
2424 4329 2656 4399 Evagrio
2682 4329 2942 4397 habebat,
2975 4330 3291 4401 aliquandiu
3332 4332 3508 4399 venit,
3539 4347 3605 4388 ac
3651 4333 3842 4390 diver-

2254 4434 2399 4477 satus
2439 4430 2566 4475 est:
2608 4430 2889 4491 antequam
2943 4431 3088 4489 certe
3127 4425 3178 4476 in
3230 4437 3469 4479 eremum
3510 4423 3799 4480 secederet
3825 4468 3841 4490 ,

2256 4523 2313 4568 ut
2341 4513 2591 4584 pleraque
2630 4513 2807 4568 omnia
2839 4513 2993 4568 nobis
3018 4525 3331 4585 argumento
3380 4523 3524 4570 sunt.
3557 4516 3687 4571 Erat
3714 4519 3843 4587 qui-

2254 4607 2383 4662 dam
2400 4607 2469 4661 ibi
2494 4622 2657 4662 senex
2683 4608 2855 4677 magni
2885 4607 3115 4662 nominis
3130 4606 3385 4673 Malcbus,
3408 4624 3566 4678 quem
3593 4608 3651 4665 S.
3679 4610 3846 4667 Pater

2257 4697 2457 4763 invisit,
2483 4696 2658 4767 deque
2686 4697 2810 4767 ejus
2849 4712 2947 4752 ore
3000 4694 3255 4767 excipere
3280 4697 3451 4752 voluit
3498 4698 3670 4767 ipsius
3716 4701 3846 4755 vitae

2257 4786 2534 4841 historiam
2561 4830 2574 4851 ,
2608 4803 2765 4858 quam
2796 4796 2980 4857 postea
3005 4829 3020 4854 ,
3062 4797 3189 4843 ante
3225 4802 3421 4842 annum
3467 4788 3595 4853 592,
3627 4800 3685 4843 ut
3741 4806 3847 4846 suo

2256 4877 2372 4931 loco
2396 4892 2748 4947 exponemus,
2779 4894 2843 4934 ex
2876 4878 2993 4948 ejus
3021 4877 3285 4933 dictorum
3320 4879 3443 4943 lide,
3469 4879 3667 4935 litteris
3688 4896 3848 4956 com~

2256 4968 2540 5024 meudavit.

2854 5104 3078 5162 CAPUT
3106 5104 3194 5161 IX.

2259 5215 2297 5270 1.
2332 5216 2397 5271 In
2425 5216 2650 5272 Culcidis
2697 5234 2917 5273 rremum
2947 5237 3001 5276 se
3024 5223 3220 5290 recipit,
3255 5239 3317 5276 ac
3347 5224 3657 5291 pernitentia
3684 5227 3846 5281 deuo-

2329 5323 2426 5365 ret.
2458 5308 2519 5362 Il.
2554 5309 2819 5365 Hebraica:
2847 5313 3036 5384 [iugum
3059 5315 3128 5367 ad
3150 5330 3352 5368 carnem
3381 5317 3544 5382 magis
3589 5317 3845 5375 edoman-

2324 5401 2441 5453 dam
2465 5440 2481 5465 ,
2513 5401 2680 5455 studio
2704 5418 2759 5456 se
2801 5404 3073 5473 mancipat.
3102 5403 3185 5458 Ill.
3220 5402 3359 5457 Num
3409 5406 3562 5459 etiam
3609 5409 3849 5464 (irarum

2326 5502 2443 5546 tunc
2470 5492 2753 5547 edidiscerit
2770 5494 2794 5545 ?
2813 5492 2901 5547 IV.
2929 5493 3031 5547 Per
3059 5496 3310 5549 somnium
3339 5496 3632 5552 admonitus
3664 5505 3849 5572 profa-

2327 5585 2405 5638 uis
2435 5583 2774 5652 Srriptoribus
2803 5585 3031 5638 nuntium
3059 5585 3282 5639 remittit.

2330 5697 2370 5749 l.
2398 5697 2615 5751 Daunum
2656 5694 2723 5749 ad
2748 5710 2912 5765 quam.
2931 5712 3071 5759 olunt
3096 5706 3271 5752 stunto
3301 5706 3632 5767 rapiebatur,
3660 5709 3848 5759 trans—
