4048 6192
166 249 235 307 ἳει
1449 251 1505 304 S.
1549 250 1924 307 IIIERONYMI
1969 253 2146 309 VITA.

174 363 234 418 iit
281 361 648 432 llieronymus
673 359 1011 414 solitudinem
1048 357 1224 428 :quod
1255 359 1447 432 factum
1493 362 1594 415 sub
1647 363 1748 416 hu-

175 454 320 523 jusce
364 454 495 507 anni
553 453 656 507 ’574
701 452 882 516 linem,
926 453 1007 506 vel
1049 452 1419 521 subsequentis
1476 454 1646 517 initio,
1686 470 1751 508 ex

177 545 254 598 his
275 559 392 614 qua:
412 543 668 597 hactenus
691 543 957 613 disputata
984 551 1144 606 sunt,
1189 543 1371 612 liquet.
1399 542 1465 599 Ut
1494 558 1669 599 autem
1699 544 1747 598 id

173 634 378 703 planius
402 633 504 688 hoc
531 633 672 700 loco,
688 647 750 687 ac
770 631 1151 702 propemodum
1180 633 1408 686 evidenti
1431 644 1748 703 argumento

465 726 706 780 rationes
765 727 837 781 ita
888 725 1190 781 subducito.
1239 727 1426 779 Annus
1479 726 1738 796 agebatur

166 820 286 882 574,
343 818 684 887 mediamque
734 825 976 872 :cstatem
1025 817 1304 885 attigerat,
1347 832 1469 870 cum
1525 826 1744 886 accepto

166 909 229 964 de
295 908 495 964 Bullini
539 909 773 964 adventu
826 908 880 962 in
934 907 1270 961 Palmstinam
1320 908 1547 971 nuntio;
1600 907 1745 960 dedit

1194 1013 1390 1068 quam,
1471 1006 1527 1050 ut
1582 999 1744 1050 tutius

161 1092 510 1158 redderetur,
558 1092 712 1146 alteri
751 1091 820 1145 ad
882 1089 1214 1145 Florentium
1261 1090 1550 1160 copulavit.
1610 1091 1739 1144 Erat

156 1206 276 1244 vero
324 1199 457 1245 tunc
500 1190 615 1259 ipse
643 1188 818 1242 adhuc
858 1187 1158 1242 Antiochia:
1183 1228 1197 1251 ,
1232 1187 1345 1243 sive
1394 1187 1630 1241 nondum
1687 1186 1740 1239 in

152 1296 400 1336 eretnum
427 1288 750 1341 secesserat,
774 1277 920 1346 quod
949 1293 1012 1332 ex
1037 1276 1310 1345 utriusque
1333 1287 1587 1330 contextu
1620 1275 1743 1344 Epi-

150 1373 298 1428 stolae
330 1373 555 1441 planum
577 1380 678 1424 est.
708 1370 789 1424 Eo
813 1378 990 1423 autem
1020 1366 1077 1422 se
1106 1383 1273 1437 nuper
1299 1377 1595 1438 receperat,
1620 1383 1740 1420 cum

150 1477 472 1534 reSponsum
520 1476 550 1513 a
583 1460 863 1515 Florentio
895 1460 1120 1528 accepit,
1152 1459 1293 1528 quod
1319 1460 1420 1512 sibi
1459 1460 1529 1512 ait
1561 1457 1740 1512 reddi-

148 1567 279 1621 tum,
297 1553 368 1607 In
391 1570 451 1606 ea
477 1553 635 1605 eremi
661 1561 808 1620 parte
837 1552 1187 1615 commoranti,
1231 1567 1344 1619 qua'
1367 1552 1512 1612 iuxta
1534 1551 1737 1619 Syriam

173 738 353 782 teneas
376 768 388 791 ,

163 1001 216 1056 S.
246 1001 410 1056 Pater
462 1000 531 1055 ad
587 1015 708 1054 eum
779 999 1072 1069 Epistolam
1102 1039 1117 1063 ,

146 1645 417 1700 Saracenis
433 1643 676 1711 jungitur
704 1657 724 1694 :
744 1651 796 1695 et
819 1655 941 1694 cum
969 1651 1186 1702 arrepr
1226 1641 1517 1692 solitudinis
1559 1641 1724 1691 termi-

143 1739 218 1790 nis
243 1743 548 1789 arceretur.
579 1731 764 1801 Igitur,
795 1730 896 1785 nisi
920 1730 1148 1798 longius,
1179 1744 1335 1796 quant
1367 1744 1462 1795 par
1505 1727 1726 1780 credere

143 1837 241 1893 est,
269 1823 533 1894 temperis
558 1822 790 1890 Spatium
824 1820 908 1875 his
951 1819 1206 1873 Florentii
1247 1817 1314 1871 ad
1343 1818 1722 1886 Hieronymum

144 1918 336 1972 litteris
365 1917 662 1970 tribuamus
682 1955 698 1979 ,
725 1914 894 1982 palam
928 1912 1005 1977 lit,
1034 1912 1173 1964 hunc
1197 1910 1296 1964 sub
1319 1911 1476 1963 linem
1503 1909 1723 1978 hujusce

142 2011 266 2064 anni
327 2009 454 2072 5'74,
487 2007 610 2072 vel,
661 2015 717 2059 ut
741 2020 1047 2069 summum,
1077 2003 1228 2057 initio
1266 2003 1641 2073 subsequentis
1664 2003 1718 2058 in

137 2115 379 2156 eremum
431 2114 554 2153 sese
608 2097 898 2166 recepisse.
959 2098 1132 2164 Atque
1185 2093 1321 2160 haec,
1365 2109 1432 2148 ne
1473 2094 1599 2164 quid
1649 2095 1720 2150 sit

139 2192 202 2246 de
230 2189 489 2260 temporis
516 2198 639 2243 nota
661 2188 901 2242 dubium.

205 2282 379 2357 Ipsam
412 2281 760 2336 solitudinem
797 2279 939 2350 quod
981 2287 1226 2349 spectat,
1273 2279 1444 2348 posita
1484 2279 1572 2333 illa
1603 2288 1721 2334 erat

137 2375 184 2427 in
210 2372 433 2428 Calcide
462 2371 658 2442 Syriae,
688 2371 791 2425 hoc
813 2380 918 2435 est,
945 2370 1044 2424 ubi
1072 2370 1191 2442 Syri
1221 2370 1288 2423 ab
1309 2372 1570 2439 Agarenis
1597 2371 1717 2424 bar-

136 2467 275 2521 baris
335 2466 822 2531 disterminantur,
871 2474 1022 2518 vasto
1085 2478 1487 2533 quaquaversus
1541 2463 1714 2532 spatio

135 2571 312 2624 terrae,
341 2575 457 2629 qua
483 2569 662 2613 exusta
690 2559 813 2612 solis
840 2557 1127 2622 arderibus,
1156 2555 1418 2608 horridam
1449 2554 1714 2610 Monachis

132 2653 399 2720 praestabat
412 2650 782 2705 habitaculum.
796 2648 1030 2704 Sedebat
1044 2647 1192 2701 solus
1209 2647 1278 2701 ibi
1294 2647 1351 2701 S.
1373 2646 1707 2710 adolescens,

131 2745 458 2815 scorpionum
491 2753 693 2797 tantum
718 2743 884 2796 socius
914 2755 962 2794 et
985 2744 1209 2809 ferarum
1229 2780 1244 2804 ,
1270 2741 1354 2808 qui
1374 2739 1433 2792 ob
1470 2740 1710 2810 gehennae

129 2845 304 2891 metum
329 2837 426 2889 tali
455 2851 510 2890 se
532 2850 733 2888 carcere
748 2834 856 2902 ipse
871 2833 1215 2884 damnaverat.
1252 2830 1536 2884 llorrebant
1559 2848 1706 2886 sacco

130 2927 338 2979 membra
369 2925 644 2993 deformia,
676 2934 721 2977 et
751 2922 1004 2996 squallida
1031 2923 1159 2975 cutis
1202 2928 1351 2975 silum
1394 2921 1708 2992 ZEthiopicte

127 2998 280 3070 carnis
304 3015 614 3086 obduxerat.
647 3012 879 3079 Quotidie
905 3013 1162 3082 lacrymte,
1187 3012 1410 3081 quotidie
1448 3013 1661 3082 gemitus
1687 3027 1707 3065 :

127 3119 166 3160 et
186 3110 227 3162 si
249 3107 463 3178 quando
488 3115 853 3174 repugnantem
882 3120 1087 3158 somnus
1114 3104 1383 3156 imminens
1426 3104 1708 3173 Oppressis-

126 3209 206 3265 set,
234 3201 377 3253 nuda
413 3198 569 3250 humo
595 3213 710 3250 ossa
737 3196 819 3249 vix
852 3196 1093 3248 hwrentia
1118 3193 1403 3248 rollidebat.
1434 3193 1706 3246 Pallebant

125 3306 202 3342 ora
216 3291 461 3360 jejuniis,
483 3297 537 3342 et
557 3297 772 3354 caetera,
803 3303 922 3357 qua:
951 3295 1061 3340 tute
1087 3293 1302 3354 repetas
1328 3299 1395 3340 ex
1425 3285 1537 3350 illa,
1566 3283 1707 3338 unde

125 3380 226 3435 haec
276 3380 545 3435 translata
580 3386 736 3444 sunt,
770 3379 989 3447 Epistol.
1020 3375 1190 3431 XXII.
1220 3375 1287 3430 ad
1335 3375 1701 3430 Eustochium.

122 3473 193 3525 Ad
222 3477 329 3527 haec
364 3485 520 3539 smpe
549 3470 745 3539 saepius
771 3484 833 3523 ac
876 3469 986 3524 lere
1015 3470 1356 3524 continenter
1398 3469 1705 3524 tentabatur

122 3563 422 3618 valetudine
448 3604 464 3625 ,
512 3570 568 3615 et
597 3547 878 3615 stomacho
923 3561 1220 3615 laborabat.
1254 3560 1318 3614 Et
1341 3561 1450 3614 vini
1485 3570 1660 3616 tamen
1682 3601 1699 3628 ,

121 3653 249 3718 olei,
278 3654 630 3719 aliorumque
660 3650 931 3715 ciborum,
961 3651 1152 3720 quibus
1185 3651 1498 3704 reﬁciuntur
1523 3651 1663 3706 vires
1682 3692 1697 3717 ,

120 3754 167 3796 et
193 3744 254 3798 ad
282 3744 538 3799 laborem
563 3740 843 3796 ferendum
875 3751 1189 3796 recreantur
1223 3740 1492 3808 homines,
1536 3741 1700 3796 absti-

123 3838 457 3892 nentissimus
482 3876 498 3899 ,
529 3835 692 3889 etiam
723 3849 846 3888 cum
877 3835 1184 3904 langueret,
1237 3832 1427 3903 frigida
1455 3834 1701 3889 utebatur

124 3941 262 3995 aqua,
294 3938 350 3983 et
375 3937 604 3982 coctum
628 3925 828 3996 aliquid
856 3925 1146 3993 accepisse,
1181 3924 1444 3979 luxuriam
1487 3937 1702 3994 reputa-

122 4018 218 4074 bat.
248 4021 479 4075 Videtur
525 4019 686 4072 etiam
725 4018 995 4073 laboribus
1038 4032 1292 4072 manuum
1341 4027 1544 4086 partem
1595 4017 1700 4073 diei

119 4112 330 4182 aliquam
384 4113 684 4178 tribuisse,
734 4110 1104 4166 exscribeudis
1157 4112 1366 4166 scilicet
1418 4111 1568 4166 libris
1600 4128 1613 4165 :
1645 4111 1698 4166 in

120 4215 260 4268 quam
303 4218 418 4258 rem
445 4245 461 4266 ,
519 4201 705 4255 habere
732 4216 786 4254 se
833 4201 1086 4264 alunmos,
1112 4201 1202 4270 qui
1242 4201 1560 4270 Antiquarice
1602 4202 1701 4254 arti

120 4296 323 4349 serviant
350 4299 494 4367 (quo
524 4295 745 4349 nomine
771 4294 1141 4349 Amannenses
1185 4295 1407 4348 iudicari
1429 4335 1443 4357 ,
1487 4308 1593 4346 non
1619 4301 1702 4347 est

122 4386 198 4452 qui
239 4386 478 4459 ignoret)
511 4386 686 4455 Epist.
725 4384 783 4438 ν.
814 4385 877 4438 ad
905 4385 1238 4439 Florentium
1295 4384 1550 4453 prodidit.
1583 4382 1700 4437 Ca:-

119 4485 275 4532 terum
318 4482 499 4534 vitam
548 4491 766 4532 omnem
798 4477 870 4532 ita
894 4479 1194 4531 orationem
1239 4477 1379 4531 inter
1417 4492 1479 4530 ac
1511 4476 1697 4530 lectio-

120 4581 226 4621 nem
263 4571 633 4638 partiebatur;
663 4577 722 4622 ut
741 4581 861 4621 cum
892 4569 1063 4623 muttis
1083 4576 1243 4638 atque
1279 4568 1495 4637 optimis
1541 4582 1700 4621 sacra:

117 4655 433 4715 Bibliothecce
460 4659 725 4714 codicibus
752 4658 1050 4724 abundaret,
1088 4659 1248 4713 lectio
1273 4660 1572 4714 orationem
1599 4673 1696 4714 ex-

117 4751 325 4820 ciperet,
356 4753 541 4808 oratio
571 4753 854 4808 lectionem
887 4759 1232 4807 sustentaret.

171 4845 229 4899 ll.
271 4846 382 4900 Ad.
417 4845 819 4914 Scripturarum
851 4845 1080 4899 maxime
1111 4845 1531 4914 intelligentiam,
1559 4845 1697 4899 divi-

116 4950 230 4990 naru
240 4952 415 5005 mque
427 4952 611 4990 rerum
630 4939 1128 5007 pervestigationem
1148 4938 1382 4991 animum
1405 4939 1466 4992 ad
1472 4939 1695 5006 jecerat,

113 5027 158 5079 in
195 5043 379 5099 eoque
428 5041 498 5080 se
528 5027 702 5080 studio
725 5029 1040 5096 quotidianis
1082 5027 1572 5093 exercitationibus,
1602 5043 1697 5082 sn-

117 5130 198 5183 pra
234 5133 403 5188 quam
454 5116 568 5171 dici
613 5125 812 5184 queat,
839 5117 1244 5188 diligentissime
1268 5117 1560 5188 subigebat.
1593 5119 1698 5175 Sed

113 5221 218 5263 cum
247 5224 480 5279 operam
514 5222 669 5262 suam
701 5207 901 5278 absque
946 5209 1220 5263 Hebraicaa
1268 5209 1458 5278 lingua:
1512 5211 1698 5264 notitia

114 5297 274 5352 minus
301 5300 518 5353 utiliter
547 5297 792 5352 consumi
837 5298 1192 5368 intelligeret,
1239 5298 1402 5353 vellet
1441 5299 1600 5353 etiam
1633 5299 1700 5353 ad

106 5392 527 5461 compescendos
557 5390 609 5445 in
647 5390 764 5445 dies
791 5390 958 5459 magis
983 5390 1162 5444 carnis
1191 5398 1368 5443 motus
1393 5431 1405 5451 ,
1436 5404 1573 5443 novo
1603 5389 1700 5444 ali-

117 5494 204 5546 quo
224 5493 501 5539 tormento
521 5484 623 5546 uti,
643 5481 770 5535 huic
787 5495 848 5534 se
863 5480 1062 5541 studio,
1083 5480 1198 5534 sive
1216 5488 1273 5532 ut
1289 5488 1442 5532 vocat
1464 5480 1596 5546 ipse,
1621 5481 1699 5546 pi-

120 5574 262 5628 strino
277 5576 506 5630 addixit.
518 5573 669 5629 Facti
691 5571 973 5626 historiam
989 5580 1170 5624 narrat
1187 5570 1297 5638 ipse
1313 5568 1696 5639 Epist.CXXV.

122 5663 173 5714 ad
196 5664 490 5724 Rusticum.
529 5665 888 5739 Dnmﬁessem,
923 5661 1112 5731 inquit,
1139 5662 1359 5730 juvenis,
1391 5670 1439 5714 et
1467 5658 1700 5716 solitudi-

3377 276 3447 329 30

1865 364 1942 417 nis
1975 381 2054 418 me
2097 365 2295 422 deserta
2320 369 2584 436 vallarent,
2612 371 2857 427 incentiva
2885 376 3114 430 vitiorum
3131 420 3146 444 ,
3174 383 3439 438 ardorem-

1859 471 1956 524 que
1982 465 2181 510 natura:
2227 458 2357 527 ferre
2385 477 2483 514 non
2511 472 2734 530 poteram
2771 480 2788 517 :
2829 481 2974 534 quem
3003 483 3111 522 cum
3141 472 3324 527 crebris
3354 478 3437 547 je-

1848 546 2010 612 jnniis
2036 551 2345 618 frangerem,
2383 569 2521 606 mens
2541 565 2709 607 tamen
2731 557 3115 625 cogitationibus
3142 546 3385 622 aestuabat
3411 585 3431 623 :

1855 638 1921 688 ad
1949 656 2100 707 quant
2153 643 2490 697 edomandam
2533 646 2742 699 cuidam
2787 647 2980 714 Fratn',
3011 653 3093 720 qui
3117 671 3177 707 ex
3206 655 3432 715 Hebreis

1851 731 2154 795 crediderat,
2186 751 2266 788 me
2293 736 2344 788 in
2375 737 2699 807 disciplinam
2729 740 2870 806 dedi,
2910 751 2965 794 ut
2991 754 3101 813 post
3135 746 3431 810 Quintiliani

1851 826 2107 889 acumina,
2138 823 2395 882 Ciceronis
2413 830 2614 898 ﬂuvios,
2643 833 3038 903 gravitatemque
3065 834 3362 904 Frontonis,
3387 851 3434 894 et

1850 915 2104 970 lenitatem
2135 918 2317 986 Plinii,
2350 922 2674 989 alphabetum
2689 925 2957 990 discerem,
2987 935 3033 978 et
3059 929 3322 983 stridentia
3340 949 3434 984 an-

1850 1007 2169 1078 helantiaque
2197 1011 2345 1063 verba
2392 1012 2680 1066 meditarer.
2737 1013 2876 1079 Quid
2915 1015 2983 1068 ibi
3020 1017 3208 1071 laboris
3235 1020 3431 1073 insunt-

1849 1100 2052 1165 pserim,
2077 1083 2198 1167 (pu'd
2222 1103 2543 1156 sustinuerint
2572 1103 2895 1172 difﬁcultatis,
2920 1108 3110 1174 quoties
3140 1109 3431 1178 desperave-

1848 1191 1963 1253 rim,
1993 1192 2280 1259 quotiesque
2307 1197 2618 1260 cessaverim,
2641 1205 2686 1248 et
2712 1198 3025 1252 contentione
3039 1200 3285 1267 discendi,
3308 1220 3428 1256 rure

1848 1298 1934 1335 sus
1960 1283 2246 1351 inceperim,
2272 1288 2408 1340 testis
2437 1299 2506 1340 est
2532 1289 2831 1342 conscientia
2860 1301 2960 1343 tam
2983 1309 3109 1357 mea,
3133 1295 3217 1362 qui
3247 1311 3426 1364 passus

1847 1389 1976 1434 sum,
2007 1391 2154 1443 quam
2180 1392 2372 1440 eorum,
2402 1378 2488 1447 qui
2508 1394 2698 1431 mecum
2737 1379 2988 1434 duxerunt
3016 1383 3200 1448 vitam;
3228 1393 3275 1436 ct
3303 1401 3422 1453 gra-

1846 1465 1942 1516 tias
1960 1482 2054 1537 ago
2076 1465 2308 1528 Domino,
2323 1469 2458 1538 quod
2479 1469 2540 1520 de
2550 1487 2724 1523 amaro
2743 1474 2930 1525 semine
2951 1473 3230 1527 litterarum
3251 1478 3424 1532 dulces

1842 1559 2037 1625 fructus
2066 1574 2239 1627 carpo.
2271 1563 2440 1628 Atque
2461 1559 2564 1614 huc
2585 1563 2743 1615 etiam
2765 1576 3012 1632 spectare
3035 1566 3241 1621 videtur
3263 1569 3417 1635 illud,

1836 1647 1976 1714 quod
1994 1647 2121 1716 Cap.
2149 1648 2232 1702 lll.
2257 1650 2398 1704 Libri
2415 1651 2635 1706 chiris
2655 1655 2951 1710 illustribus
2971 1669 3173 1724 narrat,
3195 1660 3414 1715 Hebrai-

1831 1752 1953 1790 cmn
1985 1739 2208 1804 scilicet,
2243 1753 2297 1795 ut
2323 1740 2595 1797 ferebatur
2618 1785 2634 1809 ,
2681 1745 2912 1800 Matthxi
2941 1750 3234 1818 exemplar,
3291 1768 3412 1808 cum

1830 1827 1964 1883 facta
2020 1832 2120 1886 sibi
2167 1834 2385 1889 facultas
2426 1835 2612 1891 luisset
2639 1853 2666 1889 a
2692 1837 2998 1908 Nazarenis,
3025 1844 3112 1910 qui
3138 1842 3191 1897 in
3223 1843 3410 1900 Berma

1829 1921 1959 1975 urbe
1976 1922 2146 1994 Syria:
2176 1942 2242 1980 eo
2273 1928 2541 1984 volumine
2573 1931 2856 1985 utebantur
2881 1965 2898 1998 ,
2929 1948 2986 1987 se
3033 1934 3406 2006 descripsisse.

1826 2011 2088 2069 Processu
2123 2019 2380 2086 temporis
2406 2033 2527 2073 cum
2560 2020 2674 2087 ejus
2697 2021 2857 2075 studii
2887 2023 3169 2078 utilitatem
3192 2028 3408 2096 experi-

1825 2115 2010 2160 mento
2035 2110 2143 2174 jam
2173 2107 2471 2176 didicisset,
2499 2111 2710 2164 assidua
2735 2114 3120 2169 exercitatione
3145 2117 3403 2186 excoluit,

1823 2198 2064 2266 aliosque
2090 2200 2394 2268 magistros,
2429 2215 2524 2269 per
2549 2215 2684 2269 (tutos
2707 2201 3012 2270 profecerit,
3044 2205 3162 2258 aliis
3191 2207 3242 2259 in
3274 2208 3405 2263 locis

1822 2290 2084 2343 nominat.
2120 2289 2234 2354 Quo
2263 2289 2434 2343 labore
2459 2333 2474 2355 ,
2506 2291 2675 2360 inquit
2719 2293 2943 2362 Epistol.
2975 2293 3262 2350 LXXXIV.
3306 2314 3406 2367 quo

1821 2383 1982 2452 pretio
2010 2381 2325 2437 Baraninam
2371 2395 2675 2439 nocturnum
2701 2386 2856 2440 habui
2880 2391 3285 2458 praeceptorem!
3317 2390 3404 2444 Ti-

1819 2472 1984 2526 mebat
2007 2474 2138 2526 enim
2165 2473 2398 2541 Judteos,
2427 2487 2474 2528 et
2501 2477 2624 2530 mihi
2643 2478 2858 2532 alterum
2884 2481 3143 2535 exhibebat
3170 2481 3400 2538 Nicocle-

1815 2580 1973 2617 mum.
1998 2564 2093 2619 liic
2123 2565 2264 2619 idem
2295 2567 2384 2621 ille
2417 2567 2628 2622 videtur
2651 2584 2770 2624 esse
2794 2611 2808 2632 ,
2841 2587 2999 2640 quem
3030 2582 3085 2627 et
3109 2573 3396 2630 Commen-

1815 2655 1949 2708 tario
1977 2655 2028 2709 in
2051 2668 2210 2725 caput
2231 2656 2313 2710 ΙΙΙ.
2349 2658 2666 2728 Εμίειοιρδά
2693 2659 2906 2716 Galatas
2933 2677 3088 2718 suum
3112 2663 3393 2720 Hebraeum

1811 2755 1986 2812 vocat,
2017 2755 2070 2801 et
2092 2763 2156 2802 ex
2187 2763 2293 2817 quo
2320 2749 2600 2804 nommllas
2625 2754 2918 2806 sententias
2958 2755 3146 2809 recitat
3180 2770 3194 2804 :
3225 2771 3395 2824 quan-

1809 2850 1965 2904 quam
1987 2837 2098 2902 alii,
2125 2854 2258 2907 quos
2281 2838 2418 2893 inter
2445 2839 2700 2904 Morinus,
2729 2840 2895 2896 fuisse
2915 2844 3061 2896 illum
3085 2859 3150 2896 ex
3168 2844 3396 2900 Hebraeo

1809 2925 2208 2992 Christianum,
2257 2930 2596 2983 contendant.
2642 2930 2880 2998 Denique
2926 2940 2980 2984 et
3009 2947 3131 2984 cmn
3172 2932 3390 2987 Librum

1811 3017 2253 3086 Paralipomenon
2304 3019 2454 3088 juxta
2501 3019 2846 3089 Septuaginta
2878 3021 3273 3077 emendandum
3325 3039 3392 3079 ex

1811 3109 2036 3163 llebrwo
2049 3110 2362 3178 archetypo,
2382 3120 2434 3163 et
2455 3110 2639 3163 Latine
2661 3110 3117 3180 interpretandum
3137 3117 3389 3184 suscepit,

1809 3200 1971 3253 alium
2003 3199 2118 3267 ejus
2146 3199 2338 3269 lingua!
2365 3200 2674 3268 magistrum
2700 3203 2984 3265 consuluit,
3025 3215 3080 3257 ut
3108 3205 3159 3259 in
3189 3205 3392 3259 Pra:la-

1810 3292 1954 3346 tione
1974 3299 2194 3346 testatur
2217 3310 2230 3346 :
2261 3291 2338 3344 De
2359 3291 2651 3362 Tyberiade,
2680 3293 2943 3362 inquiens,
2963 3295 3110 3367 Legis
3137 3299 3392 3361 quondam

1809 3383 2082 3448 doctorem,
2135 3384 2221 3453 qui
2255 3385 2394 3452 apud
2429 3382 2669 3438 llebrteos
2718 3387 3046 3442 admirationi
3092 3390 3387 3459 habebatur,

1807 3474 2090 3544 assumpsi,
2121 3484 2168 3527 et
2194 3476 2381 3528 contuli
2423 3491 2535 3528 cum
2566 3492 2624 3529 eo
2649 3493 2680 3528 a
2713 3479 2911 3546 vertice,
2940 3488 2992 3532 ut
3039 3481 3202 3548 ttiunt,
3233 3498 3390 3552 usque

1807 3567 1874 3618 ad
1903 3578 2177 3619 extremum
2205 3583 2441 3636 unguem.
2469 3567 2574 3621 Sed
2602 3567 2717 3622 lucc
2743 3570 2847 3624 alio
2875 3581 3133 3641 spectant.

1878 3658 1965 3714 lli.
1999 3661 2134 3715 Sunt
2162 3661 2250 3730 qui
2278 3676 2399 3715 emn
2442 3657 2644 3714 Graeca:
2673 3662 2832 3714 etiam
2863 3663 3054 3732 linguae
3081 3665 3311 3733 primum
3329 3665 3386 3718 in

1804 3751 2036 3806 Calcidis
2064 3752 2375 3816 solitudine,
2406 3751 2736 3806 contendant
2774 3751 2986 3806 dedisse
3009 3769 3227 3822 operam
3260 3796 3272 3808 .
3305 3757 3388 3810 id-

1805 3857 1906 3910 quc
1927 3857 1988 3894 ex
2014 3839 2210 3894 Bullini
2231 3841 2548 3895 auctoritate
2577 3839 2828 3906 inierant,
2848 3841 2934 3908 qui
2961 3841 3106 3895 illum
3140 3851 3384 3910 testatur,

1804 3946 2069 4002 antequam
2098 3942 2462 3987 converteretur
2485 3974 2498 3994 ,
2550 3933 2740 4002 pariter
2766 3941 2812 3986 et
2854 3933 3046 3987 litteras
3078 3932 3302 3996 Cra’cas,
3340 3945 3387 3988 et

1805 4028 2030 4096 linguam
2062 4027 2260 4095 penitus
2290 4028 2568 4096 ignorasse.
2589 4025 2694 4081 Sed
2723 4033 2778 4080 ut
2808 4041 2952 4093 vere,
2985 4042 3090 4082 non
3117 4027 3388 4096 prurigine

1805 4126 1955 4169 actus
1979 4114 2290 4168 detrahendi
2318 4114 2593 4178 Bullinus,
2627 4114 2679 4168 id
2711 4115 2992 4184 scripserit
3022 4132 3035 4169 :
3070 4115 3240 4170 voluit
3265 4133 3387 4170 con-

1804 4207 2042 4260 versionis
2074 4208 2309 4269 nomine,
2339 4221 2441 4260 non
2467 4207 2698 4276 utvulgo
2723 4206 3066 4275 intelligunt,
3100 4208 3286 4261 initam
3315 4209 3384 4263 ab

1805 4298 2132 4368 Hieronymo
2171 4297 2515 4352 solitudinem
2540 4339 2555 4363 ,
2584 4297 2678 4352 sed
2719 4306 3024 4367 susceptum
3057 4300 3384 4370 Baptismum

1803 4388 2102 4458 signiﬁcare
2123 4405 2136 4442 :
2155 4403 2309 4457 quem
2335 4402 2548 4443 sensum
2583 4397 2722 4442 tutus
2742 4404 2954 4458 quoque
2985 4391 3085 4446 loli
3116 4392 3230 4462 ejus
3251 4408 3384 4448 con-

1807 4489 1982 4536 textus
2005 4480 2238 4550 pra-fert.
2263 4481 2339 4535 Ex
2360 4495 2465 4551 quo
2486 4480 2612 4537 illud
2638 4483 2828 4538 iterum
2855 4485 3216 4552 conlirmatur,
3241 4488 3384 4558 quod

1803 4573 2050 4642 superius
2070 4588 2166 4626 suo
2195 4573 2313 4628 loco
2339 4573 2588 4640 diximus,
2643 4575 2794 4630 illum
2823 4591 2942 4632 cum
2972 4578 3156 4633 Roma:
3185 4580 3384 4636 libera-

1806 4665 1944 4720 libus
1970 4664 2162 4719 studiis
2188 4665 2510 4730 erudiretur,
2531 4681 2634 4722 non
2665 4678 2846 4723 autem
2875 4670 3068 4734 serius,
3093 4682 3149 4724 ut
3173 4671 3384 4734 volunt,

1805 4756 2061 4826 Baptismi
2109 4757 2260 4827 aquis
2290 4757 2476 4811 lotum.
2528 4759 2773 4828 Alioquin
2813 4759 2945 4814 nihil
3000 4776 3121 4814 eum
3166 4760 3388 4813 scivisse

1805 4847 2016 4918 penitus
2041 4846 2246 4914 Graece,
2275 4862 2396 4901 cum
2434 4847 2486 4900 in
2524 4847 2796 4904 Orientem
2820 4850 3268 4919 peregrinaretur,
3289 4849 3392 4903 mi-

1806 4938 1947 4994 nime
1972 4938 2161 4993 adduci
2183 4953 2401 5008 possum
2424 4979 2440 5003 ,
2469 4946 2528 4990 ut
2568 4940 2806 4992 credam.
2843 4937 2912 4992 Ut
2953 4945 3131 4990 autem
3169 4936 3219 4990 in
3274 4937 3390 4993 dies

1805 5029 1974 5098 magis
2001 5027 2273 5098 magisque
2299 5027 2520 5081 calleret
2548 5041 2666 5079 eam
2700 5027 2932 5094 linguam
2955 5066 2971 5092 ,
3003 5027 3391 5082 consuetudine

1807 5119 1895 5172 illa
1943 5134 2063 5172 cum
2122 5118 2324 5172 Grazcis
2363 5114 2645 5170 commode
2678 5117 2852 5185 posuit
2881 5116 3142 5171 obtinere.
3174 5118 3236 5172 Et
3261 5133 3390 5174 snne

1807 5225 1926 5262 cum
1956 5209 2105 5261 Tarsi
2136 5218 2335 5277 ageret,
2370 5208 2440 5260 ita
2469 5216 2695 5260 noverat
2720 5247 2736 5271 ,
2771 5216 2826 5260 ut
2854 5206 3018 5262 etiam
3061 5225 3179 5277 qua:
3206 5222 3390 5266 essent

1807 5299 2029 5353 Cilicum
2055 5297 2246 5366 lingua:
2275 5294 2648 5366 proprietates,
2678 5297 2868 5364 quibus
2895 5299 2946 5352 in
2976 5299 3226 5368 Epistolis
3273 5302 3385 5356 suis

1809 5389 2008 5444 Paulus
2043 5399 2170 5439 usus
2197 5393 2298 5448 est,
2328 5384 2396 5437 ab
2423 5380 2626 5450 reliqua
2656 5385 2941 5449 Grazcitate
2979 5391 3387 5449 internosceret.

1810 5479 1888 5534 Ad
1917 5479 2051 5542 lure,
2081 5491 2203 5529 cum
2232 5471 2569 5528 Antiochiam
2599 5478 2753 5543 paulo
2777 5490 2895 5548 post
2920 5483 3082 5540 venit.
3112 5483 3388 5552 Apodina-

1811 5571 1968 5632 rium,
1999 5575 2054 5620 ut
2078 5565 2328 5628 diximus,
2358 5562 2667 5632 frequenter
2695 5569 2844 5638 adiit,
2865 5585 3020 5645 atque
3037 5575 3254 5634 audivit,
3283 5591 3387 5628 non

1812 5662 1912 5716 alia
1941 5668 2084 5715 cette
2113 5673 2266 5728 quam
2287 5657 2472 5713 Graeca
2495 5656 2666 5728 lingua
2693 5662 2995 5734 Scripturas
3012 5675 3386 5732 exponentem:
