4048 6192
589 322 654 378 3t
1876 296 1931 350 s.
1972 282 2350 347 nmnouvtu
2395 280 2572 334 rm.
3813 268 3881 323 δε

594 435 751 506 cujus
795 426 934 489 adeo
975 421 1415 499 praeceptionibns
1441 412 1604 470 imbui
1634 405 2174 506 minime-potuisset,

600 495 703 587 nisi
737 528 847 599 jam
869 495 1036 597 probe
1054 521 1283 587 linguam
1313 509 1686 566 intellexisset.
1716 503 1834 599 1am
1864 502 2047 599 itaque
2073 495 2180 599 hoc

607 588 820 693 quoque
840 588 1212 671 ornamentum
1238 605 1304 660 ad
1333 604 1568 672 reliquas
1587 597 1843 693 doctrina:
1863 608 1975 693 suae
2001 588 2186 643 laudes

602 682 892 780 a'djeccrat,
917 705 1228 774 priusquam
1251 695 1485 751 Calcidis
1506 693 1777 780 desertum
1794 682 2182 780 ingrederetur.

673 774 761 854 iV.
791 795 896 851 Sed
925 802 1008 850 est
1027 793 1214 862 utique
1230 786 1374 843 aliud
1405 783 1546 856 quod
1573 797 1638 836 eo
1658 779 1784 844 loci,
1813 791 1876 830 ac
1917 774 2029 828 fere
2056 781 2192 825 tem-

603 890 750 962 poris
777 889 953 958 placet
979 883 1205 948 referri,
1236 879 1501 947 simulque
1540 873 1712 928 studia
1746 871 2041 962 litterarum
2069 877 2193 962 spe-

607 952 736 1038 etat.
753 952 921 1044 Illud,
949 975 1188 1046 inquam,
1212 972 1384 1025 visum
1412 976 1500 1022 aut
1524 965 1810 1026 somnium,
1842 957 1981 1029 quod
2027 952 2195 1013 maxi-

613 1086 704 1127 me
751 1068 1122 1140 pervulgatum
1151 1071 1255 1128 est,
1299 1071 1458 1129 atque
1485 1057 1600 1127 ipse
1644 1051 1886 1134 pluribus
1914 1048 1987 1140 _S.
2038 1046 2196 1140 Pater

615 1135 859 1232 Epistola
915 1135 1085 1213 ιιχιιι
1127 1154 1194 1208 ad
1247 1148 1600 1206 Eustochium
1650 1151 1851 1199 narrat.
1903 1137 1970 1192 In
2023 1135 2197 1232 med—ia

608 1224 768 1325 ferme
846 1247 1250 1318 Quadragesiura
1323 1241 1498 1312 (puta
1569 1235 1842 1325 hujusmet
1910 1227 2039 1325 antri
2091 1224 2198 1325 27s

614 1315 708 1400 aut
735 1315 1130 1411 subsequentis,
1165 1347 1221 1391 ut
1251 1351 1317 1390 ex
1370 1343 1550 1388 rerum
1592 1330 1715 1382 licet
1742 1324 1882 1380 serie
1910 1315 2197 1389 colligere)

613 1431 990 1489 ardentissima
1025 1429 1159 1484 febri
1185 1433 1487 1494 correptus,
1518 1416 1862 1474 utexhaustis
1885 1413 1996 1482 jam
2028 1424 2200 1464 mem-

611 1525 745 1590 bris,
767 1523 978 1580 ossibus
1003 1522 1089 1577 vix
1113 1521 1364 1582 lucreret,
1385 1525 1438 1571 et
1452 1529 1638 1586 parum
1657 1509 1907 1571 abfuerit,
1928 1506 2054 1574 quin
2073 1517 2201 1572 age-

615 1626 700 1672 ret
724 1631 910 1673 revera
938 1615 1170 1668 animam
1203 1613 1350 1680 (nam
1378 1605 1618 1676 exeqnizn
1643 1603 1803 1657 veluti
1821 1600 1930 1669 jam
1949 1598 2058 1667 jam
2085 1609 2205 1648 mo-

617 1710 782 1765 rienti
805 1704 1170 1778 parabantur)
1201 1701 1364 1756 subito
1390 1709 1565 1769 raptus
1586 1697 1638 1750 in
1657 1694 1840 1765 spiritu
1868 1690 1935 1744 ad
1984 1684 2208 1742 tribunal

621 1799 852 1864 Christi,
881 1797 1024 1869 quod
1047 1793 1321 1850 Ciceronis
1364 1789 1578 1846 lectioni
1626 1794 1874 1850 vacaret,
1907 1782 1974 1837 ab
2003 1797 2068 1837 eo
2117 1779 2207 1848 qui

621 1889 980 1962 prtesidebat,
1023 1885 1337 1958 gravissime
1358 1882 1537 1952 jussus
1566 1887 1650 1935 est
1694 1875 1847 1932 caadi.
1879 1872 2012 1928 Cum
2071 1871 2211 1926 inter

623 1981 846 2038 verbera
896 1980 1013 2049 ipse
1042 1977 1251 2046 ejulans
1280 1970 1703 2028 misericordiam
1747 1967 2055 2037 imploraret
2089 2003 2101 2025 ,
2148 1968 2210 2015 et

624 2074 718 2144 qui
744 2072 1043 2136 adstabant,
1061 2070 1127 2124 ad
1158 2066 1507 2124 Prmsidentis
1532 2076 1706 2133 genua
1734 2057 1999 2130 provoluti
2029 2069 2215 2144 prccaf

628 2142 820 2219 rentur
840 2204 855 2228 ,
889 2171 945 2217 ut
974 2161 1188 2216 veniam
1219 2158 1480 2212 tribueret
1514 2150 1912 2216 adolescentiae,
1941 2156 1995 2202 et
2044 2142 2215 2200 errori

629 2255 805 2310 locum
822 2252 1150 2324 poenitentia:
1167 2247 1537 2303 commodaret
1569 2263 1583 2299 :
1613 2251 1760 2298 tanto
1787 2238 2106 2296 constrictus
2125 2251 2217 2289 ar-

631 2348 815 2414 ticulo,
849 2345 1095 2417 promisit
1115 2339 1496 2412 jurejurando,
1547 2348 1819 2407 nunquam
1860 2347 1919 2388 se
1959 2331 2217 2400 imposte-

632 2453 751 2494 rum
779 2436 1068 2492 Gentilium
1101 2435 1402 2488 litterarum
1427 2430 1731 2499 Scriptores
1759 2426 2021 2480 lecturum
2056 2439 2070 2476 :
2109 2419 2219 2476 Do-

635 2531 792 2594 mine,
811 2529 1058 2598 inquiens
1080 2568 1096 2592 ,
1126 2527 1169 2579 si
1199 2541 1422 2595 unquam
1451 2523 1670 2577 habuero
1695 2521 1890 2575 codices
1927 2516 2219 2581 maculat-es,

637 2623 681 2676 si
707 2622 898 2692 legero,
939 2630 986 2674 te
1015 2619 1212 2689 negavi.
1241 2617 1404 2672 Addit
1424 2615 1492 2670 ad
1512 2613 1805 2670 faciendam
1843 2612 1922 2667 rei
1950 2610 2138 2674 fidem,
2169 2609 2222 2661 in

641 2714 759 2769 lucc
797 2728 855 2768 se
879 2711 1041 2767 verba
1071 2708 1394 2765 sacramenti
1436 2706 1736 2772 dimissum,
1777 2713 1937 2774 atque
1967 2706 2224 2772 experre-

641 2815 785 2859 ctum
806 2844 821 2868 ,
857 2802 1085 2856 liventes
1116 2799 1369 2853 habuisse
1395 2797 1662 2867 scapulas,
1693 2803 1748 2850 et
1787 2795 1969 2865 plagas
1993 2792 2226 2847 sensisse

640 2897 767 2966 post
791 2907 1060 2948 somnum.
1086 2891 1162 2946 ιω
1192 2903 1386 2959 nempe
1416 2888 1502 2943 illa
1535 2887 1751 2943 territus
1781 2894 1864 2940 est
1889 2885 1999 2940 veri
2026 2882 2223 2954 specie,

640 3002 761 3058 qua:
789 2996 987 3058 quanta
1019 2985 1202 3050 fuerit,
1234 2982 1366 3038 nihil
1395 2991 1512 3038 erat
1541 2981 1644 3036 nisi
1675 2979 1962 3035 somnium.
2011 2977 2076 3032 Et
2098 2989 2226 3031 vero

641 3079 980 3137 renuntiasse
1024 3093 1148 3134 eum
1185 3077 1396 3147 penitus
1423 3075 1492 3130 ab
1519 3089 1584 3128 eo
1613 3063 1853 3141 tempore
1880 3069 2227 3126 Profanorum

645 3173 885 3238 lectioni,
916 3185 1075 3226 nemo
1124 3170 1222 3222 sibi
1252 3165 1607 3238 persuadeat,
1637 3164 1726 3234 qui
1767 3161 2009 3233 ejusdem
2042 3174 2227 3231 opera,

645 3281 762 3336 qua:
793 3260 1502 3335 postmodumelucubravit,
1527 3258 1814 3314 identidem
1845 3256 2016 3312 videat
2045 3269 2232 3310 eorum

644 3356 970 3412 testimoniis
991 3365 1148 3424 atque
1171 3353 1408 3407 historiis
1427 3365 1689 3420 respersa.
1715 3351 1890 3417 Quare
1909 3351 2022 3420 ipse
2046 3349 2230 3413 etiam,

647 3463 772 3503 cum
804 3447 904 3500 hac
932 3446 1000 3500 de
1046 3458 1208 3499 causa
1237 3460 1265 3496 a
1298 3442 1512 3496 Ruffino
1544 3440 1754 3495 violata:
1795 3440 2066 3510 religionis
2112 3451 2235 3492 reus

649 3544 1023 3607 perageretur,
1058 3532 1343 3587 falsissime
1377 3530 1517 3585 ridet
1568 3529 1798 3584 hominis
1847 3531 2235 3592 curiositatem,

652 3628 745 3699 qui
774 3628 1008 3681 noctium
1035 3623 1258 3678 ludibria
1289 3621 1602 3676 observaret
1631 3662 1645 3686 ,
1685 3631 1740 3675 et
1777 3636 1894 3686 qua:
1944 3620 2065 3690 quis
2114 3619 2239 3674 dor-

657 3719 828 3773 iniens
868 3715 1208 3785 somniasset,
1238 3713 1326 3769 illa
1349 3714 1417 3768 ab
1443 3714 1694 3783 vigilante
1723 3711 2121 3783 exigerettLib.
2150 3709 2236 3764 II.

656 3807 833 3864 Contr.
858 3805 1068 3878 Ruﬁni).
1093 3805 1174 3859 Ad
1198 3804 1443 3859 eumdem
1463 3802 1676 3858 modum
1699 3801 1840 3873 quod
1857 3803 2079 3856 :emulus
2100 3801 2240 3856 idem

652 3899 943 3969 objiciehat
969 3897 1035 3952 de
1054 3896 1334 3951 Ciceronis
1361 3895 1617 3964 Dialogis,
1644 3909 1780 3965 quos
1811 3893 2012 3963 majore
2041 3908 2242 3948 merce-

655 3991 724 4046 de
750 3990 1028 4045 Fratribus
1059 3990 1110 4042 in
1146 3999 1328 4043 monte
1359 3987 1628 4042 Olivarunt
1661 3985 2042 4042 describentlos
2073 3987 2244 4040 locas-

660 4091 762 4147 set,
795 4095 850 4135 et
869 4079 937 4135 de
962 4079 1164 4146 Poetis,
1184 4095 1316 4149 quos
1339 4078 1652 4149 praelegeret
1678 4079 1880 4149 pueris,
1911 4076 2051 4131 ridet
2076 4077 2245 4148 magis

658 4187 818 4243 quam
848 4170 1063 4237 refellit,
1093 4169 1272 4226 utrisu
1298 4171 1471 4240 potius
1488 4186 1645 4241 quam
1671 4171 2014 4226 excusatione
2032 4169 2245 4240 dignam

663 4263 1094 4318 criminationem
1131 4262 1415 4331 significet.
1440 4260 1583 4316 Nihil
1613 4262 1791 4332 itaque
1820 4261 1964 4316 aliud
2008 4261 2247 4316 narratio

661 4355 749 4409 illa
784 4354 1028 4418 visionis,
1051 4363 1144 4408 aut
1166 4353 1359 4408 somnii
1393 4354 1676 4424 signiﬁcat,
1705 4368 1887 4423 quam,
1915 4353 2153 4407 dimissis
2180 4352 2248 4406 ab

662 4463 729 4501 eo
755 4457 993 4514 tempore
1012 4445 1304 4502 Gentilium
1332 4445 1670 4516 Scriptorum
1723 4447 2090 4511 monimentis,
2131 4446 2249 4516 qui-

665 4538 766 4591 bus
796 4538 1026 4590 maxime
1048 4537 1219 4592 fuerat
1249 4553 1487 4608 eousque
1516 4538 1833 4602 delectatus,
1866 4547 2033 4593 totum
2063 4554 2122 4600 se
2146 4537 2248 4595 Sa-

666 4643 876 4684 crarum
904 4625 1304 4696 Scripturarum
1338 4630 1538 4695 studio,
1569 4645 1792 4699 quarum
1822 4631 1922 4685 sibi
1947 4641 2106 4686 antea
2138 4645 2252 4686 ser-

666 4736 758 4776 mo
782 4718 1013 4774 incultus
1032 4717 1319 4784 sordebat,
1353 4718 1671 4784 devovisse,
1723 4731 1780 4774 ut
1825 4721 1936 4791 jam
1978 4722 2251 4778 saecularis

665 4812 980 4870 eruditionis
999 4811 1221 4866 minime
1241 4811 1487 4880 cupidus,
1519 4827 1641 4881 qua:
1664 4813 2013 4868 nihiloseeius
2033 4815 2101 4870 de
2130 4815 2253 4869 illo-

669 4918 786 4957 rum
817 4902 1035 4972 scriptis
1063 4900 1408 4972 proferebat,
1456 4901 1908 4972 quemadmodum
1963 4905 2253 4975 reSpondet

669 4995 786 5064 ipse
813 4994 1032 5050 Ruftino
1086 4994 1354 5065 (ibidem),
1397 4993 1467 5049 ob
1493 4995 1806 5051 memoriam
1832 5012 2019 5054 eorum
2046 4998 2254 5066 profer-

669 5093 772 5149 ret,
821 5100 941 5155 qua:
981 5085 1187 5155 pridem
1217 5085 1453 5157 legerat,
1502 5087 1722 5141 omnino
1757 5096 1934 5142 autem
1961 5103 2022 5142 ea
2055 5087 2255 5142 faceret

671 5175 736 5228 ad
768 5177 1080 5231 ancillarum
1104 5179 1272 5231 instar
1296 5190 1474 5231 rerum
1497 5175 1794 5231 divinarum
1823 5177 2142 5248 expositioni
2176 5179 2256 5232 in-

671 5267 894 5321 servire.
923 5267 1065 5324 Nulli
1095 5280 1272 5324 autem
1304 5267 1662 5337 commodius,
1713 5283 1871 5338 quam
1899 5269 2021 5324 huic
2047 5279 2255 5340 tempe-

673 5357 800 5410 stati
831 5372 985 5425 posse
1009 5359 1241 5415 diximus
1270 5358 1667 5413 abdicationem
1694 5358 1838 5412 illam
1878 5359 1946 5413 ab
1989 5357 2255 5426 Ethnicis,

678 5447 1063 5518 transitumque
1085 5451 1150 5504 ad
1180 5448 1583 5506 Ecclesiasticas
1610 5450 1815 5506 litteras
1842 5451 2096 5508 adscribi.

2919 384 3143 449 CAPUT
3176 391 3241 448 Χ.

2287 532 2329 588 ἰ.
2379 531 2564 588 Scribit
2627 528 2795 583 Vitam
2822 528 3001 586 Sancti
3024 525 3182 581 Pauli
3215 526 3473 581 Eremitir.
3517 527 3584 584 ιι.
3610 527 3878 598 Epistolas

2363 637 2558 693 quoque
2576 619 2644 673 ad
2672 619 2912 672 diversos.
2947 617 3031 672 lli.
3064 616 3131 670 Et
3162 616 3579 672 Exhortatoriam
3600 621 3670 673 ad
3698 619 3879 675 Helio-

2367 714 2571 769 dorum.

2369 849 2410 905 l.
2452 847 2754 904 Solitudin‘e
2783 845 3000 901 vixdum
3034 854 3269 914 arrepta,
3304 845 3434 901 nihil
3463 847 3740 916 proposito
3785 861 3886 903 suo

2293 953 2720 1000 Consentaneum
2747 941 2914 1010 magis
2940 939 3299 1012 Hieronymus
3327 942 3674 1007 existimavit,
3722 956 3887 1012 quam

2301 1035 2677 1106 insigniOribus
2707 1033 2824 1102 ejus
2860 1031 2994 1086 Vita.-
3018 1033 3281 1100 exemplis
3305 1033 3525 1087 incitare
3551 1033 3793 1090 animum
3819 1034 3888 1089 ad

2301 1126 2634 1183 imitandum.
2661 1126 2812 1181 Fecit
2836 1125 3012 1194 itaque
3038 1125 3247 1179 initium
3273 1125 3344 1180 ab
3371 1126 3669 1181 enarranda
3699 1126 3890 1182 Sancti

2303 1219 2453 1274 Pauli
2485 1219 2628 1284 Vita,
2655 1234 2684 1274 a
2715 1229 2822 1287 quo
2844 1218 3072 1286 primum
3092 1232 3304 1273 eremus
3326 1218 3549 1274 habitari
3579 1229 3752 1290 empta
3783 1231 3888 1288 est,

2304 1310 2502 1380 quique
2531 1309 2647 1378 ejus
2687 1308 2917 1362 instituti
2939 1310 3060 1376 jure
3088 1309 3389 1378 meritoque
3417 1319 3605 1365 auctor
3633 1311 3790 1382 longe
3811 1312 3892 1367 in-

2305 1399 2644 1470 signissimus
2667 1398 2918 1452 habetur.
2948 1397 3017 1452 Et
3045 1400 3273 1466 pritnum
3303 1400 3518 1470 quidem
3542 1402 3720 1458 locum
3753 1403 3894 1459 inter

2307 1490 2626 1559 scriptiones
2655 1504 2780 1544 suas
2807 1503 2994 1544 omnes
3024 1488 3146 1544 huic
3169 1490 3356 1544 tribuit
3395 1491 3447 1545 in
3475 1507 3694 1547 suorum
3733 1493 3892 1550 Cata-

2312 1583 2436 1652 logo
2460 1597 2708 1652 operum,
2733 1583 2783 1636 in
2813 1596 2920 1651 quo
2947 1583 3319 1638 concinnando
3345 1585 3605 1640 rationem
3637 1588 3896 1656 temporis

2313 1674 2584 1737 habuisse,
2616 1674 2746 1727 nihil
2778 1673 2907 1727 mihi
2957 1674 3174 1728 dubium
3218 1685 3301 1730 est
3335 1693 3348 1729 :
3388 1677 3514 1746 quin
3555 1678 3716 1732 etiam
3746 1689 3898 1735 antc-

2314 1767 2465 1836 ponit
2486 1765 2739 1835 Epistulae
2769 1764 2835 1818 ad
2863 1765 3228 1831 Heliodorum,
3259 1783 3416 1836 quant
3456 1767 3555 1822 sub
3580 1769 3788 1824 initiunt
3812 1785 3900 1824 so-

2316 1849 2556 1904 litudinis
2602 1849 2779 1903 datam
2814 1849 3008 1920 liquet,
3037 1859 3092 1905 et
3120 1850 3299 1905 libello
3326 1851 3680 1921 EpiStularutn
3710 1851 3779 1908 ad
3811 1869 3900 1908 vae

2317 1942 2448 2006 rios,
2477 1941 2543 1996 de
2563 1955 2672 2011 quo
2701 1957 2824 1995 mox
2847 1940 3106 1995 dicemus.
3140 1941 3285 1996 Adeo
3298 1953 3632 2013 compertum
3652 1945 3776 2000 hinc
3795 1953 3898 2009 est,

2317 2051 2499 2091 errare
2525 2050 2642 2101 eos,
2673 2035 2764 2104 qui
2792 2035 2936 2088 illam
2983 2033 3292 2090 existimant
3341 2037 3593 2106 scriptam
3623 2037 3900 2106 aliquanto

2319 2138 2595 2199 postquam
2624 2136 2688 2184 ex
2711 2127 2880 2197 Syria:
2905 2143 3090 2183 eremo
3133 2128 3192 2183 S.
3239 2129 3440 2184 Auctor
3491 2131 3710 2186 exisset.
3745 2130 3903 2188 Falsa

2322 2237 2512 2293 nempe
2543 2223 2771 2278 lectione
2792 2223 2907 2292 ejus
2934 2223 3048 2278 loci
3077 2223 3284 2292 decepti
3315 2232 3461 2288 sunt,
3490 2239 3647 2294 quam
3674 2237 3774 2280 nos
3798 2227 3906 2295 pri-3

2322 2313 2444 2370 dem
2469 2329 2571 2384 Ope
2606 2313 2849 2369 codicum
2882 2315 3443 2384 prmstantissimo‘rum
3473 2316 3903 2384 etnettda‘vimus,

2326 2408 2414 2462 ubi
2448 2422 2543 2477 pro
2573 2407 2756 2460 vidisse
2781 2412 2877 2472 tne,
2906 2416 2962 2461 et
3001 2406 3124 2461 itiin
3147 2447 3163 2473 ,
3206 2417 3252 2461 et
3280 2408 3672 2474 sustentabatur,
3724 2409 3777 2464 in
3828 2409 3907 2464 in-

2325 2501 2485 2556 stanti
2516 2501 2908 2570 rescripsimus,
2932 2500 3119 2566 videre,
3153 2501 3269 2554 vivit
3315 2511 3364 2556 et
3410 2509 3743 2556 sustentatur.
3777 2501 3907 2573 Ejus

2323 2593 2570 2649 meminit
2613 2593 2672 2649 S.
2707 2595 2864 2648 Pater
2892 2595 3051 2649 etiam
3083 2594 3135 2648 in
3163 2594 3430 2649 Chronico
3481 2595 3546 2650 ad
3590 2610 3790 2652 annum
3843 2598 3908 2654 l9

2327 2685 2658 2752 Constantii,
2693 2685 2783 2740 ubi
2815 2699 2876 2741 se
2904 2687 2978 2738 ait
3009 2685 3167 2739 Pauli
3212 2685 3412 2741 Tlteb'cei
3455 2690 3644 2742 exitum
3679 2688 3818 2744 brevi
3843 2692 3910 2745 li-

2329 2779 2459 2833 bello
2498 2777 2779 2849 explicasse
2807 2794 2824 2831 :
2861 2793 3065 2847 nosque
3087 2779 3280 2832 iterum
3307 2780 3629 2834 mentionem
3658 2779 3911 2837 faciemus

2329 2871 2489 2941 paulo
2517 2878 2655 2940 post,
2702 2885 2823 2924 cum
2865 2869 3160 2940 Epistolam
3201 2870 3268 2924 ad
3302 2871 3520 2925 Paulum
3551 2870 3913 2928 Concordieu-

2331 2978 2446 3018 sem
2474 2962 2892 3018 recensebimus.-

2408 3055 2470 3110 ll.
2523 3054 2744 3112 Interim
2778 3069 2899 3109 cum
2941 3053 3260 3110 Hcliodbrtts
3298 3055 3594 3126 Aquileiam
3630 3056 3874 3112 rediissct
3897 3095 3912 3121 ,

2335 3147 2511 3221 deque
2530 3146 2843 3216 Hieronymi
2866 3146 3047 3211 rebus,
3067 3161 3131 3201 ac
3153 3156 3342 3202 sancto
3365 3147 3637 3216 proposito
3658 3149 3915 3202 certiores

2336 3239 2539 3294 amicos
2570 3237 2806 3302 fecisset,
2833 3237 3032 3293 dedere
3062 3238 3146 3292 isti
3178 3238 3243 3292 ad
3274 3253 3398 3292 eum
3428 3237 3638 3293 litteras
3667 3257 3681 3292 :
3712 3247 3766 3294 et
3799 3254 3916 3294 cum

2341 3330 2531 3399 primis
2557 3328 2903 3384 Clu-ornatius
2939 3338 3100 3399 atque
3147 3328 3408 3384 Eusebius
3440 3328 3608 3384 frater
3645 3345 3751 3385 una
3797 3346 3915 3385 cum

2341 3421 2534 3476 Jovino
2564 3421 2739 3474 amico
2764 3461 2778 3485 ,
2808 3420 2898 3490 qui
2925 3429 2981 3474 et
3003 3419 3071 3473 de
3101 3419 3242 3472 illius
3271 3433 3459 3474 sorore
3489 3421 3749 3475 nonnulla
3779 3432 3920 3477 retu-

2343 3511 2477 3577 lere,
2509 3526 2632 3580 qua:
2664 3519 2840 3564 tamen
2868 3511 2981 3580 ipse
3005 3508 3278 3578 aliquanto
3306 3516 3464 3562 antea
3485 3510 3554 3564 ab
3572 3509 3786 3566 Juliano
3807 3511 3923 3565 Diaa

2341 3616 2480 3657 cono
2509 3600 2854 3671 Aquileiense
2893 3600 3198 3655 resciverat.
3230 3600 3322 3654 lla:
3366 3601 3558 3656 littera:
3588 3603 3921 3658 Antiochiam

2347 3693 2572 3762 perlata:
2593 3733 2607 3753 .
2641 3691 2855 3761 Evagrii
2885 3691 3160 3761 diligentia
3183 3731 3198 3757 ,
3229 3689 3556 3762 Hieronymo
3576 3691 3687 3763 jam
3717 3693 3774 3748 in
3797 3695 3926 3748 soli-

2349 3786 2534 3840 tudine
2564 3784 2781 3854 degenti
2812 3785 3142 3840 transmissa:
3164 3793 3309 3838 sunt.
3345 3784 3394 3838 is
3421 3799 3548 3855 ergo
3575 3784 3792 3840 Juliauo
3815 3789 3926 3857 pri-

2346 3893 2516 3944 mum,
2536 3879 2626 3948 qui
2655 3877 2800 3947 prior
2820 3878 2888 3930 de
2903 3891 3092 3931 sorore
3110 3877 3176 3931 ad
3200 3877 3475 3932 meliorem
3494 3878 3698 3949 frugem
3714 3893 3927 3934 reversa

2349 3969 2676 4038 scripserat,
2706 3966 2854 4021 dedit
2881 3966 3176 4036 Epistolam
3209 3969 3260 4021 in
3289 3975 3467 4021 nostra
3497 3967 3816 4024 recensione
3841 3969 3926 4023 Vl.

2349 4060 2508 4115 enixe
2537 4074 2734 4131 rogans
2753 4068 2812 4114 ut
2830 4059 3076 4115 eamdem
3096 4059 3291 4129 quibus
3313 4069 3488 4129 potest
3508 4060 3670 4114 rebus
3692 4059 3928 4130 adjuvet,

2350 4165 2516 4223 seque
2543 4151 2610 4206 de
2635 4153 2906 4206 communi
2940 4151 2992 4206 in
3022 4150 3237 4206 Christo
3282 4151 3448 4221 gloria
3493 4152 3697 4207 crebris
3744 4153 3933 4208 reddat

2354 4242 2698 4299 sermonibus
2716 4243 2994 4298 laetiorem.
3012 4241 3147 4296 Tum
3167 4241 3233 4296 ad
3247 4241 3636 4306 Chromatium,
3658 4243 3928 4309 Jovinutn,

2355 4343 2516 4404 atque
2555 4333 2843 4388 Eusebium
2874 4334 3116 4388 scribens
3139 4334 3427 4404 Epistulam
3461 4332 3571 4388 Vll.
3614 4334 3834 4401 Bonosi,
3869 4337 3936 4391 de

2354 4439 2462 4493 quo
2491 4423 2589 4494 ipsi
2619 4425 2780 4478 etiam
2807 4423 3156 4493 scripserant,
3180 4422 3367 4479 Iaudes
3395 4423 3670 4489 admiscet,
3704 4425 3938 4497 itemque

2358 4529 2602 4570 sororem
2633 4529 2784 4569 suam
2805 4555 2819 4579 ,
2853 4530 2973 4584 quae
3018 4515 3190 4571 bonos
3230 4515 3280 4569 in
3313 4516 3482 4584 patria
3514 4515 3800 4586 magistros
3830 4534 3938 4572 non

2359 4605 2599 4673 haberet,
2615 4607 2722 4662 illis
2738 4607 3098 4662 commendat.
3116 4606 3483 4675 iiisadjecisse
3497 4606 3854 4664 videtuerll.
3877 4612 3940 4665 ad

2358 4699 2588 4754 Nicaeam
2623 4699 3058 4770 llypodiaconum
3087 4700 3486 4768 Aquileiensent
3517 4711 3748 4754 veterem
3780 4703 3943 4758 soda-

2359 4791 2486 4853 lem,
2510 4806 2572 4845 ac
2597 4791 3042 4860 peregrinationis
3061 4805 3171 4845 sum
3194 4789 3446 4846 comitem
3467 4829 3483 4857 ,
3505 4790 3616 4860 jant
3639 4791 3693 4845 in
3717 4795 3945 4860 patriam

2361 4898 2663 4954 regreSsum
2686 4882 2811 4952 (Tu,
2835 4887 2980 4938 enim
3001 4883 3188 4952 inquit,
3215 4885 3364 4938 modo
3384 4901 3415 4936 a
3436 4884 3576 4937 trabis
3595 4883 3790 4947 abiens,
3814 4887 3946 4952 etc.)

2361 4991 2595 5045 eumque
2627 4985 2684 5028 ut
2713 4973 2780 5028 ad
2809 4989 2868 5028 se
2911 4974 3199 5043 aliquando
3226 4976 3461 5040 scribat,
3492 4974 3740 5046 exemplo
3771 4974 3946 5031 Chro~

2361 5065 2535 5130 ntatii,
2565 5073 2723 5134 atque
2747 5063 2964 5118 Eusebii
2991 5064 3239 5128 fratrum,
3267 5063 3526 5120 hortatur.
3549 5062 3631 5120 Ex
3659 5078 3766 5134 quo
3787 5065 3943 5120 colli-

2364 5171 2482 5226 gas,
2513 5155 2650 5210 hanc
2678 5159 2800 5224 post
2827 5164 3080 5225 acceptas
3107 5155 3175 5210 ab
3198 5155 3303 5210 illis
3325 5157 3506 5210 literas
3531 5157 3941 5226 perscripsisse;

2364 5246 2742 5319 perscripsisse
2784 5256 2963 5301 autem
3002 5247 3189 5303 eadem
3221 5247 3510 5302 occasione
3532 5289 3545 5312 ,
3576 5263 3680 5319 qua
3713 5248 3820 5303 illis
3861 5262 3946 5302 re-

2362 5337 2598 5408 spoadit.
2617 5336 2821 5392 Eodem
2846 5347 3087 5409 tempore
3103 5337 3248 5393 dedit
3264 5350 3318 5393 et
3341 5337 3429 5394 IX.
3455 5337 3522 5393 ad
3543 5335 3946 5410 Chrysogonum

2365 5429 2685 5484 Monachum
2714 5432 3140 5502 Aquileiensem,
3166 5445 3323 5500 quem
3350 5431 3600 5487 similiter
3621 5431 3690 5486 ad
3715 5431 3954 5486 scriben-

2365 5521 2493 5574 dum
2525 5519 2590 5574 ad
2622 5536 2680 5575 se
2706 5523 2906 5576 excitat
2930 5540 2944 5578 :
2966 5531 3020 5576 et
3045 5521 3118 5576 Χ.
3146 5520 3210 5574 ad
3239 5520 3463 5575 Paulum
3499 5536 3683 5576 senem
3716 5521 3953 5576 Concor-

2366 5613 2469 5666 dia:
2515 5612 2677 5681 (quod
2719 5621 2835 5677 est,
2870 5623 2924 5667 ut
2965 5613 3098 5666 alias
3139 5611 3370 5666 diximus
3394 5653 3409 5677 ,
3456 5621 3512 5666 et
3550 5627 3616 5666 ne
3644 5611 3771 5682 quid
3804 5612 3948 5665 adliu

2373 5716 2494 5756 cum
2529 5697 2764 5756 Victorio
2791 5713 2966 5760 Dutcs.
2997 5700 3298 5765 Aquileiam
3327 5700 3488 5759 inter.
3519 5709 3680 5758 atoue
3713 5701 3954 5756 Altinmu
