4048 6192
175 284 237 338 53
1440 279 1497 330 s.
1542 259 1914 330 uttzuoxt'ut
1958 260 2138 330 vna.
3370 265 3439 338 ει

178 415 276 450 non
303 394 538 467 ignobile
564 378 724 450 Italia:
749 387 1024 463 oppidum)
1059 391 1124 446 ad
1157 406 1315 462 quem
1347 390 1550 445 interea
1577 389 1748 443 ador-

178 500 347 541 natam
377 486 476 539 abs
516 501 573 540 se
613 501 800 540 recens
830 485 1004 540 Vitam
1051 484 1233 538 Sancti
1272 483 1420 537 Pauli
1455 481 1746 546 Eremittn,

175 596 327 652 quam
359 579 522 633 modo
551 579 954 641 recensuimus,
997 578 1142 632 dono
1181 577 1362 630 ntittit.
1402 575 1530 642 Qua:
1563 572 1750 627 subse-

174 682 408 741 quuntur
437 680 567 734 tres,
589 670 653 724 ad
680 670 922 739 Virgines
943 667 1321 732 Eunonenses,
1345 666 1410 719 ad
1433 665 1743 728 Antonium,

174 772 223 814 et
244 760 309 813 ad
333 759 668 814 Castorinam
691 759 882 812 eodem
906 757 1134 812 fortasse
1152 771 1316 820 anno,
1334 755 1426 810 scd
1445 756 1545 808 alia
1570 763 1746 807 tamen

174 851 450 906 occasione
470 892 484 915 ,
516 861 569 904 et
597 850 875 918 aliquanto
905 858 1026 919 post
1067 849 1372 918 superiores
1402 847 1543 901 data:
1575 845 1744 900 videri

174 951 412 1012 possunt.
446 941 680 997 Dederat
704 943 902 1012 quippe
932 942 1036 995 illis
1060 950 1217 994 antea
1241 941 1422 1008 plures
1445 939 1598 1002 alias,
1624 937 1747 1007 qui-

175 1034 265 1087 bus
302 1033 639 1105 respondere
677 1049 800 1086 eum
844 1033 1242 1102 neglexissent,
1277 1031 1431 1085 valde
1469 1030 1746 1099 queritur,

173 1137 489 1194 rursumque
521 1123 624 1190 bis,
656 1134 708 1176 ut
739 1123 954 1177 demum
978 1115 1295 1184 rescribam,
1320 1119 1582 1174 hortatur.
1612 1118 1749 1171 Duas

171 1216 377 1284 priores
426 1215 570 1286 quod
615 1224 866 1286 spectat,
899 1224 1115 1268 notatus
1158 1214 1385 1284 primum
1416 1211 1572 1265 nobis
1599 1219 1751 1263 vetus

173 1307 276 1371 ille,
310 1317 370 1360 et
394 1309 487 1376 qui
520 1307 780 1360 hactenus
809 1305 1034 1358 invaluit
1061 1303 1199 1372 apud
1227 1303 1497 1366 Editores,
1526 1315 1590 1354 ac
1619 1299 1752 1352 Vita:

167 1397 607 1469 IIicronymiaua:
623 1397 927 1468 Scriptores
948 1410 1158 1463 omnes,
1183 1394 1454 1450 cavendus
1478 1402 1560 1448 est
1581 1407 1752 1447 error.

173 1490 549 1544 flermouea‘ses
578 1491 721 1544 enim
758 1489 1002 1558 Virgines
1033 1489 1168 1553 istte,
1187 1498 1246 1542 ttt
1271 1496 1325 1542 et
1349 1487 1612 1541 Antonius
1640 1485 1753 1540 Mos

167 1583 366 1636 uachus
391 1579 755 1634 llermonensis
771 1581 1158 1644 scribebantur,
1189 1591 1235 1633 et
1261 1593 1576 1647 persuasum
1596 1577 1752 1644 vulgo

163 1682 271 1726 erat
298 1715 313 1738 ,
346 1685 444 1725 eos
483 1672 534 1724 itt
569 1670 798 1724 Ilermon
839 1671 1136 1724 Paltcstitue
1174 1681 1409 1724 montem
1456 1670 1614 1723 vitam
1658 1668 1751 1720 de-

163 1766 322 1833 gisse.
352 1762 702 1818 Ostendimus
730 1773 907 1816 autem
936 1777 1031 1815 nos
1058 1762 1175 1816 Iuce
1205 1761 1498 1816 meridiana
1524 1760 1742 1822 clarius,

159 1855 320 1924 idque
349 1856 511 1910 etiam
539 1854 755 1922 optione
799 1861 936 1905 notze
963 1851 1204 1906 codicutn
1235 1852 1550 1905 auctoritate
1579 1850 1744 1904 evici‘

159 1962 302 2011 mus,
329 1944 732 2000 rescribendum
761 1934 1117 2008 Emonenses,
1141 1952 1195 1998 et
1220 1957 1553 2013 nequaquam
1582 1955 1740 1996 mon-ﬁ

167 2049 272 2094 tem
291 2039 614 2103 PalmStinm,
637 2038 688 2090 in
711 2054 810 2107 qua
837 2037 1068 2090 nondum
1093 2046 1335 2091 versatus
1359 2035 1531 2090 fuerat
1552 2035 1610 2089 S.
1638 2035 1742 2088 Pa-

167 2143 279 2198 ter,
309 2132 403 2187 sed
435 2131 621 2185 urbem
648 2130 751 2184 dici
785 2131 834 2182 in
865 2129 1028 2184 Italizc
1061 2129 1254 2184 finibus
1284 2145 1388 2182 non
1423 2129 1740 2198 ignobilem,

167 2223 440 2278 Emonam
465 2264 480 2289 ,
509 2225 622 2276 sive
655 2221 939 2276 "emanant
966 2265 980 2287 ,
1009 2223 1244 2293 antiquis
1271 2222 1602 2291 Geograpltis
1629 2222 1745 2275 latt-

170 2317 369 2382 datam,
401 2316 501 2370 sub
526 2315 723 2371 Norico
755 2316 1042 2370 Pannonia:
1066 2357 1081 2380 ,
1112 2326 1168 2371 et
1197 2329 1354 2386 quam
1385 2316 1604 2368 intoluit
1635 2316 1748 2383 ipse

168 2407 472 2477 aliquandiu
494 2449 510 2475 ,
540 2417 724 2478 utpote
755 2409 940 2477 patria:
968 2423 1080 2462 suae
1113 2407 1348 2462 Stridoni
1373 2449 1387 2468 ,
1419 2416 1478 2460 ut
1504 2406 1744 2473 videtur,

165 2500 575 2554 conterminam.
593 2499 794 2565 Altera,
809 2499 924 2553 sive
939 2498 1076 2552 XIII.
1093 2513 1213 2569 qme
1233 2509 1316 2552 est
1334 2498 1398 2552 ad
1411 2498 1746 2553 Castorinant

168 2599 512 2646 materteram
544 2598 663 2660 post
687 2605 886 2644 annum
916 2590 1038 2643 data
1067 2599 1151 2644 est
1178 2605 1204 2640 a
1233 2589 1411 2657 priore
1435 2589 1560 2655 alia,
1588 2604 1745 2660 quant

168 2681 229 2736 ad
275 2698 397 2738 eam
427 2683 718 2754 scripserat
750 2683 1043 2754 (intercidit
1074 2682 1275 2753 autem)
1305 2691 1360 2735 ttt
1395 2681 1522 2736 illud
1565 2683 1748 2736 nescio

163 2776 286 2846 quid
315 2776 463 2846 quod
493 2791 615 2832 cum
644 2791 705 2830 ea
732 2775 994 2830 habuerat
1020 2775 1248 2842 dissidii,
1277 2785 1624 2845 componeret
1649 2817 1663 2842 ,
1692 2785 1748 2830 et

171 2868 236 2921 ad
264 2883 478 2938 pacem,
510 2883 668 2936 quam
697 2868 749 2921 in
782 2868 879 2921 hac
909 2867 1085 2922 denuo
1114 2879 1230 2922 orat
1255 2911 1270 2934 ,
1298 2869 1747 2938 concordiamque

163 2959 442 3015 invitaret.
477 2959 605 3014 Visa
635 2959 771 3013 adeo
801 2969 882 3013 est
912 2971 1178 3029 poSIrema
1209 2976 1274 3014 ex
1303 2960 1386 3014 his
1410 2977 1529 3030 qua:
1555 2976 1743 3027 supera

163 3060 300 3116 sunt,
324 3061 386 3106 et
413 3066 535 3121 qum.
563 3049 910 3118 Epistolarum
933 3051 1001 3102 ad
1021 3050 1243 3105 diuersos
1270 3051 1519 3114 libellum,
1551 3059 1606 3104 ttt
1635 3052 1748 3121 ipse

161 3153 310 3199 vocat
341 3142 710 3213 Hieronymus
742 3142 792 3195 in
821 3141 1098 3211 Catalogo,
1128 3141 1506 3196 conficiebant.

225 3237 312 3292 III.
338 3235 604 3292 Succedit
633 3227 714 3288 his
741 3236 840 3289 sub
869 3234 1120 3303 peettliari
1148 3235 1461 3288 recensione
1483 3234 1551 3287 ad
1578 3233 1749 3287 Helio-

161 3329 337 3383 dorum
371 3326 735 3383 exhortatoria
759 3367 774 3392 ,
823 3342 943 3395 qtue
988 3340 1149 3379 omne
1195 3326 1314 3378 tulit
1350 3326 1562 3396 pietatis
1593 3335 1750 3395 atque

160 3420 489 3489 eruditionis
521 3427 798 3487 punctum.
838 3411 1062 3470 Videtur
1102 3417 1261 3471 etiam
1307 3415 1470 3470 fuisse
1499 3420 1750 3486 temporis

160 3511 531 3581 prxrogativa
573 3507 847 3562 nonnullis
884 3522 949 3562 ex
983 3507 1142 3560 modo
1175 3508 1452 3560 recensitis
1497 3507 1751 3576 Epistolis

160 3601 501 3671 przeferenda
535 3620 548 3654 :
583 3600 843 3670 siquidem
890 3599 1069 3653 Statim
1113 3599 1180 3651 ab
1214 3609 1424 3670 arrepta
1465 3599 1750 3654 solitudine

159 3696 407 3765 scriptam
444 3709 512 3747 se
541 3691 758 3758 prodit;
800 3690 893 3745 sed
935 3690 1037 3744 huc
1067 3705 1184 3744 eam
1228 3690 1428 3745 referre
1468 3692 1750 3761 singularis

158 3787 338 3840 titulus
384 3784 585 3855 cogit,
617 3793 776 3853 atque
806 3781 938 3836 ordo
966 3795 1124 3851 quem
1158 3781 1208 3833 itt
1241 3781 1492 3851 Catalogo
1520 3781 1747 3836 obtinet.

156 3876 351 3932 Abiens
383 3876 456 3931 ab
501 3875 828 3944 Hieronymo
860 3872 1200 3935 Heliodorus,
1233 3880 1291 3925 ut
1320 3872 1478 3942 paulo
1507 3875 1750 3942 superius

155 3972 451 4033 innuimus,
487 3983 646 4039 Spem
672 3967 745 4020 illi
778 3966 1072 4036 reliquerat
1104 3963 1237 4030 fore,
1271 3973 1328 4018 ιιι
1360 3973 1634 4034 postquam
1662 3981 1750 4020 rc-

158 4061 249 4117 bus
273 4061 608 4118 domesticis
631 4060 684 4112 itt
710 4060 877 4128 patria
901 4057 1279 4122 censulnisset,
1309 4056 1360 4110 in
1389 4057 1749 4124 solitudinem,

157 4157 203 4208 in
230 4172 332 4226 qua
365 4166 503 4210 tunc
530 4152 766 4208 detineri
801 4150 1058 4220 prepositi
1091 4150 1272 4204 socius
1301 4166 1406 4204 non
1441 4152 1628 4219 potuit,
1663 4165 1754 4219 pe-

155 4247 271 4302 dem
303 4247 570 4303 referret.
615 4244 754 4311 Quin
783 4242 945 4298 etiam
988 4242 1161 4312 ipsum
1195 4253 1475 4313 rogaverat
1501 4285 1516 4307 ,
1545 4253 1601 4296 ιιι
1631 4256 1751 4297 cum

154 4354 392 4393 eremum
423 4345 818 4407 penetrasset,
849 4350 910 4388 ca
940 4350 1102 4404 super
1131 4348 1188 4389 re
1218 4334 1566 4388 hortatoriam
1598 4333 1662 4387 ad
1695 4348 1754 4389 se

158 4429 452 4497 Epistulam
506 4427 800 4482 scriberet.
845 4425 992 4479 IIanc
1038 4425 1216 4494 itaque
1253 4423 1312 4479 S.
1342 4423 1500 4478 Pater
1527 4424 1754 4478 Calcidis

154 4520 359 4576 deserta
392 4519 627 4575 vixdum
657 4518 951 4586 ingressus,
981 4515 1474 4586 cloqttentissimam
1500 4516 1753 4569 adhorta-

155 4614 387 4678 tionem,
433 4607 905 4681 quemadmodum
951 4607 1253 4662 discedenti
1300 4607 1658 4673 promiserat,
1686 4604 1753 4660 ad

152 4718 264 4756 cum
295 4703 450 4757 misit
477 4719 493 4755 :
520 4700 583 4754 in
611 4713 714 4769 qua
736 4697 871 4754 Vita:
891 4699 1182 4752 eremitica'.
1203 4697 1587 4752 beatitudinem
1613 4713 1752 4768 pnn-

149 4793 354 4858 dicans,
388 4792 535 4846 nihil
571 4790 674 4844 sibi
703 4791 754 4844 in
778 4805 844 4844 eo
874 4799 1188 4860 argumento
1213 4831 1228 4856 ,
1257 4790 1342 4844 vel
1372 4807 1434 4844 es
1467 4790 1752 4846 Rhetorica

149 4896 278 4955 arte,
302 4887 389 4940 vel
415 4900 488 4940 ex
514 4882 737 4953 pietatis
757 4882 921 4944 cultu,
942 4882 1243 4952 divinisque.
1259 4881 1473 4936 Litteris
1491 4882 1752 4951 reliquum

147 4974 296 5030 fecit.
328 4976 504 5029 Tanti
537 4973 779 5041 profecto
808 4973 942 5028 facta
974 4982 1083 5038 est,
1116 4988 1237 5029 cum
1269 4974 1564 5042 Aquileiam
1595 4983 1753 5044 atque

147 5064 194 5118 in
225 5062 527 5135 publicam
563 5063 733 5115 lucem
778 5064 962 5129 venit,
1003 5073 1060 5118 ut
1103 5064 1347 5118 certatim
1395 5065 1463 5117 ab
1503 5065 1753 5120 omnibus

148 5157 257 5224 ejus
284 5153 559 5224 exempla
599 5150 1066 5221 describerentur,
1102 5155 1300 5210 fuerint
1342 5157 1499 5210 etiam
1534 5156 1750 5222 Itonuc,

149 5251 229 5319 qui
258 5267 381 5306 eam
427 5245 766 5303 memoriter
794 5245 1097 5303 didicerint.
1129 5248 1259 5316 Ejus
1289 5263 1388 5302 nec
1431 5249 1596 5303 semel
1627 5249 1752 5304 alibi

149 5343 477 5396 mentionem
512 5339 578 5394 S.
619 5336 738 5405 ipse
779 5339 978 5391 Auctor
1009 5338 1153 5392 facit.
1190 5338 1507 5392 Ileliodorus
1530 5346 1708 5393 autem
1737 5379 1752 5403 ,

151 5447 259 5490 cum
287 5452 411 5491 eam
443 5431 707 5502 accepit,
743 5431 843 5484 etsi
877 5431 1110 5485 nondum
1142 5433 1192 5485 in
1222 5429 1376 5484 Clcro
1405 5439 1659 5497 mereret,
1690 5431 1755 5484 ad

151 5541 261 5582 eum
291 5542 474 5584 tamen
502 5528 642 5581 vitae
663 5522 914 5577 ordinem
943 5533 1178 5584 vocatus,
1214 5532 1271 5574 ttt
1292 5523 1344 5575 in
1371 5521 1581 5590 Syriam
1610 5521 1757 5576 redi-

159 5632 230 5677 ret
251 5665 265 5690 ,
294 5626 608 5696 impetrare
643 5618 721 5673 ah
749 5633 809 5672 se
842 5617 958 5685 ipso
999 5633 1102 5671 non
1133 5616 1306 5687 potuit
1333 5634 1346 5669 :
1376 5614 1469 5670 sed
1503 5611 1760 5668 Ecclesiae

159 5719 439 5776 ministerio
467 5718 726 5774 devotus
755 5752 769 5777 ,
803 5710 1074 5779 sacrisque
1107 5709 1446 5781 postmodum
1480 5705 1751 5774 initiatus,

1859 387 1924 440 ad
1956 385 2253 441 Altinensis
2295 386 2455 439 etiam
2504 387 2750 458 Episcopi
2800 389 3113 460 dignitatem
3156 407 3250 462 per
3278 392 3438 448 Chri-

1856 479 2190 546 stianarum,
2232 480 2572 551 maximeque
2618 482 2900 552 insignium
2946 485 3192 540 virtutum
3239 487 3436 557 gradus

1856 571 2138 639 processit.

2468 685 2697 744 CAPUT
2737 689 2826 743 XI.

1855 813 1895 867 1.
1929 814 2244 871 Antioc/tena
2287 817 2515 874 Ecclesia
2558 824 2710 875 trium
2753 825 2906 878 sinml
2953 825 3315 898 EpiscOpo'rum
3361 831 3437 904 fa.

1927 908 2174 962 ctionibus
2202 911 2446 980 agitatur.
2482 911 2546 965 ll.
2577 911 2808 980 Quarum
2833 932 3149 989 unaqanttc
3181 919 3439 993 Hierony-

1927 1012 2061 1049 mum
2101 999 2168 1051 ad
2208 1015 2263 1052 se
2298 1017 2474 1066 rapere
2511 1005 2784 1056 roruendit.
2830 1005 2920 1060 III.
2960 1005 3044 1061 Ex
3073 1009 3150 1062 Itis
3180 1009 3439 1066 Meletiuni

1929 1089 2079 1142 trium
2113 1092 2176 1144 ab
2206 1092 2295 1144 iilo
2337 1093 2671 1162 [typostaseou
2699 1099 3063 1165 professione»:
3096 1105 3434 1168 expostulata.

1928 1178 2016 1232 IV.
2049 1179 2236 1233 Scribit
2268 1181 2356 1234 ille
2382 1183 2449 1234 ad
2482 1183 2758 1237 Damasum
2786 1189 2958 1251 semel,
2989 1199 3138 1256 atque
3167 1193 3348 1245 iterum
3377 1211 3435 1246 ca

1931 1271 1994 1324 de
2017 1287 2090 1324 re.
2122 1272 2184 1324 ν.
2214 1271 2410 1327 Prioris
2438 1275 2683 1342 Epistolas
2710 1288 2902 1347 tempus
2927 1284 3166 1336 asseritur
3199 1295 3244 1338 et
3274 1286 3437 1339 uindi-

1932 1372 2095 1415 catur.
2127 1361 2216 1416 Vl.
2260 1362 2612 1420 Factiosorum
2653 1373 2955 1439 arrogantia.-
2997 1375 3172 1428 ccdere
3208 1378 3437 1437 coruunt.

1897 1493 1900 1497 λ
1931 1467 2017 1505 sus
2045 1451 2105 1506 S.
2133 1453 2447 1519 adolescens,
2480 1457 2544 1510 de
2583 1473 2748 1512 eremo
2777 1462 3051 1516 deserenda
3079 1466 3284 1536 caqitat.
3322 1466 3433 1522 VII.

1931 1540 2118 1595 Scribit
2147 1545 2214 1595 ad
2242 1544 2294 1596 Μ
2301 1562 2495 1599 arcum.

1927 1673 1966 1725 I.
1999 1674 2070 1728 Ea
2097 1686 2275 1731 mente
2303 1677 2661 1750 Hieronymus
2700 1696 2820 1738 sese
2857 1686 2909 1740 In
2947 1703 3009 1741 ea
3039 1688 3212 1760 Syrte
3251 1705 3434 1747 eremo

1852 1765 2144 1832 abdiderat,
2182 1778 2237 1820 ttt
2265 1769 2420 1840 longe
2452 1774 2656 1840 positus
2687 1789 2715 1827 a
2745 1778 2925 1832 smculi
2960 1779 3190 1847 insidiis,
3217 1794 3430 1838 contra-'-

1847 1865 1964 1909 ctas
1996 1872 2089 1927 per
2111 1860 2286 1914 mtatis
2316 1861 2715 1931 incogitantiam
2747 1868 2937 1923 sordes
2968 1869 3140 1926 imbre
3170 1873 3432 1944 lacryma-

1850 1962 1969 2002 rum
2012 1951 2238 2021 vitroque
2269 1955 2561 2023 asperitate
2596 1957 2918 2028 detergeret.
2952 1961 3146 2017 Verttm
3170 2006 3183 2025 ,
3218 1976 3273 2017 ttt
3318 1967 3432 2032 ipse

1851 2037 1918 2093 dc
1959 2056 2017 2095 se
2058 2051 2285 2098 testatur
2323 2036 2520 2116 (Epist.
2562 2045 2782 2114 XVII),
2833 2051 2902 2104 ita
2952 2063 3073 2106 eum
3124 2054 3434 2109 ittccsscbitis

1850 2130 2090 2185 inimicus
2121 2143 2232 2203 post
2262 2144 2456 2206 tergum
2481 2149 2720 2206 sequutus
2745 2149 2836 2204 est,
2865 2150 2920 2193 ut
2950 2145 3147 2212 majora
3175 2146 3226 2198 in
3255 2146 3434 2199 solitus

1851 2223 1971 2276 dine
1998 2223 2128 2277 bella
2144 2226 2258 2294 jaat
2283 2236 2574 2295 pateretur,
2603 2237 2784 2300 totque
2807 2230 3128 2288 factionibus
3149 2235 3435 2289 Antioche-

1855 2329 1938 2366 nze
1972 2314 2228 2370 Ecclesia:
2252 2348 2267 2382 ,
2297 2317 2396 2370 sub
2424 2318 2578 2387 cujus
2607 2319 2809 2375 ditione
2835 2330 2971 2389 erat,
3001 2323 3249 2393 agitatus,
3278 2328 3435 2385 satius

1853 2403 2078 2460 duceret
2106 2407 2240 2461 inter
2268 2408 2406 2478 feras
2434 2409 2661 2466 [cubitare
2683 2452 2698 2478 ,
2731 2427 2881 2479 quam
2919 2429 3034 2467 cum
3064 2416 3250 2469 talibus
3288 2416 3435 2470 Clui-

1853 2497 2051 2551 stiant's.
2082 2497 2230 2554 Facti
2262 2499 2506 2565 historia,
2530 2510 2588 2554 ut
2610 2503 2774 2570 probe
2804 2504 3146 2575 intelligatur,
3175 2507 3332 2576 paulo
3351 2517 3436 2564 cst

1851 2587 2012 2642 altius
2042 2590 2350 2658 repetenda.
2378 2591 2622 2648 Meletius
2647 2594 2964 2650 Arianorum
2991 2613 3174 2668 opera,
3200 2600 3295 2654 sed
3324 2617 3432 2656 non

1851 2679 1967 2733 sine
1995 2679 2390 2737 Catltolicorum
2413 2699 2603 2755 magna
2625 2700 2688 2741 es
2713 2696 2864 2756 parte
2893 2703 3178 2755 consensu,
3211 2707 3241 2744 c
3268 2692 3434 2747 Sebaa

1849 2779 2001 2824 steua
2042 2771 2168 2826 sede
2200 2774 2587 2830 Antiochenam
2633 2780 2922 2835 translatus
2946 2823 2962 2849 ,
2994 2797 3112 2836 cunt
3159 2785 3210 2837 in
3259 2785 3432 2852 printo

1849 2875 2010 2930 quem
2042 2862 2226 2917 habuit
2266 2866 2320 2918 in
2352 2865 2450 2918 ista
2482 2867 2718 2923 Ecclesia
2760 2885 3011 2926 sermone
3040 2871 3105 2926 ad
3139 2875 3389 2942 populum
3414 2913 3430 2939 ,

1849 2951 2112 3006 adversus
2141 2953 2464 3008 Arianorum
2494 2956 2688 3026 dogma
2717 2958 3046 3027 disputasset
3064 3001 3078 3025 ,
3113 2961 3340 3028 t'ejectus
3367 2963 3435 3016 ab

1853 3041 2120 3098 Itzcreticis
2147 3055 2230 3098 est
2254 3087 2268 3109 ,
2299 3050 2386 3114 qui
2418 3048 2674 3100 Euzoium
2725 3049 2778 3101 in
2809 3049 2925 3116 ejus
2957 3050 3132 3104 locum
3178 3051 3279 3104 sibi
3313 3052 3436 3121 Epi-b

1852 3147 2075 3201 scopum
2104 3135 2451 3190 suffecerunt.
2483 3136 2586 3190 Sed
2616 3146 2670 3191 et
2691 3136 2978 3192 Catholica:
2998 3142 3162 3208 partis
3191 3143 3435 3198 homines

1853 3239 1973 3278 cum
2005 3225 2150 3278 illum
2181 3228 2380 3279 scirent
2409 3227 2534 3280 olim
2563 3243 2683 3282 cum
2716 3229 2930 3284 Ariauis
2969 3232 3394 3290 communicasse
3416 3267 3432 3300 ,

1855 3326 1908 3370 et
1939 3317 2259 3372 Arianorum
2291 3319 2587 3388 prmsertim
2629 3320 2808 3375 favore
2844 3324 3070 3378 electum
3091 3366 3105 3390 ,
3138 3325 3206 3379 ab
3234 3329 3347 3395 ejus
3377 3341 3435 3382 se

1854 3411 2234 3465 communione
2263 3421 2581 3478 separarum
2607 3430 2622 3468 :
2652 3415 2884 3470 maxime
2916 3416 3250 3473 Eustathiani
3275 3459 3290 3483 ,
3321 3423 3435 3478 sive

1855 3501 2178 3556 nobiliarum
2207 3512 2380 3558 cattus
2405 3503 2800 3560 Catholicorum
2828 3546 2844 3570 ,
2875 3509 2963 3578 qui
2993 3510 3150 3565 nullis
3178 3522 3298 3582 post
3325 3514 3431 3569 Eu-

1856 3593 2111 3646 smtbiutn
2143 3593 2208 3646 ad
2240 3593 2506 3648 Meletium
2538 3612 2726 3668 usque,
2752 3599 2964 3653 Arianis
2989 3602 3286 3657 Antiochiae
3311 3605 3435 3674 Epi-

1853 3687 2034 3755 sc0pis
2059 3686 2356 3741 adlimSere.
2401 3687 2535 3744 IIuie
2565 3691 2706 3744 malo
2726 3732 2740 3756 ,
2773 3702 2830 3746 ut
2854 3694 3158 3750 mederetur
3182 3739 3196 3760 ,
3227 3698 3437 3753 Lucifer

1854 3778 2222 3844 Caralitanus,
2249 3781 2425 3850 magni
2461 3789 2585 3835 tunc
2618 3783 2868 3848 nominis,
2903 3796 3064 3854 atque
3101 3789 3434 3844 auctoritatis

1855 3871 2150 3940 Episcopus
2177 3913 2191 3934 ,
2237 3888 2431 3927 novum
2476 3888 2616 3927 anno
2669 3874 2774 3928 572
2805 3877 3101 3931 Antiochia:
3144 3879 3436 3934 antistitem

1857 3963 2060 4016 creavit
2084 3963 2366 4016 Paulinum
2395 4005 2408 4027 ,
2451 3962 2591 4018 bono
2617 3965 2797 4034 utique
2823 3968 3048 4020 consilio
3072 4009 3086 4032 ,
3120 3978 3176 4023 ut
3205 3968 3439 4025 scbisma

1857 4056 2170 4111 suuolleret
2196 4097 2208 4118 ,
2239 4056 2332 4110 Sed
2362 4057 2504 4126 quod
2536 4057 2757 4113 minime
2786 4074 2816 4113 e
2846 4061 3110 4114 sententia
3155 4063 3438 4116 successit.

1858 4147 2010 4202 Tunc
2035 4147 2180 4200 enim
2209 4157 2406 4215 praeter
2432 4148 2754 4202 Arianorum
2796 4149 3077 4206 factionem
3105 4153 3158 4207 in
3187 4153 3320 4207 duas
3350 4171 3442 4208 ve-

1859 4238 1952 4291 luti
1996 4249 2174 4306 partes
2219 4238 2383 4291 scissa
2435 4246 2516 4291 est
2561 4240 2807 4293 universa
2850 4241 3108 4296 Ecclesia.
3143 4242 3334 4298 Oriens
3371 4245 3439 4300 ad

1859 4328 2056 4384 Meletii
2072 4327 2502 4383 communionem
2521 4343 2580 4381 se
2599 4330 2818 4396 recepit,
2839 4333 3067 4386 maxime
3085 4345 3201 4401 post
3214 4335 3412 4391 Alexau
3428 4369 3444 4382 -

1859 4422 2070 4476 driuam
2117 4419 2430 4491 Synodum,
2474 4435 2593 4490 qua:
2641 4421 2934 4490 repudiatis
2975 4423 3189 4493 quidem
3228 4428 3440 4484 Ariamn

1862 4515 2130 4568 Iucreseos
2173 4514 2481 4567 auctoribus
2523 4528 2585 4567 ac
2629 4514 2946 4586 primipilis,
2988 4517 3124 4573 alios
3165 4523 3349 4576 statuit
3388 4523 3439 4578 in

1860 4605 2134 4662 Catholica
2191 4606 2572 4660 communione
2621 4608 3013 4677 suscipiendOs,
3059 4613 3147 4682 qui
3191 4613 3273 4667 vel
3317 4629 3440 4667 cum

1861 4698 2076 4752 Arianis
2107 4696 2310 4766 pridem
2343 4698 2850 4765 communicassent,
2882 4703 2965 4756 vel
2998 4706 3223 4773 promoti
3253 4720 3441 4758 eormn

1860 4804 2022 4859 opera
2070 4788 2134 4842 ad
2187 4788 2591 4844 Ecclesiasticos
2636 4791 2836 4860 gradus
2886 4791 3131 4848 fuissent.
3175 4793 3442 4847 Occidens

1860 4892 2018 4951 atque
2048 4879 2315 4950 Egyptus
2355 4880 2561 4934 Paulini
2607 4891 2784 4948 partes
2813 4883 2982 4934 secuti
3013 4890 3158 4935 stmt.
3198 4880 3302 4934 Sed
3336 4898 3440 4937 nmt

1860 4973 1959 5029 hac
1988 4974 2092 5029 line
2117 4970 2268 5026 stetit
2295 4971 2512 5025 malum.
2545 4972 2909 5039 Apollinarius
2939 4972 3078 5023 enim
3108 4969 3445 5028 Laodicenus

1860 5066 1998 5120 hanc
2020 5073 2209 5120 nactus
2231 5063 2436 5116 dissidii
2458 5062 2821 5120 occasionem,
2850 5059 3041 5112 Incresi
3062 5075 3218 5128 quam
3239 5061 3442 5130 jamdiu

1860 5158 2224 5212 occultaverat
2249 5196 2264 5218 ,
2295 5155 2347 5207 in
2392 5163 2640 5222 apertum
2688 5148 3025 5218 proferenda:
3053 5161 3442 5222 opportunam,

1862 5262 2007 5301 anno
2045 5247 2150 5301 576
2195 5246 2356 5299 alittm
2384 5242 2630 5296 submisit
2663 5239 3008 5294 Antiocltenze
3036 5242 3288 5297 Ecclesiae
3320 5246 3445 5315 Epi-

1861 5353 2084 5408 scopum
2103 5377 2120 5400 ,
2149 5335 2378 5389 Vitalcm
2423 5329 2706 5399 quemdam
2732 5371 2748 5396 ,
2789 5327 3088 5387 auditorem
3130 5348 3282 5388 suum
3309 5377 3325 5403 ,
3354 5338 3444 5405 qui

1865 5428 2061 5482 tradita
2091 5426 2194 5479 sibi
2227 5421 2500 5477 malesana
2531 5419 2778 5488 dogmata
2808 5419 3091 5479 Catltedra:
3131 5430 3447 5484 auctoritate

1865 5520 2173 5575 sustineret.

1937 5609 2002 5665 II.
2050 5609 2214 5663 Erant
2257 5605 2436 5673 itaque
2475 5611 2704 5674 quatuor
2748 5621 2854 5660 uno
2899 5612 3140 5676 tempore
3189 5607 3434 5676 ejusdem

1867 5703 2121 5759 Ecclesiae
2149 5697 2419 5773 Episcopi,
2447 5711 2674 5770 quorum
2704 5697 2971 5772 przecipue
3000 5707 3130 5768 tres,
3167 5697 3430 5762 Melctius,
