4048 6192
618 266 690 324 35
1893 254 1948 306 S.
1995 249 2365 305 llllleONYlll
2414 252 2589 307 “TA.
3818 259 3884 314 36

625 382 909 443 \Eulis,et
935 379 1186 434 Pan‘inns
1219 374 1600 441 Hieronymum
1637 367 1655 439 (
1681 376 1737 421 ut
1760 368 1870 435 ipse
1896 366 2008 433 ait)
2042 364 2106 416 ad
2136 378 2195 419 se

621 474 847 544 quisque
867 485 1056 540 rapere
1082 465 1421 528 festinabant,
1441 476 1566 516 suas
1590 461 1797 514 scilicet
1822 458 2048 526 quisque
2075 471 2197 525 par-

624 577 702 617 Id
745 574 798 616 et
837 559 1265 614 emuntunionem
1300 569 1422 607 eum
1466 551 1615 620 sequi
1661 547 2030 604 intendebant.
2081 546 2198 615 Ipse

625 659 688 710 dx;
724 659 932 707 :li’rnm
959 659 1099 702 recta
1141 648 1243 702 ﬁde
1278 661 1477 714 anceps
1499 685 1514 709 ,
1550 644 1772 713 Siquis,
1796 639 2194 710 respondebat,

621 747 884 801 Cazlzzdra:
907 739 1048 793 Petri
1069 741 1326 810 jungitur,
1361 754 1498 790 meus
1520 748 1613 799 est,
1643 734 1972 788 Catholicutn
2006 744 2200 798 nempe

618 855 737 891 turri
768 834 950 886 hateri
980 834 1135 885 unice
1160 829 1518 890 existimabat,
1551 828 1639 898 qui
1668 842 1790 880 cum
1816 825 1955 879 Petri
1985 837 2200 878 succes-

617 945 736 982 stre
761 926 1180 979 eummunicaret
1203 964 1219 988 ,
1251 933 1408 990 atque
1438 921 1510 974 illi
1542 930 1708 989 petra:
1739 919 2080 977 inniteretur,
2110 931 2201 968 su-

617 1036 710 1089 per
740 1034 899 1087 quam
927 1013 1167 1070 Ecclesia
1201 1025 1284 1069 est
1311 1011 1591 1067 :rdilicata.
1629 1009 1778 1076 Quod
1809 1019 1864 1061 ut
1893 1007 1958 1061 de
1990 1005 2197 1060 Paulini

615 1117 993 1163 (0ittfl;llfli‘)lic
1062 1109 1192 1159 Salis
1247 1106 1454 1159 sciret:
1488 1119 1609 1157 cum
1667 1107 1988 1170 reponerent
2020 1108 2198 1151 tamen

615 1203 844 1253 aliarum
903 1213 1116 1266 quoque
1159 1196 1388 1265 partium
1418 1196 1678 1256 asseclze,
1724 1207 1783 1247 se
1826 1191 1954 1245 nihil
2009 1207 2039 1244 a
2087 1188 2198 1243 Ro-

618 1307 670 1344 m
708 1306 776 1343 no
825 1287 1081 1342 Pontilice
1131 1288 1414 1341 dissentire
1445 1286 1591 1354 (nam
1633 1283 1699 1336 ad
1750 1283 2032 1336 Damasum
2064 1281 2202 1334 scri-

617 1381 750 1434 bens
771 1423 784 1442 ,
819 1378 1054 1432 ﬁeletius
1076 1421 1091 1443 ,
1118 1379 1223 1443 ait,
1271 1375 1485 1441 Vitalis,
1520 1371 1772 1427 Paulinus
1799 1373 1888 1425 tibi
1927 1373 2117 1424 Ita'rere
2148 1387 2202 1425 se

615 1475 810 1540 dicunt,
834 1470 1025 1523 dubius
1049 1472 1243 1522 iterum
1265 1468 1540 1537 agebatur.
1566 1464 1632 1518 Et
1654 1479 1871 1534 possem,
1901 1461 2196 1532 inquiebat,

613 1566 815 1616 credere
844 1564 886 1614 si
914 1562 1007 1613 hoc
1023 1576 1152 1612 unus
1174 1569 1438 1612 assereret.
1465 1555 1620 1608 Nune
1637 1563 1725 1606 aut
1742 1553 1842 1605 duo
1864 1553 2195 1616 mentiuntur,

619 1666 708 1707 aut
733 1672 924 1708 omnes.
974 1653 1040 1706 Et
1078 1663 1209 1705 vero
1240 1660 1382 1702 tctus
1410 1650 1461 1700 in
1493 1645 1596 1699 hoc
1621 1643 1792 1698 ferme
1816 1642 2201 1696 controversia:

615 1748 779 1801 cardo
802 1744 1128 1808 rertelntur,
1146 1757 1267 1796 cum
1288 1741 1392 1795 sibi
1417 1752 1605 1792 omnes
1629 1736 1836 1791 Damasi
1863 1735 2190 1790 communio-

616 1851 740 1890 nem
769 1842 1122 1903 arrogarent,
1151 1833 1272 1900 quis
1304 1831 1425 1900 jure
1468 1830 1766 1897 meritoque
1809 1827 1877 1882 de
1923 1826 2094 1882 tribus
2145 1825 2198 1880 id

616 1928 838 1982 faceret.
869 1925 928 1980 In
950 1941 1071 1980 eam
1099 1939 1212 1978 rem
1243 1925 1439 1977 missus
1465 1929 1551 1976 est
1577 1922 1736 1976 etiam
1754 1935 1782 1972 a
1804 1917 2058 1980 Gratiano
2084 1919 2197 1972 An-

617 2020 868 2074 tiochiam
904 2018 1140 2088 Sapores
1178 2017 1432 2086 magister
1474 2016 1703 2069 militum
1728 2055 1744 2079 ,
1771 2015 1861 2084 qui
1907 2022 2082 2082 partes
2130 2013 2200 2068 de

615 2112 965 2182 praerogativa
1007 2110 1094 2164 illa
1132 2108 1520 2164 contendentes
1561 2105 1812 2170 audiret,
1848 2104 2199 2175 quemadmo—

614 2205 740 2259 dum
781 2219 845 2258 ex
887 2202 1229 2256 Theodoreto
1257 2200 1536 2254 discimus.
1586 2195 1923 2252 lntereadum
1952 2195 2010 2251 S.
2039 2196 2199 2250 Pater

614 2293 816 2349 nemini
847 2309 917 2348 ex
951 2293 1055 2348 illis
1090 2291 1440 2354 adhaerebat,
1490 2288 1787 2358 nullumque
1814 2331 1828 2353 ,
1861 2297 1921 2342 ut
1959 2288 2073 2357 ipse
2102 2289 2194 2354 ait,

614 2389 834 2455 primum
859 2426 876 2449 ,
906 2385 1002 2437 nisi
1031 2380 1288 2437 Christum
1310 2397 1518 2450 sequens
1542 2423 1557 2447 ,
1591 2381 1679 2434 uni
1708 2381 1954 2445 Damaso,
1990 2379 2042 2433 id
2072 2388 2155 2434 est
2178 2419 2195 2444 ,

614 2478 884 2532 Cathedrte
934 2475 1079 2529 Petri
1121 2477 1302 2530 animo
1347 2474 1776 2529 consociabatur.
1847 2476 2020 2541 Atque
2076 2472 2199 2527 inde

614 2570 776 2624 etiam
806 2567 1053 2621 Sanctam
1087 2564 1298 2618 Domini
1330 2606 1346 2629 ,
1383 2566 1494 2618 sive
1525 2564 1915 2618 Eucharistiam
1942 2604 1956 2628 ,
1995 2562 2097 2616 nisi
2122 2571 2198 2616 tot

616 2657 1045 2726 interjacentium
1084 2655 1249 2709 maris
1279 2663 1542 2722 terrmquc
1569 2653 1756 2722 spatiis
1783 2651 2158 2721 prohiberetur
2179 2692 2195 2717 ,

614 2757 868 2819 expetere
897 2746 1176 2801 voluisset.
1213 2745 1427 2800 Interim
1450 2744 1596 2798 Solos
1625 2745 1688 2797 iis
1718 2744 1770 2797 in
1797 2743 1928 2797 locis
1956 2742 2197 2796 certissi-

613 2855 732 2894 mos
755 2838 964 2892 Damasi
991 2837 1228 2907 collegas
1255 2835 1540 2906 Egyptios
1565 2833 1916 2889 Confessores
1936 2835 2199 2903 sequeba-

612 2941 719 2997 tur,
745 2945 1077 3002 nequaquam
1102 2945 1289 3001 passus
1307 2929 1562 2983 alterutra
1587 2927 1929 2982 factiosorum
1953 2941 2196 2982 commu-

613 3025 773 3079 nione
797 3039 857 3078 se
885 3023 1074 3092 pollui.

687 3113 774 3168 ιιι.
823 3113 929 3168 Sed
971 3112 1235 3167 Meletiani
1283 3127 1392 3182 pra:
1442 3112 1672 3178 ett-teris,
1719 3111 1867 3165 illum
1907 3119 1964 3163 ut
2004 3108 2055 3162 in
2102 3123 2195 3162 sua

612 3213 901 3275 raperent,
951 3205 1049 3259 nisi
1095 3220 1251 3258 suum
1285 3205 1425 3257 inter
1451 3218 1544 3257 eos
1576 3217 1771 3256 nomen
1812 3201 2153 3271 proﬁteretur
2179 3239 2194 3262 ,

613 3295 834 3350 bteresis
882 3294 1184 3361 suspicione
1233 3307 1295 3346 ac
1346 3303 1468 3346 nota
1521 3289 2198 3360 perterrebant,quotidie

613 3387 775 3440 etiam
815 3385 883 3439 de
928 3385 1032 3438 ﬁde
1059 3385 1420 3453 postulabant.
1462 3384 1628 3438 Index
1660 3384 1728 3439 ad
1757 3399 1875 3438 eam
1904 3400 2018 3439 rem
2044 3427 2058 3450 ,
2085 3385 2198 3439 sive

616 3477 793 3546 potius
840 3475 1221 3530 olfendiculum
1265 3483 1382 3529 erat
1435 3489 1627 3528 nomen
1684 3473 2027 3544 Hypostasis,
2055 3477 2195 3545 quod

613 3567 787 3623 ϐε·ωεὶ
826 3581 946 3621 cum
990 3565 1054 3619 ad
1085 3581 1355 3636 personam
1400 3564 1802 3635 significandam
1843 3567 2146 3634 acciperent
2178 3609 2193 3632 ,

616 3669 726 3714 tres
754 3658 805 3712 in
837 3657 1100 3712 Trinitate
1126 3657 1446 3727 bypostases
1475 3655 1656 3710 dicere
1698 3670 1806 3710 non
1852 3657 2194 3710 verebantur.

617 3749 788 3804 Latini
817 3759 993 3803 autem
1029 3747 1361 3803 substantiam
1411 3762 1476 3802 eo
1519 3745 1778 3802 vocabulo
1819 3747 2194 3816 intelligemus,

617 3851 728 3897 tres
768 3841 1010 3912 proferre
1041 3841 1092 3895 in
1125 3839 1387 3895 Trinitate
1410 3877 1424 3905 ,
1455 3853 1550 3894 ore
1573 3848 1733 3908 atque
1756 3837 1936 3892 animo
1964 3837 2194 3908 refugie-

616 3931 762 3986 bant.
798 3930 865 3984 Et
913 3940 1130 3984 sanctus
1179 3938 1358 3983 tamen
1405 3927 1728 3982 Athanasius
1761 3928 1872 3982 sive
1897 3943 2055 3982 unam
2084 3927 2196 3987 sive

615 4033 726 4078 tres
750 4022 1016 4078 catholico
1055 4036 1209 4092 teque
1247 4035 1409 4076 sensu
1439 4020 1546 4076 dici
1596 4035 1754 4090 posse
1797 4019 2116 4074 deﬁniverat
2144 4021 2193 4074 in

612 4114 974 4170 Alexandrina
1022 4112 1241 4184 Synodo
1285 4114 1411 4167 anni
1453 4113 1582 4180 572,
1628 4113 2059 4183 quandoquidem
2104 4113 2195 4183 qui

613 4221 773 4261 unam
828 4205 1206 4270 adstruerent,
1250 4204 1603 4259 substantiam
1654 4203 2060 4274 intelligerent:
2103 4203 2193 4271 qui

617 4315 745 4356 vero
773 4307 880 4353 tres
900 4339 914 4363 ,
961 4312 1217 4369 personas
1249 4313 1313 4352 eo
1342 4298 1558 4353 nomine
1586 4297 1968 4368 signiﬁcarent.
1996 4297 2194 4353 Verum

615 4391 908 4445 insanabile
933 4391 1200 4459 quoddam
1233 4390 1594 4445 contentionis
1615 4389 1902 4445 cacoethes
1933 4391 2003 4444 ita
2037 4405 2188 4444 men-

617 4492 696 4535 tes
716 4479 1043 4534 eruditorum
1061 4495 1274 4550 quoque
1297 4480 1592 4534 Praesulum
1620 4489 1947 4548 pervaserat,
1969 4487 2027 4534 ut
2053 4479 2194 4548 quod

617 4586 704 4626 res
732 4577 867 4636 erat,
889 4569 1078 4623 intueri
1110 4584 1214 4624 non
1263 4570 1482 4624 sineret.
1524 4568 1733 4622 Nodum
1764 4568 1815 4623 in
1847 4569 2025 4638 scirpo
2050 4585 2196 4638 quae-

618 4659 841 4726 rebant,
872 4659 1149 4728 ipsumque
1175 4657 1488 4712 Vocabulum
1513 4672 1608 4726 pro
1635 4659 1896 4720 utentium
1927 4669 2193 4728 conceptu

616 4755 672 4809 in
722 4751 992 4808 ba-reseos
1017 4749 1338 4804 calumniam
1381 4747 1718 4818 torquebant.
1747 4748 2005 4804 Meletiani
2037 4750 2193 4804 trium

614 4845 970 4916 ltypostaseon
999 4839 1329 4903 defensores,
1363 4841 1487 4909 quia
1516 4854 1636 4893 cum
1666 4839 1878 4894 Arionis
1907 4841 2196 4911 aliquando

615 4937 989 4992 communione
1017 4933 1288 5002 conjuncti
1317 4932 1528 4986 fuerant
1557 4972 1574 4998 ,
1622 4929 1934 4987 hmreticum
1958 4933 2192 4988 animum

614 5029 838 5084 necdum
863 5027 1071 5097 penitus
1093 5025 1304 5080 exuisse
1334 5022 1686 5091 culpabantur
1721 5040 1734 5076 :
1763 5032 1925 5093 atque
1952 5022 2004 5079 hi
2032 5025 2188 5097 vicis-

615 5122 715 5174 sim
747 5120 902 5172 unius
939 5127 1235 5172 assertores
1263 5114 1466 5169 l'anlini
1495 5113 1728 5169 asseclas
1753 5114 2190 5178 criminabantur,

615 5211 836 5278 perinde
861 5219 1020 5278 atque
1043 5207 1310 5271 Marcello,
1345 5222 1407 5261 ac
1431 5205 1664 5262 Sabellio
1691 5205 1941 5261 faverent.
1967 5207 2020 5260 ln
2050 5223 2192 5262 cam-

580 5300 736 5353 'dctu
779 5300 956 5367 itaque
989 5299 1348 5366 suSpicionent
1382 5298 1525 5352 venit
1558 5297 1915 5369 Hieronymus
1940 5339 1956 5364 ,
1999 5299 2065 5354 de
2091 5315 2192 5369 qua

617 5387 798 5439 multis
829 5387 878 5439 lu
904 5387 1137 5454 Epistula
1160 5387 1226 5441 ad
1257 5387 1492 5443 Marcum
1525 5388 1766 5457 queritur
1798 5407 1811 5442 :
1859 5388 2142 5443 "(creticus
2175 5430 2190 5454 ,

619 5474 817 5538 inquit,
847 5489 1022 5537 rocor,
1049 5474 1343 5530 Itotnousian
1388 5479 1671 5544 pra'tlicans
1704 5478 2001 5533 Trinitatem
2026 5496 2045 5533 :
2081 5479 2184 5533 Sa-

619 5560 855 5614 belliana'
882 5562 1148 5628 impietatis
1175 5580 1381 5632 arguor,
1414 5577 1516 5620 tres
1546 5569 1865 5623 subsistentes
1889 5587 2031 5624 veras
2060 5572 2188 5625 intc-

623 5662 740 5719 gras
766 5649 1106 5718 perfectasque
1129 5667 1368 5720 personas
1408 5657 1657 5725 indefessa
1686 5674 1800 5712 voce
1827 5664 2182 5728 pronuntians.

2314 367 2376 417 ILt
2406 370 2453 418 En
2485 367 2652 434 prima
2677 369 2742 420 ad
2771 368 3076 429 Damasum,
3103 368 3279 421 Trium
3308 370 3646 439 [typostaseon
3666 373 3730 426 ab
3747 371 3884 426 Aria-

2307 474 2488 508 norum
2515 459 2661 527 prole
2687 458 3051 525 Campensibus
3073 499 3087 522 ,
3115 461 3366 511 norellum
3395 477 3425 511 a
3457 478 3535 514 me
3559 463 3762 516 homine
3789 462 3885 516 lio-

2308 565 2459 602 ntano
2482 567 2664 604 nomen
2694 553 3054 622 exigitur......
3091 549 3475 621 Interrogamus
3508 557 3634 627 quid
3660 565 3762 610 tres
3787 558 3886 628 Ity-

2308 653 2534 711 postases
2599 644 2909 696 arbitrentur
2971 660 3117 711 posse
3173 645 3392 713 intelligi
3434 661 3452 697 :
3493 656 3592 700 tres
3647 664 3885 714 personas

2304 735 2647 796 subsistentes,
2676 735 2839 786 aiunt.
2874 732 3284 802 Respondemus,
3315 753 3406 788 nos
3422 737 3492 788 ita
3513 737 3758 792 eralere:
3787 755 3885 792 non

2305 825 2488 893 suﬁcit
2517 841 2715 890 sensus,
2733 827 2902 891 ipsum
2923 842 3104 878 nomen
3123 827 3415 896 eﬂlagitant,
3439 829 3555 894 quia
3574 829 3742 882 nescio
3768 831 3885 897 quid

2305 920 2479 971 veneni
2505 918 2560 969 in
2588 917 2799 986 syllabis
2819 918 3083 970 latet......
3117 928 3164 970 et
3200 919 3319 986 quia
3346 919 3588 972 uocabula
3609 936 3710 972 non
3735 921 3886 974 edici-

2305 1022 2439 1072 mus,
2461 1006 3007 1075 hareticijudicamur.
3032 1007 3239 1075 Quippe
3265 1007 3382 1062 sine
3412 1009 3499 1062 illa
3525 1009 3683 1063 trium
3711 1008 3883 1080 hypo-

2306 1105 2521 1151 staseon
2550 1100 2927 1165 explicatione,
2959 1107 3017 1149 ut
3043 1099 3299 1151 vocabula
3346 1100 3688 1168 proﬁteretur
3707 1141 3723 1165 ,
3754 1116 3886 1154 nun-

2303 1203 2462 1257 quam
2495 1187 2551 1242 S.
2585 1188 2900 1242 adolescens
2925 1187 3117 1242 adduci
3149 1189 3359 1257 potuit,
3389 1189 3533 1258 quod
3568 1189 3623 1244 in
3653 1204 3718 1244 ea
3745 1200 3888 1245 esset

2306 1283 2591 1344 sententia,
2614 1283 2944 1351 hypostasim
2966 1283 3177 1350 prOprie
3189 1282 3542 1336 substantiam
3563 1283 3882 1352 signiﬁcare,
3936 1279 3950 1297 ⁵

2306 1383 2519 1441 tresque
2545 1373 2791 1426 absolute
2817 1373 2870 1426 in
2900 1373 3008 1426 Deo
3037 1372 3358 1442 bypostases
3382 1372 3487 1427 dici
3513 1411 3530 1438 ,
3556 1375 3691 1428 citra
3718 1376 3886 1428 sacri-

2305 1463 2501 1533 legium
2527 1463 2748 1517 omnino
2767 1447 2873 1516 non
2907 1477 3082 1532 posse.
3110 1462 3240 1516 Tota
3268 1502 3284 1528 ,
3317 1463 3488 1533 inquit
3511 1503 3526 1529 ,
3562 1465 3885 1518 saculariunt

2305 1555 2591 1607 litterarum
2606 1555 2780 1607 schola
2809 1554 2939 1607 nihil
2963 1555 3106 1606 aliud
3120 1554 3454 1623 [typoslasim,
3477 1555 3573 1609 nisi
3593 1553 3772 1609 Usiam
3796 1572 3888 1608 no-

2305 1647 2373 1697 rit
2401 1661 2421 1697 :
2450 1654 2496 1697 et
2520 1647 2790 1714 quisquam
2811 1687 2827 1713 ,
2850 1661 2973 1716 rogo
2999 1685 3014 1710 ,
3043 1661 3131 1699 ore
3166 1646 3415 1716 sacrilego
3443 1655 3545 1701 tres
3573 1647 3885 1702 substantias

2304 1737 2604 1805 pra'dicabit
2635 1736 2661 1789 .’

2375 1829 2465 1884 IV.
2494 1830 2740 1899 Confugit
2772 1844 2902 1900 ergo
2943 1829 3003 1884 S.
3037 1829 3197 1886 Pater
3221 1831 3381 1884 tantis
3413 1830 3767 1902 undequaque
3793 1848 3884 1886 an-

2301 1919 2491 1987 gustiis
2517 1921 2842 1974 constrictus
2865 1920 2931 1974 ad
2959 1920 3253 1975 Romanam
3281 1921 3598 1989 Ecclesium,
3615 1923 3772 1991 cujus
3791 1937 3886 1976 an-

2305 2022 2521 2082 tequam
2551 2015 2827 2068 oraculum
2851 2015 3194 2080 consuleret,
3224 2015 3597 2070 sustinendum
3630 2015 3735 2069 sibi
3765 2030 3884 2071 esse

2301 2106 2370 2159 ab
2392 2105 2538 2160 omni
2558 2120 2781 2161 assensu
2802 2105 3163 2161 existimabat.
3177 2106 3423 2174 Scripsit,
3443 2106 3679 2176 inquam,
3697 2105 3765 2161 ad
3785 2107 3886 2161 Da-

2303 2211 2511 2250 masum
2559 2197 2853 2266 Epistulam
2896 2197 2948 2251 in
2984 2207 3166 2251 nostra
3197 2205 3514 2252 recensione
3549 2197 3666 2254 XV.
3700 2198 3883 2253 multis

2301 2302 2424 2341 eum
2448 2288 2698 2358 precibus
2724 2289 3021 2352 obtestans,
3053 2299 3114 2342 ut
3138 2288 3394 2357 quidnam
3426 2289 3754 2345 credendum
3783 2293 3883 2347 sibi

2301 2390 2464 2443 esset,
2494 2391 2547 2435 et
2572 2381 2658 2435 cui
2687 2381 2827 2450 apud
2855 2381 3193 2436 Antiochiam
3218 2397 3249 2438 e
3276 2382 3444 2437 tribus
3475 2383 3578 2439 illis
3600 2384 3884 2455 Episcopis

2300 2473 2800 2528 communicandum
2825 2515 2838 2538 ,
2863 2472 3197 2528 decerneret.
3241 2473 3406 2543 Cujus
3453 2474 3708 2545 Epistula:
3749 2491 3873 2531 cum

2302 2563 2397 2618 diu
2420 2565 2755 2633 multumque
2782 2578 3101 2632 responsum
3133 2567 3327 2617 frustra
3358 2573 3692 2634 expectasset
3717 2607 3734 2630 ,
3767 2564 3882 2619 ba:-

2302 2655 2453 2710 retici
2483 2665 2662 2709 autem
2693 2669 2763 2709 eo
2807 2656 2978 2724 magis
3004 2654 3256 2709 divesare
3279 2655 3426 2709 illum
3460 2655 3511 2708 in
3541 2653 3658 2710 dies
3688 2670 3882 2726 perge-

2303 2747 2618 2812 rent,datis
2667 2750 2858 2801 iterum
2904 2746 2970 2801 ad
3001 2748 3247 2801 eumdem
3291 2747 3601 2803 Pontilicem
3647 2747 3881 2814 l‘tteris,

2301 2842 2509 2896 enixius
2538 2841 2590 2895 id
2617 2841 2793 2910 ipsum
2820 2841 2960 2910 quod
2991 2852 3146 2895 antea
3174 2841 3242 2895 de
3271 2841 3644 2895 communione
3672 2856 3767 2895 sua
3794 2855 3886 2897 r0-

2299 2943 2407 3002 gat.
2449 2933 2516 2986 Et
2569 2933 2763 3001 prioris
2814 2931 3030 3002 quidem
3099 2931 3353 3000 Epistolte
3408 2932 3453 2985 si
3506 2945 3628 2986 vera
3686 2932 3882 3001 genui-

2301 3037 2476 3092 naque
2517 3023 2674 3077 lectio
2731 3023 2818 3077 illa
2866 3032 3056 3085 esset,
3101 3023 3164 3076 ab
3207 3023 3512 3076 Arianorum
3558 3021 3794 3077 Prasule
3834 3033 3885 3076 et

2300 3122 2349 3168 et
2373 3114 2758 3183 (Iantpensibus,
2781 3128 2940 3182 quam
2960 3114 3088 3167 editi
3107 3114 3320 3183 quidam
3341 3114 3479 3180 libri,
3503 3112 3754 3185 doctique
3779 3115 3882 3170 viri

2302 3205 2546 3262 nonnulli
2577 3204 2876 3274 pra-ferunt
2899 3247 2914 3268 ,
2942 3221 3062 3258 cum
3094 3221 3200 3258 non
3227 3206 3364 3259 alius
3385 3206 3453 3259 sit
3478 3221 3541 3260 ex
3567 3204 3885 3278 Hieronymi

2300 3298 2565 3352 sententia
2596 3295 2802 3350 Praesul
2825 3296 3169 3360 Arianorum,
3197 3311 3354 3365 quam
3383 3295 3622 3350 Meletius
3652 3297 3764 3366 (hic
3793 3313 3888 3350 au-

2303 3401 2407 3444 tem
2434 3404 2576 3444 anno
2611 3389 2828 3443 demum
2862 3389 2966 3444 578
2994 3389 3062 3442 ab
3093 3391 3280 3444 exsilio
3313 3398 3610 3450 revocatus.
3639 3404 3762 3444 eum
3791 3405 3886 3459 po-

2303 3482 2461 3534 tuerit
2483 3480 2549 3534 ad
2577 3479 2736 3533 trium
2770 3481 3128 3550 bypostaseon
3152 3478 3539 3534 confessionem
3565 3491 3886 3549 przrsetttetn

2302 3585 2535 3639 prtesens
2563 3569 2800 3639 adigere)
2844 3570 2979 3624 nihil
3019 3570 3128 3640 jam
3156 3570 3376 3625 dubium
3416 3579 3560 3624 esset
3588 3606 3604 3635 ,
3652 3572 3784 3640 quin
3813 3572 3881 3624 ad

2299 3661 2547 3717 eumdem
2576 3661 2722 3715 illum
2753 3676 2950 3716 annum
2981 3702 2996 3727 ,
3024 3672 3116 3716 attt
3144 3663 3508 3732 insequentem
3535 3670 3682 3730 gesta
3713 3665 3886 3715 reler-

2301 3764 2504 3809 rentur.
2532 3753 2638 3809 Sed
2666 3753 2822 3809 nobis
2848 3755 3024 3822 potior
3064 3754 3166 3807 alia
3196 3769 3554 3824 germanaque
3597 3754 3709 3806 visa
3743 3764 3827 3808 est
3858 3794 3877 3817 ,

2299 3851 2362 3902 ab
2392 3849 2696 3901 Arianorum
2725 3848 2866 3915 prole
2892 3846 3254 3916 Campensibus
3278 3885 3292 3905 .
3321 3862 3481 3916 quam
3513 3845 3756 3915 plerique
3787 3861 3890 3900 ρι-

2300 3939 2484 3992 bibent
2528 3937 2767 3992 melioris
2806 3946 2944 3991 notae
2987 3952 3113 3990 mss.
3162 3937 3284 3991 libri
3320 3951 3442 3990 cum
3482 3935 3639 3990 nobis
3667 3976 3681 4000 ,
3717 3944 3831 3990 tum
3856 3951 3892 3990 τι

2300 4029 2652 4084 Benedictino
2681 4027 2890 4082 editore
2915 4027 3160 4095 inspecti.
3190 4027 3444 4096 Congruit
3469 4040 3679 4095 quoque
3711 4026 3894 4079 nomi-

2301 4121 2384 4174 nis
2413 4119 2751 4190 signilicatio,
2773 4133 2943 4188 neque
2967 4120 3108 4172 enim
3137 4117 3438 4188 Campenses
3481 4117 3578 4170 alia
3612 4116 3678 4171 de
3724 4131 3899 4171 causa

2300 4229 2396 4284 par
2423 4213 2646 4268 credere
2673 4219 2759 4266 est
2782 4211 3098 4280 appellatos,
3129 4226 3289 4279 quam
3317 4209 3457 4280 quod
3491 4209 3542 4262 in
3570 4209 3787 4277 Campis
3805 4225 3898 4262 sa-

2299 4318 2420 4357 cros
2487 4311 2657 4357 costus
2713 4309 2934 4370 agerent
2980 4318 2995 4355 :
3038 4299 3486 4370 quemadmodum
3538 4313 3659 4352 eum
3719 4300 3846 4351 aliis
3881 4338 3898 4362 ,

2301 4402 2409 4447 tum
2485 4393 2583 4463 ipsi
2647 4391 2972 4463 Hieronymo
3043 4391 3144 4444 sub
3201 4391 3358 4445 linem
3425 4389 3626 4459 Dialogi
3694 4399 3906 4444 contra

2300 4484 2665 4540 Luciferianos
2696 4483 2869 4538 vocati
2900 4490 3027 4537 sunt
3068 4483 3229 4537 etiam
3263 4481 3552 4538 Donatista:
3591 4479 3732 4550 apud
3779 4479 3908 4536 Ro-

2300 4592 2465 4642 mam,
2494 4578 2582 4646 qui
2609 4591 2729 4631 cum
2763 4585 3074 4630 vetarentur
3103 4577 3154 4628 in
3179 4574 3322 4630 Urbe
3349 4574 3668 4639 consistere,
3697 4574 3764 4628 ad
3797 4591 3907 4628 sa-

2299 4683 2390 4722 cra
2422 4667 2719 4738 peragenda
2749 4667 2801 4721 in
2830 4667 2974 4738 agris
3002 4667 3418 4722 conveniebant.
3479 4663 3680 4719 Eodem
3714 4665 3902 4720 intel-

2300 4762 2440 4815 lectu
2489 4758 2684 4814 Meletii
2725 4759 2961 4818 asseclas
3005 4758 3322 4825 denotavit,
3349 4766 3406 4812 et
3449 4756 3639 4826 prolem
3665 4757 3911 4826 quidem

2301 4851 2620 4906 Arianorum
2642 4850 2794 4915 dixit,
2819 4851 2958 4921 quod
2988 4850 3332 4920 Episcopum,
3358 4863 3512 4919 quem
3537 4847 3719 4901 Ariani
3747 4864 3916 4918 prac-

2300 4942 2484 4995 sertim
2515 4941 2787 5011 elegerant
2827 4981 2842 5006 ,
2874 4949 3080 5010 patrem
3115 4938 3412 4993 haberent:
3445 4938 3748 5005 Campenses
3787 4951 3911 5000 att-

2302 5042 2428 5097 tem,
2464 5032 2604 5100 quod
2635 5032 2703 5086 ab
2726 5029 2888 5086 Urbis
2913 5031 3172 5084 Ecclesiis
3195 5030 3460 5084 exturbati
3489 5071 3502 5092 ,
3530 5029 3762 5098 quamliu
3796 5029 3913 5083 ille

2299 5121 2577 5177 exsulabat
2603 5161 2616 5184 ,
2651 5123 2702 5174 in
2727 5121 2868 5189 agris
2895 5134 2953 5173 sc
2983 5130 3260 5189 cogerent,
3291 5121 3466 5189 ibique
3494 5119 3664 5172 sacris
3687 5136 3921 5188 opera-

2301 5221 2506 5267 rentur.
2548 5209 2794 5264 Nondum
2839 5210 2998 5279 igitur
3036 5210 3279 5265 Meletius
3306 5208 3480 5263 fuerat
3511 5225 3606 5278 per
3638 5207 3917 5266 Gratiani

2299 5301 2572 5356 decretum
2601 5300 2947 5354 Antiocltena:
2967 5299 3245 5354 (Zatbedrzc
3265 5301 3570 5359 restitutus;
3600 5310 3726 5355 tunc
3743 5318 3922 5355 enim

2301 5393 2406 5456 ille,
2439 5391 2662 5461 ejusque
2690 5393 3082 5446 communionis
3111 5391 3240 5444 socii
3261 5390 3408 5445 urbis
3439 5391 3711 5446 Ecclesias
3739 5405 3894 5461 post

2299 5483 2502 5537 liminio
2526 5493 2862 5551 receperunt,
2888 5498 3060 5551 neque
3087 5483 3314 5551 amplius
3342 5491 3593 5551 poterant
3619 5480 3935 5552 Campen-

2299 5577 2435 5628 sium
2481 5574 2739 5631 vocabulo
2787 5573 3010 5627 traduci.
3062 5572 3248 5626 Elucet
3293 5573 3406 5627 ha‘c
3437 5572 3627 5627 eadem
3679 5579 3919 5631 notatic

2301 5667 2576 5736 temporis,
2605 5681 2722 5735 (ιιιιο
2752 5665 2988 5721 Gratiani
3019 5664 3190 5733 legem
3237 5663 3360 5719 anni
3389 5664 3492 5722 578
3520 5667 3766 5722 nonnihil
3806 5686 3930 5726 an-
