4048 6192
144 234 198 288 37

153 347 364 414 tecedat,
393 362 460 402 ex
491 363 559 402 eo
586 347 720 412 loco,
755 348 841 401 ubi
867 363 925 402 se
953 349 1028 403 ait
1051 348 1108 403 S.
1133 348 1290 402 Pater
1315 388 1331 413 ,
1363 346 1699 402 intereadum

147 439 407 512 Egyptios
443 440 828 504 Confessores,
877 442 1086 496 Damasi
1138 442 1373 512 collegas
1415 442 1591 511 sequi.
1638 440 1702 494 lli

145 531 329 586 scilicet
369 531 532 585 iidem
573 531 645 584 illi
687 530 1034 586 Confessores
1078 541 1236 595 smit,
1286 548 1422 602 quos
1469 529 1698 600 Epistul.

144 637 336 692 quoque
363 626 518 676 tertia
539 622 605 676 ad
635 622 906 676 Bullinum
936 623 1178 678 laudatos
1207 623 1458 686 diximus,
1487 621 1702 692 Egypti

147 715 375 784 Episcopi
411 755 426 777 ,
467 723 626 782 atque
664 713 946 768 sacerdotii
977 715 1144 783 gradu
1193 713 1414 784 Collega»
1445 714 1654 767 Damasi
1685 753 1702 778 ,

144 823 260 875 quos
279 806 472 860 Valens
496 805 787 875 Imperator
806 807 861 859 in
884 805 1186 860 Cu-sarcam
1219 807 1516 860 Palmstiuze
1541 821 1703 859 exsu-

149 900 245 952 lare
271 899 526 964 iusserat.
554 896 734 966 Itaque
761 902 805 951 sl
840 897 909 950 ab
939 897 1054 951 istis
1080 898 1328 952 Sanctum
1371 898 1578 951 Domini
1613 911 1706 950 su-

144 990 322 1051 mebat,
360 987 502 1040 haud
532 999 678 1041 certe
710 987 868 1056 longe
891 987 1005 1056 ipse
1037 989 1243 1052 aberat,
1275 996 1435 1056 atque
1464 985 1601 1040 adeo
1631 986 1706 1038 illi

140 1078 298 1131 adhuc
345 1078 398 1130 in
443 1076 640 1130 exsilio
667 1076 914 1146 agebant.
958 1075 1089 1130 Nam
1121 1077 1165 1130 si
1203 1092 1296 1146 per
1326 1076 1570 1130 Gratiani
1611 1090 1707 1128 ve-

141 1169 269 1220 niam
317 1168 373 1220 in
425 1165 714 1237 Egyptum
752 1167 861 1235 jam
906 1166 1229 1230 rediisseut,
1275 1181 1380 1219 non
1425 1181 1524 1221 eos
1551 1165 1710 1218 modo

134 1257 487 1312 Confessores
522 1259 834 1325 Episcopus,
868 1257 963 1310 sed
989 1259 1268 1310 universos
1307 1255 1594 1326 [Egyptios
1613 1255 1716 1308 Ca-

147 1349 400 1410 thoIicos,
431 1357 486 1400 et
513 1346 826 1415 cumprimis
847 1347 1263 1401 Alexandrinum
1290 1349 1463 1416 ipsum
1489 1347 1710 1416 Episco-

137 1455 243 1509 pum
289 1437 521 1491 Petrum
551 1452 612 1491 se
641 1439 851 1492 interim
885 1438 1035 1506 sequi
1072 1438 1418 1492 affirmasset.
1449 1438 1616 1492 Porro
1641 1437 1718 1491 illi

135 1531 408 1584 redierunt
430 1528 501 1580 ad
527 1543 658 1581 suos
685 1528 871 1582 eadem
903 1528 989 1581 illa
1016 1530 1146 1583 anni
1173 1530 1296 1595 578,
1315 1529 1556 1605 Gratiani
1579 1531 1714 1597 lege,

132 1634 229 1686 qua
274 1616 530 1670 Meletius
572 1617 922 1671 Antiochense
973 1618 1231 1673 Ecclesia.-
1287 1619 1566 1673 restitutus
1609 1631 1710 1673 est.

134 1711 293 1780 Igitur
322 1709 376 1763 in
406 1708 800 1778 praecedentem
843 1710 1092 1776 proxime
1139 1724 1336 1762 annum
1365 1711 1471 1763 577
1514 1710 1714 1762 incide-

133 1810 255 1855 runt
279 1799 719 1854 concertationes
747 1797 812 1852 de
837 1798 1114 1867 hypostasi
1139 1840 1153 1864 ,
1187 1811 1241 1852 et
1281 1815 1400 1868 quae
1432 1807 1712 1868 tantopere

135 1895 518 1964 Hieronymum
567 1892 739 1946 turbze
778 1893 1133 1960 exagitarunt.
1178 1891 1235 1945 Iu
1271 1891 1396 1945 illud
1429 1903 1709 1962 propterea

135 2000 344 2056 tempus
367 1985 706 2055 conjicienda
733 1993 816 2039 est
842 1985 986 2053 prior
1011 1985 1129 2051 ejus
1159 1983 1394 2053 Epistula
1427 1983 1492 2036 ad
1526 1985 1713 2037 Dama-

134 2096 248 2134 sum
277 2120 296 2144 ,
328 2093 505 2148 neque
544 2079 690 2132 enim
719 2091 836 2130 eam
863 2076 1021 2129 altius
1049 2076 1278 2130 evehere
1298 2117 1314 2140 ,
1360 2075 1714 2143 przecedeutia

132 2181 283 2239 gesta
309 2210 326 2235 ,
369 2177 622 2236 totusque
649 2165 783 2220 Vita:
810 2165 1238 2236 Hieronymiaine
1270 2166 1404 2218 ordo
1434 2166 1711 2234 permittit.

135 2262 208 2316 Ne
235 2272 417 2315 autem
445 2259 620 2314 serius
643 2257 922 2312 differatur
947 2299 962 2320 ,
997 2257 1244 2325 prohibet
1265 2257 1393 2311 illud
1423 2257 1493 2312 de
1513 2257 1710 2312 Meletii

133 2355 308 2408 adhuc
332 2354 386 2406 in
411 2352 601 2406 exsilio
627 2359 841 2419 agente,
860 2365 925 2403 ex
953 2365 1059 2418 quo
1087 2349 1346 2404 hactenus
1365 2348 1716 2418 argumentati

135 2460 355 2509 sumus,
391 2443 668 2497 indicium.
718 2441 826 2496 Sed
875 2443 1056 2510 utique
1098 2441 1266 2495 altera
1296 2480 1311 2502 ,
1357 2441 1470 2494 sive
1501 2439 1614 2494 XIII
1649 2439 1716 2492 ad

138 2536 386 2592 eumdem
419 2536 708 2589 Damasum
750 2533 960 2588 videtur
1003 2534 1056 2586 in
1116 2543 1430 2602 sequentem
1484 2547 1572 2585 an.
1616 2531 1722 2586 578

137 2628 525 2696 protrahenda.
575 2628 642 2681 Et
670 2637 819 2681 certe
859 2625 1073 2695 quidem
1109 2626 1289 2679 tandiu
1327 2635 1447 2694 post
1488 2627 1714 2694 primam

134 2720 331 2788 scripta
361 2727 476 2783 est,
512 2715 748 2786 quandiu
781 2716 870 2770 ille
898 2715 1301 2785 responsionem
1326 2714 1552 2769 Romani
1581 2713 1719 2768 Pon-

133 2811 294 2864 tiﬁcis
316 2811 452 2864 satis
480 2809 748 2878 patienter
772 2817 830 2862 et
855 2807 1135 2875 plusquam
1164 2821 1266 2859 una
1298 2807 1412 2860 vice
1442 2804 1718 2876 prtestola-

133 2912 219 2957 tus
243 2902 412 2956 videri
442 2902 634 2968 possit.
653 2901 790 2966 Quin
813 2900 974 2954 etiam
994 2899 1203 2953 videtur
1225 2899 1376 2952 nobis
1400 2907 1522 2967 post
1549 2899 1723 2966 ipsum

127 2991 375 3046 Gratiani
395 2991 676 3046 decretum
701 2990 1046 3058 scripta,sive
1072 2999 1347 3058 postquam
1371 2986 1590 3058 Saporis
1611 2988 1724 3042 Ma-

128 3083 286 3152 gistri
318 3082 552 3136 militum
579 3080 781 3150 judicio
803 3079 1066 3135 Meletiani
1083 3079 1352 3133 Ecelesias
1371 3080 1722 3147 recepissent,

129 3176 174 3228 si
207 3185 364 3229 recte
392 3173 684 3228 verborum
714 3171 926 3225 illorum
963 3186 1181 3225 sensum
1210 3171 1547 3238 assequimur
1581 3186 1595 3221 :
1629 3167 1729 3221 Hic

127 3266 391 3333 ρνωδὶᾱὶἱσ
415 3265 557 3336 {ulta
577 3263 754 3316 mundi
771 3261 964 3315 Ariona
985 3261 1146 3314 rabies
1179 3261 1366 3330 fremit.
1388 3258 1568 3328 Neque
1589 3259 1730 3312 enim

124 3359 288 3410 aliam
315 3398 334 3422 ,
370 3371 539 3425 quam
567 3369 687 3422 qua:
713 3353 810 3407 sibi
839 3351 1070 3406 maxime
1099 3351 1327 3405 molesta
1354 3360 1490 3415 erat,
1523 3360 1727 3418 partem

124 3462 191 3499 eo
222 3447 463 3500 nomine
499 3445 561 3500 S.
596 3443 754 3498 Pater
779 3443 1056 3498 denotavit
1082 3460 1096 3494 :
1125 3456 1295 3512 eaque
1321 3441 1386 3494 de
1411 3441 1580 3495 tribus
1611 3456 1732 3510 qua:

118 3538 444 3594 Ecclesium
477 3535 796 3592 scindebant
817 3575 832 3599 ,
865 3552 966 3588 una
1001 3534 1405 3588 Mcletianorum
1445 3541 1582 3595 erat,
1615 3547 1734 3600 qua:

121 3631 289 3682 trium
339 3629 718 3700 hypostaseon
749 3625 1138 3695 professionem
1167 3625 1472 3694 importune
1503 3621 1639 3678 adeo
1666 3626 1735 3678 ab

114 3722 235 3790 ipso
267 3723 564 3792 exigebat.
596 3721 793 3774 Ariaua
821 3729 1004 3772 autem
1034 3732 1101 3771 eo
1128 3731 1286 3771 sensu
1329 3716 1603 3770 dictitatur
1630 3756 1643 3777 ,
1677 3726 1735 3769 ut

111 3830 282 3883 supra
315 3813 688 3885 exposuimus
711 3851 726 3874 ,
761 3811 901 3880 quod
939 3809 1183 3864 Meletius
1223 3809 1546 3862 Arianorum
1597 3823 1737 3876 pra:-

108 3909 310 3961 sertim
355 3918 546 3973 Opera
575 3901 896 3956 Cathedram
922 3898 1312 3955 Antiochenam
1344 3897 1738 3952 conscenderit.

180 3997 253 4051 γ.
289 3998 524 4050 Doctus
549 4009 677 4048 vero
707 3993 864 4048 Pater
883 3992 1250 4055 Constantius,
1279 3991 1369 4059 qui
1399 3991 1448 4042 in
1481 4005 1574 4043 sua
1604 3989 1739 4058 Epi-

106 4090 391 4146 stularum
431 4087 806 4142 Romanorum
838 4082 1156 4138 Pontificum
1181 4082 1436 4146 editione,
1470 4080 1566 4135 has
1606 4095 1740 4149 quu-

104 4199 211 4250 que
258 4177 623 4250 Hieronymi
672 4177 806 4231 duas
861 4174 1088 4238 recudit,
1145 4182 1423 4242 utramque
1474 4172 1748 4228 contendit

103 4276 289 4332 serius
351 4273 558 4328 adhuc
615 4269 825 4335 multo,
875 4269 988 4323 sive
1039 4266 1105 4320 ad
1157 4281 1355 4319 annum
1402 4279 1570 4334 usque
1643 4264 1740 4319 58I

101 4367 536 4422 ditl'erendam.
571 4361 818 4415 Palmare
845 4369 1213 4428 argumentum
1235 4360 1253 4428 (
1275 4373 1446 4427 neque
1462 4359 1607 4412 enim
1632 4357 1749 4426 ejus

99 4457 484 4515 consectaria
514 4453 766 4523 persequi
793 4453 984 4520 vacat)
1025 4467 1090 4505 ex
1121 4465 1188 4505 eo
1216 4451 1398 4512 sumit,
1437 4448 1578 4519 quod
1602 4449 1750 4503 Vita-

97 4554 231 4619 lem,
278 4560 428 4623 post
497 4546 756 4603 Valentis
792 4544 1028 4614 denique
1079 4542 1325 4607 obitum,
1369 4541 1420 4596 id
1466 4551 1582 4606 est,
1631 4549 1754 4610 post

96 4661 307 4699 annum
363 4640 504 4699 578
551 4646 790 4691 creatum
819 4633 1118 4689 Antiochiae
1145 4634 1485 4704 Episcopum,
1511 4631 1754 4686 videatur

97 4740 324 4793 libellus
340 4729 717 4806 Synodicus,
739 4726 880 4796 apud
901 4725 1173 4780 Labbeum
1207 4733 1338 4779 tum.
1365 4723 1420 4776 2.
1443 4722 1616 4776 editus
1638 4737 1756 4792 per-

92 4833 365 4888 suadere.
398 4821 538 4882 Sed
569 4830 626 4874 ut
651 4818 884 4873 nolimus
902 4818 1021 4888 ejus
1048 4832 1187 4870 nunc
1215 4815 1360 4870 Libri
1383 4813 1754 4868 auctoritatem

95 4922 394 4981 imminui,
428 4929 574 4969 non
603 4921 684 4965 est
712 4919 888 4964 tamen
918 4909 1010 4963 illa
1031 4907 1185 4971 tanti,
1217 4921 1335 4976 qum
1371 4903 1616 4975 praeferri
1647 4903 1758 4958 ullo

92 5016 253 5068 modo
283 5005 526 5085 possit
562 5001 813 5066 Epistula:
859 5000 1003 5054 Petri
1044 4997 1428 5060 Alexandrini,
1480 4994 1621 5063 apud
1659 4995 1758 5050 ιτα.

93 5107 341 5160 cundum
383 5098 864 5154 Germaneusem
901 5091 1109 5159 scripta:
1149 5087 1445 5158 Episcopis,
1478 5086 1760 5157 Presbyte-

94 5200 164 5252 ris
182 5238 200 5264 ,
233 5207 426 5266 atque
461 5179 774 5244 Diaconis,
807 5195 903 5247 pro
930 5195 1049 5234 vera
1078 5179 1181 5234 fide
1209 5179 1262 5232 in
1289 5177 1478 5233 exsilio
1505 5178 1762 5231 constitu-

99 5293 198 5354 tis,
233 5293 369 5359 ipso
400 5273 707 5336 videlicet
730 5287 821 5326 an.
852 5271 978 5336 578,
1002 5287 1122 5326 cum
1148 5286 1341 5339 nempe
1372 5269 1563 5323 Valens
1591 5269 1765 5323 adhuc

100 5387 146 5438 iu
178 5385 321 5437 viris
342 5380 602 5450 ageret.
636 5364 706 5420 lbi
724 5372 901 5418 autem
925 5363 1113 5419 Petrus
1130 5363 1196 5418 de
1217 5361 1499 5416 Timotheo
1521 5361 1763 5429 loquens,

104 5494 257 5546 quem
301 5457 740 5544 Apollinarius
783 5455 1125 5510 Alexandria:
1157 5455 1480 5524 Episcopum
1507 5452 1766 5546 subroga-

106 5543 295 5626 verat:
343 5543 562 5621 Voluit
620 5551 784 5606 etiam
828 5564 926 5611 me,
981 5548 1168 5618 inquit,
1207 5543 1669 5606 anathematizare,
1725 5549 1769 5593 et

115 5661 362 5718 345mm,,
411 5655 752 5716 Caesareae,
805 5647 854 5691 et
899 5636 1191 5701 Paulinum,
1227 5647 1273 5690 et
1308 5632 1649 5704 Epiphaniam
1675 5671 1690 5694 ,
1722 5639 1769 5682 et

498 5742 584 5806 s,
651 5731 1058 5792 lltnnoxvut.
1112 5731 1158 5788 I.

1397 231 1458 285 8.
1496 227 1873 287 HIERONYMI
1915 232 2096 289 Vl'l‘A.

3321 239 3388 297 38

1810 344 2092 401 Diodorum
2118 347 2416 417 Episcouos,
2447 358 2494 401 et
2517 363 2631 400 cum
2664 345 2826 403 Vitale
2843 349 3223 408 communicare.
3259 355 3382 413 Erat

1811 437 1898 492 hic
1931 439 2093 507 igitur
2119 438 2307 492 Vitalis
2347 438 2657 508 jamdudum
2693 439 2986 508 Episcopus
3016 443 3083 496 ab
3109 445 3382 514 Apollina-

1811 528 1893 582 rio
1919 530 2266 583 constitutus.
2285 529 2428 584 Idem
2457 529 2739 583 confirmat
2766 530 2823 584 8.
2861 531 3110 603 Ephrem,
3139 537 3224 605 qui
3253 546 3386 593 teste

1812 615 2159 688 Hieronymo,
2193 619 2330 672 libro
2354 619 2422 674 de
2443 618 2585 673 Viris
2609 620 2932 682 Illustribus,
2975 623 3110 677 diem
3140 627 3269 682 obiit
3292 632 3390 682 sub

1812 705 2058 773 Valente,
2102 709 2189 762 ubi
2221 709 2506 764 luereticos
2536 709 2829 764 Vitalianus
2860 712 2911 765 in
2947 722 3263 768 testamento
3294 733 3392 771 suo

1812 797 2085 860 nominat,
2140 799 2190 852 id
2221 809 2336 863 est,
2388 800 2830 868 Apollinaris-tas,
2868 818 3094 871 quorum
3141 805 3394 861 doctrina:

1815 889 2002 944 Vitalis
2027 890 2137 960 jam
2164 891 2462 960 Episcoj-us
2507 907 2700 945 nomen
2721 933 2736 955 ,
2784 892 2854 946 ob
2884 893 3158 962 dignitatis
3183 897 3356 951 locum
3376 939 3392 960 ,

1815 983 2206 1036 commodabat.
2264 983 2499 1052 Denique
2535 981 2593 1038 8.
2644 983 2976 1052 Epiphanius
3021 1002 3140 1042 cum
3185 991 3397 1044 tertium

1815 1072 2080 1127 decimum
2112 1072 2351 1127 Valentis
2388 1089 2611 1138 annum,
2642 1075 2730 1144 qui
2765 1075 2966 1145 vulgari
3020 1077 3126 1133 376
3177 1095 3398 1148 respon-

1821 1162 1949 1224 det,
1988 1163 2249 1231 signasset
2285 1163 2336 1217 in
2366 1163 2593 1218 Panario
2633 1164 2823 1218 hatrcsi
2851 1173 3176 1237 sexagesima
3203 1181 3353 1225 sexta
3380 1214 3396 1236 ,

1819 1255 2160 1323 subsequeuti
2191 1258 2519 1326 sexagesima
2545 1257 2800 1325 septima,
2844 1277 2962 1330 qua:
2999 1273 3078 1317 est
3121 1257 3400 1335 Apollina-

1821 1345 2092 1408 ristarum,
2110 1354 2270 1415 atque
2288 1347 2355 1399 ad
2377 1347 2735 1403 eumdemmet
2753 1365 2970 1414 annum,
2998 1363 3090 1404 aut
3115 1354 3399 1423 insequen-

1823 1445 1929 1489 tem
1961 1435 2027 1490 ad
2051 1450 2314 1491 sununum
2347 1440 2594 1506 pertinet,
2627 1440 2851 1495 Vitalem
2893 1443 3030 1498 inter
3053 1459 3148 1499 eos
3175 1445 3399 1515 Episco-

1824 1541 1944 1594 pum
1994 1537 2274 1580 memorat.
2319 1527 2435 1581 Nun
2482 1528 2607 1583 licet
2650 1531 2829 1600 itaque
2853 1533 2968 1601 ejus
3004 1535 3394 1591 ordinationem

1820 1625 1934 1684 post
1968 1617 2170 1670 obitum
2208 1617 2442 1672 Valentis
2468 1619 2703 1686 differre,
2738 1621 2976 1692 nihilque
3014 1635 3113 1689 est,
3165 1627 3307 1694 quod
3333 1646 3396 1681 ex

1817 1709 2050 1763 Auctore
2078 1709 2350 1780 Synodici,
2381 1726 2486 1764 non
2516 1727 2682 1781 usque
2721 1711 2858 1767 adeo
2891 1717 3124 1782 probata:
3153 1717 3274 1772 fidei
3304 1718 3400 1772 ho-

1815 1798 1984 1862 mine,
2009 1798 2199 1853 doctus
2221 1798 2561 1854 Constantius
2586 1813 2986 1871 argumentatur
3017 1821 3031 1858 :
3057 1806 3183 1874 qttiu
3223 1809 3395 1875 potius

1815 1888 2051 1958 vulgaria
2081 1890 2305 1945 tenenda
2347 1893 2612 1946 sententia
2639 1903 2744 1958 est,
2774 1909 2892 1963 qua:
2918 1895 2983 1950 ad
3009 1913 3206 1951 annum
3238 1900 3398 1955 circi-

1820 1989 1899 2034 ter
1924 1982 2028 2035 376
2057 1982 2445 2038 ordinationem
2474 1983 2614 2038 illius
2651 1985 2837 2047 refert,
2862 1995 2916 2041 et
2956 2003 3076 2042 cum
3108 1991 3248 2045 serie
3274 1991 3400 2059 Epi-

1819 2072 2072 2126 stolarqu
2092 2073 2152 2128 S.
2195 2073 2394 2138 Basilii,
2423 2076 2656 2146 itemque
2681 2092 2881 2144 rerum,
2909 2095 3026 2147 quae
3068 2081 3119 2134 in
3167 2081 3232 2136 iis
3280 2099 3403 2136 nar-

1821 2173 2026 2229 rantur,
2049 2167 2288 2235 appritne
2308 2166 2552 2236 quadrat.

1898 2253 1987 2308 Vl.
2014 2254 2198 2323 Neque
2234 2271 2394 2326 porro
2417 2257 2706 2326 quidquam
2737 2269 2820 2314 est
2844 2261 3220 2324 verosimilius,
3245 2271 3406 2332 atque

1825 2344 2062 2399 historia:
2092 2346 2520 2418 Hieronymianze
2547 2363 2840 2404 consonum
2869 2353 3053 2421 magis,
3077 2369 3235 2421 quam
3261 2355 3401 2423 quod

1823 2437 2156 2505 dicebamus,
2201 2455 2324 2494 eum
2374 2441 2442 2494 ab
2492 2457 2634 2496 anno
2685 2443 2787 2497 377
2826 2445 3011 2498 vexari
3060 2442 3401 2500 factiosormn

1823 2531 2012 2596 turbis,
2042 2542 2200 2601 atque
2243 2535 2756 2601 expostulationibus
2795 2537 3042 2605 erupisse,
3073 2555 3171 2594 nec
3211 2539 3405 2596 deinde

1825 2622 2043 2678 licuisse
2085 2625 2158 2679 illi
2201 2634 2368 2680 totum
2422 2627 2690 2682 biennium
2731 2637 2783 2684 et
2821 2629 2961 2701 quod
3004 2632 3270 2697 excurrit,
3314 2648 3408 2702 per

1823 2716 1970 2787 ipsos
1995 2717 2176 2786 quieto
2210 2733 2349 2773 esse.
2383 2719 2444 2773 lli
2478 2721 2620 2775 enim
2655 2721 2797 2776 nullo
2836 2738 2940 2776 non
2968 2723 3054 2778 die
3084 2740 3294 2794 urgere,
3324 2726 3408 2777 in-

1825 2806 2039 2874 fcstare,
2063 2819 2221 2878 atque
2248 2825 2541 2880 exposcere
2582 2811 2764 2878 fidem,
2797 2824 2852 2866 ut
2872 2830 2998 2867 vere
3023 2814 3106 2868 his
3150 2815 3410 2869 molestiis

1827 2899 1964 2953 velle
1990 2899 2048 2954 S.
2093 2900 2486 2957 adolescentem
2545 2903 2592 2956 le
2621 2918 2805 2957 eremo
2835 2905 3134 2971 propellere
3165 2905 3409 2958 videren-

1829 2997 1936 3044 tur.
1986 2989 2245 3055 Quotidie,
2289 2993 2477 3060 iuquit,
2506 3008 2748 3060 exposcor
2788 2994 2960 3060 ﬁdem,
2993 2996 3137 3060 quasi
3175 2997 3282 3048 sine
3310 2997 3411 3062 [ide

1829 3090 2032 3134 renatus
2051 3082 2165 3133 sint.
2192 3079 2466 3146 Confiteor,
2489 3092 2543 3134 ut
2567 3081 2761 3144 volunt,
2790 3099 2888 3136 non
2911 3085 3092 3151 placet.
3117 3085 3410 3149 Snbscribo,

1833 3186 1934 3222 non
1958 3168 2189 3222 credunt.
2223 3168 2392 3223 Unum
2433 3180 2629 3222 tantum
2682 3170 2874 3239 placet,
2903 3183 2956 3226 ut
3001 3175 3117 3227 hinc
3162 3175 3409 3234 recedam.

1834 3260 2010 3327 Atque
2035 3273 2101 3312 eo
2127 3259 2336 3313 demum
2368 3270 2584 3314 cunctus
2612 3276 2797 3316 revera
2831 3272 2912 3318 est
2952 3281 2966 3320 :
2999 3263 3152 3329 lam,
3209 3266 3376 3336 inquit
3397 3309 3413 3332 ,

1824 3349 1938 3418 jam
1959 3349 2080 3404 cedo
2112 3363 2132 3402 :
2158 3349 2464 3418 abruperant
2483 3367 2515 3402 a
2535 3367 2613 3404 me
2643 3362 2835 3416 partem
2867 3354 3053 3407 anima:
3096 3373 3238 3420 mete,
3258 3359 3418 3411 caris-

1835 3441 1988 3494 simas
2016 3443 2216 3510 fratres,
2260 3457 2372 3494 ecce
2415 3441 2671 3496 discedere
2707 3445 2934 3513 cupiunt,
2979 3447 3080 3500 imo
3130 3449 3413 3504 discedunt.

1841 3530 1949 3601 ligo
1982 3532 2106 3600 ipse,
2143 3532 2237 3584 nisi
2282 3549 2361 3584 me
2401 3543 2448 3585 et
2480 3534 2709 3602 corporis
2738 3535 3051 3590 imbecillitas
3074 3579 3089 3601 ,
3136 3549 3184 3592 et
3225 3540 3418 3609 hyemis

1837 3632 2070 3676 retineret
2120 3623 2366 3690 asperitas
2402 3625 2516 3693 jam
2565 3625 2712 3677 modo
2763 3627 3005 3695 fugerem.
3065 3627 3420 3683 Verumtamen

1839 3713 1959 3764 dum
1985 3729 2188 3766 vernum
2221 3725 2415 3782 tempus
2442 3715 2693 3778 adveniat,
2740 3716 2942 3768 obsecro
2989 3726 3044 3768 ut
3085 3721 3261 3786 paucis
3296 3721 3421 3771 mihi

1840 3805 2088 3858 mensibus
2112 3807 2266 3859 eremi
2287 3806 2590 3859 concedatur
2609 3806 2902 3874 hospitium,
2926 3817 3014 3860 aut
3033 3809 3078 3861 si
3103 3808 3196 3862 hoc
3221 3810 3426 3871 tardum

1841 3896 2056 3960 videtur,
2075 3895 2310 3950 abscedo.
2332 3896 2456 3951 Haec
2477 3897 2584 3963 ille,
2605 3898 2911 3965 priusquam
2934 3898 3122 3964 abiret,
3144 3898 3426 3953 scribenda

1843 3987 1993 4042 duxit
2015 3987 2081 4042 ad
2104 3987 2336 4043 Marcum
2362 3987 2739 4059 Presbyterum
2763 3988 3157 4045 Theledensem
3185 3989 3425 4059 Epistula

1847 4079 1899 4132 in
1923 4089 2103 4133 nostra
2134 4079 2444 4133 recensione
2461 4078 2624 4132 XVII.
2651 4095 2752 4148 qua
2775 4095 2880 4133 non
2905 4091 3011 4134 tam
3035 4080 3111 4134 illi
3139 4080 3429 4150 postulanti

1848 4171 1916 4225 de
1946 4169 2069 4223 Iidei
2101 4184 2210 4222 sua;
2240 4167 2594 4237 professione,
2626 4170 2922 4238 respondit,
2949 4186 3107 4240 quam
3138 4171 3205 4224 de
3248 4171 3432 4226 factio-

1850 4275 2032 4316 surum
2087 4259 2347 4314 molestiis
2383 4259 2731 4328 iniquissimis
2762 4270 3090 4330 conquestus
3129 4269 3231 4316 est.
3265 4262 3432 4317 Acce-

1854 4362 2002 4422 perat
2031 4365 2161 4405 vero
2181 4349 2312 4419 jam,
2336 4363 2458 4404 cum
2481 4348 2597 4403 hzec
2621 4349 2904 4412 scriberet,
2931 4366 2959 4404 a
3003 4351 3212 4406 Damasi
3241 4352 3432 4418 literis,

1852 4445 1995 4515 quod
2027 4451 2302 4512 tantopere
2328 4441 2632 4511 expetebat,
2661 4455 2769 4511 quo
2795 4456 2915 4499 cum
2942 4443 3042 4497 sibi
3069 4454 3215 4499 esset
3243 4445 3436 4500 Antio-

1853 4536 1988 4591 chia:
2015 4533 2546 4597 communicandum;
2591 4534 2663 4588 ait
2690 4534 2832 4588 enim
2854 4576 2870 4600 ,
2898 4535 3186 4590 luereticnm
3221 4555 3299 4592 me
3322 4554 3438 4590 cum

1859 4627 2149 4691 Occidente,
2187 4627 2475 4680 Inereticum
2503 4641 2621 4679 cum
2658 4624 2910 4698 ﬁgypto,
2943 4628 3039 4681 hoc
3075 4638 3146 4681 est
3188 4644 3302 4680 cum
3331 4626 3440 4678 Da—

1857 4737 2021 4788 maso,
2060 4718 2313 4789 Petroque
2349 4718 2700 4772 condemnem.
2731 4718 2997 4773 Praeterea
3043 4717 3250 4787 hyemis
3279 4730 3437 4782 quam

1859 4823 2156 4876 caussatur,
2178 4811 2441 4881 asperitas
2465 4811 2734 4880 vergentis
2761 4809 2826 4862 ad
2857 4809 3015 4866 ﬁnem
3044 4807 3168 4860 anni
3193 4806 3311 4872 ejus
3337 4805 3443 4860 378

1860 4902 2196 4973 apertissima
2237 4912 2360 4956 nota
2390 4909 2507 4964 est;
2541 4901 2643 4955 nisi
2679 4901 2841 4954 etiam
2868 4906 3055 4967 putare
3074 4895 3230 4948 malis
3259 4894 3446 4949 subsc-

1861 4992 2073 5062 queutis
2099 4992 2203 5046 379
2227 4998 2232 5002 ”
2253 4989 2538 5060 primordia
2589 4988 2881 5058 designari.
2913 4985 3158 5041 Profecto
3187 5000 3292 5038 non
3331 4996 3449 5038 erat

1865 5085 1950 5138 illa
1979 5084 2146 5154 prima
2187 5083 2311 5136 anui
2332 5081 2438 5135 378
2468 5089 2776 5148 tempestas,
2801 5087 2860 5132 ut
2901 5091 3170 5132 nonnemo
3197 5075 3296 5128 sibi
3327 5091 3449 5144 per-

1865 5175 2202 5229 suasit:hoc
2230 5172 2372 5226 enim
2420 5171 2536 5238 ipso
2583 5183 2726 5222 anno
2779 5168 3003 5220 alteram
3047 5167 3112 5220 ad
3165 5168 3448 5220 Damasum

1868 5263 2180 5332 Epistulam,
2212 5270 2270 5312 ut
2296 5260 2620 5313 declaratum
2647 5265 2750 5317 est,
2792 5257 3146 5326 Hieronymus
3189 5255 3449 5322 dederat,
3509 5281 3520 5322 ε

1869 5354 2022 5424 cujus
2041 5365 2356 5419 responsum
2380 5350 2435 5402 in
2462 5348 2561 5400 ista
2587 5348 2654 5402 ad
2695 5348 2928 5402 Murcum
2950 5348 3062 5418 jam
3094 5351 3368 5419 accepisse
3394 5367 3456 5407 se
3509 5333 3520 5342 ”

1873 5443 2088 5499 indicat.
2119 5439 2273 5508 Quod
2303 5439 2349 5493 si
2393 5438 2554 5492 etiam
2592 5437 2783 5495 demus
2812 5441 3062 5514 scriptam
3105 5442 3454 5515 prmcedenti,

1875 5535 1988 5590 sive
2013 5531 2314 5588 eodemmet
2337 5545 2479 5584 anno
2503 5543 2610 5598 quo
2629 5538 2684 5584 et
2713 5531 2882 5600 prima
2914 5550 2928 5586 :
2971 5546 3240 5603 gestorum
3281 5544 3457 5590 tamen

1882 5627 2067 5689 series,
2098 5633 2152 5679 et
2181 5624 2320 5693 quod
2349 5639 2376 5677 a
2413 5623 2586 5693 priore
2612 5623 2676 5678 ad
2716 5626 2892 5690 istam,
2919 5643 3238 5698 rursumque
3266 5630 3332 5683 ab
3361 5631 3460 5684 ista

2838 5719 3097 5796 (Deum)
