4048 6192
613 236 684 294 so
1886 192 2218 275 sthene:

2325 214 2363 270 II
2402 214 2586 271 VITA.
3817 220 3890 273 ω

614 351 682 408 ad
710 348 984 408 Pontiﬁcis
1027 346 1252 404 Romani
1273 355 1586 411 responsum
1617 337 1896 394 intercedit
1938 335 2192 405 temporis

617 442 973 505 intervallum,
1016 447 1204 508 putare
1227 433 1446 490 omnino
1471 445 1577 485 non
1604 429 1748 493 sinit,
1777 437 1836 481 ut
1855 441 1976 497 qua:
2013 426 2067 480 in
2095 424 2196 478 hac

616 535 680 587 ad
710 534 940 588 Marcum
973 529 1159 600 hyems
1183 526 1490 586 denotatur,
1511 521 1752 592 ejusdem
1773 517 2023 574 exeuntis
2046 517 2190 580 anui,

616 625 702 678 ιιι-Ι
732 619 1057 690 insequentis
1085 616 1190 672 578
1215 615 1446 670 ineuntis
1476 613 1654 667 fuerit.
1693 611 1788 666 Sin
1819 619 1998 664 autem
2024 607 2198 662 serius

616 719 730 769 sive
776 722 893 783 post
930 725 1128 764 annum
1173 709 1269 764 581
1334 708 1449 762 luce
1499 705 1790 775 contigisse
1841 700 2196 772 perteuderis,

617 804 803 860 iisdem
835 801 984 856 facile
1003 799 1336 870 argumentis
1359 798 1728 862 dedoceheris,
1755 795 1949 865 quibus
1978 792 2039 846 P.
2061 789 2200 844 Con-

616 895 796 949 statuii
827 894 1088 950 sententia
1115 892 1274 947 modo
1294 907 1324 945 a
1347 891 1502 946 nobis
1525 891 1721 944 obtrita
1747 897 1850 941 est.
1880 885 2047 956 Igitur
2075 883 2199 937 anni

616 987 722 1041 579
773 986 958 1058 Ityems
1003 985 1091 1039 illa
1120 992 1258 1049 crat,
1284 983 1351 1036 ad
1388 981 1542 1050 cujus
1591 993 1760 1049 usque
1799 977 1923 1031 anni
1976 989 2198 1029 vernum

617 1091 827 1148 tempus
855 1079 906 1131 in
933 1092 1118 1132 eremo
1143 1076 1200 1132 8.
1228 1075 1388 1131 Pater
1409 1073 1620 1127 videtur
1643 1071 1966 1132 constitisse,
1989 1082 2109 1122 cum
2139 1066 2204 1120 iis

617 1186 750 1240 quas
775 1169 1085 1224 dicebamus
1128 1165 1382 1222 aerumnis
1426 1165 1779 1219 conﬂictatus.

690 1258 804 1314 VII.
849 1258 932 1313 Ad
972 1258 1204 1312 Marcum
1249 1257 1421 1326 ipsum
1464 1254 1604 1322 quod
1664 1252 1910 1323 pertinet,
1965 1259 2204 1303 notatum

513 1356 515 1358 ’
613 1347 936 1418 jampridem
968 1346 1144 1412 nobis,
1171 1361 1292 1401 eum
1320 1346 1374 1399 in
1397 1345 1631 1414 antiquis
1651 1358 1778 1396 mss.
1813 1340 1961 1395 libris
1987 1337 2208 1408 Presby-

619 1449 804 1500 terum,
855 1439 968 1493 sive
999 1436 1307 1507 Episcopum
1342 1434 1585 1499 Calcidaa,
1633 1432 1913 1504 appellari,
1966 1447 2063 1501 pro
2097 1446 2205 1501 quo

620 1532 746 1587 editi
775 1542 983 1587 veteres
1008 1531 1096 1585 alii
1127 1529 1448 1586 Celedensem
1475 1529 1679 1584 dicunt.
1712 1527 1896 1582 Visum
1921 1535 2202 1596 propterea

623 1623 791 1678 multo
837 1623 1300 1678 verosimillimum
1355 1620 1574 1676 rescribi
1617 1619 1766 1688 juxta
1815 1619 1952 1673 alios
1991 1616 2209 1672 codices

621 1710 970 1774 Telcdensem,
1002 1727 1032 1764 a
1079 1710 1304 1764 Tclcdan
1352 1710 1552 1779 oppido
1581 1710 1632 1763 in
1651 1709 1882 1764 Calcidis
1908 1710 2145 1779 regione,
2176 1726 2206 1764 a

623 1818 732 1872 quo
762 1818 866 1856 non
907 1801 1066 1870 longe
1091 1799 1324 1856 abfuisse
1361 1799 1736 1855 lllonasterium
1779 1799 1837 1855 8.
1882 1799 2120 1866 Eusebii,
2141 1814 2207 1855 ex

625 1891 969 1947 'l‘heodoreto
998 1893 1048 1945 in
1079 1891 1210 1945 Vitis
1239 1891 1455 1946 Patrum
1481 1905 1598 1960 cap.
1633 1889 1720 1944 ιν.
1747 1889 2022 1954 discimus,
2064 1899 2118 1946 et
2143 1890 2209 1944 ad

627 1983 780 2054 cujus
810 1983 910 2038 loci
940 1983 1312 2054 Presbyterum
1339 1981 1571 2036 Marcum
1597 1979 1749 2037 facile
1782 1981 2114 2050 pertinebat,
2139 1981 2209 2036 de

629 2073 1022 2130 Calcidensiutn
1053 2074 1155 2128 lide
1193 2087 1540 2143 cognoscere.
1571 2071 1682 2125 Sub
1710 2072 1963 2142 Epistolas
2012 2073 2170 2126 linem
2190 2111 2208 2138 ,

623 2165 767 2234 quod
797 2179 856 2218 se
883 2164 958 2218 ait
996 2164 1367 2234 Hieronymus,
1403 2164 1466 2219 S.
1516 2163 1708 2239 Cyrillo
1743 2164 1940 2217 dedisse
1983 2163 2208 2216 conscri-

629 2253 961 2324 ptamﬁdem,
998 2271 1118 2308 cum
1153 2255 1356 2325 jamdiu
1405 2254 1533 2310 olim
1563 2254 1914 2319 interciderit,
1955 2254 2209 2324 quidquid

636 2347 762 2402 illud
795 2348 1103 2418 scriptionis
1127 2347 1317 2414 fuerit,
1347 2347 1572 2417 prtebuit
1613 2355 1789 2402 tamen
1811 2361 1994 2400 ansam
2037 2346 2211 2416 impo-

631 2439 760 2491 stori
784 2479 797 2499 ,
829 2449 886 2491 ut
936 2439 1247 2508 opusculum
1285 2437 1385 2491 hoc
1433 2437 1618 2500 titulo,
1652 2436 1964 2507 Explanatio
2003 2436 2121 2504 ﬁdei
2145 2435 2213 2488 ad

623 2531 918 2600 Cyrillum,
951 2531 1050 2584 sub
1099 2529 1277 2584 Sancti
1332 2529 1573 2583 Doctoris
1616 2531 1831 2584 nomine
1862 2529 2211 2594 mentiretur,

635 2623 777 2688 σμινιά
798 2636 893 2675 nos
915 2623 965 2674 in
988 2621 1230 2676 ultimum
1258 2620 1399 2675 hunc
1419 2621 1642 2676 Tomum
1673 2621 1809 2676 falso
1837 2621 2213 2690 inscriptorum

635 2728 855 2780 operum
904 2712 1204 2782 rejecimus.
1239 2711 1343 2766 Sed
1371 2722 1424 2766 et
1468 2713 1808 2781 eoojecturan,
1839 2727 1959 2782 quae
2000 2712 2217 2766 minime

630 2805 891 2870 probatur
919 2803 1072 2857 nobis
1103 2804 1276 2858 locum
1315 2803 1489 2858 fecere
1535 2803 1693 2857 verba
1736 2802 1824 2856 illa
1858 2801 2218 2871 :conjeeturae

638 2899 853 2968 inquam
881 2896 1159 2952 doctorum
1188 2895 1485 2961 hominum,
1517 2899 1605 2966 qui
1627 2895 1684 2953 S.
1721 2896 1976 2967 Cyrillum
2003 2894 2220 2950 Jeroso-

639 2989 953 3062 lymitanum
980 2987 1048 3043 ibi
1078 2987 1220 3042 innui
1243 2996 1449 3058 putant,
1474 2988 1527 3042 iu
1549 3002 1775 3057 eamque
1801 3001 1914 3042 rem
1935 2985 2222 3042 convenire

638 3085 806 3147 aiunt,
831 3081 974 3152 quod
1017 3081 1110 3136 ille
1154 3097 1249 3152 per
1276 3080 1330 3135 id
1369 3082 1627 3152 temporis
1654 3081 1724 3137 ab
1763 3080 2062 3151 Episc0pali
2091 3081 2224 3136 sede

631 3175 843 3242 pulsus,
868 3187 964 3242 per
983 3171 1150 3244 Syria:
1174 3171 1383 3228 deserta
1405 3173 1704 3228 oberraret.
1732 3170 1932 3227 Verum
1956 3187 2078 3227 cum
2102 3171 2224 3226 aliis

641 3281 705 3320 ex
746 3265 877 3319 locis
925 3263 1170 3318 videatur
1221 3262 1338 3332 ejus
1388 3263 1560 3318 Patris
1607 3263 1812 3318 nomini
1863 3262 2223 3332 Hieronymus

642 3358 813 3411 ferme
842 3353 1099 3417 infensus,
1125 3353 1278 3422 cujus
1297 3352 1685 3408 ordinationem
1706 3353 1759 3407 iu
1774 3353 2042 3408 Chronico
2063 3353 2224 3422 paulo

625 3454 766 3511 .-post
795 3443 1074 3498 lucubrato
1099 3443 1314 3497 acribus
1346 3444 1527 3498 verbis
1554 3443 1797 3512 sugillat,
1845 3454 2004 3513 atque
2033 3444 2223 3512 impie.

649 3539 769 3591 tatis
797 3544 942 3589 notat
972 3533 1227 3590 :minime
1252 3544 1335 3588 est
1356 3535 1680 3602 verosimile,
1708 3543 1767 3589 ut
1789 3549 1941 3589 suam
1985 3533 2061 3589 illi
2103 3534 2225 3589 ﬁdei

631 3626 1034 3698 professionem
1078 3625 1467 3693 concrederet,
1513 3635 1569 3682 et
1615 3625 1869 3680 Sanctum
1907 3625 2224 3696 appellaret.

649 3718 755 3775 Sed
781 3718 895 3772 lucc
918 3716 1192 3773 hactenus.

767 3872 778 3884 ,
1260 3808 1483 3866 CAPUT
1519 3808 1633 3866 xu.

630 3907 688 3962 »l.
723 3905 906 3960 Eremo
951 3904 1145 3960 decedit
1184 3913 1229 3958 et
1264 3904 1585 3958 Antiochiam
1623 3903 1880 3972 remigrat.
1926 3901 1990 3956 ΙΙ.
2042 3902 2230 3958 Scribit

720 3999 997 4074 Dialogum
1023 3997 1335 4069 Luciferiani
1356 4005 1405 4052 et
1435 3995 1742 4050 Ortltodoxi.
1770 3993 1854 4048 Ill.
1895 3993 2162 4064 Presbyter
2199 4010 2233 4047 a

704 4096 948 4151 .Paulino
963 4092 1250 4148 ordinatur.
1265 4089 1356 4146 IV.
1382 4088 1610 4159 Tempus
1647 4089 1758 4159 ejus
1782 4087 2118 4142 ordinationis
2143 4104 2230 4142 as-

704 4190 928 4244 seritur.

725 4284 764 4337 ι.
814 4277 1106 4336 Meletianis
1165 4275 1365 4330 utilium
1396 4274 1658 4330 molestiis
1691 4272 1849 4329 ﬁnem
1881 4271 2194 4329 facientibus
2216 4313 2232 4338 ,

643 4388 750 4441 par
777 4371 998 4424 credere
1019 4376 1122 4430 est,
1148 4366 1526 4437 Hieronymum
1572 4365 1750 4419 statim
1779 4377 1940 4432 atque
1975 4379 2068 4432 per
2109 4362 2237 4420 anni

639 4467 1023 4527 «tetnpestatem
1043 4458 1209 4521 licuit,
1238 4471 1362 4511 vere
1381 4455 1604 4519 scilicet,
1633 4464 1690 4508 ut
1709 4453 2058 4525 promiserat,
2084 4469 2236 4510 acce-

657 4556 854 4614 dente,
884 4565 948 4604 ex
993 4563 1175 4603 eremo
1203 4546 1620 4611 eacessisseﬁn
1664 4561 1767 4614 qua
1813 4555 1997 4602 contra
2041 4546 2236 4617 ingenii

657 4645 762 4709 sui,
793 4655 954 4710 atque
979 4639 1078 4692 loci
1110 4646 1351 4691 naturam
1378 4636 1562 4705 quieto
1586 4635 1685 4689 sibi
1713 4649 1839 4690 esse
1863 4651 1970 4690 non
1994 4635 2235 4691 licuerat.

663 4739 844 4791 Annus
863 4731 1170 4788 trahebatur
1187 4728 1386 4785 Christi
1416 4727 1542 4796 379,
1575 4738 1632 4782 ut
1654 4743 1718 4783 ει
1736 4727 1818 4782 his
1837 4744 1956 4799 qua:
1974 4728 2237 4799 superiori

656 4828 830 4899 capite
853 4821 1258 4884 edisseruimus,
1279 4828 1612 4890 compertum
1639 4827 1722 4875 est
1749 4835 1762 4871 :
1794 4819 1895 4886 Qui
1923 4834 2044 4876 cum
2065 4821 2240 4875 {etatis

657 4920 798 4974 illius
827 4915 1102 4988 trigesimo
1128 4913 1240 4967 fere
1269 4911 1444 4977 tertio,
1468 4909 1534 4964 ab
1560 4909 1688 4963 inita
1705 4909 1935 4964 Caleidis
1953 4908 2238 4964 solitudine

654 5016 995 5079 quarto,aut
1018 5005 1202 5076 quinto
1242 5002 1308 5057 ad
1347 5017 1649 5066 summum,
1691 4999 2064 5055 concurrebat.
2110 4999 2240 5054 Erat

662 5117 790 5156 vero
836 5101 910 5156 illi
949 5100 1085 5154 adeo
1154 5097 1345 5152 inﬁxus
1395 5095 1502 5150 alte
1547 5094 1730 5150 animo
1773 5093 2074 5148 solitudinis
2120 5092 2238 5162 ejus

656 5209 839 5258 amor,
870 5203 1050 5262 totque
1090 5206 1210 5246 cum
1244 5189 1433 5254 licuit,
1468 5189 1518 5242 in
1569 5201 1632 5242 ea
1671 5187 1892 5254 spiritus
1931 5185 2239 5241 dulcedines

653 5293 910 5353 expertus
938 5284 1110 5338 luerat
1133 5323 1149 5344 ,
1182 5279 1408 5351 utquod
1431 5279 1584 5334 abire
1627 5287 1844 5334 coactus
1889 5289 2066 5344 esset,
2102 5293 2239 5348 pene

659 5389 891 5430 mterore
916 5376 1295 5435 conﬁceretur,
1315 5383 1364 5426 et
1406 5371 1602 5440 saepius
1626 5385 1748 5426 eum
1776 5371 2087 5425 discessisse
2114 5369 2239 5425 inde

647 5462 990 5532 .ptenituerit.
1040 5460 1149 5529 Ego
1192 5461 1434 5527 quidem,
1493 5462 1664 5529 inquit
1721 5461 1786 5513 ad
1840 5459 2235 5514 Pammachium

658 5548 921 5610 scribens,
951 5549 1123 5603 Roma:
1150 5566 1245 5602 non
1271 5567 1424 5614 erum,
1441 5562 1487 5605 et
1515 5562 1634 5604 tunc
1673 5569 1750 5605 me
1777 5553 1970 5607 tenebat
2002 5551 2236 5616 Eremus,

659 5649 808 5709 atque
833 5640 1021 5693 utinam
1051 5641 1394 5710 perlennisset.
1426 5642 1682 5710 Egressus
1707 5656 1904 5712 autem,
1936 5662 2029 5701 sctt
2062 5647 2238 5700 verius

2303 335 2763 404 persecutionibus
2815 335 3189 393 hereticorum
3235 339 3358 394 inde
3407 339 3645 408 ejectus,
3701 341 3891 396 Antio~

2301 427 2476 483 chiam
2502 428 2750 497 repetiit,
2782 429 2995 498 etapud
3027 431 3308 499 Eragrium
3339 429 3494 484 facile
3525 431 3763 492 divertit,
3797 433 3891 500 qui

2301 521 2372 579 ei.
2403 528 2458 573 ιιι
2480 530 2604 573 ante
2632 529 3002 584 consueverat,
3032 521 3281 576 omnibus
3296 522 3457 577 rebus
3475 522 3620 593 large
3648 539 3894 578 commo-

2302 609 2481 664 dabat.
2535 609 2610 664 lbi
2677 626 2797 664 cum
2847 611 3068 665 Paulino
3137 615 3434 681 episcopo,
3465 614 3893 672 Occidentalium

2304 700 2602 769 exemplum
2630 710 2918 768 sequutus,
2951 703 3180 756 maxime
3206 712 3384 756 autem
3423 704 3647 758 edoctus
3679 705 3895 760 Damasi

2305 808 2600 862 responso,
2633 793 2780 848 credi
2810 803 3014 862 potest,
3049 796 3092 847 si
3131 793 3259 864 quid
3290 811 3522 865 unquam
3551 799 3794 865 proxime
3826 798 3894 853 ad

2306 901 2511 949 verum,
2539 887 2964 941 communicasse
2995 904 3010 940 :
3040 901 3146 940 non
3174 889 3242 940 ita
3274 898 3469 954 tamen,
3490 899 3546 943 ut
3573 905 3633 945 se
3661 892 3896 961 partium

2306 979 2737 1033 contentionibus
2777 979 3102 1034 immisceret
3127 1021 3140 1042 ,
3171 979 3264 1035 sed
3297 983 3469 1050 potius
3494 983 3669 1038 oblata
3697 988 3899 1055 quietis

2309 1070 2593 1134 facultate,
2639 1081 2695 1125 et
2733 1071 3198 1126 beneﬁcentissimi
3257 1074 3414 1128 amici
3456 1074 3780 1132 liberalitate
3829 1078 3898 1132 ad

2308 1161 2636 1226 studiorum,
2665 1162 2859 1231 quibus
2899 1163 3132 1216 intentus
3183 1165 3436 1217 continuo
3481 1174 3616 1232 erat,
3646 1181 3897 1223 commo-

2308 1254 2433 1307 dtun
2465 1261 2724 1307 uteretur.

2383 1344 2447 1398 ll.
2501 1344 2715 1410 Fuerat,
2748 1353 2807 1398 ut
2834 1344 3066 1400 diximus
3091 1359 3190 1399 suo
3217 1345 3337 1400 loco
3360 1388 3374 1406 .
3411 1345 3661 1402 Paulinus
3685 1349 3901 1417 episco-

2313 1451 2410 1506 pus
2450 1451 2481 1490 a
2525 1434 2775 1491 Lucifero
2825 1435 3163 1501 Caralitano,
3196 1438 3248 1491 in
3275 1437 3608 1493 Antiocbcna
3657 1440 3902 1495 Ecclesia

2310 1527 2582 1582 adviventi
2621 1527 2835 1583 Heletio
2852 1528 3168 1597 subrogatus
3188 1570 3204 1593 ,
3229 1529 3369 1582 bono
3407 1529 3618 1599 quidem
3646 1533 3898 1596 ecusilin,

2310 1618 2403 1674 sed
2433 1618 2574 1689 quod
2603 1619 2822 1673 minime
2849 1634 2881 1674 e
2908 1620 3171 1674 sententia
3216 1622 3492 1675 successit.
3537 1621 3901 1694 Hieronymus

2311 1718 2524 1775 autent,
2553 1710 2760 1765 tametsi
2793 1709 3016 1765 Paulino
3055 1708 3284 1764 Luciferi
3312 1712 3527 1765 alumno
3569 1713 3898 1776 adhtereret.

2312 1814 2496 1854 eorum
2551 1808 2727 1855 tamen
2748 1841 2764 1867 ,
2792 1802 2880 1870 qui
2927 1802 2995 1855 ab
3025 1802 3118 1856 illo
3153 1802 3663 1869 denominabantur,
3696 1817 3899 1862 sectam

2311 1891 2769 1947 Luciferianorum
2816 1902 3094 1948 aversatus
3141 1895 3485 1949 vehementer
3513 1937 3530 1960 ,
3578 1907 3634 1951 et
3683 1898 3904 1968 scriptis

2313 1984 2471 2037 etiam
2489 1984 2778 2038 insectatus
2794 1993 2895 2038 est.
2915 1983 3151 2055 Contigit
3172 1986 3447 2040 enimvero
3470 1986 3570 2041 hoc
3594 1988 3713 2057 ipso
3734 2003 3902 2056 anno,

2313 2089 2419 2141 quo
2444 2073 2740 2128 Antiochia:
2765 2074 3043 2141 substitit",
3071 2084 3128 2129 ut
3173 2075 3539 2132 aniferianus
3564 2079 3780 2134 nomine
3808 2079 3906 2134 El-

2314 2163 2483 2218 ladius
2508 2163 2921 2232 disputationem
2951 2166 3002 2219 in
3036 2165 3166 2220 urbe
3194 2167 3450 2236 (plateam
3482 2169 3622 2223 enim
3667 2182 3716 2224 et
3742 2173 3906 2239 porti-

2314 2271 2429 2308 cum
2453 2256 2714 2324 nominat)
2740 2270 2860 2310 cum
2892 2258 3204 2312 Orthodoxo
3233 2258 3489 2326 haberet,
3513 2276 3670 2331 quam
3701 2261 3760 2317 S.
3799 2265 3902 2316 l’a-

2317 2353 2398 2401 ter
2417 2348 2631 2416 excepit
2653 2346 2889 2417 scriptis,
2917 2359 2970 2402 et
2999 2348 3065 2402 ad
3095 2347 3385 2404 Catholicae
3412 2349 3670 2406 doctrinae
3693 2355 3907 2408 laudem

2310 2437 2451 2507 juris
2471 2439 2630 2494 etiam
2657 2439 2856 2508 publici
2885 2440 3028 2495 fecit.
3058 2440 3226 2495 Biduo
3255 2451 3518 2496 transacta
3542 2458 3630 2498 res
3659 2444 3747 2496 illa
3785 2456 3902 2500 est:

2274 2562 2281 2569 -
2317 2537 2373 2582 et
2420 2529 2593 2598 primo
2615 2529 2832 2599 quidem
2886 2530 3142 2585 conviciis
3185 2532 3363 2602 potius
3387 2547 3549 2602 quam
3577 2537 3909 2603 argumentis

2318 2621 2568 2689 utrinque
2593 2632 2794 2686 actum,
2824 2632 2878 2674 ut
2899 2622 3020 2675 dum
3040 2622 3353 2677 audientiam
3379 2633 3426 2677 et
3449 2624 3694 2678 circulum
3712 2626 3909 2678 lumina

2308 2712 2425 2780 jam
2455 2713 2508 2765 in
2537 2713 2721 2782 plateis
2752 2729 2965 2766 accensa
2995 2714 3243 2769 solverent
3265 2756 3280 2779 ,
3311 2724 3358 2768 et
3385 2715 3692 2770 inconditam
3724 2718 3906 2783 dispu-

2322 2803 2559 2856 tationem
2589 2819 2691 2879 ηοω
2717 2804 3124 2875 interrumperet,
3151 2816 3394 2876 consputa
3425 2823 3548 2876 pene
3583 2809 3794 2862 invicem
3821 2812 3908 2878 fa-

2323 2894 2398 2948 cie
2417 2895 2728 2950 recesserint.
2769 2893 2886 2949 Hoc
2912 2906 3078 2950 tamen
3103 2897 3181 2950 liis
3205 2898 3292 2966 qui
3315 2899 3608 2966 adfuerunt,
3637 2900 3911 2953 statuenti-

2325 2986 2439 3051 bus,
2467 2996 2521 3039 ut
2544 2986 2594 3038 in
2619 2995 2860 3040 secretam
2889 2988 3139 3055 porticum
3181 2989 3344 3058 primo
3367 3005 3514 3042 mane
3539 2991 3910 3055 conveniretur,

2323 3076 2613 3145 disputatio
2636 3094 2665 3130 a
2689 3078 2911 3132 notariis
2943 3089 3191 3148 excepta,
3217 3082 3286 3134 ita
3312 3079 3527 3135 demum
3559 3079 3790 3136 feliciter
3811 3079 3915 3136 0r-

2327 3169 2558 3224 thodoxo
2581 3169 2764 3235 cessit,
2779 3179 2840 3224 ut
2865 3170 3232 3226 Luciferianus
3259 3171 3326 3226 ad
3355 3173 3576 3228 meliora
3598 3174 3912 3242 proﬁciens.

2324 3261 2599 3316 desereret
2633 3260 2776 3330 quod
2814 3261 2954 3315 male
2985 3260 3220 3316 tenebat.
3262 3261 3409 3315 Hanc
3438 3261 3794 3333 Hieronymus
3821 3278 3920 3334 po-

2325 3353 2574 3408 sterioris
2598 3351 2701 3408 diei
2724 3352 3196 3420 concertationem,
3210 3367 3304 3408 seu
3325 3355 3500 3408 verius
3521 3354 3917 3411 Catltolicarum

2328 3446 2554 3515 partium
2581 3445 2880 3510 victoriam,
2901 3445 3195 3515 prxmissa,
3224 3460 3342 3514 quae
3363 3445 3638 3500 historiam
3661 3447 3921 3516 explicat,

2330 3537 2755 3602 Przefatiuncula,
2788 3537 2858 3592 ita
2887 3552 2980 3605 per
3009 3537 3285 3608 Dialogum
3308 3546 3680 3607 repraesentat,
3711 3547 3770 3592 ut
3795 3554 3924 3594 eam

2332 3643 2398 3684 ex
2425 3627 2575 3683 Actis
2624 3630 2846 3683 omnino
2884 3627 3234 3698 descripsisse
3255 3669 3273 3695 ,
3294 3629 3382 3682 vix
3408 3629 3592 3699 paucis
3619 3629 3686 3683 de
3712 3645 3814 3684 suo
3841 3632 3926 3684 in-

2334 3721 2542 3775 terdum
2571 3721 2766 3775 additis
2787 3762 2803 3786 ,
2850 3737 2954 3776 non
2980 3732 3178 3792 przeter
3208 3721 3743 3776 verosimilitudinem
3772 3723 3928 3777 credi

2334 3813 2502 3883 possit
2523 3830 2536 3866 :
2561 3829 2878 3884 quamquam
2899 3813 3016 3868 aliis
3039 3813 3275 3868 studiose
3289 3827 3424 3883 opus
3441 3812 3567 3867 illud
3583 3823 3927 3882 contextum,

2334 3917 2494 3976 atque
2519 3907 2808 3975 expolitum
2839 3907 2890 3960 in
2913 3905 3200 3959 Catholica:
3227 3906 3465 3960 veritatis
3488 3906 3713 3975 gratiam
3745 3905 3932 3960 vidca-

2337 4007 2441 4053 tur.
2461 3999 2618 4053 Certe
2637 4013 2756 4067 quas
2770 3998 3122 4052 Ariminensis
3144 3996 3368 4053 Cuncilii
3382 4007 3527 4067 gesta
3553 3998 3681 4052 satis
3696 3996 3903 4065 diligen
3919 4028 3932 4037 ι

2338 4089 2378 4143 ti
2397 4089 2537 4144 serie
2560 4090 2872 4154 recitantur,
2899 4105 2964 4144 ex
2995 4088 3272 4159 ipsiusmet
3295 4089 3443 4144 Actis
3459 4087 3727 4158 descripta
3750 4101 3880 4143 sunt
3917 4107 3930 4142 :

2337 4195 2454 4250 qum
2473 4196 2606 4234 auro
2622 4191 2804 4236 contra
2820 4180 3149 4250 gemmisque
3163 4179 3472 4234 aestimanda
3496 4178 3789 4249 iragtnenta
3819 4195 3933 4234 nun

2337 4272 2438 4326 alia
2470 4271 2651 4338 hodie,
2680 4285 2852 4342 neque
2879 4271 3003 4324 alibi
3043 4285 3204 4340 quam
3240 4270 3294 4324 in
3325 4268 3426 4324 hoc
3453 4269 3618 4324 Libro
3644 4280 3931 4337 superant.

2407 4361 2526 4416 Jan:
2546 4360 2685 4432 quod
2716 4361 2818 4415 line
2841 4361 2937 4415 ista
2965 4360 3265 4424 relerimus,
3295 4373 3358 4414 ac
3387 4373 3545 4428 porro
3572 4358 3802 4412 dicimus
3824 4360 3935 4412 hoc

2341 4455 2458 4526 ipso
2497 4469 2638 4509 anno
2678 4455 2782 4509 579
2819 4454 3130 4524 contigisse,
3186 4450 3661 4507 demonstrandum
3709 4461 3817 4507 est.
3869 4453 3936 4505 Et

2341 4565 2469 4605 vero
2521 4549 2679 4604 cilius
2742 4546 3050 4617 Hieronymi
3106 4545 3278 4602 reditu
3321 4562 3352 4599 e
3401 4544 3689 4598 solitudine
3739 4543 3940 4597 Antio-

2339 4642 2514 4698 chiam
2557 4641 2764 4696 censeri
2805 4649 3075 4710 nequeunt
3107 4655 3120 4692 :
3149 4637 3410 4708 siquidem
3454 4644 3509 4691 ει
3555 4634 3789 4689 Euzoins
3817 4635 3938 4702 jam

2343 4733 2450 4788 fato
2494 4731 2706 4788 functus
2757 4731 3100 4797 nominatur(
3127 4732 3216 4798 qui
3263 4742 3406 4781 anno
3445 4725 3549 4781 576
3576 4724 3676 4779 sub
3703 4725 3942 4779 Valente

2340 4824 2482 4879 diem
2511 4821 2717 4892 obiit),
2755 4830 2809 4876 et
2837 4820 3131 4875 Antiochia:
3161 4819 3336 4874 habita
3367 4818 3454 4872 illa
3484 4816 3775 4885 disputatio
3825 4828 3943 4881 est,

2341 4935 2372 4972 a
2397 4935 2499 4988 qua
2530 4919 2756 4988 proxime
2782 4917 2899 4973 haec
2937 4932 2996 4971 se
3024 4916 3084 4972 S.
3116 4915 3274 4970 Pater
3294 4957 3310 4982 ,
3337 4916 3425 4985 qui
3461 4913 3624 4967 hocce
3671 4928 3842 4979 anno,
3878 4926 3949 4968 ut.

2342 5011 2696 5073 ostendimus,
2725 5024 2792 5063 eo
2819 5017 3033 5062 venerat
3078 5007 3318 5061 scribere
3363 5004 3664 5076 proﬁtetur.
3689 5003 3798 5058 Sed
3832 5021 3943 5060 ne-

2341 5116 2446 5171 que
2474 5099 2709 5170 protrahi
2738 5098 2908 5154 serius
2941 5106 3163 5167 possunt
3209 5097 3282 5150 itu
3313 5111 3377 5151 ex
3406 5109 3468 5150 ea
3499 5095 3630 5148 urbe
3654 5093 3943 5149 Constan-

2344 5191 2615 5260 tinopolim
2637 5230 2651 5254 ,
2687 5188 2948 5258 siquidem
2982 5189 3251 5257 praecessit
3281 5185 3369 5239 hic
3414 5184 3569 5250 liber,
3598 5183 3658 5240 8.
3679 5185 3800 5256 ipso
3832 5203 3948 5240 au-

2337 5296 2490 5338 ctore
2516 5283 2567 5335 in
2598 5295 2820 5334 suorum
2833 5279 3087 5348 Catalogo
3102 5291 3322 5347 operum
3353 5283 3509 5342 teste,
3529 5273 3783 5331 Chronici
3812 5277 3948 5330 elu-

2342 5372 2706 5428 rubrationem
2739 5413 2752 5435 ,
2783 5388 2940 5443 quam
2997 5372 3158 5425 fuisse
3204 5367 3668 5438 Constantinopoli
3727 5368 3948 5425 editam

2340 5480 2481 5521 anno
2508 5465 2823 5535 insequenti,
2843 5465 2955 5520 sive
2981 5462 3112 5529 380,
3127 5461 3264 5513 inter
3281 5459 3642 5531 cltronologos
3661 5460 3775 5514 fere
3797 5475 3954 5516 ροη-

2341 5565 2468 5613 stat.
2517 5555 2666 5610 Adeo
2702 5555 2910 5609 etiamsi
2968 5552 3229 5623 perfracte
3270 5549 3388 5618 quis
3417 5550 3544 5604 velit
3568 5592 3583 5612 .
3616 5552 3746 5605 alibi
3773 5569 3955 5624 quam

2345 5645 2640 5703 Antiochia»
2680 5645 2909 5698 habitam
2958 5642 3388 5710 disputationem,
3422 5650 3474 5695 et
3496 5642 3612 5696 sive
3664 5645 3957 5701 Constan-
