4048 6192
209 163 261 220 tt
1457 153 1513 204 s.
1559 149 1934 206 ttttznoavttt
1974 148 2157 203 \l‘l‘A.
3281 213 3283 215 ί
3393 151 3459 203 η

166 256 176 356 ξ
208 273 449 344 tinopoli,
480 274 594 328 sive
645 273 745 327 alia
788 273 840 327 in
881 273 1012 326 urbe
1046 289 1058 325 :
1089 270 1307 324 omnino
1351 277 1475 323 ante
1531 266 1770 322 chronici

205 368 539 436 scriptionem
587 380 706 434 qua:
755 379 896 418 anno
937 363 1041 417 380
1069 361 1390 428 deputatur,
1418 358 1620 412 referre
1677 357 1773 410 de-

175 447 354 530 ;beat,
390 469 448 514 et
495 459 580 512 vix
619 457 830 512 demum
886 456 1070 526 paucis
1119 452 1390 508 mensibus
1452 468 1482 506 a
1546 449 1770 504 rationi-

175 537 294 610 .‘bus
331 549 476 604 hisce
540 548 736 603 nostris
789 547 1027 600 abludat.
1081 545 1232 613 Quod
1283 545 1326 598 si
1376 559 1533 614 quem
1596 541 1771 595 adhuc

177 621 440 703 lmeveat,
488 639 789 694 Luciferum
841 640 894 693 itt
947 638 1212 692 Chronico
1265 636 1429 690 multa
1478 650 1599 690 cum
1656 634 1775 687 lau.

177 707 262 785 rde
309 732 627 797 memorari,
671 746 843 800 neque
892 731 1196 784 verosintile
1247 728 1514 792 videatur,
1543 726 1658 793 ejus
1700 725 1771 779 ilti

203 823 449 876 celebrari
504 823 859 876 constantiam
901 836 964 874 ac
1007 821 1200 885 tidem,
1226 819 1377 888 cujus
1424 818 1766 877 sententiam,

204 913 301 965 into
327 928 566 968 errorem
601 913 685 966 hic
707 912 954 980 Dialogus
988 912 1296 980 impugnat,
1325 909 1424 962 nisi
1450 908 1492 961 si
1517 907 1650 961 liber
1674 907 1773 959 iste

203 1005 248 1057 in
271 1020 377 1072 quo
398 1005 537 1058 male
562 1004 712 1058 audit
733 1044 749 1066 ,
783 1005 872 1057 illo
902 1004 952 1056 in
981 1018 1087 1072 qtto
1133 1003 1267 1056 bene
1293 1000 1556 1070 posterior
1595 999 1664 1052 sit
1687 1015 1700 1050 :
1728 997 1772 1051 si

200 1111 372 1162 quem,
404 1096 638 1165 inquant,
663 1096 763 1148 hoc
795 1103 1036 1156 moveat,
1068 1094 1237 1156 sciat,
1269 1092 1319 1145 in
1347 1091 1448 1146 hoc
1477 1092 1592 1160 ipso
1614 1089 1774 1144 etiam

201 1187 414 1257 llialogo
452 1188 581 1241 satis
625 1187 978 1241 obscrvanter
1027 1202 1148 1239 cum
1181 1182 1425 1239 Lucifero
1467 1183 1550 1252 agi
1590 1191 1648 1234 ιιι
1683 1181 1776 1244 ibi,

197 1277 358 1348 Cogor
385 1278 450 1330 de
475 1279 618 1331 beato
643 1276 883 1344 Lucifero
908 1293 1048 1329 secus
1073 1275 1377 1344 quidquam,
1402 1288 1550 1338 quant
1576 1281 1621 1324 ct
1643 1270 1781 1322 illius

196 1370 456 1430 meritum,
480 1377 525 1420 et
551 1385 661 1420 mea
687 1368 972 1420 humanitas
1001 1367 1180 1433 poscit,
1199 1365 1518 1418 existimare:
1545 1372 1600 1416 et
1628 1363 1783 1415 vicis-

194 1458 287 1509 sim
325 1459 381 1508 in
410 1457 678 1510 Chronico
706 1497 722 1519 ,
751 1472 856 1510 non
909 1457 977 1510 ita
1024 1457 1224 1509 laudari
1259 1456 1558 1518 hominem,
1587 1465 1643 1505 ttt
1669 1454 1782 1520 ejus

197 1546 540 1601 inclementia
600 1557 654 1600 et
692 1549 886 1600 factum
934 1545 1352 1615 reprehensione
1392 1553 1559 1598 vacet.
1600 1543 1781 1612 Neque

199 1639 352 1708 igitur
368 1653 434 1692 ex
467 1639 565 1691 hac
590 1645 742 1708 parte
761 1638 902 1706 quod
924 1636 1224 1706 quempiam
1249 1645 1479 1690 moveat.
1513 1634 1617 1688 Nos
1638 1634 1776 1702 quod

198 1731 320 1782 olint
359 1729 412 1782 in
439 1728 800 1782 admonitione
828 1727 894 1782 ad
927 1727 1066 1780 hunc
1104 1727 1320 1782 Librum
1347 1727 1681 1788 censuimus,
1708 1726 1775 1780 ad

201 1823 584 1894 pneeedentem
633 1823 872 1890 proxime
897 1835 1094 1873 annum
1122 1819 1227 1874 578
1253 1834 1374 1874 esse
1414 1817 1773 1883 referendum,

203 1929 338 1968 nunc
392 1912 664 1967 retractari
715 1913 997 1974 malumus,
1023 1921 1078 1965 et
1125 1911 1188 1962 ad
1228 1909 1679 1979 subsequentem,
1707 1909 1775 1964 de

201 2019 304 2074 quo
328 2012 412 2057 est
440 2002 696 2056 hactenus
722 2001 1068 2070 disputatum,
1089 1999 1308 2052 ditl‘erri.

271 2094 354 2149 ιιι.
401 2094 518 2149 .latn
567 2108 693 2147 vero
737 2091 993 2161 ejusmodi
1041 2090 1236 2156 studia,
1284 2089 1662 2159 ingeniumque
1709 2089 1775 2143 ad

206 2201 288 2240 res
311 2186 518 2239 divinas
560 2183 860 2238 tractandas
887 2192 1066 2236 natum
1087 2223 1104 2246 ,
1133 2190 1188 2234 et
1210 2196 1330 2234 cum
1360 2181 1542 2249 primis
1569 2194 1776 2234 morum

204 2275 393 2329 eximia
451 2273 713 2345 probitas,
747 2273 1120 2343 Hieronymum
1164 2271 1216 2324 itt
1264 2285 1451 2340 magna
1502 2269 1777 2324 hominum

203 2365 507 2420 celebritate
532 2379 808 2419 asseruere
827 2406 840 2429 ,
860 2363 1101 2432 adeoque
1128 2361 1346 2432 probata
1375 2371 1498 2414 sunt
1520 2361 1780 2430 Episcopo

203 2470 308 2510 sua:
353 2455 521 2524 partis
552 2454 810 2516 Paulino,
843 2463 900 2506 ιιι
946 2453 1092 2507 clero
1117 2468 1238 2506 eum
1277 2451 1602 2511 adscribere,
1633 2461 1686 2504 et
1713 2449 1780 2504 ad

204 2560 411 2600 sacrum
441 2545 734 2614 provehere
764 2541 1086 2614 Prcsbyterii
1124 2541 1365 2595 ordinem
1391 2583 1406 2607 ,
1439 2541 1657 2594 omnino
1682 2555 1779 2591 vo-

203 2636 376 2691 luerit.
405 2636 577 2703 Quem
605 2635 697 2690 ille
727 2643 929 2690 tantum
958 2651 1064 2688 non
1107 2634 1302 2688 invitus
1323 2634 1578 2703 suscepit,
1603 2642 1660 2686 ttt
1687 2648 1783 2686 ex-

201 2729 338 2783 orari
365 2745 427 2784 se
458 2730 587 2783 tanti
617 2729 861 2783 Pricsulis
883 2727 1084 2797 judicio
1099 2768 1117 2793 ,
1138 2736 1296 2796 atque
1319 2725 1780 2781 adhortationibus

199 2821 421 2874 sineret.
467 2821 594 2874 Eam
646 2829 820 2874 tamen
855 2819 1212 2872 conditionem
1242 2817 1514 2879 adhibuit,
1545 2826 1603 2870 ut
1647 2816 1780 2871 nihil

199 2911 401 2966 idcirco
430 2913 497 2964 ab
521 2911 747 2964 ineunda
779 2911 989 2973 iterum,
1020 2911 1064 2962 si
1091 2909 1271 2975 vellet,
1299 2907 1582 2962 solitudine
1611 2908 1781 2976 impe-

196 3004 428 3070 diretur,
471 3004 710 3074 ttulliquc
739 3003 990 3058 Ecclesia:
1033 3001 1279 3071 alligatus
1304 3011 1611 3069 susceptum
1641 2999 1786 3053 ordi-

195 3113 315 3152 nem
347 3112 616 3152 exercere
645 3111 929 3165 numquam
955 3097 1071 3164 cogi
1104 3105 1303 3164 posset.
1331 3092 1513 3147 Refert
1553 3092 1666 3160 ipse
1686 3092 1786 3146 sub

192 3189 349 3244 liuent
369 3191 496 3244 libri
516 3197 701 3243 contra
716 3187 969 3243 Joannem
986 3186 1510 3258 Jerosolymitanum,
1524 3184 1646 3253 quid
1667 3196 1790 3239 tunc

193 3295 220 3334 a
242 3298 303 3336 se
330 3279 565 3344 misello,
593 3289 649 3333 ιιι
671 3289 840 3342 vocat,
870 3279 1072 3332 homine
1089 3289 1279 3332 sancta:
1300 3277 1552 3330 memoria:
1573 3275 1790 3346 Episco-

191 3388 286 3438 pus
319 3370 590 3425 Paulinus
617 3369 878 3425 audiverit
901 3388 914 3422 :
947 3368 1090 3424 Nunt
1116 3368 1289 3437 rogavi
1315 3377 1380 3432 te,
1405 3379 1460 3422 ut
1485 3368 1790 3421 ordinarer.’

190 3459 252 3515 Si
269 3463 344 3516 sic
365 3461 736 3531 Presbyterum
764 3461 959 3524 tribuis,
989 3471 1043 3514 ut
1065 3461 1370 3514 Monachum
1398 3460 1539 3515 nobis
1567 3477 1665 3513 non
1693 3477 1789 3513 au-

186 3556 342 3621 feras,
373 3563 431 3606 tu
462 3552 655 3606 videris
682 3552 744 3606 de
763 3552 959 3622 judicio
997 3563 1102 3606 tuo.
1137 3553 1231 3606 Sin
1260 3565 1426 3607 autem
1465 3554 1554 3605 sub
1591 3553 1792 3606 nomine

188 3640 491 3715 Presbyteri
518 3644 661 3697 (ollis
705 3644 830 3697 mihi
859 3656 1064 3713 propter
1087 3652 1222 3715 quod
1244 3645 1482 3697 steculum
1509 3643 1752 3712 dereliqui
1773 3659 1790 3696 :

183 3752 274 3804 ego
301 3738 472 3792 habeo
517 3735 666 3807 quod
703 3751 898 3805 semper
935 3737 1084 3791 habui
1111 3753 1129 3802 ς
1172 3736 1370 3790 nullum
1398 3735 1714 3803 dispendium
1741 3735 1792 3787 in

188 3825 556 3882 Ordinatione
602 3843 781 3894 passus
808 3844 877 3881 es.
908 3829 1082 3897 Atque
1108 3828 1159 3881 in
1199 3841 1260 3881 ea
1292 3824 1504 3894 quidem
1531 3825 1792 3880 sententia

180 3923 444 3977 continuo
478 3921 744 3991 perstitit,
771 3931 826 3974 ut
855 3936 917 3975 ex
951 3928 1062 3974 toto
1081 3919 1210 3974 Vita!
1237 3919 1352 3988 ejus
1386 3920 1623 3973 instituto
1648 3917 1796 3971 colli~

179 4026 305 4079 gere
337 4023 458 4079 est,
491 4011 750 4068 maxime
787 4027 913 4066 vero
948 4027 1016 4065 ex
1061 4011 1120 4068 S.
1170 4010 1451 4080 Epiphanii
1495 4010 1796 4064 testimonio

180 4105 347 4174 Epist.
407 4107 576 4160 inter
619 4103 1063 4175 llieronytnianas
1089 4101 1153 4157 LI
1177 4102 1265 4157 ubi
1288 4118 1409 4156 eum
1436 4101 1596 4156 tradit
1626 4101 1800 4155 adhuc

179 4213 320 4252 anno
351 4199 464 4254 394
487 4207 717 4271 propter
740 4183 1106 4258 verecundiam,
1137 4205 1181 4250 et
1208 4195 1536 4249 humilitatem
1557 4193 1692 4247 nolle
1709 4194 1799 4246 de-

178 4286 280 4342 bito
299 4291 514 4344 nomini
553 4304 660 4344 suo
689 4304 918 4342 mrcere
955 4287 1206 4354 sacriﬁcia
1229 4328 1245 4351 ,
1276 4296 1321 4340 et
1349 4286 1580 4340 laborare
1615 4285 1668 4337 in
1707 4284 1802 4337 hac

180 4391 320 4441 parte
349 4379 674 4441 ministerii,
699 4393 811 4448 qua!
835 4375 1237 4432 Christianorum
1273 4375 1527 4445 prmipua
1545 4373 1682 4428 salus
1707 4381 1801 4426 est.

180 4469 304 4525 Erat
333 4477 442 4527 iste
471 4472 584 4533 illi,
615 4476 750 4523 utet
778 4467 1101 4538 Presbytero
1137 4465 1458 4537 Vincentio(
1485 4464 1552 4519 de
1579 4479 1683 4534 quo
1703 4464 1806 4518 erit

179 4573 360 4628 postea
389 4560 638 4616 dicendi
686 4561 870 4630 locus)
897 4559 1175 4613 instinctus
1195 4557 1437 4634 ‘tninime
1478 4556 1567 4610 ille
1590 4554 1804 4626 quidem

179 4652 628 4724 improbandus,
656 4649 750 4706 sed
793 4666 858 4704 cx
907 4651 1012 4702 alio
1060 4665 1217 4718 quam
1242 4648 1403 4718 vulgo
1433 4649 1588 4713 solet,
1614 4662 1805 4716 provo-

177 4745 328 4800 niens
363 4747 611 4815 pietatis
643 4757 769 4810 erga
803 4742 966 4796 Deum
1006 4755 1070 4797 ac
1115 4741 1386 4810 religionis
1430 4738 1677 4808 impulsu.
1727 4737 1808 4792 Ex

177 4851 238 4890 eo
264 4848 460 4892 autem
500 4836 649 4889 iicet
691 4833 741 4885 itt
785 4847 897 4886 rem
927 4841 1161 4885 nostram
1203 4830 1488 4898 conjicere,
1518 4844 1617 4882 ttna
1659 4827 1807 4882 illttttt

176 4939 460 4997 χειρςτονιαι
508 4925 699 4978 fuisse
748 4923 1122 4994 Presbyteratu
1152 4921 1412 4976 initiatum
1440 4961 1456 4986 ,
1498 4927 1656 4988 prout
1706 4918 1811 4974 illis

178 5015 460 5073 Eet-lesim
500 5012 852 5078 temporibus
879 5015 947 5067 ob
995 5013 1217 5085 insignia
1249 5025 1594 5080 personarum
1622 5009 1809 5063 merita

178 5109 481 5179 aliquando
516 5103 825 5164 usuveuit,
851 5119 944 5159 nec
971 5114 1119 5160 certe
1151 5104 1438 5158 Diaconum
1481 5100 1814 5156 ministrasse

179 5215 353 5270 amca,
383 5200 754 5273 prioresque
778 5194 990 5249 ordines
1018 5193 1338 5264 suscepisse.

253 5318 340 5373 IV.
368 5317 542 5373 Nunc
577 5321 676 5368 est
705 5307 780 5363 de
821 5321 1086 5376 tempore,
1119 5323 1225 5378 quo
1255 5307 1370 5361 b:rc
1394 5316 1544 5376 gesta
1573 5321 1660 5360 res
1697 5312 1813 5366 est,

185 5407 642 5482 disquireudum.
670 5399 989 5469 Contigisse
1040 5409 1218 5453 autem
1277 5398 1444 5451 hocce
1496 5412 1637 5450 anno
1685 5393 1814 5455 379,

189 5515 272 5558 aut
295 5503 587 5576 sequenti,
623 5492 975 5552 narrationis
1004 5491 1138 5544 ordo
1169 5506 1327 5557 quem
1356 5499 1618 5548 tenemus,
1648 5486 1814 5538 mani-

193 5591 316 5655 lcsto
343 5575 631 5655 ostendit.
656 5588 724 5646 Si
775 5586 919 5638 enim
970 5581 1266 5635 Antiocltitc
1306 5580 1582 5633 ordinatus
1628 5585 1731 5630 est.
1755 5575 1811 5628 S.

1887 262 2064 326 Pater,
2100 270 2157 314 ut
2188 259 2319 314 nihil
2345 260 2667 322 dubitamus,
2697 271 2854 326 atque
2885 259 2998 320 ipse
3024 260 3301 328 conceptis
3334 276 3453 312 vcr-

1879 354 1964 408 bis
1993 363 2223 408 testatur
2253 354 2354 407 sub
2401 354 2559 406 linem
2589 352 2788 405 dudum
2818 350 3015 406 laudati
3072 351 3216 407 Libri
3259 363 3448 409 contra

1878 444 1965 500 Jo.
1993 443 2506 516 .lerosolyrnitanum
2537 459 2550 495 :
2583 441 2660 495 0b
2687 442 2740 494 id
2766 443 2896 496 enim
2915 452 2963 496 et
2991 460 3080 514 ego
3106 444 3451 507 Antiochiam,

1875 545 1924 590 et
1938 535 2027 590 ille
2051 535 2410 606 (Vincentius)
2427 533 2917 603 Constantinopolim
2943 535 3084 587 urbes
3111 537 3456 590 celeberrimos

1877 627 2210 692 deseruimus,
2244 643 2346 680 non
2371 636 2424 678 ut
2452 637 2498 679 te
2523 628 2577 679 in
2606 627 2808 695 papulis
2839 626 3196 694 prtedicantem
3221 627 3457 681 laudare-

1877 736 2008 781 mus.
2037 719 2127 772 sed
2152 730 2207 772 ut
2235 720 2286 772 in
2313 719 2450 790 agris
2495 730 2540 770 et
2565 719 2842 772 solitudine
2867 719 3222 772 adolescentia:
3253 735 3455 787 peccata

1878 813 2180 883 deﬂeremus
2209 829 2229 868 :
2256 815 2478 868 omnino
2510 829 2630 867 cum
2660 815 2853 868 iterum
2885 829 2953 869 eo
2980 815 3125 868 venit
3157 833 3187 868 e
3228 817 3456 869 Caleitlis

1877 921 2083 968 eremo,
2113 921 2219 960 non
2251 907 2424 974 primo
2447 921 2568 960 cum
2588 906 2660 959 ibi
2689 905 2756 958 ab
2773 907 3007 960 Orientis
3031 907 3460 975 peregrinatione

1878 999 2138 1063 substitit,
2165 999 2442 1054 ordinatus
2466 1009 2567 1052 est.
2596 998 2806 1066 Quippe
2835 999 3066 1052 nondum
3098 997 3264 1052 fuisse
3291 1002 3460 1054 sacris

1881 1088 2166 1154 initiatunt,
2197 1106 2318 1145 cum
2345 1091 2398 1144 in
2424 1107 2541 1144 eant
2580 1077 2924 1144 solitudinem
2973 1090 3144 1159 Syria:
3195 1092 3458 1153 secessit,

1883 1180 2017 1234 nihil
2043 1191 2125 1235 est
2149 1181 2389 1235 dubium.
2417 1181 2553 1248 Quin
2608 1181 2720 1248 ipse
2747 1181 2903 1235 ctiam
2929 1181 3105 1235 verbis
3144 1181 3249 1234 illis
3277 1181 3458 1235 Pauli-

1884 1288 2014 1326 num
2041 1273 2314 1327 declarat:
2342 1273 2403 1326 Si
2425 1275 2496 1326 sic
2541 1271 2897 1343 Presbyterum
2943 1274 3121 1327 tribuis
3140 1315 3155 1337 ,
3184 1285 3239 1326 ut
3272 1273 3461 1327 Mona-

1887 1366 2039 1416 chum
2067 1367 2208 1416 nobis
2226 1381 2326 1417 non
2343 1365 2736 1436 auferas:quod
2757 1366 3084 1434 seilicetjatn
3113 1367 3295 1420 l’uis.~et
3323 1366 3462 1419 inter

1886 1455 2155 1507 soli‘arios
2183 1471 2376 1509 nomen
2403 1472 2556 1508 suum
2592 1456 2900 1524 professus,
2950 1473 3012 1510 ae
3051 1459 3218 1527 porro
3262 1458 3461 1520 vellet,

1884 1547 2091 1599 etiamsi
2109 1546 2174 1599 ad
2197 1545 2493 1600 Sacerdotii
2523 1547 2748 1616 gradtttn
2773 1549 3178 1618 proveheretur,
3209 1552 3458 1618 imposta-

1881 1651 1997 1687 rutn
2030 1636 2287 1703 proﬁteri.
2315 1635 2429 1689 Non
2460 1639 2616 1706 igitur
2651 1639 2811 1692 citius
2839 1655 2996 1708 quant
3047 1657 3168 1694 cum
3221 1642 3460 1694 secundo

1879 1725 2023 1777 venit
2076 1725 2413 1779 Antiochiam
2444 1727 2736 1782 ordinatus
2781 1739 2882 1782 est.
2909 1729 3012 1784 Sed
3065 1746 3238 1800 neque
3284 1736 3458 1786 serius

1878 1818 2085 1884 potuit;
2113 1830 2234 1870 cunt
2257 1818 2590 1887 enimneque
2614 1820 2742 1872 alibi
2765 1836 2923 1890 quam
2949 1823 3262 1882 Antiochiae,
3287 1839 3459 1892 tteque

1875 1906 1944 1959 ab
1970 1907 2080 1960 alio
2108 1924 2269 1976 quant
2300 1911 2368 1962 ab
2395 1911 2637 1973 ejusdem
2663 1911 2915 1965 Ecclesia!
2948 1913 3210 1983 Episcopo
3239 1914 3460 1967 Paulino

1882 1997 2027 2066 (nam
2055 2009 2247 2067 sponte
2293 2015 2389 2054 sua
2419 2001 2711 2071 desipiunt,
2741 2003 2935 2072 quibus
2952 2003 3053 2058 hoc
3080 2004 3342 2059 incertum
3372 2006 3457 2059 vi-

1879 2087 2057 2158 detur)
2089 2088 2253 2143 fuerit
2279 2091 2560 2145 ordinatus
2595 2111 2609 2146 :
2639 2093 2754 2161 ipse
2786 2103 2962 2148 tamen
2995 2112 3084 2161 se,
3113 2111 3236 2149 cum
3279 2097 3474 2150 Romae

1881 2179 2042 2248 paulo
2073 2189 2191 2250 post
2215 2180 2455 2251 degeret,
2477 2183 2616 2238 inter
2643 2184 2992 2255 Presbyteros
3013 2197 3281 2241 recenset.
3305 2188 3460 2250 Sunt,

1882 2271 2075 2339 inquit,
2109 2273 2198 2324 alii
2229 2274 2317 2341 (de
2348 2275 2444 2325 mei
2476 2276 2669 2328 ordins
2694 2275 2812 2328 hom
2837 2277 2983 2328 nibus
3007 2278 3124 2342 loqu
3144 2290 3206 2347 tr)
3233 2279 3315 2345 qui
3345 2277 3460 2332 ideo

1887 2361 2298 2432 l’rerbyteratum
2331 2373 2377 2417 et
2432 2363 2768 2417 Diaconatunt
2809 2367 3074 2431 ambiunt,
3123 2377 3178 2420 ut
3231 2369 3462 2422 mulieres

1885 2455 2115 2506 licentius
2161 2455 2360 2508 videant
2417 2455 2620 2526 (Epist.
2652 2456 2847 2513 XXII.
2873 2476 2926 2511 ιι.
2946 2459 3015 2514 28
3037 2465 3075 2528 ).
3101 2460 3460 2530 Consequitur

1885 2547 2009 2600 hinc
2037 2557 2204 2613 recta,
2236 2549 2376 2616 quod
2406 2553 2779 2619 proposuimus
2805 2591 2820 2616 ,
2848 2566 3141 2620 nonpossc
3171 2553 3463 2608 ordinatio-

1884 2655 2006 2694 nem
2050 2641 2191 2694 illam
2242 2642 2292 2694 in
2338 2643 2477 2695 aliud
2508 2643 2787 2698 commode
2830 2655 3038 2708 tempus
3068 2645 3248 2713 rejici,
3302 2663 3463 2716 qumt

1880 2745 1989 2802 quo
2016 2731 2315 2788 Antiochiae
2355 2734 2592 2788 secundo
2621 2735 2922 2791 diversatus
2962 2748 3046 2793 est
3073 2739 3142 2792 ab
3181 2753 3324 2793 anno
3359 2740 3463 2794 579

1879 2821 1947 2877 ad
1979 2823 2310 2894 insequentis
2340 2823 2450 2880 fere
2485 2826 2744 2881 medium.

1959 2913 2028 2966 Et
2055 2914 2480 2968 luculentissimo
2510 2926 2689 2970 tamen
2726 2922 2795 2967 ttl't
2827 2918 3108 2984 ipsiusmet
3159 2917 3464 2986 Hieronymi

1886 3003 2230 3070 testimonio,
2287 3009 2338 3058 itt
2375 3007 2512 3059 libro
2541 3016 2727 3059 contra
2759 3007 3019 3060 Joannem
3066 3008 3468 3078 .lerosolytnita-

1889 3113 2040 3161 num,
2067 3113 2131 3151 ex
2155 3114 2262 3165 quo
2288 3098 2614 3166 disputatum
2645 3108 2725 3154 cst
2751 3099 3030 3165 hactenus,
3061 3115 3358 3170 repugnare
3383 3116 3470 3156 me

1894 3188 2187 3242 rationibus
2219 3188 2339 3244 iiiis
2369 3189 2543 3244 \‘itieﬂ.
2575 3191 2665 3245 Ait
2712 3193 2858 3246 enim
2908 3192 2979 3246 ibi
3020 3192 3116 3263 (ut
3162 3191 3471 3246 adversario

1894 3279 2234 3347 respondeat,
2263 3279 2353 3348 qtti
2383 3279 2631 3335 allecmre
2654 3297 2776 3337 eum
2807 3283 2859 3336 in
2891 3282 3123 3336 Ecclesia
3150 3283 3242 3338 Dei
3267 3283 3468 3352 princi-

1893 3382 2074 3441 patum
2098 3370 2543 3444 calumniabatur)
2564 3373 2624 3428 Si
2651 3375 2713 3427 de
2727 3391 2806 3428 me
2824 3384 2869 3429 et
2896 3372 3196 3446 Presbytero
3225 3374 3470 3442 Vicentio,

1891 3465 2063 3532 dicis,
2107 3466 2230 3520 satis
2257 3466 2414 3519 multo
2469 3467 2697 3522 dormisti
2749 3478 3004 3538 tempore,
3053 3470 3137 3540 qui
3168 3479 3279 3540 post
3310 3487 3470 3524 annos

1895 3553 1962 3606 13
2011 3569 2143 3604 nunc
2180 3554 2425 3608 excitatus
2477 3554 2584 3606 ha’c
2639 3556 2877 3624 loqueris.
2909 3553 2986 3609 0b
3037 3556 3089 3610 id
3118 3557 3249 3610 enim
3289 3565 3337 3609 et
3381 3572 3472 3626 ego

1893 3645 2210 3699 Antiochiam
2259 3653 2307 3700 et
2329 3645 2418 3700 ille
2448 3645 2935 3713 Constantinopolim
2956 3651 3100 3702 urbes
3125 3649 3474 3703 celeberrimas

1894 3739 2270 3794 deseruimus...
2317 3747 2374 3791 ut
2418 3739 2470 3791 in
2495 3739 2633 3809 agris
2682 3748 2730 3792 et
2767 3739 3079 3804 solitudine,
3124 3742 3480 3795 adolescentia:

1898 3843 2100 3901 peccata
2126 3832 2388 3900 tle/lentes,
2419 3830 2608 3884 Christi
2634 3835 2686 3884 in
2709 3847 2800 3884 nos
2822 3831 3219 3884 misericordium
3247 3831 3480 3900 deﬂecte-

1850 3914 1860 3921 ’
1897 3932 2083 3970 remus.
2119 3914 2186 3969 Et
2207 3915 2332 3968 licet
2361 3929 2469 3984 quo
2499 3915 2714 3984 proprie
2746 3929 2889 3970 anno
2918 3915 3034 3969 lucc
3061 3915 3346 3980 scriberet,
3374 3932 3478 3970 non

1899 4021 2066 4076 usque
2095 4005 2231 4060 adeo
2257 4015 2596 4074 compertum
2622 4016 2704 4061 est
2732 4006 2877 4078 :ipsi
2923 4016 3100 4062 tamen
3129 4022 3226 4061 nos
3258 4007 3481 4061 indicari

1902 4099 2006 4152 399
2062 4098 2216 4150 bouis
2266 4098 2594 4165 argumentis
2639 4099 3016 4151 contendimus
3060 4115 3073 4150 :
3119 4108 3174 4151 ct
3219 4097 3481 4167 siquidem

1901 4197 2129 4250 aliorum
2162 4196 2381 4259 prmstet
2408 4189 2645 4242 rationes
2689 4189 2840 4258 sequi
2867 4187 3003 4261 (qua
3036 4188 3102 4243 de
3149 4204 3207 4241 re
3231 4203 3328 4241 suo
3359 4188 3480 4242 Ιοοη

1905 4281 2146 4355 pluribus
2171 4277 2437 4348 dicemus)
2465 4279 2682 4333 biennio
2699 4277 2858 4333 citius
2899 4276 3219 4333 referantur.
3253 4276 3322 4334 Ut
3345 4287 3401 4332 ιιι
3430 4295 3489 4334 se

1906 4391 1995 4432 res
2024 4374 2239 4437 habeat,
2269 4372 2314 4426 si
2341 4373 2580 4425 tredecim
2605 4373 2728 4425 anui
2761 4371 2862 4436 illi,
2884 4387 3020 4441 quos
3045 4382 3194 4426 notat
3218 4370 3275 4427 S.
3307 4371 3488 4434 Pater,

1907 4484 1936 4521 a
1966 4467 2399 4538 Presbyiteratus
2425 4463 2764 4521 ordinatione
2803 4465 3124 4534 supputattdi
3174 4474 3298 4520 sunt
3325 4463 3488 4536 (quod

1908 4568 2058 4616 certe
2097 4557 2200 4613 loci
2225 4567 2512 4613 contextus
2540 4558 2711 4627 prima
2753 4558 2932 4612 statim
2963 4557 3138 4613 fronte
3176 4558 3406 4620 iudicat,
3438 4567 3492 4610 et

1909 4651 2070 4720 vulgo
2097 4651 2290 4704 eruditi
2324 4649 2549 4718 faciunt)
2577 4649 2943 4720 consequitur,
2967 4652 3132 4704 multo
3153 4666 3273 4703 ettm
3297 4649 3490 4706 serius,

1911 4742 2025 4800 sive
2051 4758 2193 4798 anno
2220 4742 2326 4799 586
2355 4753 2448 4798 aut
2474 4752 2533 4798 ut
2559 4743 2836 4797 minimum
2858 4759 2923 4796 ex
2955 4743 3179 4796 aliorttm
3205 4740 3492 4800 sententia,

1913 4836 2019 4891 584
2050 4835 2217 4889 sacris
2241 4834 2782 4888 l'ttisseiniti:ttttttt:itl
2799 4830 2938 4902 quod
2960 4831 3103 4883 ttullo
3134 4827 3294 4882 modo
3322 4843 3495 4896 neque

1915 4941 2036 4981 cum
2059 4926 2234 4979 allatis
2279 4925 2524 4992 superius
2549 4921 2902 4993 argumentis.
2935 4934 3108 4988 neque
3136 4932 3257 4970 cum
3291 4913 3492 4985 reliqua

1916 5020 2039 5075 vitae
2058 5019 2176 5089 ejus
2199 5016 2340 5071 serie
2368 5024 2614 5071 constare
2637 5011 3033 5083 potestNerum
3060 5007 3161 5060 alia
3191 5008 3344 5060 nobis
3371 5009 3496 5060 inita

1916 5123 2002 5169 est
2014 5113 2174 5174 ratio,
2191 5120 2350 5179 atque
2363 5123 2450 5173 ea,
2472 5107 2574 5160 nisi
2589 5103 2873 5156 admodum
2903 5099 3156 5162 fallimur,
3179 5097 3244 5151 ad
3265 5108 3498 5178 mentem

1917 5206 1975 5260 S.
2005 5202 2245 5257 Doctoris
2290 5199 2444 5252 unice
2489 5210 2610 5250 vera
2645 5211 2660 5247 :
2691 5208 2811 5246 esse
2851 5191 3058 5244 scilicet
3100 5205 3269 5242 annos
3316 5189 3438 5242 illos
3471 5204 3499 5239 a

1922 5294 2028 5350 576
2081 5287 2498 5348 sttbducettdos,
2529 5281 2742 5354 quando
2796 5282 2908 5350 ipse
2957 5279 3294 5334 Antiochiam
3342 5279 3506 5334 tertio

1925 5385 2104 5446 rediit,
2138 5389 2259 5451 post
2293 5377 2502 5431 Damasi
2548 5383 2774 5428 mortem
2801 5414 2817 5436 ,
2864 5387 2970 5427 una
3014 5387 3134 5426 cum
3184 5372 3464 5427 Vincentio
3487 5409 3505 5434 ,

1928 5478 2084 5547 paulo
2143 5481 2432 5539 antequam
2479 5452 2886 5521 Betltleetnitico
2932 5479 3094 5533 specu
3153 5478 3213 5520 se
3259 5463 3505 5518 abderet.

1927 5569 2070 5624 Nihil
2109 5565 2380 5621 enimvero
2416 5557 2561 5614 aliud
2593 5555 2770 5612 verbis
2804 5558 2907 5614 illis
2950 5558 3248 5628 signiﬁcare
3296 5557 3457 5612 voluit
3488 5589 3508 5616 ,
