4048 6192
576 250 652 309 Β
1011 287 1021 300 .
1860 241 1919 296 S.
1961 239 2340 295 lllERONYMI
2382 237 2564 297 VITA.
3788 243 3858 300 α

581 381 744 442 utram
769 365 914 441 quod
943 365 1111 424 redux
1138 358 1496 421 Antiochiam,
1523 371 1645 411 eum
1677 354 1731 409 in
1760 370 1822 410 ea
1852 364 2033 425 posset
2061 355 2163 408 Ec-

581 461 768 528 clesia,
803 459 868 514 ad
896 473 1055 528 quam
1084 450 1440 526 prazcedenlis
1469 448 1837 504 Ordinationis
1876 448 1998 515 jure
2041 461 2164 514 per-

585 551 826 614 tinebat,
860 548 1087 603 fortasse
1121 544 1284 599 etiam
1339 541 1627 611 Episcopi,
1659 549 1820 608 atque
1871 539 2164 592 amicorum

582 639 1048 698 adhortationibus
1117 633 1494 696 alliciebatur,
1551 631 1885 701 splendidius
1946 645 2168 684 munere

581 733 991 803 Presbyteratus
1018 724 1258 796 defungi,
1292 725 1544 778 maluerit
1593 737 1752 793 agros
1807 737 1872 775 ac.
1915 720 2165 776 solitudi-

581 839 704 878 nem
750 829 1025 891 appetcre.
1049 816 1239 888 Neque
1285 832 1416 872 sane
1447 825 1654 886 poterat
1695 815 1760 869 ad
1791 813 2154 870 Ordinationis

580 926 789 984 tempus
817 912 1123 980 respexisse
1154 928 1168 964 :
1196 927 1317 964 cmn
1347 910 1488 964 enim
1526 925 1678 963 suum
1725 924 1845 963 cum
1901 907 2164 961 Vincentii

578 1005 718 1059 facto
737 1003 1027 1074 coniungat
1054 1001 1154 1056 sub
1179 1016 1282 1055 una
1310 999 1606 1068 eademque
1635 999 1874 1052 tredecim
1901 1014 2164 1052 annormn

577 1096 877 1159 notatione,
907 1107 1016 1164 quo
1058 1095 1174 1163 ipse
1203 1100 1449 1162 tempore
1476 1090 1754 1146 ordinatus
1775 1099 1860 1145 est
1881 1132 1895 1154 ,
1931 1089 2164 1154 nondum

570 1197 726 1243 certe
749 1195 869 1242 erat
896 1184 1141 1242 eamdem
1177 1183 1490 1238 Vincentius
1517 1165 1831 1253 dignitatein
1857 1198 2163 1253 consequu-

575 1291 684 1336 tus.
715 1277 1064 1350 Compertum
1095 1277 1199 1333 hoc
1227 1286 1310 1332 est
1337 1293 1402 1332 ex
1430 1276 1786 1347 ipsiusmetS.
1822 1277 1994 1331 Patris
2017 1277 2164 1330 Prae-

569 1371 776 1426 latione
803 1369 855 1423 in
881 1366 1144 1423 Chronica
1169 1366 1234 1422 ad
1253 1367 1870 1432 eumdemVincentium,
1901 1381 2019 1436 qua:
2042 1382 2162 1423 cum

573 1475 717 1515 anno
744 1459 1066 1530 insequenti,
1095 1459 1208 1514 sive
1236 1458 1342 1515 580
1369 1459 1492 1514 data
1532 1460 1622 1524 sit,
1650 1459 1777 1512 dum
1803 1459 1958 1513 simul
1981 1469 2164 1528 ageret

560 1550 1066 1622 Constantinopoli,
1099 1567 1385 1622 numquam
1405 1567 1527 1607 eum
1559 1560 1736 1605 tamen
1768 1551 1887 1606 sive
1913 1552 1965 1605 in
1990 1550 2164 1606 fronte

575 1644 871 1713 Epistolaa,
917 1645 1034 1699 sive
1087 1643 1140 1697 in
1185 1636 1437 1736 contextu
1491 1653 1741 1710 laminam
1787 1642 2160 1712 Presbyterum

573 1733 902 1804 compellat:
932 1748 1091 1803 quem
1138 1732 1426 1797 honorem,
1452 1748 1574 1787 cum
1601 1747 1669 1788 eo
1710 1742 1890 1802 postea
1934 1733 2162 1786 donatus

583 1834 689 1893 est,
723 1827 844 1881 aliis
865 1825 918 1879 in
942 1825 1112 1890 libris,
1143 1824 1311 1878 sicubi
1341 1824 1458 1894 ejus
1486 1824 1808 1878 mentionem
1840 1823 2000 1888 facit,
2028 1840 2163 1876 nnu-

573 1933 734 1986 quam
761 1933 866 1972 non
896 1917 1065 1971 addit.
1097 1917 1210 1971 Erit
1239 1915 1465 1970 fortasse
1490 1916 1649 1969 etiam
1681 1915 1768 1984 qui
1813 1928 1935 1968 eum
1970 1922 2113 1983 putet
2140 1955 2154 1977 ,

575 2008 790 2062 nonnisi
821 2017 942 2078 post
970 2008 1206 2063 medium
1251 2008 1376 2060 anni
1405 2007 1530 2068 385,
1551 2021 1658 2075 quo
1699 2020 1758 2060 se
1784 2006 1974 2060 iterum
2014 2006 2157 2059 Con-

571 2101 919 2170 stantinOpoli
950 2102 1181 2157 reddidit
1207 2105 1223 2172 (
1251 2117 1318 2156 eo
1350 2102 1599 2155 nimirum
1631 2111 1894 2170 tempore,
1926 2100 1992 2154 ad
2019 2101 2157 2171 quod

577 2194 962 2266 Hieronymum
1020 2193 1404 2249 contendimus
1450 2195 1774 2264 respexisse)
1808 2194 1972 2248 fuisse
2016 2195 2157 2247 ordi-

570 2295 805 2342 natum:
854 2286 1066 2340 tametsi
1119 2285 1258 2340 libro
1306 2284 1395 2340 111.
1448 2294 1634 2340 contra
1683 2284 1952 2339 Bullinum
2006 2301 2155 2340 num.

565 2377 639 2430 29.
688 2393 795 2448 quo
821 2386 1064 2449 tempore
1081 2377 1359 2432 Orientem
1392 2377 1721 2447 repetiturus
1745 2378 1924 2432 navim
1959 2377 2160 2447 pariter

559 2485 691 2521 eum
723 2467 1050 2539 Hieronymo
1069 2469 1123 2522 in
1152 2469 1399 2522 Romano
1423 2479 1580 2538 portu
1606 2468 1903 2530 conscedit,
1938 2467 2158 2522 Sanctus

565 2556 844 2628 Presbyter
871 2557 1199 2627 appelletur.
1249 2557 1430 2612 Facile
1479 2557 1625 2611 enim
1698 2557 1769 2611 ita
1824 2559 1996 2626 potuit
2061 2573 2158 2627 per

569 2656 809 2718 πρὸληψιν
838 2647 1154 2718 nuncupari,
1187 2647 1331 2716 quod
1358 2645 1671 2717 jamdudum
1701 2647 1990 2719 Presbyter
2005 2663 2157 2701 erea-

568 2749 653 2791 tus
682 2745 856 2800 esset,
903 2751 1028 2792 cum
1058 2737 1158 2791 ista
1205 2737 1607 2803 scriberentur,
1654 2739 1864 2792 tametsi
1920 2738 2152 2791 nondum

565 2829 775 2895 fuisset,
804 2843 926 2883 cum
957 2842 1046 2883 res
1073 2827 1186 2896 ipsa
1217 2829 1474 2897 contigit,
1516 2843 1634 2898 qua:
1683 2837 1952 2882 narratur.
1985 2827 2052 2883 Ut
2100 2837 2156 2882 ut

565 2936 626 2975 se
658 2935 746 2975 res
777 2921 1009 2986 habeat,
1042 2921 1259 2991 planum
1287 2929 1404 2984 est,
1437 2937 1543 2976 non
1597 2921 1797 2976 debere
1822 2936 1994 2975 annos
2035 2921 2154 2976 illos

563 3011 804 3066 tredecim
831 3012 898 3066 ab
937 3012 1144 3082 epocha
1177 3010 1544 3068 Ordinationis
1573 3011 1840 3076 subduci,
1884 3027 1991 3081 quo
2019 3020 2154 3066 tem-

561 3118 695 3173 pore
727 3103 858 3159 nihil
909 3103 1053 3158 aliud
1103 3103 1463 3176 Hieronymus
1517 3119 1675 3173 quam
1729 3103 2046 3157 Monachum
2100 3103 2151 3156 in

557 3195 741 3250 animo
780 3193 1014 3266 agebat,
1039 3194 1134 3249 sed
1164 3195 1235 3250 ab
1279 3195 1448 3249 altera
1477 3194 1888 3266 Presbyteratus
1936 3193 2154 3248 abdica-

563 3287 732 3351 tione,
766 3302 888 3342 cum
921 3286 1260 3341 Antiochiam
1296 3287 1453 3341 tertio
1483 3287 1723 3342 deseruit
1756 3304 1770 3342 :
1802 3301 1905 3357 qua
1936 3286 1986 3340 in
2023 3287 2152 3340 urbe

561 3394 622 3434 se
648 3390 774 3433 tunc
815 3379 979 3433 etiam
1021 3379 1279 3448 gloriatur
1302 3379 1503 3442 fuisse,
1552 3379 1766 3449 fruituns
1803 3380 2153 3433 communione

562 3468 832 3537 Pontiﬁcis
871 3467 1284 3539 Confessorisque
1318 3469 1548 3535 Paulini,
1580 3481 1627 3523 et
1675 3470 1947 3523 deductum
1985 3470 2049 3522 ab
2093 3485 2156 3523 eo

560 3561 730 3613 media
755 3563 953 3631 hyeme,
977 3560 1195 3614 intrasse
1231 3559 1631 3631 Jerosotymam.
1657 3560 1770 3616 Nec
1824 3576 1954 3616 sane
1989 3561 2148 3614 aliam

559 3650 809 3720 designat
830 3650 888 3706 S.
923 3649 1080 3704 Pater
1101 3650 1335 3704 oblatam
1365 3650 1466 3704 sibi
1498 3651 1739 3706 merendi
1772 3651 1824 3706 in
1856 3650 2150 3705 Ecelesiasé

562 3742 672 3797 tico
687 3741 854 3812 gradu
876 3741 1236 3798 occasionem.
1260 3740 1400 3796 Nihil
1419 3754 1502 3796 est
1521 3742 1664 3796 enim
1687 3752 1792 3797 tam
1819 3743 2148 3807 verosimilc,

561 3847 721 3902 quam
763 3830 932 3888 fuisse
952 3847 1075 3886 eum
1105 3846 1361 3902 perquam
1401 3833 1562 3888 enixe
1589 3843 1643 3889 et
1667 3833 1928 3903 majorem
1959 3835 2010 3887 in
2033 3849 2148 3887 mo-

559 3925 722 3989 dum,
793 3932 854 3978 ut
904 3923 959 3978 in
1003 3921 1216 3979 Clerum
1277 3926 1516 3994 cooptari
1567 3940 1627 3979 se
1675 3927 1910 3989 sineret,
1961 3925 2151 3994 suique

558 4015 766 4069 ordinis
800 4014 980 4069 munia
1005 4014 1203 4080 obiret,
1235 4015 1538 4082 invitatum,
1566 4031 1630 4070 ae
1655 4015 1764 4071 fere
1787 4021 2145 4086 compulsum.

498 4183 499 4186 η
557 4107 674 4163 Hoc
699 4117 848 4163 certe
874 4117 1032 4176 pacto
1076 4116 1224 4162 recte
1251 4108 1450 4175 habet,
1505 4108 1645 4178 quad
1677 4123 1736 4163 se
1780 4108 1969 4164 dixerit
2021 4121 2149 4165 ante

500 4209 519 4220 "
555 4213 729 4254 annos
758 4199 994 4254 tredecim
1021 4199 1279 4255 maluisse
1331 4216 1489 4271 agros
1515 4210 1569 4256 et
1613 4202 1957 4257 solitudinem
1982 4219 2147 4274 appe-

560 4300 717 4356 tere,
748 4307 911 4364 quam
956 4291 1216 4348 Ecclesia:
1261 4293 1562 4348 ministerio
1602 4294 1910 4360 addictum,
1958 4312 2146 4367 magna

557 4385 683 4440 licet
721 4401 842 4442 cum
894 4385 1196 4457 dignitate.
1253 4387 1306 4442 in
1338 4387 1520 4457 populi
1568 4388 1868 4458 frequentia
1917 4390 2144 4445 versari.

561 4476 604 4530 E
645 4477 917 4531 contrario
943 4478 1032 4546 qui
1060 4476 1471 4533 Ortlinationem
1519 4478 1689 4549 ipsam
1734 4479 1932 4549 respici
1972 4495 2145 4533 anno-

558 4582 679 4622 rum
724 4567 996 4623 notatione
1037 4567 1124 4624 illa
1173 4569 1522 4640 existimant,
1555 4585 1656 4626 nec
1698 4571 1898 4626 habent
1923 4587 2030 4641 quo
2059 4587 2146 4627 se-

555 4677 681 4715 cum
730 4659 959 4715 invicem
1019 4668 1168 4730 gesta
1212 4660 1533 4726 concilient,
1583 4669 1637 4717 et
1689 4662 1742 4717 in
1789 4661 2001 4717 diversa
2043 4663 2145 4717 alia

557 4752 736 4806 omnia
756 4751 978 4806 abeunt.
1003 4735 1246 4821 Denique
1274 4760 1464 4808 etcum
1485 4752 1683 4807 audent
1701 4753 1758 4809 S.
1787 4753 1959 4808 Patris
1981 4755 2145 4808 textui

557 4857 750 4898 manus
779 4841 1000 4909 inferre,
1028 4852 1086 4896 ut
1113 4859 1210 4913 pro
1237 4843 1499 4910 tredecim,
1523 4843 1747 4899 rescribi
1776 4844 2028 4898 sexdecim
2056 4861 2147 4899 ve-

556 4934 675 4998 lint,
706 4933 1172 4990 animadversione
1197 4934 1339 5005 digni
1393 4944 1538 5000 sunt,
1564 4942 1621 4988 nt
1647 4935 1856 4989 cautius
1881 4950 1943 4990 ae
1996 4953 2147 4992 reve-

556 5025 764 5080 rentius
786 5026 1166 5096 Antiquorum,
1199 5037 1253 5081 et
1280 5027 1500 5082 Patrum
1534 5026 1834 5095 praisertim
1877 5027 2143 5098 attingere

557 5124 906 5170 tuonumenta
937 5115 1170 5170 discant.

1219 5273 1368 5329 CAP.
1397 5273 1481 5329 Vl.

558 5459 604 5514 1.
630 5457 902 5512 Antiochia
927 5454 1413 5532 Constantinopolim
1434 5465 1803 5534 peregrinatur,
1835 5467 1920 5522 ubi
1951 5467 2144 5540 Grego-

629 5550 764 5600 rium
791 5546 1118 5603 Nummum
1139 5555 1298 5607 audit.
1333 5557 1399 5609 ll.
1432 5556 1624 5610 Ibidem
1659 5555 1948 5614 Chronicon
1982 5561 2142 5615 Ense:

613 5637 702 5689 obii
733 5635 913 5689 Latine
934 5637 1078 5690 vertit
1096 5677 1110 5703 ,
1137 5645 1506 5714 continuatque.
1534 5645 1617 5699 111.
1650 5645 1902 5704 Homilias
1948 5668 2143 5720 quoaue

2349 353 2583 426 Origenis
2621 355 2914 426 oigintiocto
2956 357 3332 429 interpretatur.
3361 357 3451 414 IV.
3484 358 3675 418 Scribit
3705 361 3863 416 etiam

2347 446 2637 500 Tractatum
2659 450 2722 501 de
2749 448 3041 517 Scrapltim.

2309 523 2493 604 'Quod
2519 538 2687 593 nollet
2717 539 3072 611 Hieronymus
3101 542 3356 596 solitaria:
3405 542 3532 596 vita:
3582 542 3850 598 desiderio

2271 646 2552 694 accensus,
2588 631 2846 686 Ecciesim
2877 633 3109 688 servitiis
3135 632 3466 702 mancipari,
3514 633 3641 687 illud
3691 634 3851 691 etiam

2271 735 2457 775 caussa
2506 723 2623 788 fuit,
2652 724 2791 792 quod
2818 740 3004 778 amore
3032 726 3082 778 in
3111 724 3225 779 dies
3256 724 3424 794 magis
3463 725 3702 782 discendi
3733 742 3853 796 age-

2273 822 2441 874 retur,
2474 823 2525 866 et
2556 831 2650 867 eos
2673 817 2759 883 «μή
2790 826 2943 869 erant
2973 832 3081 885 pra:
3099 816 3310 871 ceteris
3340 816 3728 871 Eeclesiastiea:
3761 819 3846 870 lit-

2273 911 2521 957 teraturm
2565 904 2701 958 faina
2754 905 3025 974 insignes,
3077 907 3264 973 adire,
3317 918 3371 961 et
3419 908 3704 978 magistros
3753 910 3853 962 sibi

2271 997 2527 1052 adhibere
2561 999 2744 1052 vellet.
2779 1000 2851 1051 lia
2883 1000 2948 1052 de
3000 1015 3187 1054 canSsa
3236 999 3609 1065 Antiochiam,
3659 1001 3848 1055 studiis

2272 1091 2500 1156 partium
2549 1092 2745 1144 llliSt‘l‘e
2771 1093 3022 1160 agitatam
3046 1133 3059 1154 .
3093 1093 3506 1162 derelinquens,
3537 1095 3847 1149 Constanti-

2270 1181 2508 1249 nopolim
2556 1183 2826 1251 profectus
2853 1193 2934 1237 est
2965 1201 2980 1237 :
3013 1184 3102 1239 ubi
3129 1184 3327 1240 Sancto
3363 1184 3622 1256 Gregorio
3647 1185 3852 1240 Nazan-

2269 1285 2426 1334 zeno,
2461 1272 2613 1340 cujus
2639 1276 2997 1341 eloquentiam
3026 1287 3080 1328 et
3121 1275 3518 1343 Scripturarnm
3557 1277 3852 1331 doctrinam

2267 1375 2606 1432 Summopere
2658 1364 3060 1430 admirabatur,
3089 1364 3143 1418 itt
3175 1365 3517 1434 disciplinam
3555 1380 3613 1419 se
3663 1367 3802 1420 dedit
3828 1399 3846 1428 κ

2265 1470 2494 1524 emntpm
2520 1456 2851 1510 cateehisten
2885 1458 3158 1523 habuisse,
3195 1457 3432 1526 pluribus
3461 1460 3513 1514 in
3561 1460 3692 1514 locis
3735 1461 3850 1527 glo-

2265 1545 2433 1598 riatur
2458 1545 2582 1614 (Ep.
2617 1545 2678 1598 l..
2708 1557 2857 1618 atque
2876 1548 3044 1616 alibi).
3078 1549 3376 1604 Profecisse
3403 1551 3563 1604 etiam
3604 1566 3663 1604 se
3709 1553 3849 1605 mul-

2267 1647 2374 1687 tum
2407 1677 2419 1696 ,
2451 1652 2517 1690 eo
2568 1649 2898 1706 pra-ceptore
2923 1681 2937 1702 ,
2970 1641 3020 1692 in
3055 1639 3353 1694 divinarum
3403 1657 3580 1695 rerum
3627 1643 3848 1697 scientia

2268 1727 2374 1794 (ob
2404 1744 2560 1794 quam
2597 1729 2685 1779 ille
2736 1729 2994 1799 Theologi
3047 1743 3405 1801 cognomento
3450 1733 3680 1786 donatus
3727 1737 3852 1800 est)

2266 1817 2543 1883 pl'ttﬁlt‘llll‘
2593 1817 2802 1886 (Contra
2827 1818 3001 1872 Jovin.
3029 1822 3118 1875 lib.
3149 1822 3202 1874 1.
3224 1822 3397 1875 Contr.
3433 1821 3578 1889 Ruﬁ.
3615 1824 3698 1876 lib.
3729 1823 3798 1894 l)
3833 1844 3848 1880 :

2273 1918 2325 1962 et
2351 1911 2846 1992 sermocinationes,
2864 1926 2994 1980 quas
3021 1927 3206 1967 secum
3221 1913 3424 1978 habuit,
3445 1931 3844 1986 nonnumquam

2275 1999 2448 2055 affert.
2478 1999 2582 2055 Sed
2623 2012 2674 2054 et
2699 2004 2949 2069 praeclare
2970 2018 3150 2056 secum
3176 2006 3288 2071 ipso
3315 2016 3490 2058 actum
3519 2007 3843 2061 existimavit

2265 2090 2353 2159 (In
2387 2091 2520 2160 Eph.
2552 2110 2598 2145 c.
2632 2095 2746 2162 5.),
2779 2095 2921 2164 quod
2967 2095 3222 2150 Sanctum
3265 2113 3478 2167 quoque
3528 2098 3848 2169 Gregorium

2263 2181 2560 2252 Nysscnnm
2595 2201 2691 2252 per
2718 2186 2856 2239 idem
2904 2196 3114 2256 tempus
3160 2187 3354 2243 ibidem
3386 2191 3562 2242 novit:
3597 2192 3686 2259 qui
3739 2193 3840 2246 sibi

2261 2284 2315 2326 et
2343 2277 2644 2342 eognomini
2676 2275 2996 2331 Nazanzetro
3015 2319 3028 2340 ,
3059 2293 3193 2347 quos
3219 2281 3504 2349 scripserat
3529 2292 3712 2335 contra
3737 2281 3847 2336 Eu-

2262 2365 2522 2429 nomimn,
2552 2367 2739 2435 plenos
2781 2369 3094 2422 eruditionis
3123 2385 3184 2423 ae
3209 2370 3466 2425 doctrina:
3497 2371 3661 2425 libros
3706 2390 3847 2442 prac-

2265 2461 2408 2529 lcgit.
2449 2462 2623 2517 Facile
2650 2463 2736 2518 hic
2779 2481 2837 2518 se
2880 2463 3400 2533 Constatttinonolim
3449 2469 3730 2522 contulerit
3779 2470 3846 2524 ad

2266 2554 2650 2607 aeetnnenicam
2689 2556 2985 2609 secundam
3029 2556 3485 2628 Synodum,quzo
3533 2560 3710 2613 habita
3764 2571 3846 2615 est

2258 2657 2398 2696 anno
2442 2643 2540 2698 581
2606 2654 2660 2699 et
2704 2656 2986 2715 antequam
3033 2648 3433 2714 celebraretur,
3486 2652 3733 2704 nimirum
3791 2661 3848 2706 ut

2259 2733 2503 2798 quaedam
2555 2751 2675 2788 cum
2724 2736 3041 2792 Nazanzeno
3086 2742 3386 2803 conferret,
3435 2755 3501 2795 eo
3549 2742 3714 2794 venit.
3753 2742 3847 2797 llic

2257 2825 2401 2878 enim
2457 2827 2618 2894 regia:
2664 2828 2810 2881 urbis
2843 2825 3216 2897 l'lpiscopal'hm
3262 2845 3358 2900 per
3416 2829 3556 2885 idem
3605 2843 3843 2886 tantum-

2258 2917 2416 2969 modo
2447 2926 2656 2986 tempus
2700 2921 2885 2984 lt'llllll,
2922 2937 2950 2972 a
2982 2919 3122 2973 Maio
3169 2922 3372 2975 scilicet
3399 2921 3516 2990 ejus
3544 2923 3690 2982 anni,
3729 2933 3847 2992 post

2259 3008 2425 3076 abrog
2446 3017 2573 3060 .tnm
2603 3007 2885 3062 Maximum
2919 3008 3178 3079 Cynicum
3199 3052 3214 3075 ,
3244 3011 3308 3064 ad
3337 3010 3533 3065 Julinm
3563 3027 3803 3067 mensem
3825 3055 3846 3080 ,

2256 3114 2363 3167 quo
2390 3115 2453 3154 se
2475 3113 2531 3153 se
2567 3101 2679 3167 ipse
2711 3103 2763 3154 iii
2810 3103 3145 3157 meantenico
3191 3102 3432 3156 Concilio
3457 3115 3651 3172 sponte
3695 3105 3848 3159 abdi-

2256 3192 2412 3244 cavit.
2441 3192 2508 3245 Et
2536 3192 2857 3262 Episcopum
2891 3204 3070 3248 tamen
3097 3197 3306 3265 agebat,
3331 3210 3450 3249 cum
3473 3196 3588 3266 ejus
3604 3205 3848 3252 uteretur

2260 3283 2617 3354 Hieronymus
2668 3285 3098 3339 consuetudine:
3151 3285 3204 3339 id
3248 3286 3388 3355 quod
3443 3286 3849 3343 Commentario

2258 3376 2308 3428 in
2360 3375 2506 3429 Isaia:
2535 3391 2652 3447 cap.
2687 3375 2740 3442 6,
2771 3386 3036 3439 testatur;
3080 3377 3210 3430 Ante
3230 3393 3412 3436 annos,
3446 3379 3717 3448 inquiens,
3744 3381 3848 3432 cir-

2255 3467 2378 3520 citer
2409 3469 2615 3538 triginta
2639 3484 2754 3520 cum
2783 3485 2940 3522 essent
2970 3468 3429 3536 Constantinopoli,
3454 3479 3502 3522 et
3520 3470 3662 3539 apud
3680 3472 3848 3524 uirum

2254 3559 2715 3628 eloquentissimum
2747 3557 3047 3630 Gregorium
3072 3559 3453 3625 Nasanzenum,
3483 3570 3600 3614 tunc
3614 3562 3847 3631 ejusdem

2255 3652 2392 3705 urbis
2425 3648 2759 3720 Episcopum,
2789 3661 3082 3705 sanctarum
3107 3651 3491 3723 Scripturarnm
3519 3653 3701 3706 studiis
3728 3671 3848 3708 eru-

2255 3742 2426 3808 direr,
2455 3741 2559 3796 scio
2591 3758 2669 3796 me
2715 3743 2910 3796 brevem
2949 3744 3167 3797 dictasse
3193 3743 3513 3814 subitumque
3551 3742 3847 3799 Tractatum

2255 3844 2349 3887 etc.
2376 3833 2560 3902 Neque
2584 3836 2726 3888 enim
2762 3833 2881 3903 jure
2907 3835 3038 3889 satis
3064 3835 3278 3890 videtur
3317 3837 3426 3906 ejus
3459 3837 3596 3890 urbis
3624 3835 3850 3902 Episco-

2255 3942 2350 3994 pus
2380 3924 2483 3978 dici
2519 3926 2753 3993 potuisse
2779 3927 2848 3979 ob
2872 3940 2938 3980 eo
2963 3936 3221 3995 tempore,
3251 3943 3356 3996 quo
3385 3942 3501 3981 eam
3547 3927 3848 3983 Ecclesium

2253 4018 2723 4071 administraturus
2748 4017 2994 4083 accessit,
3026 4017 3244 4073 ineunte
3270 4019 3552 4087 anno379,
3586 4021 3671 4074 vel
3702 4021 3851 4075 inse-

2252 4108 2457 4177 quenti,
2489 4123 2611 4162 cum
2643 4107 2710 4161 ab
2746 4107 3078 4178 lmperatore
3128 4107 3432 4164 Theodosio
3477 4109 3528 4163 in
3582 4109 3846 4165 Basilica-

2255 4215 2371 4252 rnm
2423 4199 2670 4268 ejusdem
2727 4199 2874 4254 urbis
2923 4201 3321 4270 possessionem
3369 4202 3567 4256 missus
3621 4202 3742 4257 fuit.
3777 4203 3850 4259 Et

2252 4303 2467 4358 quoquo
2515 4289 2726 4343 tandem
2759 4303 2819 4344 se
2867 4305 2955 4344 res
3008 4291 3168 4346 modo
3198 4292 3425 4354 habeat,
3471 4293 3603 4348 satis
3661 4305 3846 4349 tamen

2254 4379 2376 4434 inde
2403 4390 2545 4434 recte
2566 4380 2868 4448 conficitur,
2888 4383 3030 4451 quod
3063 4385 3384 4440 narrationis
3415 4387 3674 4442 institutae
3701 4387 3847 4442 ordo

2252 4471 2494 4542 designat
2526 4471 2910 4543 Hieronymum
2960 4474 3424 4546 Constantiimpoli
3473 4478 3540 4532 ab
3585 4493 3678 4532 an.
3707 4478 3841 4535 580.

2251 4560 2320 4615 ad
2361 4562 2693 4632 insequentis
2720 4564 2935 4619 circiter
2962 4567 3195 4620 medium
3216 4569 3551 4622 constitisse.

2325 4653 2388 4707 ll.
2419 4653 2584 4709 Porro
2633 4655 2774 4710 inter
2804 4657 2999 4726 ingenii
3029 4660 3110 4713 sui
3129 4661 3477 4724 monimenta,
3500 4678 3620 4732 qua:
3645 4662 3853 4718 ibidem

2251 4759 2450 4815 agens,
2506 4747 2674 4801 literis
2701 4749 3078 4818 consignavit,
3133 4753 3361 4820 primum
3401 4753 3608 4808 obtinet
3662 4754 3852 4810 locum

2251 4833 2546 4891 Chronicon
2572 4839 2879 4895 omnimoda
2912 4843 3158 4910 historice,
3183 4846 3325 4914 quod
3356 4845 3425 4900 ab
3449 4846 3681 4902 Eusebio
3725 4847 3855 4902 Ca:-

2249 4929 2487 4982 sareensi
2519 4927 2705 4984 Graece
2733 4933 3114 5002 perscriptum,
3163 4935 3214 4989 in
3242 4936 3487 4990 Latinum
3527 4938 3850 5002 convertit,

2252 5018 2492 5088 pluribus
2514 5020 2668 5087 locis,
2698 5036 2819 5091 qua:
2858 5023 2925 5076 ad
2971 5024 3243 5082 Romanas
3271 5029 3565 5097 pra:sertim
3597 5045 3685 5084 res
3718 5046 3853 5099 δραι

2251 5111 2529 5176 ctant,de
2558 5111 2796 5168 Suetonii
2845 5116 3182 5187 aliorumque
3240 5119 3552 5176 Latinorum
3601 5120 3854 5177 historiis

2251 5203 2417 5262 auxit.
2449 5201 2680 5272 denique
2708 5219 2736 5256 a
2767 5203 3027 5273 vigesimo
3046 5221 3187 5263 anno
3206 5194 3544 5264 Constantini
3576 5211 3705 5281 (quo
3738 5213 3858 5268 line

2253 5291 2467 5346 Eusebii
2516 5309 2652 5362 opus
2680 5296 3041 5367 COltCillllllUl‘)
3072 5300 3137 5353 ad
3171 5309 3401 5356 mortem
3435 5319 3608 5372 usque
3639 5304 3851 5358 Valen-

2253 5381 2356 5446 tis,
2391 5383 2440 5436 id
2473 5393 2586 5448 est,
2615 5399 2811 5439 annum
2855 5388 2959 5441 378
3008 5398 3174 5443 totum
3224 5391 3291 5444 de
3335 5407 3434 5446 suo
3486 5397 3850 5452 Continuavil.

2251 5470 2356 5526 Sed
2388 5473 2576 5528 mirum
2601 5475 2730 5529 illud
2759 5492 2821 5531 ac
2849 5476 2963 5532 fere
2981 5493 3138 5547 supra
3168 5483 3672 5552 admirabilitatem,
3697 5489 3852 5556 quod

2253 5571 2415 5619 tantae
2462 5565 2620 5619 molis
2658 5579 2799 5635 opus
2857 5581 3089 5636 propere
3133 5570 3387 5626 dictando
3434 5573 3755 5631 lueubrarit.
3795 5579 3856 5632 In

2257 5654 2610 5710 Praefatione.
2642 5669 2805 5710 auaui
2836 5656 3140 5716 Vincentio.
3171 5661 3236 5715 de
3281 5679 3386 5733 quo
3419 5667 3554 5720 satis
3604 5671 3857 5737 superius
