4048 6192
184 408 247 464 t5
694 379 696 381 ’
1450 402 1507 457 s.
1550 398 1925 455 manusua
1965 398 2148 459 Vl‘l‘A.

187 526 379 580 dictum
436 532 561 592 est,
592 532 670 580 et
722 522 965 579 Gallieno
995 561 1010 586 ,
1057 533 1219 589 quem
1266 518 1607 587 ignoramus,
1673 515 1759 568 in-

190 616 398 687 scripsit
430 657 446 683 ,
502 616 602 670 sub
657 614 859 681 tinem,
920 612 1200 667 historiam
1248 608 1534 664 Theodosii
1605 606 1759 660 alteri

187 723 239 763 se
305 708 586 777 scriptioni
640 720 921 761 reservare
991 702 1252 774 signiﬁcat
1307 718 1320 753 :

184 891 453 948 effluxisse
478 890 771 959 intelligas,
804 891 1084 959 ipsumque
1110 886 1246 940 adeo
1274 885 1596 940 Chrouieum
1620 896 1757 949 opus

183 982 386 1035 nonnisi
417 983 718 1052 insequenti
736 995 900 1046 anno,
932 988 988 1033 ut
1016 979 1193 1043 citius,
1219 975 1447 1031 adscribi
1471 971 1759 1028 commode

180 1088 353 1141 posse.
378 1074 498 1127 Alia
522 1089 589 1127 ex
619 1082 772 1143 parte
804 1088 870 1126 ne
917 1072 1090 1127 serius
1118 1069 1430 1132 differatur,
1474 1074 1618 1119 vetat
1638 1078 1758 1133 quae.

177 1166 286 1231 ejus
328 1166 536 1219 mentio
569 1164 627 1218 Iit
665 1166 716 1218 iu
773 1163 1005 1232 Epistula
1051 1160 1244 1216 XVIII.
1279 1159 1345 1214 ad
1375 1160 1657 1212 Damasum
1695 1155 1761 1207 de

175 1255 483 1324 Seraphim,
532 1269 691 1323 quam
739 1253 956 1307 ineunte
998 1267 1139 1305 anno
1183 1250 1284 1304 ’581
1336 1248 1591 1316 scriptam
1636 1259 1757 1298 mox

172 1346 547 1400 ostendemus.
580 1345 646 1398 Et
667 1344 778 1397 scio
798 1342 885 1395 his
924 1343 1137 1411 quidem
1186 1340 1479 1393 rationibus
1510 1336 1638 1390 illud
1668 1351 1758 1388 re-

175 1453 421 1508 pugnare
445 1439 723 1506 ipsiusntet
740 1436 800 1492 S.
817 1436 991 1491 Patris
1010 1435 1370 1489 testimonium
1401 1433 1569 1500 Epist.
1599 1429 1757 1484 LVII.

170 1549 311 1587 nutu.
346 1532 403 1586 5.
424 1532 511 1584 ubi
539 1541 658 1583 ante
678 1548 840 1584 annos
865 1532 1064 1583 circiter
1084 1530 1261 1599 viginti
1281 1543 1341 1582 se
1361 1527 1431 1580 ait
1453 1525 1756 1581 Cltronicon

171 1622 304 1676 istud
353 1622 407 1675 in
442 1620 696 1674 Latinum
730 1621 979 1684 vertisse,
1007 1635 1127 1673 cum
1164 1620 1278 1687 ipsa
1309 1626 1484 1671 tamen
1516 1616 1752 1685 Epistula

168 1729 303 1767 anno
350 1714 473 1766 data
499 1712 575 1766 sit
623 1710 729 1766 395
782 1711 998 1765 nemine
1023 1710 1390 1764 dissentiente.
1418 1706 1524 1761 Sed
1570 1704 1749 1759 monui

166 1822 260 1874 ego
284 1805 882 1873 jamdudum,crrorem
930 1802 997 1855 ibi
1026 1801 1077 1854 in
1109 1802 1394 1854 numericis
1435 1798 1575 1853 nutis
1617 1798 1749 1850 irre-

168 1896 355 1963 psissc,
387 1894 822 1962 Antiquariorum
871 1892 1170 1954 oscictntia,
1194 1889 1283 1957 qui
1329 1887 1447 1942 XX.
1475 1887 1744 1940 Romanas

166 1998 315 2040 notas
340 1986 499 2040 obvio
528 1985 681 2054 lapsu
714 1983 978 2052 scripsere
1026 1997 1121 2050 pro
1168 1979 1282 2033 XV.
1310 1978 1460 2047 Quod
1507 1992 1627 2031 cum
1675 1976 1745 2030 sit

164 2097 227 2133 ex
274 2079 528 2133 hactenus
572 2077 731 2131 dictis
755 2117 769 2140 ,
798 2075 1023 2144 aliisque
1071 2088 1170 2127 suo
1201 2074 1319 2126 loco
1370 2070 1549 2123 allatis
1581 2083 1743 2136 argu-

163 2173 355 2225 mentis
380 2178 713 2239 compertum
744 2168 901 2236 plane
930 2176 1089 2234 atque
1119 2164 1360 2229 evidens,
1392 2172 1443 2217 et
1472 2161 1743 2215 nihilomi-

162 2279 260 2318 nus
287 2274 488 2316 textum
518 2262 804 2315 immutare
823 2259 1024 2327 absque
1052 2271 1183 2310 mss.
1211 2270 1315 2324 ope
1338 2254 1465 2308 mihi
1497 2251 1739 2322 religioni

162 2355 402 2408 duxerim
431 2371 445 2406 :
481 2354 733 2407 inventus
761 2360 842 2406 est
876 2360 1052 2404 tamen
1082 2358 1245 2405 tanta:
1296 2348 1457 2400 homo
1487 2346 1739 2400 dicacita-

163 2446 246 2506 tis,
278 2445 368 2513 qui
394 2444 493 2497 ltac
524 2444 635 2511 ipsa
666 2442 734 2496 de
760 2457 946 2496 caussa
974 2440 1167 2494 studiis
1194 2438 1390 2492 nostris
1410 2435 1736 2490 detraheret.

228 2535 313 2590 IlI.
358 2536 551 2589 Statim
581 2532 649 2588 ab
672 2533 937 2587 Chronico
969 2532 1020 2584 in
1049 2545 1268 2584 suorum
1314 2529 1564 2596 Catalogu
1601 2527 1740 2594 0pc-

161 2643 275 2680 rum
304 2636 549 2681 recenset
598 2626 657 2678 S.
689 2627 846 2679 l‘ater
874 2627 928 2676 in
958 2623 1235 2676 Jeremiam
1255 2663 1271 2687 ,
1303 2630 1351 2674 et
1400 2621 1454 2672 in
1503 2619 1738 2673 Ezechiel

161 2717 409 2771 Hatnilias
445 2718 681 2787 Origcnis
702 2716 1016 2786 vigintiocto,
1055 2730 1180 2783 quas
1200 2755 1215 2777 ,
1246 2713 1445 2781 inquit,
1474 2712 1536 2763 de
1558 2709 1734 2764 (ἐνίεεο

156 2812 205 2860 in
231 2807 469 2862 Latinum
497 2810 623 2863 verti
654 2824 673 2862 :
704 2818 812 2861 tum
844 2806 1041 2869 subdit,
1077 2805 1154 2859 De
1184 2805 1479 2873 Seraphitn.
1510 2803 1575 2856 Et
1604 2818 1733 2857 sane

156 2901 283 2953 nihil
309 2910 392 2954 est
412 2899 658 2962 dubium,
686 2899 812 2968 quin
844 2912 940 2967 per
959 2896 1122 2951 hocce
1150 2906 1378 2966 tempus,
1412 2909 1534 2947 cunt
1556 2892 1733 2948 adhuc

150 3000 291 3043 esset
317 2990 782 3059 Constantinopoli
806 3028 821 3053 ,
862 2988 977 3042 lucc
1003 3002 1212 3056 quoque
1258 3002 1419 3055 opera
1448 2984 1730 3039 elucubra-

151 3084 232 3134 rit.
262 3083 604 3151 Quamquam
653 3082 772 3134 aliis
800 3095 954 3135 seeos
984 3082 1156 3134 visum
1186 3080 1357 3133 estde
1388 3078 1492 3132 illis
1518 3077 1570 3130 in
1602 3077 1733 3129 Eze-

146 3174 278 3227 chiel
306 3214 323 3239 ,
374 3189 513 3243 quas
557 3173 725 3226 multo
776 3173 948 3226 serius
992 3172 1060 3225 ab
1109 3186 1173 3225 eo
1226 3170 1459 3224 redditas
1504 3167 1728 3230 Latine,

144 3263 497 3327 contendunt,
513 3262 655 3331 quod
677 3263 727 3314 in
745 3276 930 3347 earum
950 3260 1289 3325 Praefatione,
1313 3258 1520 3327 Didymi
1550 3257 1729 3325 (quem

143 3358 315 3410 solum
348 3373 475 3411 cum
528 3355 582 3408 in
612 3354 898 3423 Egyptum
947 3354 1218 3423 profectus
1261 3360 1378 3415 est,
1428 3348 1588 3417 idque
1613 3357 1726 3417 post

141 3465 308 3513 annos
338 3450 455 3504 fere
479 3464 595 3511 sex,
630 3448 855 3515 audivit)
886 3445 1211 3501 sententiam
1242 3443 1442 3497 laudet.
1471 3442 1632 3509 Quasi
1661 3440 1730 3495 de

139 3542 277 3595 illius
296 3558 423 3606 ore,
454 3556 585 3605 non,
615 3540 755 3609 quod
786 3538 1007 3593 credere
1039 3554 1132 3607 par
1161 3546 1262 3600 est,
1292 3553 1356 3590 ex
1383 3536 1563 3604 aliquo
1583 3533 1729 3603 ejus-

136 3635 257 3687 dem
290 3635 460 3699 libro,
493 3648 721 3689 necesse
748 3634 839 3698 sit,
872 3630 1238 3700 utexceperit.

206 3725 296 3781 IV.
332 3727 654 3781 Tractatum
683 3726 745 3778 de
767 3724 1061 3794 Serapltim,
1082 3738 1239 3794 quem
1264 3721 1422 3790 justis
1462 3720 1530 3775 de
1567 3734 1726 3775 caus-

134 3818 227 3879 sis,
256 3828 317 3871 ut
344 3834 451 3873 suo
483 3819 606 3871 loco
634 3817 817 3871 videre
844 3825 948 3880 est,
979 3816 1116 3868 inter
1139 3813 1408 3882 Epistolas
1436 3812 1536 3866 sub
1577 3827 1724 3865 num.

134 3904 317 3961 XVIII.
353 3909 426 3962 ad
457 3908 748 3959 Damasum
779 3906 1164 3969 recensuimus,
1187 3904 1372 3958 amicis
1398 3901 1724 3971 iubentibus,

135 4000 273 4066 regia
302 4000 359 4053 in
397 4000 542 4052 urbe
592 3998 832 4051 dictavit.
886 3996 1109 4050 Dictavit
1166 4005 1342 4050 autem
1395 3996 1724 4063 interrupte,

133 4089 266 4155 quod
319 4091 621 4145 oculorum
673 4088 859 4142 dolore
914 4088 1182 4142 laboraret
1228 4093 1460 4155 :postea
1502 4085 1725 4139 Romam

133 4180 353 4235 veniens
375 4221 393 4244 ,
434 4181 677 4233 Damaso
700 4219 716 4243 ,
767 4179 850 4231 cui
899 4192 1041 4231 nunc
1067 4177 1374 4231 inscribitur
1398 4217 1412 4238 ,
1445 4175 1727 4243 legendum

131 4273 291 4328 dedit.
326 4275 473 4342 Ejus
504 4275 564 4329 S.
596 4273 756 4326 Pater
783 4271 1285 4342 meminitEpistola
1306 4268 1729 4338 LXXXIV.qu:e

126 4366 186 4417 ad
210 4382 419 4427 annum
450 4366 676 4421 circiter
705 4364 810 4418 N0
862 4365 1130 4434 pertinet,
1166 4364 1344 4433 ibique
1372 4362 1572 4415 editum
1601 4360 1728 4415 dicit

126 4467 237 4510 ante
254 4475 428 4512 annos
454 4458 664 4528 uiginti.
698 4456 897 4510 Locum
929 4456 972 4509 si
1018 4471 1137 4508 cum
1164 4470 1231 4509 eo
1262 4453 1509 4509 conferas
1548 4453 1730 4522 hujus-

130 4559 233 4602 met
259 4550 589 4614 Tractatns,
621 4548 707 4601 tibi
733 4547 986 4601 Chronici
1014 4546 1339 4601 mentionem
1374 4545 1499 4598 facit
1525 4544 1726 4614 (quem,

126 4642 228 4707 ait,
259 4642 600 4714 Temporum
630 4640 813 4693 librant
839 4682 854 4705 ,
909 4656 1000 4692 nos
1025 4640 1078 4691 in
1120 4637 1352 4690 Latinam
1395 4638 1621 4707 linguam
1667 4650 1731 4688 ea:

126 4733 294 4790 Graeco
348 4751 604 4790 sermone
652 4733 1044 4801 transtulimus)
1102 4733 1337 4805 itemque
1379 4747 1498 4785 cum
1545 4731 1637 4783 illo
1676 4730 1726 4782 in

123 4825 260 4880 Isaia:
288 4836 469 4895 caput
500 4823 593 4877 Vl.
626 4824 712 4877 ubi
758 4838 928 4877 annos
973 4823 1173 4876 circiter
1204 4823 1413 4893 triginta
1448 4821 1517 4874 ab
1541 4821 1722 4875 elucu-

121 4918 365 4970 Inratione
396 4917 500 4969 illa
536 4922 803 4978 numerat,
830 4927 949 4967 cum
979 4913 1094 4981 ipse
1125 4910 1567 4981 Constantinopoli
1587 4910 1729 4978 apud

120 5008 171 5059 δ.
198 5006 541 5077 Gregorium
575 5012 687 5055 tunc
716 5005 937 5072 ejusdem
964 5006 1104 5057 urbis
1145 5002 1457 5073 EpiscOpum
1492 5001 1731 5056 erudire-

121 5110 194 5151 tur
221 5118 233 5153 :
261 5092 587 5153 subductis
606 5094 763 5160 probe
807 5096 1120 5156 rationibus,
1145 5110 1266 5149 eum
1294 5094 1451 5165 plane
1471 5093 1731 5163 intelliges

120 5189 271 5242 fuisse
315 5201 479 5241 anno
511 5182 621 5239 ‘58l
652 5181 762 5238 fere
787 5185 961 5239 medio
990 5185 1373 5254 conscriptum.
1400 5184 1582 5252 Neque
1602 5198 1731 5238 vero

128 5295 433 5337 nostrarum
487 5286 582 5333 est
620 5278 845 5345 partium
901 5279 1017 5331 lucc
1062 5278 1218 5332 latius
1275 5278 1558 5347 persequi,
1611 5292 1731 5345 qua:

123 5375 239 5426 satis
278 5371 512 5426 abunde
546 5366 669 5421 suis
700 5367 834 5420 locis
863 5368 1272 5423 edisseruimus.
1307 5368 1514 5423 Caetera
1542 5367 1730 5429 etiam,

126 5482 230 5532 qua:
252 5467 319 5520 ad
344 5467 470 5535 ejus
502 5459 831 5529 scriptionis
861 5459 1115 5524 indolem,
1147 5458 1381 5513 maxime
1410 5473 1540 5511 vero
1570 5456 1735 5511 Addi-

129 5559 306 5612 tinnem
357 5557 519 5611 illam
574 5560 872 5621 spectant,
920 5566 1075 5620 quam
1120 5551 1381 5605 Baronius
1433 5549 1735 5615 insequenti

134 5662 272 5713 anno,
300 5662 355 5707 et
384 5664 519 5705 cum
570 5644 811 5698 Romam
844 5639 1079 5696 venisset
1098 5642 1152 5696 S.
1186 5642 1363 5706 Pater,
1396 5638 1735 5710 subjuttctam

135 5742 370 5808 autumat,
404 5740 527 5795 suis
560 5731 761 5789 itidem
791 5732 926 5786 locis
952 5732 1217 5804 disputata
1236 5742 1378 5789 sunt.

1376 716 1439 756 ex
1491 714 1597 769 quo
1647 697 1759 767 jam

185 799 391 869 aliquod
444 798 562 869 ejus
601 798 811 864 imperii
835 838 852 863 ,
881 795 1024 866 quod
1063 795 1179 848 iniit
1218 807 1358 847 anno
1398 789 1501 846 579
1551 798 1760 857 temnus

3399 423 3468 479 ιδ

2512 520 2664 577 CAP.
2690 522 2831 579 XIV.

1869 605 1910 660 I.
1940 605 2387 679 Constantinopoli
2406 610 2617 666 Romam
2637 614 2705 667 ad
2724 614 2998 686 Synodum
3020 621 3368 688 proﬁciscitur.
3390 627 3455 683 Il.

1938 697 1965 751 Ι
1974 699 2023 753 bi
2048 697 2277 755 Damaso
2292 706 2355 758 ab
2371 704 2613 775 Epistolis
2633 706 2865 778 elegitur,
2888 711 3094 781 ejusque
3121 717 3321 769 nomine
3338 736 3430 774 con
3442 750 3459 763 -

1936 792 2295 848 saltationibus
2316 794 2540 851 Orientis
2566 810 2716 869 atque
2742 800 3032 856 Occidentis
3052 806 3338 873 respondet.
3364 809 3449 866 III.

1936 878 2082 936 Nunt
2104 880 2379 956 Presbyter
2401 888 2693 945 Cardinalis
2716 893 2906 960 fuerit?
2920 891 3012 947 ιν.
3038 892 3203 949 Solvit
3233 894 3451 956 Damaso

1931 976 2231 1044 quastiones
2248 978 2311 1032 de
2333 977 2563 1046 Osanna,
2577 992 2623 1036 et
2643 983 2705 1036 de
2720 982 2915 1037 duobus
2929 984 3073 1054 ﬁliis,
3088 988 3231 1059 frugi
3240 998 3287 1043 et
3305 990 3453 1045 lm-

1935 1066 2092 1120 rioso.
2119 1068 2184 1121 ν.
2202 1068 2449 1139 Ejusdem
2478 1084 2657 1142 rogatu
2679 1072 2957 1145 Evangelia
2979 1075 3173 1132 θηται
3190 1081 3314 1149 ﬁdet
3336 1082 3451 1136 red-

1933 1157 2440 1216 dit.Vl.Psalterium
2451 1181 2647 1234 quoque
2665 1170 2850 1221 cursim
2853 1170 3116 1238 juxtaLX
3117 1171 3171 1226 Χ
3176 1176 3449 1231 .etnendat.

1937 1246 2271 1305 Intereadum
2304 1254 2419 1308 haec
2461 1265 2721 1324 geruntur
2744 1299 2759 1323 ,
2793 1258 3015 1315 Orientis
3061 1272 3109 1316 et
3160 1263 3449 1322 Occidentis

1866 1338 2151 1409 Episcopus
2180 1344 2241 1397 ob
2290 1348 2534 1412 quasdam
2564 1348 2911 1407 Ecclesiarum
2932 1357 3303 1423 dissensiones,
3336 1361 3447 1415 lb-

1864 1446 2000 1483 mam
2026 1430 2329 1500 lmperiales
2347 1437 2507 1492 litem:
2538 1451 2854 1509 contraxere,
2880 1455 2939 1499 ut
2977 1446 3089 1516 ipse
3129 1448 3363 1518 loquitur
3385 1455 3444 1508 S.

1864 1519 2019 1574 Pater
2064 1522 2236 1591 Epist.
2282 1524 2463 1580 CVIII.
2509 1529 2575 1583 ad
2635 1531 2982 1590 Eustochium
3014 1554 3031 1591 :
3058 1539 3123 1593 ad
3172 1543 3446 1597 maximam

1856 1625 2052 1702 nempe
2083 1614 2377 1682 Synodum,
2405 1629 2460 1671 ιιι
2478 1618 2819 1678 Theodoreto
2838 1630 3332 1702 vocatur(Hist.cap
3358 1635 3440 1702 8).

1853 1715 1971 1768 qua:
2000 1701 2185 1756 Romae
2212 1706 2454 1763 habenda
2474 1719 2597 1764 erat
2616 1723 2736 1780 post
2759 1716 2886 1770 anni
2913 1722 3272 1777 trecentesimi
3291 1701 3439 1779 octo-

1847 1793 2041 1861 gesimi
2060 1798 2283 1852 secundi
2316 1802 2581 1857 medium-
2604 1805 2747 1860 Inter
2772 1822 2868 1862 eos
2896 1812 2985 1879 qui
3013 1814 3168 1867 acciti
3217 1814 3435 1872 fuerunt

1848 1901 1910 1939 ex
1958 1885 2211 1955 Oriente,
2258 1892 2510 1950 Paulinus
2536 1898 2902 1955 Antiochentts
2928 1944 2943 1967 ,
2994 1914 3049 1959 et
3092 1905 3441 1976 Epiphanius

1852 1979 2134 2036 Salamina:
2165 1984 2325 2055 Cypri
2353 1985 2603 2058 EpiscOpi
2642 1974 3165 2066 Constantinopolim
3202 1974 3432 2054 conces-
3482 1974 3500 1989 ς

1848 2083 1995 2137 sere,
2025 2083 2084 2126 ut
2108 2076 2263 2129 simul
2292 2079 2483 2133 exinde
2511 2095 2656 2137 reeta
2690 2085 2913 2139 Romam
2946 2092 3273 2157 navigarent.
3297 2093 3430 2148 Ilie-

1845 2178 2124 2234 ronymus,
2140 2168 2229 2237 qui
2244 2181 2597 2239 opportunam
2626 2190 2691 2229 eo
2708 2177 3077 2244 proficiscendi
3096 2184 3429 2239 occasionem

1845 2268 2227 2327 attcupaturus,
2260 2262 2313 2315 in
2335 2279 2395 2317 ea
2424 2266 2602 2320 adhuc
2629 2269 2773 2337 regia
2805 2270 2937 2325 urbe
2961 2272 3322 2339 detinebatur,
3349 2278 3432 2332 Itis

1845 2363 1903 2403 se
1932 2350 2178 2405 Patribus
2200 2361 2360 2422 atque
2381 2357 2571 2411 amicis
2596 2360 2710 2414 suis
2733 2360 2930 2426 iunxit,
2954 2378 3184 2434 cumque
3226 2368 3291 2421 iis
3324 2368 3429 2423 0c-

1844 2438 2115 2494 cidentetn
2165 2446 2482 2501 transmisit.
2515 2446 2713 2503 Verum
2758 2452 2954 2522 quippe
3001 2465 3120 2523 est,
3152 2468 3244 2512 aut
3279 2471 3428 2517 certo

1844 2532 2305 2589 verosimillimum
2331 2577 2346 2599 ,
2380 2538 2521 2607 quod
2582 2540 2845 2600 Duronius
2892 2546 3016 2601 olim
3059 2550 3373 2604 existimavit
3405 2596 3422 2618 ,

1839 2621 2007 2679 fuisse
2050 2640 2173 2681 eum
2227 2643 2438 2699 quoque
2480 2647 2512 2684 a
2589 2632 2815 2690 Damaso
2870 2637 3128 2696 Pontitice
3195 2642 3421 2702 Romam

1837 2718 2067 2769 accitum
2091 2760 2105 2783 ,
2133 2729 2189 2772 ut
2213 2720 2431 2791 Synodo
2456 2723 2772 2788 interesset.
2804 2738 2856 2783 et
2878 2730 3209 2791 difficillimis
3236 2735 3422 2793 Eccle-

1836 2810 1930 2863 site
1966 2811 2127 2867 rebus
2149 2827 2307 2883 opem
2328 2816 2572 2873 doctrina
2598 2836 2694 2875 sua
2718 2821 2902 2878 ferret.

1912 2901 1976 2954 II.
2000 2904 2172 2973 Atque
2199 2905 2316 2962 haec
2339 2907 2477 2963 forte
2504 2926 2567 2965 ea
2597 2911 2971 2968 Ecclesiastica
3000 2920 3293 2974 necessitas
3312 2931 3418 2986 est,

1836 3006 1938 3057 qua
1966 3006 2024 3045 se
2052 2992 2275 3048 Romam
2309 3006 2534 3053 tractum
2574 3000 2751 3068 Episr.
2771 3003 2981 3058 laudata
3013 3016 3257 3062 testatur.
3286 3010 3417 3066 Nam

1835 3088 1891 3131 et
1918 3076 2087 3133 fuisse
2122 3097 2242 3136 eum
2276 3084 2505 3140 Damaso
2532 3087 2600 3141 ab
2623 3088 2875 3157 Epistolis
2899 3092 3141 3151 dubitare
3161 3112 3265 3152 non
3294 3101 3420 3157 sinit

1836 3167 1951 3235 ipse
1980 3169 2149 3237 Epist.
2175 3169 2392 3227 CXXII.
2425 3174 2491 3228 ad
2521 3178 2875 3245 Ageruchiam
2895 3221 2910 3245 ,
2944 3182 3073 3237 Ante
3108 3201 3270 3241 annos
3290 3230 3305 3255 ,
3333 3191 3417 3244 in-

1835 3260 2060 3327 quiens,
2093 3260 2338 3330 plurimos
2385 3282 2500 3318 cum
2544 3268 2735 3324 chartis
2779 3270 3149 3331 Ecclesiasticis
3184 3279 3419 3348 juvarem

1836 3348 2089 3405 Romana:
2116 3354 2251 3408 urbis
2279 3353 2613 3427 EpiscOpum,
2643 3369 2691 3414 et
2720 3360 2963 3431 Orientis,
2991 3376 3140 3437 atque
3170 3367 3418 3427 Occiden-

1834 3441 1899 3494 tis
1929 3441 2202 3512 Synodicis
2230 3446 2696 3505 Consultationibus
2717 3454 3091 3524 responderem.
3121 3460 3306 3532 Neque
3333 3475 3420 3520 est

1834 3540 2032 3599 prmter
2060 3534 2586 3593 verisimilitudinem
2612 3582 2629 3608 ,
2671 3541 2775 3597 hoc
2820 3562 2940 3601 eum
2969 3564 3194 3607 munere
3236 3554 3415 3609 statim

1833 3634 1992 3693 atque
2016 3625 2082 3679 ad
2116 3625 2309 3683 Urbem
2340 3634 2604 3700 accessit,
2651 3634 2813 3691 fuisse
2840 3649 3086 3695 ornatum
3112 3683 3128 3708 ,
3160 3658 3333 3715 eoque
3361 3646 3415 3701 itt

1834 3714 2073 3771 Romana
2104 3718 2321 3789 Synodo
2341 3762 2357 3788 ,
2388 3738 2507 3792 quae
2561 3727 2719 3793 paulo
2748 3738 2900 3797 post,
2929 3730 3045 3800 ipso
3067 3714 3417 3795 tamettanno

1833 3806 1938 3863 582
1992 3819 2075 3865 est
2104 3810 2282 3866 habita
2303 3854 2318 3879 ,
2366 3815 2546 3870 officio
2588 3817 2844 3873 functum.
2872 3823 3010 3887 Qttitt
3040 3826 3201 3879 etiam
3231 3828 3299 3881 ab
3353 3844 3415 3882 ea

1834 3899 1972 3953 istud
1999 3902 2204 3970 negocii
2245 3905 2541 3971 accepisse,
2570 3916 2628 3961 ut
2666 3908 2817 3965 Fidei
2862 3909 3122 3967 formulas
3154 3915 3418 3971 luereticis

1833 3991 2160 4060 recipiendis
2183 3993 2515 4051 adhibendas
2544 4000 2928 4068 conscriberet,
2966 4002 3119 4061 facile
3158 4005 3417 4062 adductor

1832 4090 1893 4134 ut
1918 4082 2155 4137 credam.
2184 4083 2366 4154 Neque
2397 4088 2539 4142 enim
2571 4088 2673 4145 hoc
2708 4093 2833 4147 alibi
2864 4094 3089 4151 inliciari
3126 4113 3249 4153 eum
3296 4102 3414 4155 exi~

1834 4171 1997 4224 stimo
2019 4212 2036 4235 ,
2062 4182 2122 4226 ut
2150 4177 2392 4230 nonnulli
2424 4179 2610 4234 volunt
2631 4220 2645 4244 ,
2677 4181 2767 4250 qui
2798 4182 2976 4238 locum
3002 4186 3120 4253 ejus
3164 4203 3228 4242 ex
3279 4188 3418 4245 libro

1836 4261 1902 4314 Il.
1932 4272 2116 4316 contra
2144 4262 2416 4319 Bullinum
2452 4284 2600 4322 num.
2626 4269 2721 4326 20.
2756 4287 3033 4341 perperam
3066 4276 3416 4345 interpretum

1837 4361 1940 4405 tur.
1974 4353 2062 4406 Ait
2088 4353 2306 4422 quidem
2331 4355 2426 4421 ibi,
2458 4356 2583 4413 Cum
2613 4360 2739 4414 milii
2761 4378 2871 4416 mea
2898 4364 3158 4435 ingeratur
3187 4368 3412 4440 fabella,

1835 4458 1867 4494 a
1895 4442 2107 4512 Synodo
2131 4444 2381 4510 videlicet,
2407 4456 2454 4501 et
2478 4449 2569 4502 sub
2594 4451 2797 4506 nomine
2822 4456 3094 4525 cujusdam
3114 4461 3264 4525 amici
3302 4462 3416 4516 Da—

1836 4536 1965 4588 masi
1993 4535 2240 4590 Romana:
2266 4537 2402 4593 urbis
2429 4539 2671 4612 Episcopi
2694 4560 2783 4613 ego
2803 4555 2967 4616 petar,
2995 4551 3080 4604 cui
3124 4553 3213 4607 ille
3239 4553 3419 4609 Eccle-

1833 4626 2064 4680 siasticas
2092 4627 2347 4697 Epistolas
2372 4631 2638 4687 dictandas
2678 4636 2929 4694 tradidit:
2957 4649 3005 4695 et
3041 4642 3418 4712 Apollinarium

1834 4717 2068 4771 uersutia:
2118 4719 2502 4789 describantur,
2553 4726 2691 4795 quod
2747 4729 3015 4786 Athanasii
3066 4735 3297 4799 librum,
3332 4737 3419 4788 ubi

1838 4808 2149 4866 Dominicus
2181 4812 2341 4868 homo
2371 4802 2690 4885 scriptus’est
2715 4821 2784 4873 ad
2825 4824 3092 4892 legendum
3120 4836 3377 4889 acceptum
3398 4866 3414 4888 ,

1834 4899 1907 4953 ita
1949 4905 2297 4972 corruperint,
2329 4916 2381 4958 ut
2406 4908 2461 4959 in
2500 4908 2652 4961 litura
2680 4910 2735 4962 id
2774 4913 2912 4980 quod
2938 4913 3189 4975 raserint,
3241 4930 3419 4969 rursus

1836 4995 2107 5048 scriberent
2131 5036 2147 5062 ,
2195 5006 2247 5048 ut
2273 4999 2461 5051 scilicet
2504 5016 2605 5052 non
2635 5000 2697 5053 ab
2722 5001 2825 5054 illis
2852 5001 3132 5071 falsatum,
3164 5005 3253 5055 sed
3280 5021 3311 5056 a
3341 5022 3421 5058 me

1836 5087 2068 5140 additum
2093 5097 2377 5157 putaretur.
2405 5089 2600 5145 Verum
2634 5105 2738 5144 non
2777 5091 2903 5145 illud
2931 5092 3013 5146 his
3041 5093 3218 5148 verbis
3236 5134 3252 5159 ,
3275 5097 3420 5164 quod

1837 5178 1996 5231 fuerit
2028 5194 2059 5230 a
2105 5179 2341 5234 Romana
2389 5182 2636 5251 Synodo,
2681 5192 2842 5249 atque
2891 5183 3007 5251 ipso
3051 5199 3178 5239 cum.
3230 5188 3420 5255 primis

1840 5271 2068 5324 Damaso
2108 5270 2370 5336 delectus,
2402 5282 2459 5324 ut
2483 5271 2891 5326 Ecclesiasticas
2911 5273 3093 5329 literas
3119 5278 3417 5336 scriberet:

1840 5360 1933 5415 sed
1961 5360 2210 5423 alterum,
2238 5361 2382 5429 quod
2409 5377 2471 5415 ea
2497 5362 2780 5417 occasione
2804 5366 3108 5434 contigerit,
3153 5369 3418 5440 deApo].

1809 5450 2206 5505 'Iinaristarum
2229 5451 2371 5515 dolo,
2405 5450 2609 5506 fabellae
2650 5452 2890 5522 deputat.
2921 5457 3153 5529 Deputat
3177 5478 3307 5519 vero
3346 5466 3418 5520 ita

1843 5541 1898 5595 in
1923 5539 2160 5595 subnexa
2184 5540 2253 5595 ibi
2282 5542 2632 5608 rcSponsione
2658 5560 2671 5597 :
2706 5542 2775 5599 Ut
2804 5547 3022 5613 etiamsi,
3052 5549 3242 5622 inquit,
3274 5570 3308 5607 a
3336 5571 3418 5610 me

1843 5649 2016 5688 verum
2043 5632 2252 5697 audisti,
2276 5634 2407 5688 alius
2434 5636 2517 5703 qui
2547 5637 2619 5689 rei
2646 5638 2851 5707 ignarus
2879 5650 2970 5706 est,
3006 5643 3145 5699 dicat
3173 5662 3205 5700 a
3228 5656 3275 5700 te
3311 5663 3421 5701 esse

1846 5723 2179 5792 compositum
2225 5725 2375 5797 (Lib.
2423 5725 2507 5781 Il.
2553 5727 2722 5786 Contr.
2767 5729 2963 5803 [lu/7.).
3014 5734 3219 5802 Quibus
3272 5750 3407 5789 sane

1854 5817 2029 5873 verbis
2059 5826 2261 5875 tantum
2291 5822 2441 5873 abest
2466 5860 2481 5884 ,
2524 5830 2583 5875 ut
2634 5823 2830 5878 tactum
2859 5834 3053 5896 neget,
3077 5828 3203 5896 quin
3236 5824 3413 5893 potius
