  <div class='ocr_page' id='page_1' title='image "/cluster/home/n/w/nwhite01/storage/ocr_20150623/22/uva.x000826587/083.png"; bbox 0 0 4048 6192; ppageno 0'>
   <div class='ocr_carea' id='block_1_1' title="bbox 639 372 3888 444">
    <p class='ocr_par' dir='ltr' id='par_1_1' title="bbox 639 372 3888 444">
     <span class='ocr_line' id='line_1_1' title="bbox 639 372 3888 444; baseline 0.01 -33"><span class='ocrx_word' id='word_1_1' title='bbox 639 384 705 437; x_wconf 67' lang='lat'><strong>,7</strong></span> <span class='ocrx_word' id='word_1_2' title='bbox 1898 375 1952 426; x_wconf 87' lang='lat' dir='ltr'><strong>s.</strong></span> <span class='ocrx_word' id='word_1_3' title='bbox 1996 372 2369 428; x_wconf 69' lang='lat' dir='ltr'><strong>ttteuoxvnt</strong></span> <span class='ocrx_word' id='word_1_4' title='bbox 2413 374 2592 429; x_wconf 67' lang='lat' dir='ltr'><strong>vna.</strong></span> <span class='ocrx_word' id='word_1_5' title='bbox 3822 392 3888 444; x_wconf 70' lang='lat' dir='ltr'><strong>ss</strong></span> 
     </span>
    </p>
   </div>
   <div class='ocr_carea' id='block_1_2' title="bbox 639 488 2185 560">
    <p class='ocr_par' dir='ltr' id='par_1_2' title="bbox 639 488 2185 560">
     <span class='ocr_line' id='line_1_2' title="bbox 639 488 2185 560; baseline -0.008 -8"><span class='ocrx_word' id='word_1_6' title='bbox 639 501 788 552; x_wconf 79' lang='lat' dir='ltr'><strong>lateri</strong></span> <span class='ocrx_word' id='word_1_7' title='bbox 823 499 1047 555; x_wconf 71' lang='lat' dir='ltr'><strong>videtur,</strong></span> <span class='ocrx_word' id='word_1_8' title='bbox 1082 513 1106 545; x_wconf 91' lang='lat' dir='ltr'><strong>a</strong></span> <span class='ocrx_word' id='word_1_9' title='bbox 1139 509 1196 546; x_wconf 90' lang='lat' dir='ltr'><strong>se</strong></span> <span class='ocrx_word' id='word_1_10' title='bbox 1229 500 1488 560; x_wconf 71' lang='lat' dir='ltr'><strong>prze~cutc</strong></span> <span class='ocrx_word' id='word_1_11' title='bbox 1533 490 1632 559; x_wconf 87' lang='lat' dir='ltr'><strong>ipsi</strong></span> <span class='ocrx_word' id='word_1_12' title='bbox 1662 488 1875 542; x_wconf 72' lang='lat' dir='ltr'><strong>linflino</strong></span> <span class='ocrx_word' id='word_1_13' title='bbox 1916 498 2185 541; x_wconf 84' lang='lat' dir='ltr'><strong>narratum</strong></span> 
     </span>
    </p>
   </div>
   <div class='ocr_carea' id='block_1_3' title="bbox 635 579 2202 652">
    <p class='ocr_par' dir='ltr' id='par_1_3' title="bbox 635 579 2202 652">
     <span class='ocr_line' id='line_1_3' title="bbox 635 579 2202 652; baseline -0.004 -14"><span class='ocrx_word' id='word_1_14' title='bbox 635 600 812 647; x_wconf 83' lang='lat' dir='ltr'><strong>antea,</strong></span> <span class='ocrx_word' id='word_1_15' title='bbox 841 602 902 639; x_wconf 92' lang='lat' dir='ltr'><strong>ac</strong></span> <span class='ocrx_word' id='word_1_16' title='bbox 929 586 1100 638; x_wconf 89' lang='lat' dir='ltr'><strong>solum</strong></span> <span class='ocrx_word' id='word_1_17' title='bbox 1127 583 1220 645; x_wconf 90' lang='lat' dir='ltr'><strong>ait,</strong></span> <span class='ocrx_word' id='word_1_18' title='bbox 1255 598 1412 652; x_wconf 87' lang='lat' dir='ltr'><strong>posse</strong></span> <span class='ocrx_word' id='word_1_19' title='bbox 1438 582 1558 636; x_wconf 91' lang='lat' dir='ltr'><strong>aliis</strong></span> <span class='ocrx_word' id='word_1_20' title='bbox 1577 581 1663 649; x_wconf 93' lang='lat' dir='ltr'><strong>qui</strong></span> <span class='ocrx_word' id='word_1_21' title='bbox 1690 581 2004 650; x_wconf 82' lang='lat' dir='ltr'><strong>ignorarint,</strong></span> <span class='ocrx_word' id='word_1_22' title='bbox 2033 579 2202 633; x_wconf 88' lang='lat' dir='ltr'><strong>videri</strong></span> 
     </span>
    </p>
   </div>
   <div class='ocr_carea' id='block_1_4' title="bbox 632 672 2201 744">
    <p class='ocr_par' dir='ltr' id='par_1_4' title="bbox 632 672 2201 744">
     <span class='ocr_line' id='line_1_4' title="bbox 632 672 2201 744; baseline -0.003 -15"><span class='ocrx_word' id='word_1_23' title='bbox 632 681 699 731; x_wconf 87' lang='lat' dir='ltr'><strong>ab</strong></span> <span class='ocrx_word' id='word_1_24' title='bbox 729 680 860 744; x_wconf 86' lang='lat' dir='ltr'><strong>ipso,</strong></span> <span class='ocrx_word' id='word_1_25' title='bbox 893 685 1075 744; x_wconf 90' lang='lat' dir='ltr'><strong>utpote</strong></span> <span class='ocrx_word' id='word_1_26' title='bbox 1101 674 1314 727; x_wconf 92' lang='lat' dir='ltr'><strong>inimico</strong></span> <span class='ocrx_word' id='word_1_27' title='bbox 1341 713 1357 740; x_wconf 98' lang='lat'><strong>,</strong></span> <span class='ocrx_word' id='word_1_28' title='bbox 1383 673 1687 726; x_wconf 86' lang='lat' dir='ltr'><strong>conlietnm.</strong></span> <span class='ocrx_word' id='word_1_29' title='bbox 1721 672 1982 742; x_wconf 80' lang='lat' dir='ltr'><strong>Bepudiat</strong></span> <span class='ocrx_word' id='word_1_30' title='bbox 2025 682 2201 726; x_wconf 90' lang='lat' dir='ltr'><strong>autem</strong></span> 
     </span>
    </p>
   </div>
   <div class='ocr_carea' id='block_1_5' title="bbox 631 764 2202 837">
    <p class='ocr_par' dir='ltr' id='par_1_5' title="bbox 631 764 2202 837">
     <span class='ocr_line' id='line_1_5' title="bbox 631 764 2202 837; baseline -0.001 -16"><span class='ocrx_word' id='word_1_31' title='bbox 631 783 690 821; x_wconf 77' lang='lat' dir='ltr'><strong>ea</strong></span> <span class='ocrx_word' id='word_1_32' title='bbox 722 769 788 822; x_wconf 90' lang='lat' dir='ltr'><strong>de</strong></span> <span class='ocrx_word' id='word_1_33' title='bbox 814 782 1027 832; x_wconf 88' lang='lat' dir='ltr'><strong>caussa,</strong></span> <span class='ocrx_word' id='word_1_34' title='bbox 1054 768 1194 837; x_wconf 92' lang='lat' dir='ltr'><strong>quod</strong></span> <span class='ocrx_word' id='word_1_35' title='bbox 1225 768 1275 819; x_wconf 91' lang='lat' dir='ltr'><strong>iu</strong></span> <span class='ocrx_word' id='word_1_36' title='bbox 1309 767 1696 821; x_wconf 82' lang='lat' dir='ltr'><strong>Ecclesiasticis</strong></span> <span class='ocrx_word' id='word_1_37' title='bbox 1734 766 2090 830; x_wconf 83' lang='lat' dir='ltr'><strong>&#39;I‘ractatibns,</strong></span> <span class='ocrx_word' id='word_1_38' title='bbox 2116 764 2202 819; x_wconf 92' lang='lat' dir='ltr'><strong>ubi</strong></span> 
     </span>
    </p>
   </div>
   <div class='ocr_carea' id='block_1_6' title="bbox 627 856 2204 927">
    <p class='ocr_par' dir='ltr' id='par_1_6' title="bbox 627 856 2204 927">
     <span class='ocr_line' id='line_1_6' title="bbox 627 856 2204 927; baseline -0.001 -17"><span class='ocrx_word' id='word_1_39' title='bbox 627 860 696 913; x_wconf 84' lang='lat' dir='ltr'><strong>de</strong></span> <span class='ocrx_word' id='word_1_40' title='bbox 723 859 947 912; x_wconf 91' lang='lat' dir='ltr'><strong>veritate</strong></span> <span class='ocrx_word' id='word_1_41' title='bbox 975 857 1281 926; x_wconf 85' lang='lat' dir='ltr'><strong>dogmatnm</strong></span> <span class='ocrx_word' id='word_1_42' title='bbox 1310 858 1587 927; x_wconf 83' lang='lat' dir='ltr'><strong>qua-ritur,</strong></span> <span class='ocrx_word' id='word_1_43' title='bbox 1619 856 1988 926; x_wconf 80' lang='lat' dir='ltr'><strong>gravissimam</strong></span> <span class='ocrx_word' id='word_1_44' title='bbox 2018 864 2204 910; x_wconf 88' lang='lat' dir='ltr'><strong>aucto-</strong></span> 
     </span>
    </p>
   </div>
   <div class='ocr_carea' id='block_1_7' title="bbox 629 946 2204 1015">
    <p class='ocr_par' dir='ltr' id='par_1_7' title="bbox 629 946 2204 1015">
     <span class='ocr_line' id='line_1_7' title="bbox 629 946 2204 1015; baseline -0.001 -15"><span class='ocrx_word' id='word_1_45' title='bbox 629 950 839 1002; x_wconf 87' lang='lat' dir='ltr'><strong>ritatem</strong></span> <span class='ocrx_word' id='word_1_46' title='bbox 869 947 1126 1015; x_wconf 87' lang='lat' dir='ltr'><strong>proferri,</strong></span> <span class='ocrx_word' id='word_1_47' title='bbox 1171 957 1223 1000; x_wconf 91' lang='lat' dir='ltr'><strong>et</strong></span> <span class='ocrx_word' id='word_1_48' title='bbox 1255 947 1322 1000; x_wconf 92' lang='lat' dir='ltr'><strong>ab</strong></span> <span class='ocrx_word' id='word_1_49' title='bbox 1352 947 1649 1001; x_wconf 74' lang='lat' dir='ltr'><strong>istiusmodi</strong></span> <span class='ocrx_word' id='word_1_50' title='bbox 1691 946 1986 1001; x_wconf 91' lang='lat' dir='ltr'><strong>historiolis</strong></span> <span class='ocrx_word' id='word_1_51' title='bbox 2009 988 2025 1011; x_wconf 91' lang='lat'><strong>,</strong></span> <span class='ocrx_word' id='word_1_52' title='bbox 2070 960 2204 1013; x_wconf 87' lang='lat' dir='ltr'><strong>quas</strong></span> 
     </span>
    </p>
   </div>
   <div class='ocr_carea' id='block_1_8' title="bbox 627 1035 2201 1106">
    <p class='ocr_par' dir='ltr' id='par_1_8' title="bbox 627 1035 2201 1106">
     <span class='ocr_line' id='line_1_8' title="bbox 627 1035 2201 1106; baseline 0 -14"><span class='ocrx_word' id='word_1_53' title='bbox 627 1039 759 1104; x_wconf 86' lang='lat' dir='ltr'><strong>(etsi</strong></span> <span class='ocrx_word' id='word_1_54' title='bbox 789 1055 915 1094; x_wconf 88' lang='lat' dir='ltr'><strong>vere</strong></span> <span class='ocrx_word' id='word_1_55' title='bbox 939 1038 1282 1106; x_wconf 78' lang='lat' dir='ltr'><strong>contigerint)</strong></span> <span class='ocrx_word' id='word_1_56' title='bbox 1313 1035 1520 1091; x_wconf 90' lang='lat' dir='ltr'><strong>fabulas</strong></span> <span class='ocrx_word' id='word_1_57' title='bbox 1551 1053 1744 1092; x_wconf 87' lang='lat' dir='ltr'><strong>vocare</strong></span> <span class='ocrx_word' id='word_1_58' title='bbox 1766 1039 2074 1103; x_wconf 81' lang='lat' dir='ltr'><strong>con5uevit,</strong></span> <span class='ocrx_word' id='word_1_59' title='bbox 2105 1053 2201 1092; x_wconf 83' lang='lat' dir='ltr'><strong>ve-</strong></span> 
     </span>
    </p>
   </div>
   <div class='ocr_carea' id='block_1_9' title="bbox 626 1127 2201 1199">
    <p class='ocr_par' dir='ltr' id='par_1_9' title="bbox 626 1127 2201 1199">
     <span class='ocr_line' id='line_1_9' title="bbox 626 1127 2201 1199; baseline -0.001 -16"><span class='ocrx_word' id='word_1_60' title='bbox 626 1131 685 1183; x_wconf 90' lang='lat' dir='ltr'><strong>lit</strong></span> <span class='ocrx_word' id='word_1_61' title='bbox 713 1145 834 1186; x_wconf 89' lang='lat' dir='ltr'><strong>esse</strong></span> <span class='ocrx_word' id='word_1_62' title='bbox 864 1130 1259 1184; x_wconf 89' lang='lat' dir='ltr'><strong>abstinendum.</strong></span> <span class='ocrx_word' id='word_1_63' title='bbox 1301 1127 1410 1184; x_wconf 83' lang='lat' dir='ltr'><strong>Nec</strong></span> <span class='ocrx_word' id='word_1_64' title='bbox 1456 1130 1782 1198; x_wconf 82' lang='lat' dir='ltr'><strong>ignoramus,</strong></span> <span class='ocrx_word' id='word_1_65' title='bbox 1813 1128 1952 1199; x_wconf 91' lang='lat' dir='ltr'><strong>quod</strong></span> <span class='ocrx_word' id='word_1_66' title='bbox 1979 1137 2201 1198; x_wconf 79' lang='lat' dir='ltr'><strong>praeter-</strong></span> 
     </span>
    </p>
   </div>
   <div class='ocr_carea' id='block_1_10' title="bbox 625 1221 2203 1290">
    <p class='ocr_par' dir='ltr' id='par_1_10' title="bbox 625 1221 2203 1290">
     <span class='ocr_line' id='line_1_10' title="bbox 625 1221 2203 1290; baseline -0.003 -12"><span class='ocrx_word' id='word_1_67' title='bbox 625 1240 690 1278; x_wconf 91' lang='lat' dir='ltr'><strong>ea</strong></span> <span class='ocrx_word' id='word_1_68' title='bbox 720 1268 734 1288; x_wconf 92' lang='lat'><strong>,</strong></span> <span class='ocrx_word' id='word_1_69' title='bbox 770 1234 826 1278; x_wconf 92' lang='lat' dir='ltr'><strong>ut</strong></span> <span class='ocrx_word' id='word_1_70' title='bbox 853 1223 967 1278; x_wconf 66' lang='lat' dir='ltr'><strong>haec</strong></span> <span class='ocrx_word' id='word_1_71' title='bbox 1009 1223 1200 1277; x_wconf 78' lang='lat' dir='ltr'><strong>fabulis</strong></span> <span class='ocrx_word' id='word_1_72' title='bbox 1232 1223 1513 1276; x_wconf 84' lang='lat' dir='ltr'><strong>adcenseat</strong></span> <span class='ocrx_word' id='word_1_73' title='bbox 1533 1262 1550 1286; x_wconf 96' lang='lat'><strong>,</strong></span> <span class='ocrx_word' id='word_1_74' title='bbox 1578 1223 1799 1290; x_wconf 85' lang='lat' dir='ltr'><strong>opponit</strong></span> <span class='ocrx_word' id='word_1_75' title='bbox 1828 1223 1906 1275; x_wconf 82' lang='lat' dir='ltr'><strong>vir</strong></span> <span class='ocrx_word' id='word_1_76' title='bbox 1935 1221 2203 1275; x_wconf 88' lang='lat' dir='ltr'><strong>Ecclesia-</strong></span> 
     </span>
    </p>
   </div>
   <div class='ocr_carea' id='block_1_11' title="bbox 626 1312 2202 1384">
    <p class='ocr_par' dir='ltr' id='par_1_11' title="bbox 626 1312 2202 1384">
     <span class='ocr_line' id='line_1_11' title="bbox 626 1312 2202 1384; baseline -0.003 -15"><span class='ocrx_word' id='word_1_77' title='bbox 626 1317 775 1369; x_wconf 83' lang='lat' dir='ltr'><strong>stic:e</strong></span> <span class='ocrx_word' id='word_1_78' title='bbox 797 1313 1126 1384; x_wconf 88' lang='lat' dir='ltr'><strong>antiquitatis</strong></span> <span class='ocrx_word' id='word_1_79' title='bbox 1151 1315 1386 1368; x_wconf 88' lang='lat' dir='ltr'><strong>litterate</strong></span> <span class='ocrx_word' id='word_1_80' title='bbox 1407 1314 1606 1382; x_wconf 89' lang='lat' dir='ltr'><strong>peritus</strong></span> <span class='ocrx_word' id='word_1_81' title='bbox 1638 1313 1698 1367; x_wconf 84' lang='lat' dir='ltr'><strong>P.</strong></span> <span class='ocrx_word' id='word_1_82' title='bbox 1721 1312 2062 1366; x_wconf 75' lang='lat' dir='ltr'><strong>Constantius</strong></span> <span class='ocrx_word' id='word_1_83' title='bbox 2083 1328 2097 1372; x_wconf 88' lang='lat'><strong>;</strong></span> <span class='ocrx_word' id='word_1_84' title='bbox 2117 1327 2202 1365; x_wconf 89' lang='lat' dir='ltr'><strong>se-</strong></span> 
     </span>
    </p>
   </div>
   <div class='ocr_carea' id='block_1_12' title="bbox 625 1402 2201 1476">
    <p class='ocr_par' dir='ltr' id='par_1_12' title="bbox 625 1402 2201 1476">
     <span class='ocr_line' id='line_1_12' title="bbox 625 1402 2201 1476; baseline -0.004 -16"><span class='ocrx_word' id='word_1_85' title='bbox 625 1409 803 1461; x_wconf 79' lang='lat' dir='ltr'><strong>cundo</strong></span> <span class='ocrx_word' id='word_1_86' title='bbox 861 1407 1064 1462; x_wconf 85' lang='lat' dir='ltr'><strong>scilicet</strong></span> <span class='ocrx_word' id='word_1_87' title='bbox 1108 1421 1244 1476; x_wconf 79' lang='lat' dir='ltr'><strong>Opus</strong></span> <span class='ocrx_word' id='word_1_88' title='bbox 1295 1421 1399 1459; x_wconf 93' lang='lat' dir='ltr'><strong>non</strong></span> <span class='ocrx_word' id='word_1_89' title='bbox 1446 1405 1644 1470; x_wconf 87' lang='lat' dir='ltr'><strong>fuisse,</strong></span> <span class='ocrx_word' id='word_1_90' title='bbox 1690 1413 1747 1458; x_wconf 90' lang='lat' dir='ltr'><strong>ut</strong></span> <span class='ocrx_word' id='word_1_91' title='bbox 1771 1402 1921 1458; x_wconf 86' lang='lat' dir='ltr'><strong>Fidei</strong></span> <span class='ocrx_word' id='word_1_92' title='bbox 1977 1403 2201 1456; x_wconf 60' lang='lat' dir='ltr'><strong>formula</strong></span> 
     </span>
    </p>
   </div>
   <div class='ocr_carea' id='block_1_13' title="bbox 625 1495 2199 1566">
    <p class='ocr_par' dir='ltr' id='par_1_13' title="bbox 625 1495 2199 1566">
     <span class='ocr_line' id='line_1_13' title="bbox 625 1495 2199 1566; baseline -0.006 -12"><span class='ocrx_word' id='word_1_93' title='bbox 625 1502 946 1554; x_wconf 72' lang='lat' dir='ltr'><strong>conderetur</strong></span> <span class='ocrx_word' id='word_1_94' title='bbox 987 1499 1109 1564; x_wconf 91' lang='lat' dir='ltr'><strong>,cui</strong></span> <span class='ocrx_word' id='word_1_95' title='bbox 1149 1497 1558 1566; x_wconf 77' lang='lat' dir='ltr'><strong>Appolinarista:</strong></span> <span class='ocrx_word' id='word_1_96' title='bbox 1611 1495 2028 1557; x_wconf 87' lang='lat' dir='ltr'><strong>subscriberent,</strong></span> <span class='ocrx_word' id='word_1_97' title='bbox 2081 1508 2199 1546; x_wconf 91' lang='lat' dir='ltr'><strong>cum</strong></span> 
     </span>
    </p>
   </div>
   <div class='ocr_carea' id='block_1_14' title="bbox 635 1585 2198 1657">
    <p class='ocr_par' dir='ltr' id='par_1_14' title="bbox 635 1585 2198 1657">
     <span class='ocr_line' id='line_1_14' title="bbox 635 1585 2198 1657; baseline -0.004 -12"><span class='ocrx_word' id='word_1_98' title='bbox 635 1595 892 1645; x_wconf 65' lang='lat' dir='ltr'><strong>Damasus</strong></span> <span class='ocrx_word' id='word_1_99' title='bbox 921 1601 1044 1644; x_wconf 94' lang='lat' dir='ltr'><strong>ante</strong></span> <span class='ocrx_word' id='word_1_100' title='bbox 1070 1589 1270 1657; x_wconf 83' lang='lat' dir='ltr'><strong>aliquot</strong></span> <span class='ocrx_word' id='word_1_101' title='bbox 1293 1603 1463 1641; x_wconf 87' lang='lat' dir='ltr'><strong>annos</strong></span> <span class='ocrx_word' id='word_1_102' title='bbox 1509 1587 1766 1642; x_wconf 89' lang='lat' dir='ltr'><strong>adversus</strong></span> <span class='ocrx_word' id='word_1_103' title='bbox 1791 1602 1977 1640; x_wconf 86' lang='lat' dir='ltr'><strong>eorum</strong></span> <span class='ocrx_word' id='word_1_104' title='bbox 2023 1585 2198 1639; x_wconf 67' lang='lat' dir='ltr'><strong>hmre-</strong></span> 
     </span>
    </p>
   </div>
   <div class='ocr_carea' id='block_1_15' title="bbox 630 1675 2202 1747">
    <p class='ocr_par' dir='ltr' id='par_1_15' title="bbox 630 1675 2202 1747">
     <span class='ocr_line' id='line_1_15' title="bbox 630 1675 2202 1747; baseline -0.007 -10"><span class='ocrx_word' id='word_1_105' title='bbox 630 1685 731 1737; x_wconf 81' lang='lat' dir='ltr'><strong>sim</strong></span> <span class='ocrx_word' id='word_1_106' title='bbox 763 1683 984 1734; x_wconf 84' lang='lat' dir='ltr'><strong>formam</strong></span> <span class='ocrx_word' id='word_1_107' title='bbox 1038 1678 1382 1747; x_wconf 63' lang='lat' dir='ltr'><strong>trofessionis</strong></span> <span class='ocrx_word' id='word_1_108' title='bbox 1418 1678 1640 1732; x_wconf 80' lang='lat' dir='ltr'><strong>Paulino</strong></span> <span class='ocrx_word' id='word_1_109' title='bbox 1669 1675 1998 1730; x_wconf 79' lang='lat' dir='ltr'><strong>Antiocheno</strong></span> <span class='ocrx_word' id='word_1_110' title='bbox 2028 1675 2202 1729; x_wconf 84' lang='lat' dir='ltr'><strong>misis-</strong></span> 
     </span>
    </p>
   </div>
   <div class='ocr_carea' id='block_1_16' title="bbox 632 1765 2203 1839">
    <p class='ocr_par' dir='ltr' id='par_1_16' title="bbox 632 1765 2203 1839">
     <span class='ocr_line' id='line_1_16' title="bbox 632 1765 2203 1839; baseline -0.006 -13"><span class='ocrx_word' id='word_1_111' title='bbox 632 1784 734 1827; x_wconf 85' lang='lat' dir='ltr'><strong>set.</strong></span> <span class='ocrx_word' id='word_1_112' title='bbox 763 1773 995 1836; x_wconf 76' lang='lat' dir='ltr'><strong>Verum,</strong></span> <span class='ocrx_word' id='word_1_113' title='bbox 1040 1785 1164 1825; x_wconf 90' lang='lat' dir='ltr'><strong>cum</strong></span> <span class='ocrx_word' id='word_1_114' title='bbox 1216 1769 1284 1824; x_wconf 90' lang='lat' dir='ltr'><strong>de</strong></span> <span class='ocrx_word' id='word_1_115' title='bbox 1337 1768 1734 1839; x_wconf 83' lang='lat' dir='ltr'><strong>Apollinaristis</strong></span> <span class='ocrx_word' id='word_1_116' title='bbox 1771 1768 1822 1820; x_wconf 90' lang='lat' dir='ltr'><strong>in</strong></span> <span class='ocrx_word' id='word_1_117' title='bbox 1875 1782 1936 1820; x_wconf 93' lang='lat' dir='ltr'><strong>ea</strong></span> <span class='ocrx_word' id='word_1_118' title='bbox 1987 1765 2203 1836; x_wconf 83' lang='lat' dir='ltr'><strong>Synodo</strong></span> 
     </span>
    </p>
   </div>
   <div class='ocr_carea' id='block_1_17' title="bbox 627 1857 2203 1932">
    <p class='ocr_par' dir='ltr' id='par_1_17' title="bbox 627 1857 2203 1932">
     <span class='ocr_line' id='line_1_17' title="bbox 627 1857 2203 1932; baseline -0.005 -14"><span class='ocrx_word' id='word_1_119' title='bbox 627 1868 820 1918; x_wconf 89' lang='lat' dir='ltr'><strong>iterum</strong></span> <span class='ocrx_word' id='word_1_120' title='bbox 851 1863 1178 1932; x_wconf 73' lang='lat' dir='ltr'><strong>disputatum</strong></span> <span class='ocrx_word' id='word_1_121' title='bbox 1205 1861 1385 1922; x_wconf 88' lang='lat' dir='ltr'><strong>fuisse.</strong></span> <span class='ocrx_word' id='word_1_122' title='bbox 1409 1860 1465 1912; x_wconf 89' lang='lat' dir='ltr'><strong>S.</strong></span> <span class='ocrx_word' id='word_1_123' title='bbox 1493 1859 1806 1913; x_wconf 79' lang='lat' dir='ltr'><strong>Ambrosius</strong></span> <span class='ocrx_word' id='word_1_124' title='bbox 1839 1857 1960 1911; x_wconf 91' lang='lat' dir='ltr'><strong>data</strong></span> <span class='ocrx_word' id='word_1_125' title='bbox 1993 1857 2203 1910; x_wconf 88' lang='lat' dir='ltr'><strong>bocmet</strong></span> 
     </span>
    </p>
   </div>
   <div class='ocr_carea' id='block_1_18' title="bbox 635 1947 2200 2022">
    <p class='ocr_par' dir='ltr' id='par_1_18' title="bbox 635 1947 2200 2022">
     <span class='ocr_line' id='line_1_18' title="bbox 635 1947 2200 2022; baseline -0.004 -16"><span class='ocrx_word' id='word_1_126' title='bbox 635 1969 776 2007; x_wconf 88' lang='lat' dir='ltr'><strong>anno</strong></span> <span class='ocrx_word' id='word_1_127' title='bbox 824 1953 1056 2022; x_wconf 89' lang='lat' dir='ltr'><strong>Epistola</strong></span> <span class='ocrx_word' id='word_1_128' title='bbox 1090 1960 1351 2004; x_wconf 73' lang='lat' dir='ltr'><strong>testatur:</strong></span> <span class='ocrx_word' id='word_1_129' title='bbox 1381 1949 1534 2004; x_wconf 76' lang='lat' dir='ltr'><strong>faciI-e</strong></span> <span class='ocrx_word' id='word_1_130' title='bbox 1576 1958 1630 2003; x_wconf 90' lang='lat' dir='ltr'><strong>et</strong></span> <span class='ocrx_word' id='word_1_131' title='bbox 1669 1963 1858 2002; x_wconf 87' lang='lat' dir='ltr'><strong>novam</strong></span> <span class='ocrx_word' id='word_1_132' title='bbox 1883 1948 2039 2002; x_wconf 89' lang='lat' dir='ltr'><strong>condi</strong></span> <span class='ocrx_word' id='word_1_133' title='bbox 2093 1947 2200 2000; x_wconf 85' lang='lat' dir='ltr'><strong>for-</strong></span> 
     </span>
    </p>
   </div>
   <div class='ocr_carea' id='block_1_19' title="bbox 641 2038 2203 2107">
    <p class='ocr_par' dir='ltr' id='par_1_19' title="bbox 641 2038 2203 2107">
     <span class='ocr_line' id='line_1_19' title="bbox 641 2038 2203 2107; baseline -0.002 -12"><span class='ocrx_word' id='word_1_134' title='bbox 641 2044 835 2097; x_wconf 87' lang='lat' dir='ltr'><strong>mulam</strong></span> <span class='ocrx_word' id='word_1_135' title='bbox 880 2043 1144 2107; x_wconf 77' lang='lat' dir='ltr'><strong>Oportuit,</strong></span> <span class='ocrx_word' id='word_1_136' title='bbox 1175 2051 1230 2094; x_wconf 89' lang='lat' dir='ltr'><strong>et</strong></span> <span class='ocrx_word' id='word_1_137' title='bbox 1285 2040 1447 2094; x_wconf 88' lang='lat' dir='ltr'><strong>fuisse</strong></span> <span class='ocrx_word' id='word_1_138' title='bbox 1479 2055 1664 2093; x_wconf 68' lang='lat' dir='ltr'><strong>revera</strong></span> <span class='ocrx_word' id='word_1_139' title='bbox 1713 2038 2010 2102; x_wconf 72' lang='lat' dir='ltr'><strong>conditam,</strong></span> <span class='ocrx_word' id='word_1_140' title='bbox 2041 2054 2106 2092; x_wconf 82' lang='lat' dir='ltr'><strong>ex</strong></span> <span class='ocrx_word' id='word_1_141' title='bbox 2137 2052 2203 2092; x_wconf 80' lang='lat' dir='ltr'><strong>eo</strong></span> 
     </span>
    </p>
   </div>
   <div class='ocr_carea' id='block_1_20' title="bbox 632 2129 2200 2204">
    <p class='ocr_par' dir='ltr' id='par_1_20' title="bbox 632 2129 2200 2204">
     <span class='ocr_line' id='line_1_20' title="bbox 632 2129 2200 2204; baseline -0.003 -17"><span class='ocrx_word' id='word_1_142' title='bbox 632 2140 757 2190; x_wconf 75' lang='lat' dir='ltr'><strong>llCel</strong></span> <span class='ocrx_word' id='word_1_143' title='bbox 801 2148 1026 2204; x_wconf 80' lang='lat' dir='ltr'><strong>arguere</strong></span> <span class='ocrx_word' id='word_1_144' title='bbox 1050 2175 1066 2198; x_wconf 93' lang='lat'><strong>,</strong></span> <span class='ocrx_word' id='word_1_145' title='bbox 1088 2132 1228 2202; x_wconf 89' lang='lat' dir='ltr'><strong>quod</strong></span> <span class='ocrx_word' id='word_1_146' title='bbox 1258 2133 1310 2186; x_wconf 92' lang='lat' dir='ltr'><strong>in</strong></span> <span class='ocrx_word' id='word_1_147' title='bbox 1344 2130 1660 2200; x_wconf 66' lang='lat' dir='ltr'><strong>priet-edenti</strong></span> <span class='ocrx_word' id='word_1_148' title='bbox 1688 2130 1752 2183; x_wconf 92' lang='lat' dir='ltr'><strong>ad</strong></span> <span class='ocrx_word' id='word_1_149' title='bbox 1785 2129 2057 2183; x_wconf 90' lang='lat' dir='ltr'><strong>Paulinum</strong></span> <span class='ocrx_word' id='word_1_150' title='bbox 2088 2131 2200 2183; x_wconf 80' lang='lat' dir='ltr'><strong>An-</strong></span> 
     </span>
    </p>
   </div>
   <div class='ocr_carea' id='block_1_21' title="bbox 627 2221 2201 2288">
    <p class='ocr_par' dir='ltr' id='par_1_21' title="bbox 627 2221 2201 2288">
     <span class='ocr_line' id='line_1_21' title="bbox 627 2221 2201 2288; baseline -0.004 -8"><span class='ocrx_word' id='word_1_151' title='bbox 627 2227 930 2281; x_wconf 80' lang='lat' dir='ltr'><strong>tiochenum</strong></span> <span class='ocrx_word' id='word_1_152' title='bbox 963 2225 1122 2278; x_wconf 83' lang='lat' dir='ltr'><strong>missa</strong></span> <span class='ocrx_word' id='word_1_153' title='bbox 1151 2223 1397 2278; x_wconf 74' lang='lat' dir='ltr'><strong>Christus</strong></span> <span class='ocrx_word' id='word_1_154' title='bbox 1427 2223 1574 2275; x_wconf 79' lang='lat' dir='ltr'><strong>homo</strong></span> <span class='ocrx_word' id='word_1_155' title='bbox 1603 2221 1902 2274; x_wconf 79' lang='lat' dir='ltr'><strong>Dominicus</strong></span> <span class='ocrx_word' id='word_1_156' title='bbox 1933 2236 2201 2288; x_wconf 85' lang='lat' dir='ltr'><strong>nunquam</strong></span> 
     </span>
    </p>
   </div>
   <div class='ocr_carea' id='block_1_22' title="bbox 625 2310 2201 2386">
    <p class='ocr_par' dir='ltr' id='par_1_22' title="bbox 625 2310 2201 2386">
     <span class='ocr_line' id='line_1_22' title="bbox 625 2310 2201 2386; baseline -0.004 -16"><span class='ocrx_word' id='word_1_157' title='bbox 625 2317 945 2386; x_wconf 74' lang='lat' dir='ltr'><strong>appelletur.</strong></span> <span class='ocrx_word' id='word_1_158' title='bbox 973 2315 1211 2382; x_wconf 88' lang='lat' dir='ltr'><strong>Denique</strong></span> <span class='ocrx_word' id='word_1_159' title='bbox 1242 2313 1369 2366; x_wconf 84' lang='lat' dir='ltr'><strong>nihil</strong></span> <span class='ocrx_word' id='word_1_160' title='bbox 1397 2321 1501 2376; x_wconf 88' lang='lat' dir='ltr'><strong>est,</strong></span> <span class='ocrx_word' id='word_1_161' title='bbox 1523 2325 1620 2366; x_wconf 91' lang='lat' dir='ltr'><strong>cur</strong></span> <span class='ocrx_word' id='word_1_162' title='bbox 1652 2311 1790 2364; x_wconf 89' lang='lat' dir='ltr'><strong>hanc</strong></span> <span class='ocrx_word' id='word_1_163' title='bbox 1835 2310 2043 2364; x_wconf 90' lang='lat' dir='ltr'><strong>laudem</strong></span> <span class='ocrx_word' id='word_1_164' title='bbox 2075 2310 2201 2364; x_wconf 81' lang='lat' dir='ltr'><strong>Hie-</strong></span> 
     </span>
    </p>
   </div>
   <div class='ocr_carea' id='block_1_23' title="bbox 628 2402 2202 2474">
    <p class='ocr_par' dir='ltr' id='par_1_23' title="bbox 628 2402 2202 2474">
     <span class='ocr_line' id='line_1_23' title="bbox 628 2402 2202 2474; baseline -0.002 -14"><span class='ocrx_word' id='word_1_165' title='bbox 628 2424 872 2473; x_wconf 83' lang='lat' dir='ltr'><strong>ronymo,</strong></span> <span class='ocrx_word' id='word_1_166' title='bbox 892 2405 1042 2474; x_wconf 78' lang='lat' dir='ltr'><strong>cujus</strong></span> <span class='ocrx_word' id='word_1_167' title='bbox 1056 2405 1268 2459; x_wconf 76' lang='lat' dir='ltr'><strong>eximia:</strong></span> <span class='ocrx_word' id='word_1_168' title='bbox 1295 2403 1608 2458; x_wconf 82' lang='lat' dir='ltr'><strong>eruditionis</strong></span> <span class='ocrx_word' id='word_1_169' title='bbox 1629 2402 1738 2470; x_wconf 90' lang='lat' dir='ltr'><strong>jam</strong></span> <span class='ocrx_word' id='word_1_170' title='bbox 1766 2403 1994 2470; x_wconf 83' lang='lat' dir='ltr'><strong>aliquem</strong></span> <span class='ocrx_word' id='word_1_171' title='bbox 2016 2402 2202 2457; x_wconf 83' lang='lat' dir='ltr'><strong>Patres</strong></span> 
     </span>
    </p>
   </div>
   <div class='ocr_carea' id='block_1_24' title="bbox 620 2493 1918 2563">
    <p class='ocr_par' dir='ltr' id='par_1_24' title="bbox 620 2493 1918 2563">
     <span class='ocr_line' id='line_1_24' title="bbox 620 2493 1918 2563; baseline -0.005 -13"><span class='ocrx_word' id='word_1_172' title='bbox 620 2509 680 2552; x_wconf 70' lang='lat' dir='ltr'><strong>et</strong></span> <span class='ocrx_word' id='word_1_173' title='bbox 702 2499 959 2550; x_wconf 78' lang='lat' dir='ltr'><strong>Damasus</strong></span> <span class='ocrx_word' id='word_1_174' title='bbox 989 2512 1140 2548; x_wconf 88' lang='lat' dir='ltr'><strong>usum</strong></span> <span class='ocrx_word' id='word_1_175' title='bbox 1175 2503 1544 2563; x_wconf 80' lang='lat' dir='ltr'><strong>perceperant,</strong></span> <span class='ocrx_word' id='word_1_176' title='bbox 1572 2493 1918 2562; x_wconf 80' lang='lat' dir='ltr'><strong>denegcmns.</strong></span> 
     </span>
    </p>
   </div>
   <div class='ocr_carea' id='block_1_25' title="bbox 697 2583 2201 2652">
    <p class='ocr_par' dir='ltr' id='par_1_25' title="bbox 697 2583 2201 2652">
     <span class='ocr_line' id='line_1_25' title="bbox 697 2583 2201 2652; baseline -0.005 -10"><span class='ocrx_word' id='word_1_177' title='bbox 697 2588 784 2642; x_wconf 86' lang='lat' dir='ltr'><strong>Ill.</strong></span> <span class='ocrx_word' id='word_1_178' title='bbox 817 2587 922 2641; x_wconf 81' lang='lat' dir='ltr'><strong>Sed</strong></span> <span class='ocrx_word' id='word_1_179' title='bbox 945 2596 998 2639; x_wconf 90' lang='lat' dir='ltr'><strong>et</strong></span> <span class='ocrx_word' id='word_1_180' title='bbox 1028 2586 1188 2640; x_wconf 88' lang='lat' dir='ltr'><strong>fuisse</strong></span> <span class='ocrx_word' id='word_1_181' title='bbox 1217 2600 1362 2649; x_wconf 81' lang='lat' dir='ltr'><strong>enin,</strong></span> <span class='ocrx_word' id='word_1_182' title='bbox 1385 2584 1563 2636; x_wconf 80' lang='lat' dir='ltr'><strong>statim</strong></span> <span class='ocrx_word' id='word_1_183' title='bbox 1585 2592 1744 2652; x_wconf 90' lang='lat' dir='ltr'><strong>atque</strong></span> <span class='ocrx_word' id='word_1_184' title='bbox 1783 2583 2005 2636; x_wconf 74' lang='lat' dir='ltr'><strong>Romam</strong></span> <span class='ocrx_word' id='word_1_185' title='bbox 2034 2583 2201 2650; x_wconf 83' lang='lat' dir='ltr'><strong>venit,</strong></span> 
     </span>
    </p>
   </div>
   <div class='ocr_carea' id='block_1_26' title="bbox 629 2677 2204 2746">
    <p class='ocr_par' dir='ltr' id='par_1_26' title="bbox 629 2677 2204 2746">
     <span class='ocr_line' id='line_1_26' title="bbox 629 2677 2204 2746; baseline -0.001 -14"><span class='ocrx_word' id='word_1_186' title='bbox 629 2681 871 2734; x_wconf 72' lang='lat' dir='ltr'><strong>Romano</strong></span> <span class='ocrx_word' id='word_1_187' title='bbox 891 2679 1050 2732; x_wconf 81' lang='lat' dir='ltr'><strong>Clem</strong></span> <span class='ocrx_word' id='word_1_188' title='bbox 1070 2677 1418 2744; x_wconf 88' lang='lat' dir='ltr'><strong>adscriptum,</strong></span> <span class='ocrx_word' id='word_1_189' title='bbox 1441 2687 1600 2746; x_wconf 80' lang='lat' dir='ltr'><strong>alque</strong></span> <span class='ocrx_word' id='word_1_190' title='bbox 1620 2677 1754 2729; x_wconf 83' lang='lat' dir='ltr'><strong>adeo</strong></span> <span class='ocrx_word' id='word_1_191' title='bbox 1769 2691 1890 2730; x_wconf 71' lang='lat' dir='ltr'><strong>BSsC</strong></span> <span class='ocrx_word' id='word_1_192' title='bbox 1912 2677 2049 2729; x_wconf 84' lang='lat' dir='ltr'><strong>inter</strong></span> <span class='ocrx_word' id='word_1_193' title='bbox 2071 2678 2204 2732; x_wconf 82' lang='lat' dir='ltr'><strong>Car-</strong></span> 
     </span>
    </p>
   </div>
   <div class='ocr_carea' id='block_1_27' title="bbox 625 2766 2198 2835">
    <p class='ocr_par' dir='ltr' id='par_1_27' title="bbox 625 2766 2198 2835">
     <span class='ocr_line' id='line_1_27' title="bbox 625 2766 2198 2835; baseline -0.003 -13"><span class='ocrx_word' id='word_1_194' title='bbox 625 2771 852 2832; x_wconf 88' lang='lat' dir='ltr'><strong>dinales,</strong></span> <span class='ocrx_word' id='word_1_195' title='bbox 882 2777 938 2821; x_wconf 95' lang='lat' dir='ltr'><strong>ut</strong></span> <span class='ocrx_word' id='word_1_196' title='bbox 967 2783 1106 2821; x_wconf 92' lang='lat' dir='ltr'><strong>nunc</strong></span> <span class='ocrx_word' id='word_1_197' title='bbox 1132 2777 1322 2820; x_wconf 82' lang='lat' dir='ltr'><strong>vocant</strong></span> <span class='ocrx_word' id='word_1_198' title='bbox 1346 2808 1362 2830; x_wconf 89' lang='lat'><strong>,</strong></span> <span class='ocrx_word' id='word_1_199' title='bbox 1391 2766 1785 2820; x_wconf 88' lang='lat' dir='ltr'><strong>adcensendum</strong></span> <span class='ocrx_word' id='word_1_200' title='bbox 1807 2807 1820 2826; x_wconf 95' lang='lat'><strong>,</strong></span> <span class='ocrx_word' id='word_1_201' title='bbox 1855 2781 2046 2835; x_wconf 86' lang='lat' dir='ltr'><strong>magno</strong></span> <span class='ocrx_word' id='word_1_202' title='bbox 2071 2766 2198 2820; x_wconf 90' lang='lat' dir='ltr'><strong>olim</strong></span> 
     </span>
    </p>
   </div>
   <div class='ocr_carea' id='block_1_28' title="bbox 621 2858 2198 2931">
    <p class='ocr_par' dir='ltr' id='par_1_28' title="bbox 621 2858 2198 2931">
     <span class='ocr_line' id='line_1_28' title="bbox 621 2858 2198 2931; baseline -0.002 -16"><span class='ocrx_word' id='word_1_203' title='bbox 621 2873 817 2916; x_wconf 83' lang='lat' dir='ltr'><strong>conatu</strong></span> <span class='ocrx_word' id='word_1_204' title='bbox 843 2862 1055 2931; x_wconf 87' lang='lat' dir='ltr'><strong>quidam</strong></span> <span class='ocrx_word' id='word_1_205' title='bbox 1085 2859 1496 2914; x_wconf 90' lang='lat' dir='ltr'><strong>contenderunt.</strong></span> <span class='ocrx_word' id='word_1_206' title='bbox 1525 2858 1768 2925; x_wconf 77' lang='lat' dir='ltr'><strong>Pelagius</strong></span> <span class='ocrx_word' id='word_1_207' title='bbox 1791 2869 1968 2912; x_wconf 90' lang='lat' dir='ltr'><strong>autem</strong></span> <span class='ocrx_word' id='word_1_208' title='bbox 2005 2874 2198 2913; x_wconf 85' lang='lat' dir='ltr'><strong>secun-</strong></span> 
     </span>
    </p>
   </div>
   <div class='ocr_carea' id='block_1_29' title="bbox 622 2949 2204 3018">
    <p class='ocr_par' dir='ltr' id='par_1_29' title="bbox 622 2949 2204 3018">
     <span class='ocr_line' id='line_1_29' title="bbox 622 2949 2204 3018; baseline -0.004 -11"><span class='ocrx_word' id='word_1_209' title='bbox 622 2954 724 3007; x_wconf 90' lang='lat' dir='ltr'><strong>dus</strong></span> <span class='ocrx_word' id='word_1_210' title='bbox 751 2952 1009 3006; x_wconf 63' lang='lat' dir='ltr'><strong>ﬂuuiana:</strong></span> <span class='ocrx_word' id='word_1_211' title='bbox 1038 2951 1256 3015; x_wconf 89' lang='lat' dir='ltr'><strong>insuper</strong></span> <span class='ocrx_word' id='word_1_212' title='bbox 1285 2950 1536 3003; x_wconf 76' lang='lat' dir='ltr'><strong>Ecclesia:</strong></span> <span class='ocrx_word' id='word_1_213' title='bbox 1583 2949 1900 3018; x_wconf 63' lang='lat' dir='ltr'><strong>Episcolnun</strong></span> <span class='ocrx_word' id='word_1_214' title='bbox 1943 2964 2064 3002; x_wconf 90' lang='lat' dir='ltr'><strong>eum</strong></span> <span class='ocrx_word' id='word_1_215' title='bbox 2105 2964 2204 3018; x_wconf 91' lang='lat' dir='ltr'><strong>ap-</strong></span> 
     </span>
    </p>
   </div>
   <div class='ocr_carea' id='block_1_30' title="bbox 623 3039 2201 3113">
    <p class='ocr_par' dir='ltr' id='par_1_30' title="bbox 623 3039 2201 3113">
     <span class='ocr_line' id='line_1_30' title="bbox 623 3039 2201 3113; baseline -0.003 -14"><span class='ocrx_word' id='word_1_216' title='bbox 623 3045 783 3112; x_wconf 81' lang='lat' dir='ltr'><strong>pellat</strong></span> <span class='ocrx_word' id='word_1_217' title='bbox 822 3042 996 3113; x_wconf 82' lang='lat' dir='ltr'><strong>(Tum.</strong></span> <span class='ocrx_word' id='word_1_218' title='bbox 1029 3043 1081 3096; x_wconf 75' lang='grc'><strong>4.</strong></span> <span class='ocrx_word' id='word_1_219' title='bbox 1126 3039 1323 3097; x_wconf 83' lang='lat' dir='ltr'><strong>Concil.</strong></span> <span class='ocrx_word' id='word_1_220' title='bbox 1374 3039 1439 3093; x_wconf 85' lang='grc' dir='ltr'><strong>Β.</strong></span> <span class='ocrx_word' id='word_1_221' title='bbox 1472 3058 1525 3108; x_wconf 86' lang='lat' dir='ltr'><strong>p.</strong></span> <span class='ocrx_word' id='word_1_222' title='bbox 1568 3041 1744 3108; x_wconf 73' lang='lat' dir='ltr'><strong>5M):</strong></span> <span class='ocrx_word' id='word_1_223' title='bbox 1786 3048 1840 3094; x_wconf 93' lang='lat' dir='ltr'><strong>et</strong></span> <span class='ocrx_word' id='word_1_224' title='bbox 1890 3040 2201 3094; x_wconf 79' lang='lat' dir='ltr'><strong>Anastasius</strong></span> 
     </span>
    </p>
   </div>
   <div class='ocr_carea' id='block_1_31' title="bbox 621 3129 2199 3202">
    <p class='ocr_par' dir='ltr' id='par_1_31' title="bbox 621 3129 2199 3202">
     <span class='ocr_line' id='line_1_31' title="bbox 621 3129 2199 3202; baseline -0.002 -13"><span class='ocrx_word' id='word_1_225' title='bbox 621 3135 868 3189; x_wconf 84' lang='lat' dir='ltr'><strong>cuindetn</strong></span> <span class='ocrx_word' id='word_1_226' title='bbox 914 3147 1074 3202; x_wconf 84' lang='lat' dir='ltr'><strong>quem</strong></span> <span class='ocrx_word' id='word_1_227' title='bbox 1126 3133 1271 3196; x_wconf 84' lang='lat' dir='ltr'><strong>sibi,</strong></span> <span class='ocrx_word' id='word_1_228' title='bbox 1331 3129 1723 3185; x_wconf 81' lang='lat' dir='ltr'><strong>Bibliothecarii</strong></span> <span class='ocrx_word' id='word_1_229' title='bbox 1783 3130 1990 3184; x_wconf 89' lang='lat' dir='ltr'><strong>titulum</strong></span> <span class='ocrx_word' id='word_1_230' title='bbox 2039 3140 2199 3198; x_wconf 88' lang='lat' dir='ltr'><strong>atque</strong></span> 
     </span>
    </p>
   </div>
   <div class='ocr_carea' id='block_1_32' title="bbox 619 3219 2198 3292">
    <p class='ocr_par' dir='ltr' id='par_1_32' title="bbox 619 3219 2198 3292">
     <span class='ocr_line' id='line_1_32' title="bbox 619 3219 2198 3292; baseline 0 -18"><span class='ocrx_word' id='word_1_231' title='bbox 619 3226 854 3280; x_wconf 77' lang='lat' dir='ltr'><strong>officium</strong></span> <span class='ocrx_word' id='word_1_232' title='bbox 883 3225 932 3278; x_wconf 91' lang='lat' dir='ltr'><strong>ei</strong></span> <span class='ocrx_word' id='word_1_233' title='bbox 959 3223 1120 3277; x_wconf 87' lang='lat' dir='ltr'><strong>donat</strong></span> <span class='ocrx_word' id='word_1_234' title='bbox 1145 3222 1350 3292; x_wconf 69' lang='lat' dir='ltr'><strong>(ﬂabit.</strong></span> <span class='ocrx_word' id='word_1_235' title='bbox 1381 3219 1518 3274; x_wconf 72' lang='lat' dir='ltr'><strong>Mus.</strong></span> <span class='ocrx_word' id='word_1_236' title='bbox 1547 3220 1673 3275; x_wconf 84' lang='lat' dir='ltr'><strong>Ital.</strong></span> <span class='ocrx_word' id='word_1_237' title='bbox 1706 3222 1826 3278; x_wconf 67' lang='lat'><strong>(.1.</strong></span> <span class='ocrx_word' id='word_1_238' title='bbox 1858 3239 1908 3291; x_wconf 85' lang='lat' dir='ltr'><strong>p.</strong></span> <span class='ocrx_word' id='word_1_239' title='bbox 1943 3220 2059 3290; x_wconf 74' lang='grc'><strong>82).</strong></span> <span class='ocrx_word' id='word_1_240' title='bbox 2097 3220 2198 3275; x_wconf 88' lang='lat' dir='ltr'><strong>Ve-</strong></span> 
     </span>
    </p>
   </div>
   <div class='ocr_carea' id='block_1_33' title="bbox 623 3311 2194 3382">
    <p class='ocr_par' dir='ltr' id='par_1_33' title="bbox 623 3311 2194 3382">
     <span class='ocr_line' id='line_1_33' title="bbox 623 3311 2194 3382; baseline -0.004 -13"><span class='ocrx_word' id='word_1_241' title='bbox 623 3332 738 3369; x_wconf 89' lang='lat' dir='ltr'><strong>rum</strong></span> <span class='ocrx_word' id='word_1_242' title='bbox 777 3329 900 3367; x_wconf 90' lang='lat' dir='ltr'><strong>cum</strong></span> <span class='ocrx_word' id='word_1_243' title='bbox 945 3312 1300 3382; x_wconf 78' lang='lat' dir='ltr'><strong>Hieronymus</strong></span> <span class='ocrx_word' id='word_1_244' title='bbox 1349 3312 1580 3380; x_wconf 83' lang='lat' dir='ltr'><strong>ipsemet</strong></span> <span class='ocrx_word' id='word_1_245' title='bbox 1621 3311 1884 3378; x_wconf 85' lang='lat' dir='ltr'><strong>ejusmodi</strong></span> <span class='ocrx_word' id='word_1_246' title='bbox 1934 3311 2194 3364; x_wconf 88' lang='lat' dir='ltr'><strong>honorum</strong></span> 
     </span>
    </p>
   </div>
   <div class='ocr_carea' id='block_1_34' title="bbox 621 3402 2198 3467">
    <p class='ocr_par' dir='ltr' id='par_1_34' title="bbox 621 3402 2198 3467">
     <span class='ocr_line' id='line_1_34' title="bbox 621 3402 2198 3467; baseline -0.001 -9"><span class='ocrx_word' id='word_1_247' title='bbox 621 3421 720 3460; x_wconf 91' lang='lat' dir='ltr'><strong>nec</strong></span> <span class='ocrx_word' id='word_1_248' title='bbox 746 3405 912 3458; x_wconf 86' lang='lat' dir='ltr'><strong>verbo</strong></span> <span class='ocrx_word' id='word_1_249' title='bbox 939 3413 1094 3457; x_wconf 88' lang='lat' dir='ltr'><strong>tenus</strong></span> <span class='ocrx_word' id='word_1_250' title='bbox 1135 3403 1474 3467; x_wconf 86' lang='lat' dir='ltr'><strong>meminerit,</strong></span> <span class='ocrx_word' id='word_1_251' title='bbox 1505 3403 1736 3456; x_wconf 87' lang='lat' dir='ltr'><strong>maxime</strong></span> <span class='ocrx_word' id='word_1_252' title='bbox 1773 3417 1900 3455; x_wconf 80' lang='lat' dir='ltr'><strong>vero</strong></span> <span class='ocrx_word' id='word_1_253' title='bbox 1924 3418 2044 3456; x_wconf 92' lang='lat' dir='ltr'><strong>cum</strong></span> <span class='ocrx_word' id='word_1_254' title='bbox 2077 3402 2126 3455; x_wconf 91' lang='lat' dir='ltr'><strong>id</strong></span> <span class='ocrx_word' id='word_1_255' title='bbox 2166 3417 2198 3457; x_wconf 90' lang='lat' dir='ltr'><strong>e</strong></span> 
     </span>
    </p>
   </div>
   <div class='ocr_carea' id='block_1_35' title="bbox 625 3493 2197 3564">
    <p class='ocr_par' dir='ltr' id='par_1_35' title="bbox 625 3493 2197 3564">
     <span class='ocr_line' id='line_1_35' title="bbox 625 3493 2197 3564; baseline 0 -16"><span class='ocrx_word' id='word_1_256' title='bbox 625 3513 683 3552; x_wconf 86' lang='lat' dir='ltr'><strong>re</strong></span> <span class='ocrx_word' id='word_1_257' title='bbox 712 3511 805 3551; x_wconf 90' lang='lat' dir='ltr'><strong>sua</strong></span> <span class='ocrx_word' id='word_1_258' title='bbox 837 3494 1051 3557; x_wconf 88' lang='lat' dir='ltr'><strong>fuisset;</strong></span> <span class='ocrx_word' id='word_1_259' title='bbox 1085 3495 1191 3548; x_wconf 91' lang='lat' dir='ltr'><strong>imo</strong></span> <span class='ocrx_word' id='word_1_260' title='bbox 1215 3509 1244 3546; x_wconf 89' lang='lat' dir='ltr'><strong>a</strong></span> <span class='ocrx_word' id='word_1_261' title='bbox 1271 3494 1493 3548; x_wconf 78' lang='lat' dir='ltr'><strong>Joannis</strong></span> <span class='ocrx_word' id='word_1_262' title='bbox 1533 3493 1965 3564; x_wconf 82' lang='lat' dir='ltr'><strong>Jerosolymilani</strong></span> <span class='ocrx_word' id='word_1_263' title='bbox 1997 3509 2055 3548; x_wconf 84' lang='lat' dir='ltr'><strong>se</strong></span> <span class='ocrx_word' id='word_1_264' title='bbox 2076 3493 2197 3563; x_wconf 79' lang='lat' dir='ltr'><strong>jura</strong></span> 
     </span>
    </p>
   </div>
   <div class='ocr_carea' id='block_1_36' title="bbox 617 3583 2192 3656">
    <p class='ocr_par' dir='ltr' id='par_1_36' title="bbox 617 3583 2192 3656">
     <span class='ocr_line' id='line_1_36' title="bbox 617 3583 2192 3656; baseline 0.002 -17"><span class='ocrx_word' id='word_1_265' title='bbox 617 3595 987 3655; x_wconf 82' lang='lat' dir='ltr'><strong>exeiupturus,</strong></span> <span class='ocrx_word' id='word_1_266' title='bbox 1018 3585 1185 3640; x_wconf 85' lang='lat' dir='ltr'><strong>solius</strong></span> <span class='ocrx_word' id='word_1_267' title='bbox 1223 3583 1628 3656; x_wconf 84' lang='lat' dir='ltr'><strong>Presbyteratus</strong></span> <span class='ocrx_word' id='word_1_268' title='bbox 1657 3585 2004 3651; x_wconf 78' lang='lat' dir='ltr'><strong>recordetur,</strong></span> <span class='ocrx_word' id='word_1_269' title='bbox 2036 3602 2192 3656; x_wconf 83' lang='lat' dir='ltr'><strong>quem</strong></span> 
     </span>
    </p>
   </div>
   <div class='ocr_carea' id='block_1_37' title="bbox 620 3674 2197 3745">
    <p class='ocr_par' dir='ltr' id='par_1_37' title="bbox 620 3674 2197 3745">
     <span class='ocr_line' id='line_1_37' title="bbox 620 3674 2197 3745; baseline 0.001 -14"><span class='ocrx_word' id='word_1_270' title='bbox 620 3677 949 3740; x_wconf 73' lang='lat' dir='ltr'><strong>Antiochiae,</strong></span> <span class='ocrx_word' id='word_1_271' title='bbox 996 3685 1054 3730; x_wconf 92' lang='lat' dir='ltr'><strong>ut</strong></span> <span class='ocrx_word' id='word_1_272' title='bbox 1090 3676 1322 3729; x_wconf 72' lang='lat' dir='ltr'><strong>diximus</strong></span> <span class='ocrx_word' id='word_1_273' title='bbox 1344 3714 1361 3740; x_wconf 90' lang='lat'><strong>,</strong></span> <span class='ocrx_word' id='word_1_274' title='bbox 1388 3689 1452 3730; x_wconf 86' lang='lat' dir='ltr'><strong>ea</strong></span> <span class='ocrx_word' id='word_1_275' title='bbox 1491 3674 1798 3729; x_wconf 91' lang='lat' dir='ltr'><strong>conditione</strong></span> <span class='ocrx_word' id='word_1_276' title='bbox 1837 3676 2105 3745; x_wconf 88' lang='lat' dir='ltr'><strong>suscepit,</strong></span> <span class='ocrx_word' id='word_1_277' title='bbox 2139 3686 2197 3732; x_wconf 92' lang='lat' dir='ltr'><strong>ut</strong></span> 
     </span>
    </p>
   </div>
   <div class='ocr_carea' id='block_1_38' title="bbox 619 3767 2192 3838">
    <p class='ocr_par' dir='ltr' id='par_1_38' title="bbox 619 3767 2192 3838">
     <span class='ocr_line' id='line_1_38' title="bbox 619 3767 2192 3838; baseline -0.002 -14"><span class='ocrx_word' id='word_1_278' title='bbox 619 3771 748 3825; x_wconf 92' lang='lat' dir='ltr'><strong>nulli</strong></span> <span class='ocrx_word' id='word_1_279' title='bbox 774 3770 1029 3824; x_wconf 67' lang='lat' dir='ltr'><strong>Ecclesite</strong></span> <span class='ocrx_word' id='word_1_280' title='bbox 1054 3769 1416 3838; x_wconf 87' lang='lat' dir='ltr'><strong>obligaretur:</strong></span> <span class='ocrx_word' id='word_1_281' title='bbox 1461 3767 1672 3827; x_wconf 88' lang='lat' dir='ltr'><strong>eadem,</strong></span> <span class='ocrx_word' id='word_1_282' title='bbox 1715 3783 1819 3836; x_wconf 92' lang='lat' dir='ltr'><strong>qua</strong></span> <span class='ocrx_word' id='word_1_283' title='bbox 1852 3767 1966 3822; x_wconf 68' lang='lat' dir='ltr'><strong>haec</strong></span> <span class='ocrx_word' id='word_1_284' title='bbox 1998 3783 2192 3837; x_wconf 74' lang='lat' dir='ltr'><strong>propo~</strong></span> 
     </span>
    </p>
   </div>
   <div class='ocr_carea' id='block_1_39' title="bbox 617 3855 2191 3926">
    <p class='ocr_par' dir='ltr' id='par_1_39' title="bbox 617 3855 2191 3926">
     <span class='ocr_line' id='line_1_39' title="bbox 617 3855 2191 3926; baseline -0.001 -12"><span class='ocrx_word' id='word_1_285' title='bbox 617 3864 719 3916; x_wconf 78' lang='lat' dir='ltr'><strong>sita</strong></span> <span class='ocrx_word' id='word_1_286' title='bbox 748 3869 893 3924; x_wconf 92' lang='lat' dir='ltr'><strong>sunt,</strong></span> <span class='ocrx_word' id='word_1_287' title='bbox 941 3859 1194 3914; x_wconf 80' lang='lat' dir='ltr'><strong>facilitate</strong></span> <span class='ocrx_word' id='word_1_288' title='bbox 1227 3857 1559 3912; x_wconf 86' lang='lat' dir='ltr'><strong>refelluntur.</strong></span> <span class='ocrx_word' id='word_1_289' title='bbox 1607 3855 1789 3926; x_wconf 83' lang='lat' dir='ltr'><strong>Neque</strong></span> <span class='ocrx_word' id='word_1_290' title='bbox 1819 3872 1949 3912; x_wconf 85' lang='lat' dir='ltr'><strong>sane</strong></span> <span class='ocrx_word' id='word_1_291' title='bbox 1978 3868 2058 3911; x_wconf 90' lang='lat' dir='ltr'><strong>est</strong></span> <span class='ocrx_word' id='word_1_292' title='bbox 2091 3857 2191 3912; x_wconf 85' lang='lat' dir='ltr'><strong>bo-</strong></span> 
     </span>
    </p>
   </div>
   <div class='ocr_carea' id='block_1_40' title="bbox 616 3949 2191 4018">
    <p class='ocr_par' dir='ltr' id='par_1_40' title="bbox 616 3949 2191 4018">
     <span class='ocr_line' id='line_1_40' title="bbox 616 3949 2191 4018; baseline 0.003 -18"><span class='ocrx_word' id='word_1_293' title='bbox 616 3953 832 4006; x_wconf 85' lang='lat' dir='ltr'><strong>dienum</strong></span> <span class='ocrx_word' id='word_1_294' title='bbox 880 3966 1036 4017; x_wconf 90' lang='lat' dir='ltr'><strong>quem</strong></span> <span class='ocrx_word' id='word_1_295' title='bbox 1066 3960 1386 4018; x_wconf 75' lang='lat' dir='ltr'><strong>prtepostera</strong></span> <span class='ocrx_word' id='word_1_296' title='bbox 1415 3949 1503 4001; x_wconf 91' lang='lat' dir='ltr'><strong>illa</strong></span> <span class='ocrx_word' id='word_1_297' title='bbox 1542 3949 1682 4018; x_wconf 80' lang='lat' dir='ltr'><strong>vulgi</strong></span> <span class='ocrx_word' id='word_1_298' title='bbox 1707 3949 1888 4017; x_wconf 90' lang='lat' dir='ltr'><strong>opinio</strong></span> <span class='ocrx_word' id='word_1_299' title='bbox 1912 3949 2086 4003; x_wconf 89' lang='lat' dir='ltr'><strong>adhuc</strong></span> <span class='ocrx_word' id='word_1_300' title='bbox 2115 3959 2191 4004; x_wconf 81' lang='lat' dir='ltr'><strong>te-</strong></span> 
     </span>
    </p>
   </div>
   <div class='ocr_carea' id='block_1_41' title="bbox 616 4038 2190 4111">
    <p class='ocr_par' dir='ltr' id='par_1_41' title="bbox 616 4038 2190 4111">
     <span class='ocr_line' id='line_1_41' title="bbox 616 4038 2190 4111; baseline -0.003 -15"><span class='ocrx_word' id='word_1_301' title='bbox 616 4053 776 4107; x_wconf 77' lang='lat' dir='ltr'><strong>neat,</strong></span> <span class='ocrx_word' id='word_1_302' title='bbox 823 4054 1100 4110; x_wconf 80' lang='lat' dir='ltr'><strong>postquam</strong></span> <span class='ocrx_word' id='word_1_303' title='bbox 1151 4055 1270 4093; x_wconf 81' lang='lat' dir='ltr'><strong>eam</strong></span> <span class='ocrx_word' id='word_1_304' title='bbox 1317 4038 1608 4104; x_wconf 87' lang='lat' dir='ltr'><strong>Baronius,</strong></span> <span class='ocrx_word' id='word_1_305' title='bbox 1655 4055 1894 4095; x_wconf 89' lang='lat' dir='ltr'><strong>summus</strong></span> <span class='ocrx_word' id='word_1_306' title='bbox 1923 4041 2190 4111; x_wconf 85' lang='lat' dir='ltr'><strong>Hierony-</strong></span> 
     </span>
    </p>
   </div>
   <div class='ocr_carea' id='block_1_42' title="bbox 615 4129 2188 4201">
    <p class='ocr_par' dir='ltr' id='par_1_42' title="bbox 615 4129 2188 4201">
     <span class='ocr_line' id='line_1_42' title="bbox 615 4129 2188 4201; baseline -0.001 -15"><span class='ocrx_word' id='word_1_307' title='bbox 615 4135 810 4187; x_wconf 74' lang='lat' dir='ltr'><strong>mianze</strong></span> <span class='ocrx_word' id='word_1_308' title='bbox 855 4132 1036 4201; x_wconf 52' lang='lat' dir='ltr'><strong>glorias</strong></span> <span class='ocrx_word' id='word_1_309' title='bbox 1080 4129 1360 4193; x_wconf 83' lang='lat' dir='ltr'><strong>adsertor,</strong></span> <span class='ocrx_word' id='word_1_310' title='bbox 1412 4129 1646 4185; x_wconf 82' lang='lat' dir='ltr'><strong>refutare</strong></span> <span class='ocrx_word' id='word_1_311' title='bbox 1697 4131 1819 4184; x_wconf 85' lang='lat' dir='ltr'><strong>data</strong></span> <span class='ocrx_word' id='word_1_312' title='bbox 1869 4147 2034 4200; x_wconf 83' lang='lat' dir='ltr'><strong>Opera</strong></span> <span class='ocrx_word' id='word_1_313' title='bbox 2083 4147 2188 4186; x_wconf 92' lang='lat' dir='ltr'><strong>non</strong></span> 
     </span>
    </p>
   </div>
   <div class='ocr_carea' id='block_1_43' title="bbox 611 4223 2189 4292">
    <p class='ocr_par' dir='ltr' id='par_1_43' title="bbox 611 4223 2189 4292">
     <span class='ocr_line' id='line_1_43' title="bbox 611 4223 2189 4292; baseline -0.003 -11"><span class='ocrx_word' id='word_1_314' title='bbox 611 4226 893 4281; x_wconf 84' lang='lat' dir='ltr'><strong>dubitavit.</strong></span> <span class='ocrx_word' id='word_1_315' title='bbox 923 4223 1062 4278; x_wconf 77' lang='lat' dir='ltr'><strong>Nihil</strong></span> <span class='ocrx_word' id='word_1_316' title='bbox 1088 4224 1366 4278; x_wconf 84' lang='lat' dir='ltr'><strong>enimvero</strong></span> <span class='ocrx_word' id='word_1_317' title='bbox 1394 4223 1562 4291; x_wconf 89' lang='lat' dir='ltr'><strong>potuit</strong></span> <span class='ocrx_word' id='word_1_318' title='bbox 1584 4234 1688 4276; x_wconf 89' lang='lat' dir='ltr'><strong>tam</strong></span> <span class='ocrx_word' id='word_1_319' title='bbox 1715 4223 1872 4292; x_wconf 86' lang='lat' dir='ltr'><strong>longe</strong></span> <span class='ocrx_word' id='word_1_320' title='bbox 1893 4224 2189 4277; x_wconf 87' lang='lat' dir='ltr'><strong>abhorrens</strong></span> 
     </span>
    </p>
   </div>
   <div class='ocr_carea' id='block_1_44' title="bbox 610 4313 2184 4385">
    <p class='ocr_par' dir='ltr' id='par_1_44' title="bbox 610 4313 2184 4385">
     <span class='ocr_line' id='line_1_44' title="bbox 610 4313 2184 4385; baseline -0.001 -17"><span class='ocrx_word' id='word_1_321' title='bbox 610 4320 680 4372; x_wconf 88' lang='lat' dir='ltr'><strong>ab</strong></span> <span class='ocrx_word' id='word_1_322' title='bbox 705 4318 766 4372; x_wconf 85' lang='lat' dir='ltr'><strong>S.</strong></span> <span class='ocrx_word' id='word_1_323' title='bbox 812 4316 983 4370; x_wconf 83' lang='lat' dir='ltr'><strong>Patris</strong></span> <span class='ocrx_word' id='word_1_324' title='bbox 1027 4315 1243 4385; x_wconf 87' lang='lat' dir='ltr'><strong>ingenio</strong></span> <span class='ocrx_word' id='word_1_325' title='bbox 1287 4323 1344 4368; x_wconf 91' lang='lat' dir='ltr'><strong>et</strong></span> <span class='ocrx_word' id='word_1_326' title='bbox 1398 4313 1636 4367; x_wconf 90' lang='lat' dir='ltr'><strong>moribus</strong></span> <span class='ocrx_word' id='word_1_327' title='bbox 1669 4315 1995 4383; x_wconf 86' lang='lat' dir='ltr'><strong>excogitari,</strong></span> <span class='ocrx_word' id='word_1_328' title='bbox 2026 4329 2184 4384; x_wconf 91' lang='lat' dir='ltr'><strong>quam</strong></span> 
     </span>
    </p>
   </div>
   <div class='ocr_carea' id='block_1_45' title="bbox 610 4404 2186 4475">
    <p class='ocr_par' dir='ltr' id='par_1_45' title="bbox 610 4404 2186 4475">
     <span class='ocr_line' id='line_1_45' title="bbox 610 4404 2186 4475; baseline -0.001 -16"><span class='ocrx_word' id='word_1_329' title='bbox 610 4408 846 4461; x_wconf 68' lang='lat' dir='ltr'><strong>voluisse</strong></span> <span class='ocrx_word' id='word_1_330' title='bbox 865 4421 988 4460; x_wconf 91' lang='lat' dir='ltr'><strong>eum</strong></span> <span class='ocrx_word' id='word_1_331' title='bbox 1019 4420 1078 4459; x_wconf 88' lang='lat' dir='ltr'><strong>se</strong></span> <span class='ocrx_word' id='word_1_332' title='bbox 1102 4405 1357 4475; x_wconf 85' lang='lat' dir='ltr'><strong>gradibus</strong></span> <span class='ocrx_word' id='word_1_333' title='bbox 1383 4404 1777 4462; x_wconf 84' lang='lat' dir='ltr'><strong>Ecclesiasticis</strong></span> <span class='ocrx_word' id='word_1_334' title='bbox 1801 4421 1866 4460; x_wconf 91' lang='lat' dir='ltr'><strong>ac</strong></span> <span class='ocrx_word' id='word_1_335' title='bbox 1901 4406 2064 4459; x_wconf 89' lang='lat' dir='ltr'><strong>titulis</strong></span> <span class='ocrx_word' id='word_1_336' title='bbox 2092 4404 2186 4458; x_wconf 85' lang='lat' dir='ltr'><strong>ad-</strong></span> 
     </span>
    </p>
   </div>
   <div class='ocr_carea' id='block_1_46' title="bbox 611 4495 2184 4566">
    <p class='ocr_par' dir='ltr' id='par_1_46' title="bbox 611 4495 2184 4566">
     <span class='ocr_line' id='line_1_46' title="bbox 611 4495 2184 4566; baseline 0 -16"><span class='ocrx_word' id='word_1_337' title='bbox 611 4497 822 4566; x_wconf 87' lang='lat' dir='ltr'><strong>stringi,</strong></span> <span class='ocrx_word' id='word_1_338' title='bbox 853 4495 1144 4556; x_wconf 90' lang='lat' dir='ltr'><strong>hominem,</strong></span> <span class='ocrx_word' id='word_1_339' title='bbox 1186 4495 1272 4561; x_wconf 90' lang='lat' dir='ltr'><strong>qui</strong></span> <span class='ocrx_word' id='word_1_340' title='bbox 1301 4503 1393 4547; x_wconf 82' lang='lat' dir='ltr'><strong>aut</strong></span> <span class='ocrx_word' id='word_1_341' title='bbox 1431 4495 1770 4549; x_wconf 91' lang='lat' dir='ltr'><strong>continenter</strong></span> <span class='ocrx_word' id='word_1_342' title='bbox 1793 4510 2004 4549; x_wconf 90' lang='lat' dir='ltr'><strong>eremos</strong></span> <span class='ocrx_word' id='word_1_343' title='bbox 2035 4495 2184 4550; x_wconf 80' lang='lat' dir='ltr'><strong>inco-</strong></span> 
     </span>
    </p>
   </div>
   <div class='ocr_carea' id='block_1_47' title="bbox 610 4583 1912 4653">
    <p class='ocr_par' dir='ltr' id='par_1_47' title="bbox 610 4583 1912 4653">
     <span class='ocr_line' id='line_1_47' title="bbox 610 4583 1912 4653; baseline -0.004 -11"><span class='ocrx_word' id='word_1_344' title='bbox 610 4589 728 4650; x_wconf 91' lang='lat' dir='ltr'><strong>luit,</strong></span> <span class='ocrx_word' id='word_1_345' title='bbox 757 4594 851 4640; x_wconf 90' lang='lat' dir='ltr'><strong>aut</strong></span> <span class='ocrx_word' id='word_1_346' title='bbox 873 4584 1004 4638; x_wconf 90' lang='lat' dir='ltr'><strong>nihil</strong></span> <span class='ocrx_word' id='word_1_347' title='bbox 1030 4583 1171 4637; x_wconf 84' lang='lat' dir='ltr'><strong>aliud</strong></span> <span class='ocrx_word' id='word_1_348' title='bbox 1198 4584 1376 4636; x_wconf 91' lang='lat' dir='ltr'><strong>animo</strong></span> <span class='ocrx_word' id='word_1_349' title='bbox 1401 4600 1630 4653; x_wconf 91' lang='lat' dir='ltr'><strong>unquam</strong></span> <span class='ocrx_word' id='word_1_350' title='bbox 1662 4586 1912 4639; x_wconf 79' lang='lat' dir='ltr'><strong>versavit.</strong></span> 
     </span>
    </p>
   </div>
   <div class='ocr_carea' id='block_1_48' title="bbox 678 4675 2184 4744">
    <p class='ocr_par' dir='ltr' id='par_1_48' title="bbox 678 4675 2184 4744">
     <span class='ocr_line' id='line_1_48' title="bbox 678 4675 2184 4744; baseline -0.003 -11"><span class='ocrx_word' id='word_1_351' title='bbox 678 4678 767 4734; x_wconf 84' lang='grc' dir='ltr'><strong>ιν.</strong></span> <span class='ocrx_word' id='word_1_352' title='bbox 797 4677 903 4732; x_wconf 91' lang='lat' dir='ltr'><strong>Sed</strong></span> <span class='ocrx_word' id='word_1_353' title='bbox 935 4676 1117 4744; x_wconf 89' lang='lat' dir='ltr'><strong>utique</strong></span> <span class='ocrx_word' id='word_1_354' title='bbox 1160 4689 1318 4728; x_wconf 77' lang='lat' dir='ltr'><strong>Carus</strong></span> <span class='ocrx_word' id='word_1_355' title='bbox 1347 4676 1583 4728; x_wconf 84' lang='lat' dir='ltr'><strong>Puntilici</strong></span> <span class='ocrx_word' id='word_1_356' title='bbox 1615 4685 1775 4742; x_wconf 90' lang='lat' dir='ltr'><strong>atque</strong></span> <span class='ocrx_word' id='word_1_357' title='bbox 1805 4675 2020 4730; x_wconf 88' lang='lat' dir='ltr'><strong>intimus</strong></span> <span class='ocrx_word' id='word_1_358' title='bbox 2047 4675 2184 4730; x_wconf 91' lang='lat' dir='ltr'><strong>inter</strong></span> 
     </span>
    </p>
   </div>
   <div class='ocr_carea' id='block_1_49' title="bbox 606 4765 2181 4838">
    <p class='ocr_par' dir='ltr' id='par_1_49' title="bbox 606 4765 2181 4838">
     <span class='ocr_line' id='line_1_49' title="bbox 606 4765 2181 4838; baseline -0.002 -15"><span class='ocrx_word' id='word_1_359' title='bbox 606 4771 725 4838; x_wconf 88' lang='lat' dir='ltr'><strong>ejus</strong></span> <span class='ocrx_word' id='word_1_360' title='bbox 781 4769 1073 4822; x_wconf 82' lang='lat' dir='ltr'><strong>familiares</strong></span> <span class='ocrx_word' id='word_1_361' title='bbox 1125 4765 1258 4832; x_wconf 87' lang='lat' dir='ltr'><strong>fuit;</strong></span> <span class='ocrx_word' id='word_1_362' title='bbox 1313 4768 1399 4822; x_wconf 93' lang='lat' dir='ltr'><strong>cui</strong></span> <span class='ocrx_word' id='word_1_363' title='bbox 1469 4767 1764 4835; x_wconf 75' lang='lat' dir='ltr'><strong>przcsertim</strong></span> <span class='ocrx_word' id='word_1_364' title='bbox 1818 4765 2181 4822; x_wconf 88' lang='lat' dir='ltr'><strong>edisserendis</strong></span> 
     </span>
    </p>
   </div>
   <div class='ocr_carea' id='block_1_50' title="bbox 603 4856 2177 4928">
    <p class='ocr_par' dir='ltr' id='par_1_50' title="bbox 603 4856 2177 4928">
     <span class='ocr_line' id='line_1_50' title="bbox 603 4856 2177 4928; baseline -0.004 -12"><span class='ocrx_word' id='word_1_365' title='bbox 603 4859 928 4928; x_wconf 86' lang='lat' dir='ltr'><strong>Scripturis,</strong></span> <span class='ocrx_word' id='word_1_366' title='bbox 975 4858 1048 4910; x_wconf 89' lang='lat' dir='ltr'><strong>ita</strong></span> <span class='ocrx_word' id='word_1_367' title='bbox 1106 4857 1375 4926; x_wconf 89' lang='lat' dir='ltr'><strong>ingenium</strong></span> <span class='ocrx_word' id='word_1_368' title='bbox 1418 4865 1577 4925; x_wconf 90' lang='lat' dir='ltr'><strong>atque</strong></span> <span class='ocrx_word' id='word_1_369' title='bbox 1625 4856 1978 4910; x_wconf 84' lang='lat' dir='ltr'><strong>eruditionem</strong></span> <span class='ocrx_word' id='word_1_370' title='bbox 2027 4871 2177 4911; x_wconf 89' lang='lat' dir='ltr'><strong>suam</strong></span> 
     </span>
    </p>
   </div>
   <div class='ocr_carea' id='block_1_51' title="bbox 607 4948 2179 5020">
    <p class='ocr_par' dir='ltr' id='par_1_51' title="bbox 607 4948 2179 5020">
     <span class='ocr_line' id='line_1_51' title="bbox 607 4948 2179 5020; baseline 0.001 -15"><span class='ocrx_word' id='word_1_371' title='bbox 607 4952 880 5020; x_wconf 85' lang='lat' dir='ltr'><strong>probavit,</strong></span> <span class='ocrx_word' id='word_1_372' title='bbox 929 4959 989 5005; x_wconf 90' lang='lat' dir='ltr'><strong>ut</strong></span> <span class='ocrx_word' id='word_1_373' title='bbox 1033 4949 1126 5004; x_wconf 92' lang='lat' dir='ltr'><strong>ille</strong></span> <span class='ocrx_word' id='word_1_374' title='bbox 1175 4948 1330 5017; x_wconf 87' lang='lat' dir='ltr'><strong>hujus</strong></span> <span class='ocrx_word' id='word_1_375' title='bbox 1381 4948 1808 5003; x_wconf 86' lang='lat' dir='ltr'><strong>clucubrationes</strong></span> <span class='ocrx_word' id='word_1_376' title='bbox 1835 4965 1940 5003; x_wconf 92' lang='lat' dir='ltr'><strong>non</strong></span> <span class='ocrx_word' id='word_1_377' title='bbox 1981 4951 2179 5020; x_wconf 86' lang='lat' dir='ltr'><strong>legeret</strong></span> 
     </span>
    </p>
   </div>
   <div class='ocr_carea' id='block_1_52' title="bbox 604 5037 2176 5110">
    <p class='ocr_par' dir='ltr' id='par_1_52' title="bbox 604 5037 2176 5110">
     <span class='ocr_line' id='line_1_52' title="bbox 604 5037 2176 5110; baseline -0.001 -15"><span class='ocrx_word' id='word_1_378' title='bbox 604 5041 768 5096; x_wconf 86' lang='lat' dir='ltr'><strong>modo</strong></span> <span class='ocrx_word' id='word_1_379' title='bbox 793 5055 1044 5110; x_wconf 90' lang='lat' dir='ltr'><strong>perquam</strong></span> <span class='ocrx_word' id='word_1_380' title='bbox 1073 5038 1325 5102; x_wconf 89' lang='lat' dir='ltr'><strong>libenter,</strong></span> <span class='ocrx_word' id='word_1_381' title='bbox 1358 5037 1449 5090; x_wconf 86' lang='lat' dir='ltr'><strong>sed</strong></span> <span class='ocrx_word' id='word_1_382' title='bbox 1476 5047 1532 5091; x_wconf 92' lang='lat' dir='ltr'><strong>et</strong></span> <span class='ocrx_word' id='word_1_383' title='bbox 1575 5051 1668 5091; x_wconf 87' lang='lat' dir='ltr'><strong>sua</strong></span> <span class='ocrx_word' id='word_1_384' title='bbox 1701 5039 1814 5106; x_wconf 78' lang='lat' dir='ltr'><strong>ipse</strong></span> <span class='ocrx_word' id='word_1_385' title='bbox 1849 5053 1991 5108; x_wconf 66' lang='lat' dir='ltr'><strong>saepe</strong></span> <span class='ocrx_word' id='word_1_386' title='bbox 2017 5055 2176 5094; x_wconf 86' lang='lat' dir='ltr'><strong>manu</strong></span> 
     </span>
    </p>
   </div>
   <div class='ocr_carea' id='block_1_53' title="bbox 599 5127 2176 5200">
    <p class='ocr_par' dir='ltr' id='par_1_53' title="bbox 599 5127 2176 5200">
     <span class='ocr_line' id='line_1_53' title="bbox 599 5127 2176 5200; baseline 0.001 -17"><span class='ocrx_word' id='word_1_387' title='bbox 599 5131 954 5186; x_wconf 89' lang='lat' dir='ltr'><strong>describeret.</strong></span> <span class='ocrx_word' id='word_1_388' title='bbox 985 5129 1196 5197; x_wconf 76' lang='lat' dir='ltr'><strong>Szepius</strong></span> <span class='ocrx_word' id='word_1_389' title='bbox 1217 5127 1377 5181; x_wconf 89' lang='lat' dir='ltr'><strong>etiam</strong></span> <span class='ocrx_word' id='word_1_390' title='bbox 1405 5143 1524 5180; x_wconf 93' lang='lat' dir='ltr'><strong>eum</strong></span> <span class='ocrx_word' id='word_1_391' title='bbox 1552 5127 1622 5182; x_wconf 90' lang='lat' dir='ltr'><strong>de</strong></span> <span class='ocrx_word' id='word_1_392' title='bbox 1660 5127 1898 5182; x_wconf 89' lang='lat' dir='ltr'><strong>locorum</strong></span> <span class='ocrx_word' id='word_1_393' title='bbox 1925 5145 2044 5200; x_wconf 72' lang='lat' dir='ltr'><strong>qua:</strong></span> <span class='ocrx_word' id='word_1_394' title='bbox 2073 5130 2176 5186; x_wconf 84' lang='lat' dir='ltr'><strong>dif-</strong></span> 
     </span>
    </p>
   </div>
   <div class='ocr_carea' id='block_1_54' title="bbox 603 5217 2174 5293">
    <p class='ocr_par' dir='ltr' id='par_1_54' title="bbox 603 5217 2174 5293">
     <span class='ocr_line' id='line_1_54' title="bbox 603 5217 2174 5293; baseline -0.002 -15"><span class='ocrx_word' id='word_1_395' title='bbox 603 5225 823 5279; x_wconf 87' lang='lat' dir='ltr'><strong>liciiiora</strong></span> <span class='ocrx_word' id='word_1_396' title='bbox 845 5220 1179 5285; x_wconf 79' lang='lat' dir='ltr'><strong>viderentur,</strong></span> <span class='ocrx_word' id='word_1_397' title='bbox 1205 5232 1363 5274; x_wconf 85' lang='lat' dir='ltr'><strong>sensu</strong></span> <span class='ocrx_word' id='word_1_398' title='bbox 1391 5217 1701 5274; x_wconf 77' lang='lat' dir='ltr'><strong>consulebat</strong></span> <span class='ocrx_word' id='word_1_399' title='bbox 1734 5236 1750 5273; x_wconf 92' lang='lat'><strong>:</strong></span> <span class='ocrx_word' id='word_1_400' title='bbox 1777 5228 1833 5274; x_wconf 90' lang='lat' dir='ltr'><strong>et</strong></span> <span class='ocrx_word' id='word_1_401' title='bbox 1858 5235 1978 5274; x_wconf 91' lang='lat' dir='ltr'><strong>cum</strong></span> <span class='ocrx_word' id='word_1_402' title='bbox 2006 5223 2174 5293; x_wconf 80' lang='lat' dir='ltr'><strong>magis</strong></span> 
     </span>
    </p>
   </div>
   <div class='ocr_carea' id='block_1_55' title="bbox 600 5313 2172 5384">
    <p class='ocr_par' dir='ltr' id='par_1_55' title="bbox 600 5313 2172 5384">
     <span class='ocr_line' id='line_1_55' title="bbox 600 5313 2172 5384; baseline -0.002 -12"><span class='ocrx_word' id='word_1_403' title='bbox 600 5318 694 5372; x_wconf 90' lang='lat' dir='ltr'><strong>ille</strong></span> <span class='ocrx_word' id='word_1_404' title='bbox 722 5316 890 5370; x_wconf 86' lang='lat' dir='ltr'><strong>sacris</strong></span> <span class='ocrx_word' id='word_1_405' title='bbox 936 5315 1086 5369; x_wconf 85' lang='lat' dir='ltr'><strong>libris</strong></span> <span class='ocrx_word' id='word_1_406' title='bbox 1115 5313 1482 5383; x_wconf 85' lang='lat' dir='ltr'><strong>perlegendis,</strong></span> <span class='ocrx_word' id='word_1_407' title='bbox 1525 5328 1684 5384; x_wconf 91' lang='lat' dir='ltr'><strong>quam</strong></span> <span class='ocrx_word' id='word_1_408' title='bbox 1733 5314 1884 5366; x_wconf 88' lang='lat' dir='ltr'><strong>novis</strong></span> <span class='ocrx_word' id='word_1_409' title='bbox 1928 5315 2172 5369; x_wconf 84' lang='lat' dir='ltr'><strong>conscri-</strong></span> 
     </span>
    </p>
   </div>
   <div class='ocr_carea' id='block_1_56' title="bbox 599 5403 2172 5470">
    <p class='ocr_par' dir='ltr' id='par_1_56' title="bbox 599 5403 2172 5470">
     <span class='ocr_line' id='line_1_56' title="bbox 599 5403 2172 5470; baseline -0.001 -9"><span class='ocrx_word' id='word_1_410' title='bbox 599 5407 790 5461; x_wconf 81' lang='lat' dir='ltr'><strong>bendis</strong></span> <span class='ocrx_word' id='word_1_411' title='bbox 834 5406 1178 5460; x_wconf 85' lang='lat' dir='ltr'><strong>distineretur</strong></span> <span class='ocrx_word' id='word_1_412' title='bbox 1197 5447 1211 5469; x_wconf 95' lang='lat'><strong>,</strong></span> <span class='ocrx_word' id='word_1_413' title='bbox 1242 5405 1308 5458; x_wconf 90' lang='lat' dir='ltr'><strong>ad</strong></span> <span class='ocrx_word' id='word_1_414' title='bbox 1338 5405 1677 5460; x_wconf 89' lang='lat' dir='ltr'><strong>scribendum</strong></span> <span class='ocrx_word' id='word_1_415' title='bbox 1705 5403 2002 5470; x_wconf 82' lang='lat' dir='ltr'><strong>invitabat,</strong></span> <span class='ocrx_word' id='word_1_416' title='bbox 2034 5406 2172 5460; x_wconf 88' lang='lat' dir='ltr'><strong>scri-</strong></span> 
     </span>
    </p>
   </div>
   <div class='ocr_carea' id='block_1_57' title="bbox 599 5494 2168 5565">
    <p class='ocr_par' dir='ltr' id='par_1_57' title="bbox 599 5494 2168 5565">
     <span class='ocr_line' id='line_1_57' title="bbox 599 5494 2168 5565; baseline 0 -17"><span class='ocrx_word' id='word_1_417' title='bbox 599 5499 810 5565; x_wconf 83' lang='lat' dir='ltr'><strong>ptisque</strong></span> <span class='ocrx_word' id='word_1_418' title='bbox 838 5496 951 5550; x_wconf 83' lang='lat' dir='ltr'><strong>suis</strong></span> <span class='ocrx_word' id='word_1_419' title='bbox 997 5495 1308 5549; x_wconf 81' lang='lat' dir='ltr'><strong>lacessebat.</strong></span> <span class='ocrx_word' id='word_1_420' title='bbox 1341 5495 1484 5548; x_wconf 91' lang='lat' dir='ltr'><strong>Inter</strong></span> <span class='ocrx_word' id='word_1_421' title='bbox 1511 5494 1838 5562; x_wconf 68' lang='lat' dir='ltr'><strong>quaestiones</strong></span> <span class='ocrx_word' id='word_1_422' title='bbox 1863 5534 1878 5557; x_wconf 95' lang='lat'><strong>,</strong></span> <span class='ocrx_word' id='word_1_423' title='bbox 1906 5509 2041 5562; x_wconf 88' lang='lat' dir='ltr'><strong>quas</strong></span> <span class='ocrx_word' id='word_1_424' title='bbox 2069 5495 2168 5563; x_wconf 86' lang='lat' dir='ltr'><strong>ipsi</strong></span> 
     </span>
    </p>
   </div>
   <div class='ocr_carea' id='block_1_58' title="bbox 594 5581 2168 5656">
    <p class='ocr_par' dir='ltr' id='par_1_58' title="bbox 594 5581 2168 5656">
     <span class='ocr_line' id='line_1_58' title="bbox 594 5581 2168 5656; baseline 0 -18"><span class='ocrx_word' id='word_1_425' title='bbox 594 5584 882 5639; x_wconf 71' lang='lat' dir='ltr'><strong>mittendas</strong></span> <span class='ocrx_word' id='word_1_426' title='bbox 907 5585 1181 5656; x_wconf 78' lang='lat' dir='ltr'><strong>proposuit</strong></span> <span class='ocrx_word' id='word_1_427' title='bbox 1204 5625 1218 5646; x_wconf 87' lang='lat'><strong>,</strong></span> <span class='ocrx_word' id='word_1_428' title='bbox 1253 5585 1356 5637; x_wconf 77' lang='lat' dir='ltr'><strong>illa:</strong></span> <span class='ocrx_word' id='word_1_429' title='bbox 1384 5594 1466 5637; x_wconf 87' lang='lat' dir='ltr'><strong>est</strong></span> <span class='ocrx_word' id='word_1_430' title='bbox 1494 5584 1562 5636; x_wconf 87' lang='lat' dir='ltr'><strong>de</strong></span> <span class='ocrx_word' id='word_1_431' title='bbox 1600 5583 1748 5635; x_wconf 78' lang='lat' dir='ltr'><strong>vocis</strong></span> <span class='ocrx_word' id='word_1_432' title='bbox 1789 5581 1998 5637; x_wconf 77' lang='lat' dir='ltr'><strong>Osanna</strong></span> <span class='ocrx_word' id='word_1_433' title='bbox 2026 5584 2168 5654; x_wconf 87' lang='lat' dir='ltr'><strong>apud</strong></span> 
     </span>
    </p>
   </div>
   <div class='ocr_carea' id='block_1_59' title="bbox 593 5672 2169 5744">
    <p class='ocr_par' dir='ltr' id='par_1_59' title="bbox 593 5672 2169 5744">
     <span class='ocr_line' id='line_1_59' title="bbox 593 5672 2169 5744; baseline -0.002 -12"><span class='ocrx_word' id='word_1_434' title='bbox 593 5676 901 5732; x_wconf 75' lang='lat' dir='ltr'><strong>Matthzeutn</strong></span> <span class='ocrx_word' id='word_1_435' title='bbox 944 5677 1328 5744; x_wconf 88' lang='lat' dir='ltr'><strong>signillcatione</strong></span> <span class='ocrx_word' id='word_1_436' title='bbox 1355 5689 1420 5726; x_wconf 82' lang='lat' dir='ltr'><strong>ex</strong></span> <span class='ocrx_word' id='word_1_437' title='bbox 1467 5673 1701 5728; x_wconf 68' lang='lat' dir='ltr'><strong>Hebraeo</strong></span> <span class='ocrx_word' id='word_1_438' title='bbox 1747 5672 1890 5725; x_wconf 86' lang='lat' dir='ltr'><strong>fonte</strong></span> <span class='ocrx_word' id='word_1_439' title='bbox 1918 5690 1932 5724; x_wconf 88' lang='lat'><strong>:</strong></span> <span class='ocrx_word' id='word_1_440' title='bbox 1961 5682 2074 5727; x_wconf 88' lang='lat' dir='ltr'><strong>tum</strong></span> <span class='ocrx_word' id='word_1_441' title='bbox 2103 5677 2169 5730; x_wconf 74' lang='lat' dir='ltr'><strong>de</strong></span> 
     </span>
    </p>
   </div>
   <div class='ocr_carea' id='block_1_60' title="bbox 586 5757 2151 5835">
    <p class='ocr_par' dir='ltr' id='par_1_60' title="bbox 586 5757 2151 5835">
     <span class='ocr_line' id='line_1_60' title="bbox 586 5757 2151 5835; baseline -0.001 -15"><span class='ocrx_word' id='word_1_442' title='bbox 586 5768 785 5822; x_wconf 76' lang='lat' dir='ltr'><strong>duobus</strong></span> <span class='ocrx_word' id='word_1_443' title='bbox 810 5767 927 5832; x_wconf 80' lang='lat' dir='ltr'><strong>ﬁliis</strong></span> <span class='ocrx_word' id='word_1_444' title='bbox 957 5769 1115 5835; x_wconf 77' lang='lat' dir='ltr'><strong>frugi,</strong></span> <span class='ocrx_word' id='word_1_445' title='bbox 1156 5775 1200 5817; x_wconf 82' lang='lat' dir='ltr'><strong>et</strong></span> <span class='ocrx_word' id='word_1_446' title='bbox 1225 5763 1486 5816; x_wconf 70' lang='lat' dir='ltr'><strong>ltmrioso</strong></span> <span class='ocrx_word' id='word_1_447' title='bbox 1525 5757 1667 5830; x_wconf 86' lang='lat' dir='ltr'><strong>apud</strong></span> <span class='ocrx_word' id='word_1_448' title='bbox 1690 5758 1884 5823; x_wconf 81' lang='lat' dir='ltr'><strong>Lucam</strong></span> <span class='ocrx_word' id='word_1_449' title='bbox 1904 5799 1918 5824; x_wconf 91' lang='lat'><strong>,</strong></span> <span class='ocrx_word' id='word_1_450' title='bbox 1958 5762 2151 5828; x_wconf 88' lang='lat' dir='ltr'><strong>quibus</strong></span> 
     </span>
    </p>
   </div>
   <div class='ocr_carea' id='block_1_61' title="bbox 2311 490 3886 564">
    <p class='ocr_par' dir='ltr' id='par_1_61' title="bbox 2311 490 3886 564">
     <span class='ocr_line' id='line_1_61' title="bbox 2311 490 3886 564; baseline 0.013 -28"><span class='ocrx_word' id='word_1_451' title='bbox 2311 490 2587 556; x_wconf 86' lang='lat' dir='ltr'><strong>postulatis</strong></span> <span class='ocrx_word' id='word_1_452' title='bbox 2611 491 2960 563; x_wconf 85' lang='lat' dir='ltr'><strong>llicrouymus</strong></span> <span class='ocrx_word' id='word_1_453' title='bbox 2976 493 3170 562; x_wconf 88' lang='lat' dir='ltr'><strong>duplici</strong></span> <span class='ocrx_word' id='word_1_454' title='bbox 3197 494 3430 564; x_wconf 86' lang='lat' dir='ltr'><strong>Epistula</strong></span> <span class='ocrx_word' id='word_1_455' title='bbox 3451 498 3551 552; x_wconf 91' lang='lat' dir='ltr'><strong>sub</strong></span> <span class='ocrx_word' id='word_1_456' title='bbox 3573 500 3813 555; x_wconf 87' lang='lat' dir='ltr'><strong>numeris</strong></span> <span class='ocrx_word' id='word_1_457' title='bbox 3837 505 3886 557; x_wconf 89' lang='lat' dir='ltr'><strong>in</strong></span> 
     </span>
    </p>
   </div>
   <div class='ocr_carea' id='block_1_62' title="bbox 2313 579 3884 655">
    <p class='ocr_par' dir='ltr' id='par_1_62' title="bbox 2313 579 3884 655">
     <span class='ocr_line' id='line_1_62' title="bbox 2313 579 3884 655; baseline 0.008 -23"><span class='ocrx_word' id='word_1_458' title='bbox 2313 579 2559 634; x_wconf 86' lang='lat' dir='ltr'><strong>Editione</strong></span> <span class='ocrx_word' id='word_1_459' title='bbox 2586 590 2762 636; x_wconf 87' lang='lat' dir='ltr'><strong>nostra</strong></span> <span class='ocrx_word' id='word_1_460' title='bbox 2792 582 2909 647; x_wconf 84' lang='lat' dir='ltr'><strong>XX,</strong></span> <span class='ocrx_word' id='word_1_461' title='bbox 2940 595 2992 638; x_wconf 91' lang='lat' dir='ltr'><strong>ct</strong></span> <span class='ocrx_word' id='word_1_462' title='bbox 3019 582 3164 638; x_wconf 92' lang='lat' dir='ltr'><strong>XXI.</strong></span> <span class='ocrx_word' id='word_1_463' title='bbox 3200 586 3502 655; x_wconf 80' lang='lat' dir='ltr'><strong>reSpondit,</strong></span> <span class='ocrx_word' id='word_1_464' title='bbox 3523 603 3588 643; x_wconf 85' lang='lat' dir='ltr'><strong>ac</strong></span> <span class='ocrx_word' id='word_1_465' title='bbox 3607 589 3884 647; x_wconf 77' lang='lat' dir='ltr'><strong>satisfecit.</strong></span> 
     </span>
    </p>
   </div>
   <div class='ocr_carea' id='block_1_63' title="bbox 2310 667 3884 745">
    <p class='ocr_par' dir='ltr' id='par_1_63' title="bbox 2310 667 3884 745">
     <span class='ocr_line' id='line_1_63' title="bbox 2310 667 3884 745; baseline 0.01 -24"><span class='ocrx_word' id='word_1_466' title='bbox 2310 667 2415 722; x_wconf 91' lang='lat' dir='ltr'><strong>Eas</strong></span> <span class='ocrx_word' id='word_1_467' title='bbox 2446 669 2607 724; x_wconf 90' lang='lat' dir='ltr'><strong>refert</strong></span> <span class='ocrx_word' id='word_1_468' title='bbox 2644 672 2868 742; x_wconf 87' lang='lat' dir='ltr'><strong>ipsemet</strong></span> <span class='ocrx_word' id='word_1_469' title='bbox 2911 674 2964 727; x_wconf 91' lang='lat' dir='ltr'><strong>in</strong></span> <span class='ocrx_word' id='word_1_470' title='bbox 2991 672 3244 745; x_wconf 86' lang='lat' dir='ltr'><strong>Catalogo</strong></span> <span class='ocrx_word' id='word_1_471' title='bbox 3272 677 3454 731; x_wconf 87' lang='lat' dir='ltr'><strong>statim</strong></span> <span class='ocrx_word' id='word_1_472' title='bbox 3485 679 3553 732; x_wconf 86' lang='lat' dir='ltr'><strong>ab</strong></span> <span class='ocrx_word' id='word_1_473' title='bbox 3579 680 3666 734; x_wconf 86' lang='lat' dir='ltr'><strong>illa</strong></span> <span class='ocrx_word' id='word_1_474' title='bbox 3694 680 3759 735; x_wconf 77' lang='lat' dir='ltr'><strong>de</strong></span> <span class='ocrx_word' id='word_1_475' title='bbox 3786 682 3884 737; x_wconf 81' lang='lat' dir='ltr'><strong>Se-</strong></span> 
     </span>
    </p>
   </div>
   <div class='ocr_carea' id='block_1_64' title="bbox 2307 761 3887 842">
    <p class='ocr_par' dir='ltr' id='par_1_64' title="bbox 2307 761 3887 842">
     <span class='ocr_line' id='line_1_64' title="bbox 2307 761 3887 842; baseline 0.011 -31"><span class='ocrx_word' id='word_1_476' title='bbox 2307 761 2544 829; x_wconf 83' lang='lat' dir='ltr'><strong>raphim,</strong></span> <span class='ocrx_word' id='word_1_477' title='bbox 2574 777 2734 816; x_wconf 91' lang='lat' dir='ltr'><strong>unam</strong></span> <span class='ocrx_word' id='word_1_478' title='bbox 2788 773 2909 833; x_wconf 90' lang='lat' dir='ltr'><strong>post</strong></span> <span class='ocrx_word' id='word_1_479' title='bbox 2948 765 3107 819; x_wconf 89' lang='lat' dir='ltr'><strong>aliam</strong></span> <span class='ocrx_word' id='word_1_480' title='bbox 3134 807 3148 831; x_wconf 94' lang='lat'><strong>,</strong></span> <span class='ocrx_word' id='word_1_481' title='bbox 3199 767 3340 836; x_wconf 91' lang='lat' dir='ltr'><strong>quod</strong></span> <span class='ocrx_word' id='word_1_482' title='bbox 3369 767 3438 822; x_wconf 90' lang='lat' dir='ltr'><strong>ad</strong></span> <span class='ocrx_word' id='word_1_483' title='bbox 3487 769 3626 824; x_wconf 87' lang='lat' dir='ltr'><strong>idem</strong></span> <span class='ocrx_word' id='word_1_484' title='bbox 3664 780 3887 842; x_wconf 90' lang='lat' dir='ltr'><strong>utraque</strong></span> 
     </span>
    </p>
   </div>
   <div class='ocr_carea' id='block_1_65' title="bbox 2311 855 3886 922">
    <p class='ocr_par' dir='ltr' id='par_1_65' title="bbox 2311 855 3886 922">
     <span class='ocr_line' id='line_1_65' title="bbox 2311 855 3886 922; baseline 0.011 -19"><span class='ocrx_word' id='word_1_485' title='bbox 2311 861 2522 921; x_wconf 83' lang='lat' dir='ltr'><strong>tempus</strong></span> <span class='ocrx_word' id='word_1_486' title='bbox 2545 855 2831 921; x_wconf 86' lang='lat' dir='ltr'><strong>pertineat,</strong></span> <span class='ocrx_word' id='word_1_487' title='bbox 2857 871 3058 910; x_wconf 90' lang='lat' dir='ltr'><strong>annum</strong></span> <span class='ocrx_word' id='word_1_488' title='bbox 3080 857 3350 922; x_wconf 86' lang='lat' dir='ltr'><strong>videlicet,</strong></span> <span class='ocrx_word' id='word_1_489' title='bbox 3380 870 3436 914; x_wconf 92' lang='lat' dir='ltr'><strong>ut</strong></span> <span class='ocrx_word' id='word_1_490' title='bbox 3451 861 3620 916; x_wconf 89' lang='lat' dir='ltr'><strong>series</strong></span> <span class='ocrx_word' id='word_1_491' title='bbox 3650 863 3886 920; x_wconf 76' lang='lat' dir='ltr'><strong>historia:</strong></span> 
     </span>
    </p>
   </div>
   <div class='ocr_carea' id='block_1_66' title="bbox 2310 940 3883 1020">
    <p class='ocr_par' dir='ltr' id='par_1_66' title="bbox 2310 940 3883 1020">
     <span class='ocr_line' id='line_1_66' title="bbox 2310 940 3883 1020; baseline 0.01 -26"><span class='ocrx_word' id='word_1_492' title='bbox 2310 940 2466 1010; x_wconf 89' lang='lat' dir='ltr'><strong>hujus</strong></span> <span class='ocrx_word' id='word_1_493' title='bbox 2497 943 2712 1006; x_wconf 90' lang='lat' dir='ltr'><strong>indicat,</strong></span> <span class='ocrx_word' id='word_1_494' title='bbox 2743 947 2960 1016; x_wconf 88' lang='lat' dir='ltr'><strong>suisque</strong></span> <span class='ocrx_word' id='word_1_495' title='bbox 3002 949 3131 1004; x_wconf 89' lang='lat' dir='ltr'><strong>locis</strong></span> <span class='ocrx_word' id='word_1_496' title='bbox 3160 951 3436 1018; x_wconf 84' lang='lat' dir='ltr'><strong>probatum</strong></span> <span class='ocrx_word' id='word_1_497' title='bbox 3476 961 3581 1020; x_wconf 88' lang='lat' dir='ltr'><strong>est,</strong></span> <span class='ocrx_word' id='word_1_498' title='bbox 3613 955 3737 1012; x_wconf 76' lang='lat'><strong>583.</strong></span> <span class='ocrx_word' id='word_1_499' title='bbox 3769 959 3883 1012; x_wconf 81' lang='lat' dir='ltr'><strong>Alia</strong></span> 
     </span>
    </p>
   </div>
   <div class='ocr_carea' id='block_1_67' title="bbox 2308 1035 3883 1119">
    <p class='ocr_par' dir='ltr' id='par_1_67' title="bbox 2308 1035 3883 1119">
     <span class='ocr_line' id='line_1_67' title="bbox 2308 1035 3883 1119; baseline 0.012 -34"><span class='ocrx_word' id='word_1_500' title='bbox 2308 1035 2645 1101; x_wconf 88' lang='lat' dir='ltr'><strong>postmodum</strong></span> <span class='ocrx_word' id='word_1_501' title='bbox 2675 1037 2740 1091; x_wconf 89' lang='lat' dir='ltr'><strong>ad</strong></span> <span class='ocrx_word' id='word_1_502' title='bbox 2763 1039 3012 1094; x_wconf 90' lang='lat' dir='ltr'><strong>eumdem</strong></span> <span class='ocrx_word' id='word_1_503' title='bbox 3042 1041 3354 1098; x_wconf 87' lang='lat' dir='ltr'><strong>Pontificem</strong></span> <span class='ocrx_word' id='word_1_504' title='bbox 3389 1056 3604 1116; x_wconf 89' lang='lat' dir='ltr'><strong>rogatus</strong></span> <span class='ocrx_word' id='word_1_505' title='bbox 3644 1048 3883 1119; x_wconf 78' lang='lat' dir='ltr'><strong>scripsit,</strong></span> 
     </span>
    </p>
   </div>
   <div class='ocr_carea' id='block_1_68' title="bbox 2305 1125 3886 1206">
    <p class='ocr_par' dir='ltr' id='par_1_68' title="bbox 2305 1125 3886 1206">
     <span class='ocr_line' id='line_1_68' title="bbox 2305 1125 3886 1206; baseline 0.015 -32"><span class='ocrx_word' id='word_1_506' title='bbox 2305 1141 2425 1192; x_wconf 66' lang='lat' dir='ltr'><strong>quae</strong></span> <span class='ocrx_word' id='word_1_507' title='bbox 2455 1125 2505 1179; x_wconf 93' lang='lat' dir='ltr'><strong>in</strong></span> <span class='ocrx_word' id='word_1_508' title='bbox 2535 1141 2951 1199; x_wconf 89' lang='lat' dir='ltr'><strong>consequentem</strong></span> <span class='ocrx_word' id='word_1_509' title='bbox 2978 1149 3202 1198; x_wconf 89' lang='lat' dir='ltr'><strong>anntnn,</strong></span> <span class='ocrx_word' id='word_1_510' title='bbox 3224 1143 3280 1190; x_wconf 92' lang='lat' dir='ltr'><strong>et</strong></span> <span class='ocrx_word' id='word_1_511' title='bbox 3303 1137 3443 1206; x_wconf 91' lang='lat' dir='ltr'><strong>quod</strong></span> <span class='ocrx_word' id='word_1_512' title='bbox 3474 1141 3715 1194; x_wconf 80' lang='lat' dir='ltr'><strong>excurrit</strong></span> <span class='ocrx_word' id='word_1_513' title='bbox 3742 1141 3886 1198; x_wconf 86' lang='lat' dir='ltr'><strong>dit&#39;fe-</strong></span> 
     </span>
    </p>
   </div>
   <div class='ocr_carea' id='block_1_69' title="bbox 2309 1216 2645 1272">
    <p class='ocr_par' dir='ltr' id='par_1_69' title="bbox 2309 1216 2645 1272">
     <span class='ocr_line' id='line_1_69' title="bbox 2309 1216 2645 1272; baseline 0.015 -5"><span class='ocrx_word' id='word_1_514' title='bbox 2309 1216 2470 1268; x_wconf 85' lang='lat' dir='ltr'><strong>renda</strong></span> <span class='ocrx_word' id='word_1_515' title='bbox 2501 1229 2645 1272; x_wconf 89' lang='lat' dir='ltr'><strong>sunt.</strong></span> 
     </span>
    </p>
   </div>
   <div class='ocr_carea' id='block_1_70' title="bbox 2380 1303 3884 1388">
    <p class='ocr_par' dir='ltr' id='par_1_70' title="bbox 2380 1303 3884 1388">
     <span class='ocr_line' id='line_1_70' title="bbox 2380 1303 3884 1388; baseline 0.015 -31"><span class='ocrx_word' id='word_1_516' title='bbox 2380 1303 2442 1357; x_wconf 85' lang='lat' dir='ltr'><strong>V.</strong></span> <span class='ocrx_word' id='word_1_517' title='bbox 2474 1305 2578 1360; x_wconf 84' lang='lat' dir='ltr'><strong>Sed</strong></span> <span class='ocrx_word' id='word_1_518' title='bbox 2610 1309 2736 1363; x_wconf 91' lang='lat' dir='ltr'><strong>illud</strong></span> <span class='ocrx_word' id='word_1_519' title='bbox 2765 1327 2893 1367; x_wconf 84' lang='lat' dir='ltr'><strong>sane</strong></span> <span class='ocrx_word' id='word_1_520' title='bbox 2917 1315 3130 1369; x_wconf 59' lang='lat' dir='ltr'><strong>ceteris</strong></span> <span class='ocrx_word' id='word_1_521' title='bbox 3151 1316 3307 1386; x_wconf 76' lang='lat' dir='ltr'><strong>longe</strong></span> <span class='ocrx_word' id='word_1_522' title='bbox 3332 1320 3547 1388; x_wconf 84' lang='lat' dir='ltr'><strong>gravius</strong></span> <span class='ocrx_word' id='word_1_523' title='bbox 3577 1331 3630 1376; x_wconf 91' lang='lat' dir='ltr'><strong>et</strong></span> <span class='ocrx_word' id='word_1_524' title='bbox 3653 1321 3884 1380; x_wconf 82' lang='lat' dir='ltr'><strong>difﬁcilis</strong></span> 
     </span>
    </p>
   </div>
   <div class='ocr_carea' id='block_1_71' title="bbox 2309 1395 3884 1482">
    <p class='ocr_par' dir='ltr' id='par_1_71' title="bbox 2309 1395 3884 1482">
     <span class='ocr_line' id='line_1_71' title="bbox 2309 1395 3884 1482; baseline 0.016 -38"><span class='ocrx_word' id='word_1_525' title='bbox 2309 1395 2520 1462; x_wconf 89' lang='lat' dir='ltr'><strong>plenum</strong></span> <span class='ocrx_word' id='word_1_526' title='bbox 2551 1413 2684 1466; x_wconf 89' lang='lat' dir='ltr'><strong>opus</strong></span> <span class='ocrx_word' id='word_1_527' title='bbox 2710 1401 2874 1467; x_wconf 68' lang='lat' dir='ltr'><strong>aleae,</strong></span> <span class='ocrx_word' id='word_1_528' title='bbox 2915 1404 3055 1472; x_wconf 86' lang='lat' dir='ltr'><strong>quod</strong></span> <span class='ocrx_word' id='word_1_529' title='bbox 3083 1406 3154 1461; x_wconf 83' lang='lat' dir='ltr'><strong>ab</strong></span> <span class='ocrx_word' id='word_1_530' title='bbox 3203 1408 3318 1475; x_wconf 85' lang='lat' dir='ltr'><strong>ipso</strong></span> <span class='ocrx_word' id='word_1_531' title='bbox 3346 1425 3441 1478; x_wconf 85' lang='lat' dir='ltr'><strong>per</strong></span> <span class='ocrx_word' id='word_1_532' title='bbox 3482 1410 3648 1466; x_wconf 87' lang='lat' dir='ltr'><strong>hocce</strong></span> <span class='ocrx_word' id='word_1_533' title='bbox 3677 1423 3884 1482; x_wconf 86' lang='lat' dir='ltr'><strong>tempus</strong></span> 
     </span>
    </p>
   </div>
   <div class='ocr_carea' id='block_1_72' title="bbox 2307 1486 3886 1572">
    <p class='ocr_par' dir='ltr' id='par_1_72' title="bbox 2307 1486 3886 1572">
     <span class='ocr_line' id='line_1_72' title="bbox 2307 1486 3886 1572; baseline 0.013 -33"><span class='ocrx_word' id='word_1_534' title='bbox 2307 1486 2504 1558; x_wconf 88' lang='lat' dir='ltr'><strong>(neque</strong></span> <span class='ocrx_word' id='word_1_535' title='bbox 2529 1493 2672 1545; x_wconf 92' lang='lat' dir='ltr'><strong>enim</strong></span> <span class='ocrx_word' id='word_1_536' title='bbox 2702 1493 2849 1563; x_wconf 88' lang='lat' dir='ltr'><strong>rejici</strong></span> <span class='ocrx_word' id='word_1_537' title='bbox 2898 1507 3072 1564; x_wconf 89' lang='lat' dir='ltr'><strong>potest</strong></span> <span class='ocrx_word' id='word_1_538' title='bbox 3101 1500 3381 1555; x_wconf 91' lang='lat' dir='ltr'><strong>commode</strong></span> <span class='ocrx_word' id='word_1_539' title='bbox 3413 1501 3464 1554; x_wconf 91' lang='lat' dir='ltr'><strong>in</strong></span> <span class='ocrx_word' id='word_1_540' title='bbox 3495 1502 3664 1572; x_wconf 89' lang='lat' dir='ltr'><strong>aliud)</strong></span> <span class='ocrx_word' id='word_1_541' title='bbox 3693 1504 3886 1559; x_wconf 85' lang='lat' dir='ltr'><strong>Dama-</strong></span> 
     </span>
    </p>
   </div>
   <div class='ocr_carea' id='block_1_73' title="bbox 2305 1582 3883 1655">
    <p class='ocr_par' dir='ltr' id='par_1_73' title="bbox 2305 1582 3883 1655">
     <span class='ocr_line' id='line_1_73' title="bbox 2305 1582 3883 1655; baseline 0.009 -23"><span class='ocrx_word' id='word_1_542' title='bbox 2305 1592 2396 1632; x_wconf 89' lang='lat' dir='ltr'><strong>sus</strong></span> <span class='ocrx_word' id='word_1_543' title='bbox 2425 1582 2728 1648; x_wconf 84' lang='lat' dir='ltr'><strong>postulavit,</strong></span> <span class='ocrx_word' id='word_1_544' title='bbox 2763 1595 2819 1638; x_wconf 93' lang='lat' dir='ltr'><strong>ut</strong></span> <span class='ocrx_word' id='word_1_545' title='bbox 2843 1585 3125 1655; x_wconf 79' lang='lat' dir='ltr'><strong>Evangelia</strong></span> <span class='ocrx_word' id='word_1_546' title='bbox 3150 1588 3215 1642; x_wconf 90' lang='lat' dir='ltr'><strong>ad</strong></span> <span class='ocrx_word' id='word_1_547' title='bbox 3232 1589 3447 1645; x_wconf 73' lang='lat' dir='ltr'><strong>Grmcos</strong></span> <span class='ocrx_word' id='word_1_548' title='bbox 3466 1592 3681 1647; x_wconf 88' lang='lat' dir='ltr'><strong>codices</strong></span> <span class='ocrx_word' id='word_1_549' title='bbox 3699 1609 3883 1648; x_wconf 80' lang='lat' dir='ltr'><strong>emen-</strong></span> 
     </span>
    </p>
   </div>
   <div class='ocr_carea' id='block_1_74' title="bbox 2305 1670 3883 1754">
    <p class='ocr_par' dir='ltr' id='par_1_74' title="bbox 2305 1670 3883 1754">
     <span class='ocr_line' id='line_1_74' title="bbox 2305 1670 3883 1754; baseline 0.01 -31"><span class='ocrx_word' id='word_1_550' title='bbox 2305 1670 2457 1726; x_wconf 89' lang='lat' dir='ltr'><strong>daret</strong></span> <span class='ocrx_word' id='word_1_551' title='bbox 2498 1688 2560 1727; x_wconf 91' lang='lat' dir='ltr'><strong>ac</strong></span> <span class='ocrx_word' id='word_1_552' title='bbox 2606 1677 2928 1730; x_wconf 87' lang='lat' dir='ltr'><strong>restitueret.</strong></span> <span class='ocrx_word' id='word_1_553' title='bbox 2978 1678 3147 1733; x_wconf 90' lang='lat' dir='ltr'><strong>Erant</strong></span> <span class='ocrx_word' id='word_1_554' title='bbox 3199 1689 3323 1736; x_wconf 91' lang='lat' dir='ltr'><strong>tunc</strong></span> <span class='ocrx_word' id='word_1_555' title='bbox 3381 1681 3584 1737; x_wconf 66' lang='lat' dir='ltr'><strong>Latinze</strong></span> <span class='ocrx_word' id='word_1_556' title='bbox 3639 1683 3883 1754; x_wconf 76' lang='lat' dir='ltr'><strong>Vulgatze</strong></span> 
     </span>
    </p>
   </div>
   <div class='ocr_carea' id='block_1_75' title="bbox 2311 1761 3885 1843">
    <p class='ocr_par' dir='ltr' id='par_1_75' title="bbox 2311 1761 3885 1843">
     <span class='ocr_line' id='line_1_75' title="bbox 2311 1761 3885 1843; baseline 0.01 -30"><span class='ocrx_word' id='word_1_557' title='bbox 2311 1761 2600 1829; x_wconf 77' lang='lat' dir='ltr'><strong>Versimiis,</strong></span> <span class='ocrx_word' id='word_1_558' title='bbox 2633 1783 2734 1834; x_wconf 88' lang='lat' dir='ltr'><strong>qua</strong></span> <span class='ocrx_word' id='word_1_559' title='bbox 2764 1769 2958 1835; x_wconf 89' lang='lat' dir='ltr'><strong>passim</strong></span> <span class='ocrx_word' id='word_1_560' title='bbox 3010 1770 3261 1825; x_wconf 82' lang='lat' dir='ltr'><strong>Ecclesia:</strong></span> <span class='ocrx_word' id='word_1_561' title='bbox 3291 1773 3594 1839; x_wconf 80' lang='lat' dir='ltr'><strong>utebantur,</strong></span> <span class='ocrx_word' id='word_1_562' title='bbox 3623 1782 3702 1828; x_wconf 91' lang='lat' dir='ltr'><strong>tot</strong></span> <span class='ocrx_word' id='word_1_563' title='bbox 3746 1789 3885 1843; x_wconf 90' lang='lat' dir='ltr'><strong>pene</strong></span> 
     </span>
    </p>
   </div>
   <div class='ocr_carea' id='block_1_76' title="bbox 2305 1859 3881 1934">
    <p class='ocr_par' dir='ltr' id='par_1_76' title="bbox 2305 1859 3881 1934">
     <span class='ocr_line' id='line_1_76' title="bbox 2305 1859 3881 1934; baseline 0.008 -24"><span class='ocrx_word' id='word_1_564' title='bbox 2305 1859 2648 1926; x_wconf 79' lang='lat' dir='ltr'><strong>exemplaria,</strong></span> <span class='ocrx_word' id='word_1_565' title='bbox 2665 1870 2791 1928; x_wconf 89' lang='lat' dir='ltr'><strong>quot</strong></span> <span class='ocrx_word' id='word_1_566' title='bbox 2808 1863 3022 1915; x_wconf 88' lang='lat' dir='ltr'><strong>codices</strong></span> <span class='ocrx_word' id='word_1_567' title='bbox 3043 1863 3149 1931; x_wconf 78' lang='lat' dir='ltr'><strong>(Ex</strong></span> <span class='ocrx_word' id='word_1_568' title='bbox 3171 1862 3338 1930; x_wconf 66' lang='lat' dir='ltr'><strong>Praef.</strong></span> <span class='ocrx_word' id='word_1_569' title='bbox 3360 1865 3414 1917; x_wconf 87' lang='lat' dir='ltr'><strong>in</strong></span> <span class='ocrx_word' id='word_1_570' title='bbox 3439 1863 3690 1934; x_wconf 81' lang='lat' dir='ltr'><strong>Evang.).</strong></span> <span class='ocrx_word' id='word_1_571' title='bbox 3719 1866 3881 1922; x_wconf 77' lang='lat' dir='ltr'><strong>Multa</strong></span> 
     </span>
    </p>
   </div>
   <div class='ocr_carea' id='block_1_77' title="bbox 2305 1947 3882 2024">
    <p class='ocr_par' dir='ltr' id='par_1_77' title="bbox 2305 1947 3882 2024">
     <span class='ocr_line' id='line_1_77' title="bbox 2305 1947 3882 2024; baseline 0.007 -25"><span class='ocrx_word' id='word_1_572' title='bbox 2305 1961 2333 1999; x_wconf 93' lang='lat' dir='ltr'><strong>a</strong></span> <span class='ocrx_word' id='word_1_573' title='bbox 2387 1947 2589 2002; x_wconf 88' lang='lat' dir='ltr'><strong>vitiosis</strong></span> <span class='ocrx_word' id='word_1_574' title='bbox 2636 1949 3020 2018; x_wconf 87' lang='lat' dir='ltr'><strong>luterpretibus</strong></span> <span class='ocrx_word' id='word_1_575' title='bbox 3049 1953 3189 2006; x_wconf 92' lang='lat' dir='ltr'><strong>male</strong></span> <span class='ocrx_word' id='word_1_576' title='bbox 3218 1953 3420 2007; x_wconf 90' lang='lat' dir='ltr'><strong>reddita</strong></span> <span class='ocrx_word' id='word_1_577' title='bbox 3447 1993 3462 2016; x_wconf 93' lang='lat'><strong>,</strong></span> <span class='ocrx_word' id='word_1_578' title='bbox 3509 1953 3612 2008; x_wconf 90' lang='lat' dir='ltr'><strong>alia</strong></span> <span class='ocrx_word' id='word_1_579' title='bbox 3655 1971 3688 2008; x_wconf 88' lang='lat' dir='ltr'><strong>a</strong></span> <span class='ocrx_word' id='word_1_580' title='bbox 3739 1971 3882 2024; x_wconf 77' lang='lat' dir='ltr'><strong>pra:-</strong></span> 
     </span>
    </p>
   </div>
   <div class='ocr_carea' id='block_1_78' title="bbox 2305 2039 3884 2115">
    <p class='ocr_par' dir='ltr' id='par_1_78' title="bbox 2305 2039 3884 2115">
     <span class='ocr_line' id='line_1_78' title="bbox 2305 2039 3884 2115; baseline 0.007 -26"><span class='ocrx_word' id='word_1_581' title='bbox 2305 2039 2666 2104; x_wconf 87' lang='lat' dir='ltr'><strong>sumptoribus</strong></span> <span class='ocrx_word' id='word_1_582' title='bbox 2689 2040 2950 2108; x_wconf 89' lang='lat' dir='ltr'><strong>imperitis</strong></span> <span class='ocrx_word' id='word_1_583' title='bbox 2974 2042 3252 2096; x_wconf 90' lang='lat' dir='ltr'><strong>emendata</strong></span> <span class='ocrx_word' id='word_1_584' title='bbox 3279 2045 3600 2112; x_wconf 87' lang='lat' dir='ltr'><strong>perversius,</strong></span> <span class='ocrx_word' id='word_1_585' title='bbox 3627 2045 3884 2115; x_wconf 86' lang='lat' dir='ltr'><strong>pleraque</strong></span> 
     </span>
    </p>
   </div>
   <div class='ocr_carea' id='block_1_79' title="bbox 2305 2131 3882 2208">
    <p class='ocr_par' dir='ltr' id='par_1_79' title="bbox 2305 2131 3882 2208">
     <span class='ocr_line' id='line_1_79' title="bbox 2305 2131 3882 2208; baseline 0.008 -27"><span class='ocrx_word' id='word_1_586' title='bbox 2305 2145 2332 2181; x_wconf 92' lang='lat' dir='ltr'><strong>a</strong></span> <span class='ocrx_word' id='word_1_587' title='bbox 2362 2131 2592 2186; x_wconf 89' lang='lat' dir='ltr'><strong>librariis</strong></span> <span class='ocrx_word' id='word_1_588' title='bbox 2616 2132 3026 2189; x_wconf 42' lang='lat' dir='ltr'><strong>dormit&#39;antibus</strong></span> <span class='ocrx_word' id='word_1_589' title='bbox 3075 2135 3277 2200; x_wconf 91' lang='lat' dir='ltr'><strong>addita,</strong></span> <span class='ocrx_word' id='word_1_590' title='bbox 3306 2137 3390 2192; x_wconf 82' lang='lat' dir='ltr'><strong>vel</strong></span> <span class='ocrx_word' id='word_1_591' title='bbox 3441 2148 3660 2191; x_wconf 90' lang='lat' dir='ltr'><strong>mutata.</strong></span> <span class='ocrx_word' id='word_1_592' title='bbox 3693 2139 3882 2208; x_wconf 82' lang='lat' dir='ltr'><strong>Magna</strong></span> 
     </span>
    </p>
   </div>
   <div class='ocr_carea' id='block_1_80' title="bbox 2303 2225 3880 2298">
    <p class='ocr_par' dir='ltr' id='par_1_80' title="bbox 2303 2225 3880 2298">
     <span class='ocr_line' id='line_1_80' title="bbox 2303 2225 3880 2298; baseline 0.005 -21"><span class='ocrx_word' id='word_1_593' title='bbox 2303 2225 2463 2277; x_wconf 85' lang='lat' dir='ltr'><strong>etiam</strong></span> <span class='ocrx_word' id='word_1_594' title='bbox 2490 2233 2770 2279; x_wconf 84' lang='lat' dir='ltr'><strong>c0utextus</strong></span> <span class='ocrx_word' id='word_1_595' title='bbox 2802 2225 3260 2296; x_wconf 83' lang='lat' dir='ltr'><strong>Evangelistarum</strong></span> <span class='ocrx_word' id='word_1_596' title='bbox 3303 2228 3484 2282; x_wconf 80' lang='lat' dir='ltr'><strong>iuolita</strong></span> <span class='ocrx_word' id='word_1_597' title='bbox 3528 2229 3880 2298; x_wconf 84' lang='lat' dir='ltr'><strong>perturbatio,</strong></span> 
     </span>
    </p>
   </div>
   <div class='ocr_carea' id='block_1_81' title="bbox 2305 2315 3884 2386">
    <p class='ocr_par' dir='ltr' id='par_1_81' title="bbox 2305 2315 3884 2386">
     <span class='ocr_line' id='line_1_81' title="bbox 2305 2315 3884 2386; baseline 0.004 -18"><span class='ocrx_word' id='word_1_598' title='bbox 2305 2325 2363 2369; x_wconf 93' lang='lat' dir='ltr'><strong>nt</strong></span> <span class='ocrx_word' id='word_1_599' title='bbox 2393 2316 2444 2370; x_wconf 92' lang='lat' dir='ltr'><strong>in</strong></span> <span class='ocrx_word' id='word_1_600' title='bbox 2476 2315 2652 2371; x_wconf 79' lang='lat' dir='ltr'><strong>Marco</strong></span> <span class='ocrx_word' id='word_1_601' title='bbox 2682 2318 2828 2386; x_wconf 89' lang='lat' dir='ltr'><strong>plura</strong></span> <span class='ocrx_word' id='word_1_602' title='bbox 2859 2317 3013 2372; x_wconf 75' lang='lat' dir='ltr'><strong>Lucze</strong></span> <span class='ocrx_word' id='word_1_603' title='bbox 3043 2333 3106 2372; x_wconf 90' lang='lat' dir='ltr'><strong>ac</strong></span> <span class='ocrx_word' id='word_1_604' title='bbox 3150 2318 3378 2372; x_wconf 75' lang='lat' dir='ltr'><strong>Mattbaei</strong></span> <span class='ocrx_word' id='word_1_605' title='bbox 3404 2336 3418 2374; x_wconf 91' lang='lat'><strong>:</strong></span> <span class='ocrx_word' id='word_1_606' title='bbox 3451 2335 3636 2374; x_wconf 88' lang='lat' dir='ltr'><strong>rursus</strong></span> <span class='ocrx_word' id='word_1_607' title='bbox 3669 2321 3720 2374; x_wconf 89' lang='lat' dir='ltr'><strong>in</strong></span> <span class='ocrx_word' id='word_1_608' title='bbox 3749 2320 3884 2375; x_wconf 77' lang='lat' dir='ltr'><strong>Mat-</strong></span> 
     </span>
    </p>
   </div>
   <div class='ocr_carea' id='block_1_82' title="bbox 2305 2408 3881 2482">
    <p class='ocr_par' dir='ltr' id='par_1_82' title="bbox 2305 2408 3881 2482">
     <span class='ocr_line' id='line_1_82' title="bbox 2305 2408 3881 2482; baseline 0.002 -20"><span class='ocrx_word' id='word_1_609' title='bbox 2305 2408 2447 2463; x_wconf 78' lang='lat' dir='ltr'><strong>tbzeo</strong></span> <span class='ocrx_word' id='word_1_610' title='bbox 2471 2409 2618 2477; x_wconf 90' lang='lat' dir='ltr'><strong>plura</strong></span> <span class='ocrx_word' id='word_1_611' title='bbox 2648 2409 2870 2464; x_wconf 83' lang='lat' dir='ltr'><strong>Joannis</strong></span> <span class='ocrx_word' id='word_1_612' title='bbox 2911 2419 2966 2464; x_wconf 91' lang='lat' dir='ltr'><strong>et</strong></span> <span class='ocrx_word' id='word_1_613' title='bbox 3006 2409 3206 2472; x_wconf 82' lang='lat' dir='ltr'><strong>Marci,</strong></span> <span class='ocrx_word' id='word_1_614' title='bbox 3250 2418 3410 2480; x_wconf 89' lang='lat' dir='ltr'><strong>atque</strong></span> <span class='ocrx_word' id='word_1_615' title='bbox 3439 2411 3508 2465; x_wconf 90' lang='lat' dir='ltr'><strong>ita</strong></span> <span class='ocrx_word' id='word_1_616' title='bbox 3540 2409 3881 2482; x_wconf 74' lang='lat' dir='ltr'><strong>in‘reliquis,</strong></span> 
     </span>
    </p>
   </div>
   <div class='ocr_carea' id='block_1_83' title="bbox 2303 2501 3885 2570">
    <p class='ocr_par' dir='ltr' id='par_1_83' title="bbox 2303 2501 3885 2570">
     <span class='ocr_line' id='line_1_83' title="bbox 2303 2501 3885 2570; baseline 0.004 -20"><span class='ocrx_word' id='word_1_617' title='bbox 2303 2516 2421 2570; x_wconf 76' lang='lat' dir='ltr'><strong>qua:</strong></span> <span class='ocrx_word' id='word_1_618' title='bbox 2448 2501 2605 2554; x_wconf 88' lang='lat' dir='ltr'><strong>unius</strong></span> <span class='ocrx_word' id='word_1_619' title='bbox 2632 2501 2842 2569; x_wconf 90' lang='lat' dir='ltr'><strong>propria</strong></span> <span class='ocrx_word' id='word_1_620' title='bbox 2874 2511 2998 2554; x_wconf 92' lang='lat' dir='ltr'><strong>sunt</strong></span> <span class='ocrx_word' id='word_1_621' title='bbox 3023 2542 3038 2562; x_wconf 94' lang='lat'><strong>,</strong></span> <span class='ocrx_word' id='word_1_622' title='bbox 3087 2501 3139 2555; x_wconf 93' lang='lat' dir='ltr'><strong>in</strong></span> <span class='ocrx_word' id='word_1_623' title='bbox 3170 2501 3288 2554; x_wconf 88' lang='lat' dir='ltr'><strong>aliis</strong></span> <span class='ocrx_word' id='word_1_624' title='bbox 3317 2501 3684 2555; x_wconf 78' lang='lat' dir='ltr'><strong>invenirentur</strong></span> <span class='ocrx_word' id='word_1_625' title='bbox 3733 2501 3885 2556; x_wconf 81' lang='lat' dir='ltr'><strong>Adeo</strong></span> 
     </span>
    </p>
   </div>
   <div class='ocr_carea' id='block_1_84' title="bbox 2305 2590 3886 2660">
    <p class='ocr_par' dir='ltr' id='par_1_84' title="bbox 2305 2590 3886 2660">
     <span class='ocr_line' id='line_1_84' title="bbox 2305 2590 3886 2660; baseline 0.001 -16"><span class='ocrx_word' id='word_1_626' title='bbox 2305 2605 2524 2645; x_wconf 89' lang='lat' dir='ltr'><strong>necesse</strong></span> <span class='ocrx_word' id='word_1_627' title='bbox 2562 2599 2712 2652; x_wconf 92' lang='lat' dir='ltr'><strong>erat,</strong></span> <span class='ocrx_word' id='word_1_628' title='bbox 2743 2605 2864 2644; x_wconf 91' lang='lat' dir='ltr'><strong>eum</strong></span> <span class='ocrx_word' id='word_1_629' title='bbox 2913 2590 2963 2643; x_wconf 91' lang='lat' dir='ltr'><strong>id</strong></span> <span class='ocrx_word' id='word_1_630' title='bbox 3009 2590 3110 2644; x_wconf 89' lang='lat' dir='ltr'><strong>sibi</strong></span> <span class='ocrx_word' id='word_1_631' title='bbox 3157 2590 3356 2659; x_wconf 88' lang='lat' dir='ltr'><strong>negotii</strong></span> <span class='ocrx_word' id='word_1_632' title='bbox 3400 2591 3514 2645; x_wconf 89' lang='lat' dir='ltr'><strong>dari</strong></span> <span class='ocrx_word' id='word_1_633' title='bbox 3561 2606 3754 2660; x_wconf 86' lang='lat' dir='ltr'><strong>passus</strong></span> <span class='ocrx_word' id='word_1_634' title='bbox 3802 2602 3886 2646; x_wconf 90' lang='lat' dir='ltr'><strong>est</strong></span> 
     </span>
    </p>
   </div>
   <div class='ocr_carea' id='block_1_85' title="bbox 2301 2681 3882 2750">
    <p class='ocr_par' dir='ltr' id='par_1_85' title="bbox 2301 2681 3882 2750">
     <span class='ocr_line' id='line_1_85' title="bbox 2301 2681 3882 2750; baseline 0.001 -16"><span class='ocrx_word' id='word_1_635' title='bbox 2301 2681 2359 2736; x_wconf 89' lang='lat' dir='ltr'><strong>S.</strong></span> <span class='ocrx_word' id='word_1_636' title='bbox 2395 2681 2569 2746; x_wconf 82' lang='lat' dir='ltr'><strong>Pater,</strong></span> <span class='ocrx_word' id='word_1_637' title='bbox 2599 2691 2657 2734; x_wconf 93' lang='lat' dir='ltr'><strong>ut</strong></span> <span class='ocrx_word' id='word_1_638' title='bbox 2684 2681 2823 2734; x_wconf 84' lang='lat' dir='ltr'><strong>inter</strong></span> <span class='ocrx_word' id='word_1_639' title='bbox 2851 2682 2996 2734; x_wconf 91' lang='lat' dir='ltr'><strong>varia</strong></span> <span class='ocrx_word' id='word_1_640' title='bbox 3021 2691 3070 2734; x_wconf 92' lang='lat' dir='ltr'><strong>et</strong></span> <span class='ocrx_word' id='word_1_641' title='bbox 3104 2682 3387 2750; x_wconf 88' lang='lat' dir='ltr'><strong>pugnantia</strong></span> <span class='ocrx_word' id='word_1_642' title='bbox 3426 2696 3609 2738; x_wconf 88' lang='lat' dir='ltr'><strong>secum</strong></span> <span class='ocrx_word' id='word_1_643' title='bbox 3651 2683 3882 2738; x_wconf 91' lang='lat' dir='ltr'><strong>invicem</strong></span> 
     </span>
    </p>
   </div>
   <div class='ocr_carea' id='block_1_86' title="bbox 2303 2771 3886 2843">
    <p class='ocr_par' dir='ltr' id='par_1_86' title="bbox 2303 2771 3886 2843">
     <span class='ocr_line' id='line_1_86' title="bbox 2303 2771 3886 2843; baseline 0 -17"><span class='ocrx_word' id='word_1_644' title='bbox 2303 2771 2488 2826; x_wconf 89' lang='lat' dir='ltr'><strong>Latina</strong></span> <span class='ocrx_word' id='word_1_645' title='bbox 2519 2771 2841 2840; x_wconf 81' lang='lat' dir='ltr'><strong>exemplaria</strong></span> <span class='ocrx_word' id='word_1_646' title='bbox 2865 2780 2977 2825; x_wconf 92' lang='lat' dir='ltr'><strong>toto</strong></span> <span class='ocrx_word' id='word_1_647' title='bbox 3001 2771 3111 2839; x_wconf 89' lang='lat' dir='ltr'><strong>jam</strong></span> <span class='ocrx_word' id='word_1_648' title='bbox 3133 2772 3265 2826; x_wconf 91' lang='lat' dir='ltr'><strong>orbe</strong></span> <span class='ocrx_word' id='word_1_649' title='bbox 3288 2773 3550 2842; x_wconf 88' lang='lat' dir='ltr'><strong>dispersa,</strong></span> <span class='ocrx_word' id='word_1_650' title='bbox 3583 2777 3739 2843; x_wconf 91' lang='lat' dir='ltr'><strong>quasi</strong></span> <span class='ocrx_word' id='word_1_651' title='bbox 3767 2773 3886 2843; x_wconf 89' lang='lat' dir='ltr'><strong>qui-</strong></span> 
     </span>
    </p>
   </div>
   <div class='ocr_carea' id='block_1_87' title="bbox 2301 2864 3883 2933">
    <p class='ocr_par' dir='ltr' id='par_1_87' title="bbox 2301 2864 3883 2933">
     <span class='ocr_line' id='line_1_87' title="bbox 2301 2864 3883 2933; baseline 0.002 -16"><span class='ocrx_word' id='word_1_652' title='bbox 2301 2865 2423 2917; x_wconf 89' lang='lat' dir='ltr'><strong>dam</strong></span> <span class='ocrx_word' id='word_1_653' title='bbox 2455 2864 2654 2917; x_wconf 82' lang='lat' dir='ltr'><strong>arbiter</strong></span> <span class='ocrx_word' id='word_1_654' title='bbox 2681 2864 2914 2926; x_wconf 89' lang='lat' dir='ltr'><strong>sederet,</strong></span> <span class='ocrx_word' id='word_1_655' title='bbox 2945 2865 3119 2933; x_wconf 90' lang='lat' dir='ltr'><strong>deque</strong></span> <span class='ocrx_word' id='word_1_656' title='bbox 3159 2874 3239 2918; x_wconf 93' lang='lat' dir='ltr'><strong>tot</strong></span> <span class='ocrx_word' id='word_1_657' title='bbox 3285 2865 3574 2919; x_wconf 91' lang='lat' dir='ltr'><strong>lectionum</strong></span> <span class='ocrx_word' id='word_1_658' title='bbox 3603 2865 3844 2920; x_wconf 86' lang='lat' dir='ltr'><strong>dissidiis</strong></span> <span class='ocrx_word' id='word_1_659' title='bbox 3866 2906 3883 2930; x_wconf 86' lang='lat'><strong><em>.</em></strong></span> 
     </span>
    </p>
   </div>
   <div class='ocr_carea' id='block_1_88' title="bbox 2304 2952 3887 3024">
    <p class='ocr_par' dir='ltr' id='par_1_88' title="bbox 2304 2952 3887 3024">
     <span class='ocr_line' id='line_1_88' title="bbox 2304 2952 3887 3024; baseline 0.001 -16"><span class='ocrx_word' id='word_1_660' title='bbox 2304 2954 2727 3023; x_wconf 79' lang='lat' dir='ltr'><strong>trajeCIionibns,</strong></span> <span class='ocrx_word' id='word_1_661' title='bbox 2759 2952 3158 3017; x_wconf 88' lang='lat' dir='ltr'><strong>additameutis,</strong></span> <span class='ocrx_word' id='word_1_662' title='bbox 3191 2954 3278 3008; x_wconf 91' lang='lat' dir='ltr'><strong>ubi</strong></span> <span class='ocrx_word' id='word_1_663' title='bbox 3307 2953 3438 3009; x_wconf 88' lang='lat' dir='ltr'><strong>nihil</strong></span> <span class='ocrx_word' id='word_1_664' title='bbox 3468 2970 3574 3008; x_wconf 92' lang='lat' dir='ltr'><strong>non</strong></span> <span class='ocrx_word' id='word_1_665' title='bbox 3600 2969 3768 3024; x_wconf 89' lang='lat' dir='ltr'><strong>grave</strong></span> <span class='ocrx_word' id='word_1_666' title='bbox 3787 2995 3804 3022; x_wconf 94' lang='lat'><strong>,</strong></span> <span class='ocrx_word' id='word_1_667' title='bbox 3831 2964 3887 3009; x_wconf 87' lang='lat' dir='ltr'><strong>et</strong></span> 
     </span>
    </p>
   </div>
   <div class='ocr_carea' id='block_1_89' title="bbox 2303 3045 3883 3116">
    <p class='ocr_par' dir='ltr' id='par_1_89' title="bbox 2303 3045 3883 3116">
     <span class='ocr_line' id='line_1_89' title="bbox 2303 3045 3883 3116; baseline -0.003 -14"><span class='ocrx_word' id='word_1_668' title='bbox 2303 3046 2557 3102; x_wconf 89' lang='lat' dir='ltr'><strong>momenti</strong></span> <span class='ocrx_word' id='word_1_669' title='bbox 2586 3056 2668 3100; x_wconf 90' lang='lat' dir='ltr'><strong>est</strong></span> <span class='ocrx_word' id='word_1_670' title='bbox 2695 3061 2952 3116; x_wconf 91' lang='lat' dir='ltr'><strong>perquam</strong></span> <span class='ocrx_word' id='word_1_671' title='bbox 2983 3047 3159 3116; x_wconf 88' lang='lat' dir='ltr'><strong>magni</strong></span> <span class='ocrx_word' id='word_1_672' title='bbox 3201 3045 3265 3100; x_wconf 87' lang='lat' dir='ltr'><strong>ad</strong></span> <span class='ocrx_word' id='word_1_673' title='bbox 3295 3046 3594 3100; x_wconf 88' lang='lat' dir='ltr'><strong>divinorqu</strong></span> <span class='ocrx_word' id='word_1_674' title='bbox 3623 3060 3883 3100; x_wconf 81' lang='lat' dir='ltr'><strong>sensuum</strong></span> 
     </span>
    </p>
   </div>
   <div class='ocr_carea' id='block_1_90' title="bbox 2304 3135 3886 3208">
    <p class='ocr_par' dir='ltr' id='par_1_90' title="bbox 2304 3135 3886 3208">
     <span class='ocr_line' id='line_1_90' title="bbox 2304 3135 3886 3208; baseline -0.002 -16"><span class='ocrx_word' id='word_1_675' title='bbox 2304 3137 2658 3208; x_wconf 83' lang='lat' dir='ltr'><strong>integritatem</strong></span> <span class='ocrx_word' id='word_1_676' title='bbox 2705 3136 3073 3200; x_wconf 91' lang='lat' dir='ltr'><strong>discerneret,</strong></span> <span class='ocrx_word' id='word_1_677' title='bbox 3125 3146 3284 3206; x_wconf 89' lang='lat' dir='ltr'><strong>atque</strong></span> <span class='ocrx_word' id='word_1_678' title='bbox 3332 3135 3456 3190; x_wconf 89' lang='lat' dir='ltr'><strong>inde</strong></span> <span class='ocrx_word' id='word_1_679' title='bbox 3507 3151 3666 3190; x_wconf 89' lang='lat' dir='ltr'><strong>unam</strong></span> <span class='ocrx_word' id='word_1_680' title='bbox 3725 3137 3886 3189; x_wconf 89' lang='lat' dir='ltr'><strong>tertio</strong></span> 
     </span>
    </p>
   </div>
   <div class='ocr_carea' id='block_1_91' title="bbox 2299 3227 3885 3300">
    <p class='ocr_par' dir='ltr' id='par_1_91' title="bbox 2299 3227 3885 3300">
     <span class='ocr_line' id='line_1_91' title="bbox 2299 3227 3885 3300; baseline -0.001 -17"><span class='ocrx_word' id='word_1_681' title='bbox 2299 3246 2512 3300; x_wconf 90' lang='lat' dir='ltr'><strong>quoque</strong></span> <span class='ocrx_word' id='word_1_682' title='bbox 2541 3231 2707 3282; x_wconf 88' lang='lat' dir='ltr'><strong>verbo</strong></span> <span class='ocrx_word' id='word_1_683' title='bbox 2737 3229 3047 3292; x_wconf 83' lang='lat' dir='ltr'><strong>excuderet,</strong></span> <span class='ocrx_word' id='word_1_684' title='bbox 3095 3243 3215 3296; x_wconf 71' lang='lat' dir='ltr'><strong>qua:</strong></span> <span class='ocrx_word' id='word_1_685' title='bbox 3243 3227 3309 3281; x_wconf 89' lang='lat' dir='ltr'><strong>ad</strong></span> <span class='ocrx_word' id='word_1_686' title='bbox 3353 3228 3526 3282; x_wconf 65' lang='lat' dir='ltr'><strong>Gnaei</strong></span> <span class='ocrx_word' id='word_1_687' title='bbox 3556 3228 3885 3296; x_wconf 81' lang='lat' dir='ltr'><strong>exemplaris</strong></span> 
     </span>
    </p>
   </div>
   <div class='ocr_carea' id='block_1_92' title="bbox 2299 3318 3885 3383">
    <p class='ocr_par' dir='ltr' id='par_1_92' title="bbox 2299 3318 3885 3383">
     <span class='ocr_line' id='line_1_92' title="bbox 2299 3318 3885 3383; baseline -0.002 -8"><span class='ocrx_word' id='word_1_688' title='bbox 2299 3320 2720 3376; x_wconf 88' lang='lat' dir='ltr'><strong>emendatissimi</strong></span> <span class='ocrx_word' id='word_1_689' title='bbox 2753 3319 2909 3372; x_wconf 87' lang='lat' dir='ltr'><strong>fidem</strong></span> <span class='ocrx_word' id='word_1_690' title='bbox 2938 3326 3122 3371; x_wconf 75' lang='lat' dir='ltr'><strong>exat-ta</strong></span> <span class='ocrx_word' id='word_1_691' title='bbox 3149 3358 3165 3383; x_wconf 91' lang='lat'><strong>,</strong></span> <span class='ocrx_word' id='word_1_692' title='bbox 3191 3319 3346 3372; x_wconf 88' lang='lat' dir='ltr'><strong>unice</strong></span> <span class='ocrx_word' id='word_1_693' title='bbox 3372 3318 3580 3371; x_wconf 87' lang='lat' dir='ltr'><strong>veritati</strong></span> <span class='ocrx_word' id='word_1_694' title='bbox 3608 3319 3885 3372; x_wconf 83' lang='lat' dir='ltr'><strong>consenti-</strong></span> 
     </span>
    </p>
   </div>
   <div class='ocr_carea' id='block_1_93' title="bbox 2298 3407 3886 3480">
    <p class='ocr_par' dir='ltr' id='par_1_93' title="bbox 2298 3407 3886 3480">
     <span class='ocr_line' id='line_1_93' title="bbox 2298 3407 3886 3480; baseline -0.001 -15"><span class='ocrx_word' id='word_1_695' title='bbox 2298 3421 2402 3465; x_wconf 89' lang='lat' dir='ltr'><strong>ret.</strong></span> <span class='ocrx_word' id='word_1_696' title='bbox 2433 3409 2652 3480; x_wconf 79' lang='lat' dir='ltr'><strong>Accepit</strong></span> <span class='ocrx_word' id='word_1_697' title='bbox 2697 3418 2874 3462; x_wconf 92' lang='lat' dir='ltr'><strong>tamen</strong></span> <span class='ocrx_word' id='word_1_698' title='bbox 2908 3417 3114 3461; x_wconf 91' lang='lat' dir='ltr'><strong>tanttun</strong></span> <span class='ocrx_word' id='word_1_699' title='bbox 3141 3407 3438 3461; x_wconf 89' lang='lat' dir='ltr'><strong>adornandi</strong></span> <span class='ocrx_word' id='word_1_700' title='bbox 3466 3408 3646 3475; x_wconf 91' lang='lat' dir='ltr'><strong>operis</strong></span> <span class='ocrx_word' id='word_1_701' title='bbox 3665 3449 3682 3470; x_wconf 91' lang='lat'><strong>,</strong></span> <span class='ocrx_word' id='word_1_702' title='bbox 3723 3418 3886 3475; x_wconf 87' lang='lat' dir='ltr'><strong>atque</strong></span> 
     </span>
    </p>
   </div>
   <div class='ocr_carea' id='block_1_94' title="bbox 2299 3497 3887 3556">
    <p class='ocr_par' dir='ltr' id='par_1_94' title="bbox 2299 3497 3887 3556">
     <span class='ocr_line' id='line_1_94' title="bbox 2299 3497 3887 3556; baseline -0.002 0"><span class='ocrx_word' id='word_1_703' title='bbox 2299 3502 2497 3556; x_wconf 78' lang='lat' dir='ltr'><strong>invicto</strong></span> <span class='ocrx_word' id='word_1_704' title='bbox 2516 3501 2696 3553; x_wconf 89' lang='lat' dir='ltr'><strong>animo</strong></span> <span class='ocrx_word' id='word_1_705' title='bbox 2716 3499 2950 3552; x_wconf 89' lang='lat' dir='ltr'><strong>laborem</strong></span> <span class='ocrx_word' id='word_1_706' title='bbox 2973 3499 3280 3552; x_wconf 81' lang='lat' dir='ltr'><strong>exautlavit.</strong></span> <span class='ocrx_word' id='word_1_707' title='bbox 3296 3497 3562 3553; x_wconf 77' lang='lat' dir='ltr'><strong>Cormctis</strong></span> <span class='ocrx_word' id='word_1_708' title='bbox 3584 3497 3887 3553; x_wconf 88' lang='lat' dir='ltr'><strong>innumeris</strong></span> 
     </span>
    </p>
   </div>
   <div class='ocr_carea' id='block_1_95' title="bbox 2299 3591 3883 3660">
    <p class='ocr_par' dir='ltr' id='par_1_95' title="bbox 2299 3591 3883 3660">
     <span class='ocr_line' id='line_1_95' title="bbox 2299 3591 3883 3660; baseline -0.001 -14"><span class='ocrx_word' id='word_1_709' title='bbox 2299 3595 2409 3648; x_wconf 88' lang='lat' dir='ltr'><strong>fere</strong></span> <span class='ocrx_word' id='word_1_710' title='bbox 2440 3593 2592 3656; x_wconf 86' lang='lat' dir='ltr'><strong>locis,</strong></span> <span class='ocrx_word' id='word_1_711' title='bbox 2619 3606 2930 3660; x_wconf 90' lang='lat' dir='ltr'><strong>germanum</strong></span> <span class='ocrx_word' id='word_1_712' title='bbox 2983 3591 3440 3658; x_wconf 75' lang='lat' dir='ltr'><strong>Evangelistarum</strong></span> <span class='ocrx_word' id='word_1_713' title='bbox 3469 3598 3677 3644; x_wconf 87' lang='lat' dir='ltr'><strong>textum</strong></span> <span class='ocrx_word' id='word_1_714' title='bbox 3711 3604 3883 3644; x_wconf 87' lang='lat' dir='ltr'><strong>excu-</strong></span> 
     </span>
    </p>
   </div>
   <div class='ocr_carea' id='block_1_96' title="bbox 2298 3682 3886 3751">
    <p class='ocr_par' dir='ltr' id='par_1_96' title="bbox 2298 3682 3886 3751">
     <span class='ocr_line' id='line_1_96' title="bbox 2298 3682 3886 3751; baseline -0.002 -11"><span class='ocrx_word' id='word_1_715' title='bbox 2298 3685 2396 3749; x_wconf 91' lang='lat' dir='ltr'><strong>dit,</strong></span> <span class='ocrx_word' id='word_1_716' title='bbox 2427 3695 2481 3739; x_wconf 92' lang='lat' dir='ltr'><strong>et</strong></span> <span class='ocrx_word' id='word_1_717' title='bbox 2528 3683 2868 3745; x_wconf 75' lang='lat' dir='ltr'><strong>Pnefatioae,</strong></span> <span class='ocrx_word' id='word_1_718' title='bbox 2899 3698 3000 3749; x_wconf 89' lang='lat' dir='ltr'><strong>qna</strong></span> <span class='ocrx_word' id='word_1_719' title='bbox 3028 3683 3235 3736; x_wconf 91' lang='lat' dir='ltr'><strong>monuit</strong></span> <span class='ocrx_word' id='word_1_720' title='bbox 3259 3683 3328 3738; x_wconf 92' lang='lat' dir='ltr'><strong>de</strong></span> <span class='ocrx_word' id='word_1_721' title='bbox 3369 3682 3449 3736; x_wconf 90' lang='lat' dir='ltr'><strong>sui</strong></span> <span class='ocrx_word' id='word_1_722' title='bbox 3498 3683 3680 3751; x_wconf 87' lang='lat' dir='ltr'><strong>operis</strong></span> <span class='ocrx_word' id='word_1_723' title='bbox 3724 3684 3886 3737; x_wconf 86' lang='lat' dir='ltr'><strong>insti-</strong></span> 
     </span>
    </p>
   </div>
   <div class='ocr_carea' id='block_1_97' title="bbox 2297 3771 3884 3841">
    <p class='ocr_par' dir='ltr' id='par_1_97' title="bbox 2297 3771 3884 3841">
     <span class='ocr_line' id='line_1_97' title="bbox 2297 3771 3884 3841; baseline -0.001 -11"><span class='ocrx_word' id='word_1_724' title='bbox 2297 3785 2432 3836; x_wconf 92' lang='lat' dir='ltr'><strong>tuto,</strong></span> <span class='ocrx_word' id='word_1_725' title='bbox 2463 3775 2687 3827; x_wconf 83' lang='lat' dir='ltr'><strong>Damaso</strong></span> <span class='ocrx_word' id='word_1_726' title='bbox 2710 3773 3002 3841; x_wconf 89' lang='lat' dir='ltr'><strong>inscripsit.</strong></span> <span class='ocrx_word' id='word_1_727' title='bbox 3024 3771 3306 3826; x_wconf 84' lang='lat' dir='ltr'><strong>Subtexuit</strong></span> <span class='ocrx_word' id='word_1_728' title='bbox 3328 3782 3582 3840; x_wconf 76' lang='lat' dir='ltr'><strong>przeterea</strong></span> <span class='ocrx_word' id='word_1_729' title='bbox 3605 3772 3884 3839; x_wconf 86' lang='lat' dir='ltr'><strong>Canones,</strong></span> 
     </span>
    </p>
   </div>
   <div class='ocr_carea' id='block_1_98' title="bbox 2295 3861 3885 3934">
    <p class='ocr_par' dir='ltr' id='par_1_98' title="bbox 2295 3861 3885 3934">
     <span class='ocr_line' id='line_1_98' title="bbox 2295 3861 3885 3934; baseline 0.001 -18"><span class='ocrx_word' id='word_1_730' title='bbox 2295 3880 2428 3934; x_wconf 80' lang='lat' dir='ltr'><strong>quos</strong></span> <span class='ocrx_word' id='word_1_731' title='bbox 2460 3863 2715 3916; x_wconf 86' lang='lat' dir='ltr'><strong>Eusebius</strong></span> <span class='ocrx_word' id='word_1_732' title='bbox 2755 3862 3114 3918; x_wconf 84' lang='lat' dir='ltr'><strong>C:esareeusis</strong></span> <span class='ocrx_word' id='word_1_733' title='bbox 3147 3861 3567 3915; x_wconf 83' lang='lat' dir='ltr'><strong>Alexandrinum</strong></span> <span class='ocrx_word' id='word_1_734' title='bbox 3613 3872 3885 3931; x_wconf 87' lang='lat' dir='ltr'><strong>sequutus</strong></span> 
     </span>
    </p>
   </div>
   <div class='ocr_carea' id='block_1_99' title="bbox 2295 3950 3885 4019">
    <p class='ocr_par' dir='ltr' id='par_1_99' title="bbox 2295 3950 3885 4019">
     <span class='ocr_line' id='line_1_99' title="bbox 2295 3950 3885 4019; baseline -0.003 -11"><span class='ocrx_word' id='word_1_735' title='bbox 2295 3954 2635 4008; x_wconf 85' lang='lat' dir='ltr'><strong>Ammonium</strong></span> <span class='ocrx_word' id='word_1_736' title='bbox 2666 3951 2853 4007; x_wconf 72' lang='lat' dir='ltr'><strong>Grzece</strong></span> <span class='ocrx_word' id='word_1_737' title='bbox 2899 3950 3338 4019; x_wconf 66' lang='lat' dir='ltr'><strong>praescripserat,</strong></span> <span class='ocrx_word' id='word_1_738' title='bbox 3371 3952 3423 4004; x_wconf 93' lang='lat' dir='ltr'><strong>in</strong></span> <span class='ocrx_word' id='word_1_739' title='bbox 3467 3950 3716 4004; x_wconf 91' lang='lat' dir='ltr'><strong>Latinum</strong></span> <span class='ocrx_word' id='word_1_740' title='bbox 3747 3967 3885 4006; x_wconf 88' lang='lat' dir='ltr'><strong>con-</strong></span> 
     </span>
    </p>
   </div>
   <div class='ocr_carea' id='block_1_100' title="bbox 2296 4041 3885 4110">
    <p class='ocr_par' dir='ltr' id='par_1_100' title="bbox 2296 4041 3885 4110">
     <span class='ocr_line' id='line_1_100' title="bbox 2296 4041 3885 4110; baseline 0 -14"><span class='ocrx_word' id='word_1_741' title='bbox 2296 4059 2501 4108; x_wconf 89' lang='lat' dir='ltr'><strong>versos,</strong></span> <span class='ocrx_word' id='word_1_742' title='bbox 2536 4054 2591 4097; x_wconf 92' lang='lat' dir='ltr'><strong>ut</strong></span> <span class='ocrx_word' id='word_1_743' title='bbox 2616 4042 2868 4110; x_wconf 85' lang='lat' dir='ltr'><strong>distingui</strong></span> <span class='ocrx_word' id='word_1_744' title='bbox 2899 4057 3004 4095; x_wconf 91' lang='lat' dir='ltr'><strong>uno</strong></span> <span class='ocrx_word' id='word_1_745' title='bbox 3048 4042 3238 4095; x_wconf 91' lang='lat' dir='ltr'><strong>intuitu</strong></span> <span class='ocrx_word' id='word_1_746' title='bbox 3286 4049 3465 4110; x_wconf 89' lang='lat' dir='ltr'><strong>posset</strong></span> <span class='ocrx_word' id='word_1_747' title='bbox 3489 4041 3617 4109; x_wconf 90' lang='lat' dir='ltr'><strong>quid</strong></span> <span class='ocrx_word' id='word_1_748' title='bbox 3647 4041 3885 4110; x_wconf 82' lang='lat' dir='ltr'><strong>quisque</strong></span> 
     </span>
    </p>
   </div>
   <div class='ocr_carea' id='block_1_101' title="bbox 2247 4131 3886 4204">
    <p class='ocr_par' dir='ltr' id='par_1_101' title="bbox 2247 4131 3886 4204">
     <span class='ocr_line' id='line_1_101' title="bbox 2247 4131 3886 4204; baseline -0.001 -16"><span class='ocrx_word' id='word_1_749' title='bbox 2247 4133 2628 4204; x_wconf 76' lang='lat' dir='ltr'><strong>~Evangelista</strong></span> <span class='ocrx_word' id='word_1_750' title='bbox 2682 4133 2981 4202; x_wconf 91' lang='lat' dir='ltr'><strong>peculiare,</strong></span> <span class='ocrx_word' id='word_1_751' title='bbox 3018 4132 3214 4202; x_wconf 92' lang='lat' dir='ltr'><strong>quidve</strong></span> <span class='ocrx_word' id='word_1_752' title='bbox 3255 4146 3377 4185; x_wconf 90' lang='lat' dir='ltr'><strong>cum</strong></span> <span class='ocrx_word' id='word_1_753' title='bbox 3427 4131 3545 4185; x_wconf 88' lang='lat' dir='ltr'><strong>aliis</strong></span> <span class='ocrx_word' id='word_1_754' title='bbox 3588 4145 3886 4196; x_wconf 86' lang='lat' dir='ltr'><strong>commune</strong></span> 
     </span>
    </p>
   </div>
   <div class='ocr_carea' id='block_1_102' title="bbox 2293 4221 3885 4292">
    <p class='ocr_par' dir='ltr' id='par_1_102' title="bbox 2293 4221 3885 4292">
     <span class='ocr_line' id='line_1_102' title="bbox 2293 4221 3885 4292; baseline 0 -15"><span class='ocrx_word' id='word_1_755' title='bbox 2293 4224 2532 4278; x_wconf 85' lang='lat' dir='ltr'><strong>haberet.</strong></span> <span class='ocrx_word' id='word_1_756' title='bbox 2565 4223 2699 4278; x_wconf 84' lang='lat' dir='ltr'><strong>Num</strong></span> <span class='ocrx_word' id='word_1_757' title='bbox 2732 4224 2994 4292; x_wconf 80' lang='lat' dir='ltr'><strong>reliquum</strong></span> <span class='ocrx_word' id='word_1_758' title='bbox 3021 4232 3206 4292; x_wconf 75' lang='lat' dir='ltr'><strong>postea</strong></span> <span class='ocrx_word' id='word_1_759' title='bbox 3233 4223 3434 4276; x_wconf 83' lang='lat' dir='ltr'><strong>Novum</strong></span> <span class='ocrx_word' id='word_1_760' title='bbox 3465 4221 3885 4278; x_wconf 85' lang='lat' dir='ltr'><strong>Testamentum</strong></span> 
     </span>
    </p>
   </div>
   <div class='ocr_carea' id='block_1_103' title="bbox 2292 4311 3886 4382">
    <p class='ocr_par' dir='ltr' id='par_1_103' title="bbox 2292 4311 3886 4382">
     <span class='ocr_line' id='line_1_103' title="bbox 2292 4311 3886 4382; baseline 0 -14"><span class='ocrx_word' id='word_1_761' title='bbox 2292 4314 2412 4368; x_wconf 73' lang='lat' dir='ltr'><strong>laevi</strong></span> <span class='ocrx_word' id='word_1_762' title='bbox 2443 4315 2631 4368; x_wconf 90' lang='lat' dir='ltr'><strong>eadem</strong></span> <span class='ocrx_word' id='word_1_763' title='bbox 2665 4314 2874 4382; x_wconf 88' lang='lat' dir='ltr'><strong>pumice</strong></span> <span class='ocrx_word' id='word_1_764' title='bbox 2899 4312 2965 4367; x_wconf 90' lang='lat' dir='ltr'><strong>ad</strong></span> <span class='ocrx_word' id='word_1_765' title='bbox 2992 4311 3234 4368; x_wconf 73' lang='lat' dir='ltr'><strong>Grzecam</strong></span> <span class='ocrx_word' id='word_1_766' title='bbox 3263 4312 3634 4378; x_wconf 74' lang='lat' dir='ltr'><strong>auctoritatem</strong></span> <span class='ocrx_word' id='word_1_767' title='bbox 3661 4315 3886 4382; x_wconf 81' lang='lat' dir='ltr'><strong>expoli-</strong></span> 
     </span>
    </p>
   </div>
   <div class='ocr_carea' id='block_1_104' title="bbox 2289 4401 3887 4475">
    <p class='ocr_par' dir='ltr' id='par_1_104' title="bbox 2289 4401 3887 4475">
     <span class='ocr_line' id='line_1_104' title="bbox 2289 4401 3887 4475; baseline 0.002 -18"><span class='ocrx_word' id='word_1_768' title='bbox 2289 4405 2428 4457; x_wconf 80' lang='lat' dir='ltr'><strong>verit</strong></span> <span class='ocrx_word' id='word_1_769' title='bbox 2453 4404 2616 4474; x_wconf 92' lang='lat' dir='ltr'><strong>(quod</strong></span> <span class='ocrx_word' id='word_1_770' title='bbox 2647 4404 2762 4472; x_wconf 91' lang='lat' dir='ltr'><strong>ipse</strong></span> <span class='ocrx_word' id='word_1_771' title='bbox 2788 4403 3001 4473; x_wconf 85' lang='lat' dir='ltr'><strong>quidem</strong></span> <span class='ocrx_word' id='word_1_772' title='bbox 3028 4403 3196 4472; x_wconf 89' lang='lat' dir='ltr'><strong>Epist.</strong></span> <span class='ocrx_word' id='word_1_773' title='bbox 3220 4401 3433 4458; x_wconf 80' lang='lat' dir='ltr'><strong>XXVII.</strong></span> <span class='ocrx_word' id='word_1_774' title='bbox 3461 4413 3517 4458; x_wconf 87' lang='lat' dir='ltr'><strong>et</strong></span> <span class='ocrx_word' id='word_1_775' title='bbox 3542 4405 3593 4458; x_wconf 92' lang='lat' dir='ltr'><strong>in</strong></span> <span class='ocrx_word' id='word_1_776' title='bbox 3612 4402 3887 4475; x_wconf 82' lang='lat' dir='ltr'><strong>Catalogo</strong></span> 
     </span>
    </p>
   </div>
   <div class='ocr_carea' id='block_1_105' title="bbox 2291 4493 3887 4564">
    <p class='ocr_par' dir='ltr' id='par_1_105' title="bbox 2291 4493 3887 4564">
     <span class='ocr_line' id='line_1_105' title="bbox 2291 4493 3887 4564; baseline 0 -14"><span class='ocrx_word' id='word_1_777' title='bbox 2291 4496 2484 4563; x_wconf 83' lang='lat' dir='ltr'><strong>innuit)</strong></span> <span class='ocrx_word' id='word_1_778' title='bbox 2515 4494 2568 4548; x_wconf 92' lang='lat' dir='ltr'><strong>in</strong></span> <span class='ocrx_word' id='word_1_779' title='bbox 2601 4496 2817 4564; x_wconf 71' lang='lat' dir='ltr'><strong>praeﬁxa</strong></span> <span class='ocrx_word' id='word_1_780' title='bbox 2847 4494 3057 4549; x_wconf 90' lang='lat' dir='ltr'><strong>decimo</strong></span> <span class='ocrx_word' id='word_1_781' title='bbox 3084 4508 3306 4564; x_wconf 90' lang='lat' dir='ltr'><strong>operum</strong></span> <span class='ocrx_word' id='word_1_782' title='bbox 3335 4495 3454 4562; x_wconf 90' lang='lat' dir='ltr'><strong>ejus</strong></span> <span class='ocrx_word' id='word_1_783' title='bbox 3474 4493 3644 4550; x_wconf 83' lang='lat' dir='ltr'><strong>Temo</strong></span> <span class='ocrx_word' id='word_1_784' title='bbox 3665 4493 3887 4550; x_wconf 72' lang='lat' dir='ltr'><strong>Priefa-</strong></span> 
     </span>
    </p>
   </div>
   <div class='ocr_carea' id='block_1_106' title="bbox 2289 4585 3522 4654">
    <p class='ocr_par' dir='ltr' id='par_1_106' title="bbox 2289 4585 3522 4654">
     <span class='ocr_line' id='line_1_106' title="bbox 2289 4585 3522 4654; baseline -0.002 -14"><span class='ocrx_word' id='word_1_785' title='bbox 2289 4588 2433 4640; x_wconf 90' lang='lat' dir='ltr'><strong>tione</strong></span> <span class='ocrx_word' id='word_1_786' title='bbox 2461 4597 2640 4640; x_wconf 91' lang='lat' dir='ltr'><strong>nostra</strong></span> <span class='ocrx_word' id='word_1_787' title='bbox 2666 4585 2994 4654; x_wconf 88' lang='lat' dir='ltr'><strong>disputatum</strong></span> <span class='ocrx_word' id='word_1_788' title='bbox 3026 4594 3128 4641; x_wconf 89' lang='lat' dir='ltr'><strong>est.</strong></span> <span class='ocrx_word' id='word_1_789' title='bbox 3519 4617 3522 4620; x_wconf 80' lang='lat'><strong><em>~</em></strong></span> 
     </span>
    </p>
   </div>
   <div class='ocr_carea' id='block_1_107' title="bbox 2359 4628 3954 4745">
    <p class='ocr_par' dir='ltr' id='par_1_107' title="bbox 2359 4628 3954 4745">
     <span class='ocr_line' id='line_1_107' title="bbox 2359 4628 3954 4745; baseline -0.001 -15"><span class='ocrx_word' id='word_1_790' title='bbox 2359 4675 2446 4730; x_wconf 82' lang='lat' dir='ltr'><strong>Vl.</strong></span> <span class='ocrx_word' id='word_1_791' title='bbox 2478 4676 2714 4730; x_wconf 80' lang='lat' dir='ltr'><strong>Sublatis</strong></span> <span class='ocrx_word' id='word_1_792' title='bbox 2740 4628 3148 4745; x_wconf 73' lang='lat' dir='ltr'><strong>Evangeliorum</strong></span> <span class='ocrx_word' id='word_1_793' title='bbox 3176 4674 3455 4731; x_wconf 89' lang='lat' dir='ltr'><strong>erroribus</strong></span> <span class='ocrx_word' id='word_1_794' title='bbox 3476 4714 3492 4738; x_wconf 91' lang='lat'><strong>,</strong></span> <span class='ocrx_word' id='word_1_795' title='bbox 3526 4673 3733 4739; x_wconf 72' lang='lat' dir='ltr'><strong>Raram,</strong></span> <span class='ocrx_word' id='word_1_796' title='bbox 3782 4675 3886 4730; x_wconf 85' lang='lat' dir='ltr'><strong>iti-</strong></span> <span class='ocrx_word' id='word_1_797' title='bbox 3939 4628 3954 4702; x_wconf 51' lang='grc' dir='ltr'><strong><em>ἱ</em></strong></span> 
     </span>
    </p>
   </div>
   <div class='ocr_carea' id='block_1_108' title="bbox 2285 4764 3888 4837">
    <p class='ocr_par' dir='ltr' id='par_1_108' title="bbox 2285 4764 3888 4837">
     <span class='ocr_line' id='line_1_108' title="bbox 2285 4764 3888 4837; baseline 0 -17"><span class='ocrx_word' id='word_1_798' title='bbox 2285 4767 2408 4821; x_wconf 86' lang='lat' dir='ltr'><strong>dein</strong></span> <span class='ocrx_word' id='word_1_799' title='bbox 2431 4807 2448 4832; x_wconf 93' lang='lat'><strong>,</strong></span> <span class='ocrx_word' id='word_1_800' title='bbox 2490 4764 2798 4820; x_wconf 70' lang='lat' dir='ltr'><strong>Psalterium</strong></span> <span class='ocrx_word' id='word_1_801' title='bbox 2836 4767 2991 4837; x_wconf 74' lang='lat' dir='ltr'><strong>juxta</strong></span> <span class='ocrx_word' id='word_1_802' title='bbox 3033 4765 3376 4835; x_wconf 81' lang='lat' dir='ltr'><strong>Septuaginta</strong></span> <span class='ocrx_word' id='word_1_803' title='bbox 3403 4764 3712 4834; x_wconf 81' lang='lat' dir='ltr'><strong>lnterprctes</strong></span> <span class='ocrx_word' id='word_1_804' title='bbox 3741 4764 3888 4822; x_wconf 81' lang='lat' dir='ltr'><strong>licet</strong></span> 
     </span>
    </p>
   </div>
   <div class='ocr_carea' id='block_1_109' title="bbox 2283 4855 3884 4926">
    <p class='ocr_par' dir='ltr' id='par_1_109' title="bbox 2283 4855 3884 4926">
     <span class='ocr_line' id='line_1_109' title="bbox 2283 4855 3884 4926; baseline 0 -15"><span class='ocrx_word' id='word_1_805' title='bbox 2283 4857 2470 4912; x_wconf 81' lang='lat' dir='ltr'><strong>cursim</strong></span> <span class='ocrx_word' id='word_1_806' title='bbox 2489 4898 2504 4923; x_wconf 94' lang='lat'><strong>,</strong></span> <span class='ocrx_word' id='word_1_807' title='bbox 2552 4874 2738 4926; x_wconf 87' lang='lat' dir='ltr'><strong>magna</strong></span> <span class='ocrx_word' id='word_1_808' title='bbox 2781 4867 2947 4912; x_wconf 84' lang='lat' dir='ltr'><strong>tamen</strong></span> <span class='ocrx_word' id='word_1_809' title='bbox 2973 4873 3038 4912; x_wconf 75' lang='lat' dir='ltr'><strong>ea:</strong></span> <span class='ocrx_word' id='word_1_810' title='bbox 3065 4867 3206 4925; x_wconf 81' lang='lat' dir='ltr'><strong>parte</strong></span> <span class='ocrx_word' id='word_1_811' title='bbox 3229 4855 3597 4911; x_wconf 82' lang='lat' dir='ltr'><strong>emendandum</strong></span> <span class='ocrx_word' id='word_1_812' title='bbox 3623 4860 3884 4924; x_wconf 85' lang='lat' dir='ltr'><strong>suscepit</strong></span> 
     </span>
    </p>
   </div>
   <div class='ocr_carea' id='block_1_110' title="bbox 2289 4945 3884 5021">
    <p class='ocr_par' dir='ltr' id='par_1_110' title="bbox 2289 4945 3884 5021">
     <span class='ocr_line' id='line_1_110' title="bbox 2289 4945 3884 5021; baseline -0.002 -17"><span class='ocrx_word' id='word_1_813' title='bbox 2289 4951 2531 5021; x_wconf 73' lang='lat' dir='ltr'><strong>(Prwfat.</strong></span> <span class='ocrx_word' id='word_1_814' title='bbox 2575 4949 2630 5002; x_wconf 81' lang='lat' dir='ltr'><strong>in</strong></span> <span class='ocrx_word' id='word_1_815' title='bbox 2658 4948 2826 5002; x_wconf 83' lang='lat' dir='ltr'><strong>Psalt.</strong></span> <span class='ocrx_word' id='word_1_816' title='bbox 2851 4965 2915 5002; x_wconf 76' lang='lat' dir='ltr'><strong>ea:</strong></span> <span class='ocrx_word' id='word_1_817' title='bbox 2942 4947 3166 5016; x_wconf 76' lang='lat' dir='ltr'><strong>Graec).</strong></span> <span class='ocrx_word' id='word_1_818' title='bbox 3192 4948 3266 5002; x_wconf 90' lang='lat' dir='ltr'><strong>Ea</strong></span> <span class='ocrx_word' id='word_1_819' title='bbox 3299 4962 3438 5002; x_wconf 91' lang='lat' dir='ltr'><strong>nunc</strong></span> <span class='ocrx_word' id='word_1_820' title='bbox 3478 4945 3724 5001; x_wconf 86' lang='lat' dir='ltr'><strong>recensio</strong></span> <span class='ocrx_word' id='word_1_821' title='bbox 3757 4946 3884 5001; x_wconf 83' lang='lat' dir='ltr'><strong>Ro-</strong></span> 
     </span>
    </p>
   </div>
   <div class='ocr_carea' id='block_1_111' title="bbox 2283 5035 3884 5107">
    <p class='ocr_par' dir='ltr' id='par_1_111' title="bbox 2283 5035 3884 5107">
     <span class='ocr_line' id='line_1_111' title="bbox 2283 5035 3884 5107; baseline -0.001 -15"><span class='ocrx_word' id='word_1_822' title='bbox 2283 5055 2489 5093; x_wconf 82' lang='lat' dir='ltr'><strong>manum</strong></span> <span class='ocrx_word' id='word_1_823' title='bbox 2520 5035 2822 5092; x_wconf 77' lang='lat' dir='ltr'><strong>Psalterium</strong></span> <span class='ocrx_word' id='word_1_824' title='bbox 2847 5038 3013 5104; x_wconf 87' lang='lat' dir='ltr'><strong>audit,</strong></span> <span class='ocrx_word' id='word_1_825' title='bbox 3037 5037 3176 5107; x_wconf 91' lang='lat' dir='ltr'><strong>quod</strong></span> <span class='ocrx_word' id='word_1_826' title='bbox 3197 5038 3310 5093; x_wconf 88' lang='lat' dir='ltr'><strong>sive</strong></span> <span class='ocrx_word' id='word_1_827' title='bbox 3335 5037 3566 5102; x_wconf 86' lang='lat' dir='ltr'><strong>Damasi,</strong></span> <span class='ocrx_word' id='word_1_828' title='bbox 3590 5037 3705 5090; x_wconf 88' lang='lat' dir='ltr'><strong>sive</strong></span> <span class='ocrx_word' id='word_1_829' title='bbox 3730 5037 3884 5091; x_wconf 84' lang='lat' dir='ltr'><strong>alio-</strong></span> 
     </span>
    </p>
   </div>
   <div class='ocr_carea' id='block_1_112' title="bbox 2281 5127 3884 5198">
    <p class='ocr_par' dir='ltr' id='par_1_112' title="bbox 2281 5127 3884 5198">
     <span class='ocr_line' id='line_1_112' title="bbox 2281 5127 3884 5198; baseline -0.002 -13"><span class='ocrx_word' id='word_1_830' title='bbox 2281 5146 2400 5185; x_wconf 86' lang='lat' dir='ltr'><strong>rum</strong></span> <span class='ocrx_word' id='word_1_831' title='bbox 2425 5130 2494 5184; x_wconf 89' lang='lat' dir='ltr'><strong>de</strong></span> <span class='ocrx_word' id='word_1_832' title='bbox 2518 5128 2663 5184; x_wconf 87' lang='lat' dir='ltr'><strong>Urbe</strong></span> <span class='ocrx_word' id='word_1_833' title='bbox 2693 5129 2988 5182; x_wconf 90' lang='lat' dir='ltr'><strong>amicorum</strong></span> <span class='ocrx_word' id='word_1_834' title='bbox 3033 5137 3242 5198; x_wconf 83' lang='lat' dir='ltr'><strong>rogatu,</strong></span> <span class='ocrx_word' id='word_1_835' title='bbox 3275 5129 3327 5181; x_wconf 92' lang='lat' dir='ltr'><strong>in</strong></span> <span class='ocrx_word' id='word_1_836' title='bbox 3356 5128 3475 5196; x_wconf 87' lang='lat' dir='ltr'><strong>ejus</strong></span> <span class='ocrx_word' id='word_1_837' title='bbox 3501 5137 3649 5181; x_wconf 90' lang='lat' dir='ltr'><strong>certe</strong></span> <span class='ocrx_word' id='word_1_838' title='bbox 3678 5127 3884 5182; x_wconf 79' lang='lat' dir='ltr'><strong>Eccle-</strong></span> 
     </span>
    </p>
   </div>
   <div class='ocr_carea' id='block_1_113' title="bbox 2278 5217 3856 5291">
    <p class='ocr_par' dir='ltr' id='par_1_113' title="bbox 2278 5217 3856 5291">
     <span class='ocr_line' id='line_1_113' title="bbox 2278 5217 3856 5291; baseline -0.001 -16"><span class='ocrx_word' id='word_1_839' title='bbox 2278 5221 2375 5275; x_wconf 67' lang='lat' dir='ltr'><strong>sia:</strong></span> <span class='ocrx_word' id='word_1_840' title='bbox 2401 5221 2623 5291; x_wconf 85' lang='lat' dir='ltr'><strong>gratiam</strong></span> <span class='ocrx_word' id='word_1_841' title='bbox 2651 5229 2811 5289; x_wconf 83' lang='lat' dir='ltr'><strong>atque</strong></span> <span class='ocrx_word' id='word_1_842' title='bbox 2840 5234 2995 5274; x_wconf 91' lang='lat' dir='ltr'><strong>usum</strong></span> <span class='ocrx_word' id='word_1_843' title='bbox 3029 5218 3188 5273; x_wconf 89' lang='lat' dir='ltr'><strong>fuerit</strong></span> <span class='ocrx_word' id='word_1_844' title='bbox 3213 5233 3243 5270; x_wconf 88' lang='lat' dir='ltr'><strong>a</strong></span> <span class='ocrx_word' id='word_1_845' title='bbox 3277 5217 3605 5286; x_wconf 82' lang='lat' dir='ltr'><strong>Hieronymo</strong></span> <span class='ocrx_word' id='word_1_846' title='bbox 3625 5217 3856 5274; x_wconf 82' lang='lat' dir='ltr'><strong>elabora</strong></span> 
     </span>
    </p>
   </div>
   <div class='ocr_carea' id='block_1_114' title="bbox 2279 5309 3884 5368">
    <p class='ocr_par' dir='ltr' id='par_1_114' title="bbox 2279 5309 3884 5368">
     <span class='ocr_line' id='line_1_114' title="bbox 2279 5309 3884 5368; baseline 0.001 -1"><span class='ocrx_word' id='word_1_847' title='bbox 2279 5323 2412 5368; x_wconf 91' lang='lat' dir='ltr'><strong>tum.</strong></span> <span class='ocrx_word' id='word_1_848' title='bbox 2456 5313 2531 5366; x_wconf 85' lang='lat' dir='ltr'><strong>Ea</strong></span> <span class='ocrx_word' id='word_1_849' title='bbox 2571 5314 2736 5365; x_wconf 91' lang='lat' dir='ltr'><strong>utitur</strong></span> <span class='ocrx_word' id='word_1_850' title='bbox 2764 5311 3054 5365; x_wconf 88' lang='lat' dir='ltr'><strong>etiamnum</strong></span> <span class='ocrx_word' id='word_1_851' title='bbox 3098 5309 3284 5364; x_wconf 67' lang='lat' dir='ltr'><strong>Roma:</strong></span> <span class='ocrx_word' id='word_1_852' title='bbox 3319 5309 3568 5364; x_wconf 84' lang='lat' dir='ltr'><strong>Vaticana</strong></span> <span class='ocrx_word' id='word_1_853' title='bbox 3609 5309 3884 5368; x_wconf 84' lang='lat' dir='ltr'><strong>Basilica.</strong></span> 
     </span>
    </p>
   </div>
   <div class='ocr_carea' id='block_1_115' title="bbox 2278 5399 3878 5472">
    <p class='ocr_par' dir='ltr' id='par_1_115' title="bbox 2278 5399 3878 5472">
     <span class='ocr_line' id='line_1_115' title="bbox 2278 5399 3878 5472; baseline -0.001 -14"><span class='ocrx_word' id='word_1_854' title='bbox 2278 5403 2356 5458; x_wconf 84' lang='lat' dir='ltr'><strong>De</strong></span> <span class='ocrx_word' id='word_1_855' title='bbox 2381 5402 2482 5456; x_wconf 89' lang='lat' dir='ltr'><strong>alia</strong></span> <span class='ocrx_word' id='word_1_856' title='bbox 2508 5417 2676 5472; x_wconf 87' lang='lat' dir='ltr'><strong>eaque</strong></span> <span class='ocrx_word' id='word_1_857' title='bbox 2701 5402 2924 5454; x_wconf 92' lang='lat' dir='ltr'><strong>multum</strong></span> <span class='ocrx_word' id='word_1_858' title='bbox 2963 5399 3296 5455; x_wconf 88' lang='lat' dir='ltr'><strong>accuratiore</strong></span> <span class='ocrx_word' id='word_1_859' title='bbox 3324 5399 3665 5467; x_wconf 85' lang='lat' dir='ltr'><strong>postmodum</strong></span> <span class='ocrx_word' id='word_1_860' title='bbox 3693 5400 3878 5458; x_wconf 80' lang='lat' dir='ltr'><strong>ador—</strong></span> 
     </span>
    </p>
   </div>
   <div class='ocr_carea' id='block_1_116' title="bbox 2276 5490 3871 5561">
    <p class='ocr_par' dir='ltr' id='par_1_116' title="bbox 2276 5490 3871 5561">
     <span class='ocr_line' id='line_1_116' title="bbox 2276 5490 3871 5561; baseline -0.002 -10"><span class='ocrx_word' id='word_1_861' title='bbox 2276 5505 2398 5551; x_wconf 88' lang='lat' dir='ltr'><strong>nata</strong></span> <span class='ocrx_word' id='word_1_862' title='bbox 2424 5493 2491 5550; x_wconf 87' lang='lat' dir='ltr'><strong>ad</strong></span> <span class='ocrx_word' id='word_1_863' title='bbox 2520 5493 2764 5549; x_wconf 67' lang='lat' dir='ltr'><strong>Griecum</strong></span> <span class='ocrx_word' id='word_1_864' title='bbox 2796 5491 3114 5561; x_wconf 82' lang='lat' dir='ltr'><strong>llexaplare,</strong></span> <span class='ocrx_word' id='word_1_865' title='bbox 3145 5504 3267 5544; x_wconf 91' lang='lat' dir='ltr'><strong>cum</strong></span> <span class='ocrx_word' id='word_1_866' title='bbox 3295 5490 3488 5556; x_wconf 87' lang='lat' dir='ltr'><strong>obelis,</strong></span> <span class='ocrx_word' id='word_1_867' title='bbox 3517 5501 3679 5560; x_wconf 89' lang='lat' dir='ltr'><strong>atque</strong></span> <span class='ocrx_word' id='word_1_868' title='bbox 3707 5503 3871 5548; x_wconf 86' lang='lat' dir='ltr'><strong>aste-</strong></span> 
     </span>
    </p>
   </div>
   <div class='ocr_carea' id='block_1_117' title="bbox 2275 5579 3892 5655">
    <p class='ocr_par' dir='ltr' id='par_1_117' title="bbox 2275 5579 3892 5655">
     <span class='ocr_line' id='line_1_117' title="bbox 2275 5579 3892 5655; baseline -0.001 -16"><span class='ocrx_word' id='word_1_869' title='bbox 2275 5586 2450 5648; x_wconf 89' lang='lat' dir='ltr'><strong>riscis,</strong></span> <span class='ocrx_word' id='word_1_870' title='bbox 2479 5583 2623 5654; x_wconf 84' lang='lat' dir='ltr'><strong>quod</strong></span> <span class='ocrx_word' id='word_1_871' title='bbox 2661 5581 2986 5636; x_wconf 80' lang='lat' dir='ltr'><strong>Gallicanam</strong></span> <span class='ocrx_word' id='word_1_872' title='bbox 3019 5579 3331 5634; x_wconf 83' lang='lat' dir='ltr'><strong>Psalterium</strong></span> <span class='ocrx_word' id='word_1_873' title='bbox 3359 5580 3588 5648; x_wconf 84' lang='lat' dir='ltr'><strong>dicitur;</strong></span> <span class='ocrx_word' id='word_1_874' title='bbox 3625 5582 3892 5655; x_wconf 75' lang='lat' dir='ltr'><strong>itemque</strong></span> 
     </span>
    </p>
   </div>
   <div class='ocr_carea' id='block_1_118' title="bbox 2271 5669 3890 5741">
    <p class='ocr_par' dir='ltr' id='par_1_118' title="bbox 2271 5669 3890 5741">
     <span class='ocr_line' id='line_1_118' title="bbox 2271 5669 3890 5741; baseline 0.004 -13"><span class='ocrx_word' id='word_1_875' title='bbox 2271 5676 2341 5730; x_wconf 88' lang='lat' dir='ltr'><strong>de</strong></span> <span class='ocrx_word' id='word_1_876' title='bbox 2367 5690 2506 5729; x_wconf 91' lang='lat' dir='ltr'><strong>nova</strong></span> <span class='ocrx_word' id='word_1_877' title='bbox 2532 5691 2599 5728; x_wconf 77' lang='lat' dir='ltr'><strong>ex</strong></span> <span class='ocrx_word' id='word_1_878' title='bbox 2641 5674 2846 5741; x_wconf 82' lang='lat' dir='ltr'><strong>integro</strong></span> <span class='ocrx_word' id='word_1_879' title='bbox 2886 5669 3324 5741; x_wconf 84' lang='lat' dir='ltr'><strong>interpretatione</strong></span> <span class='ocrx_word' id='word_1_880' title='bbox 3346 5685 3414 5726; x_wconf 79' lang='lat' dir='ltr'><strong>ex</strong></span> <span class='ocrx_word' id='word_1_881' title='bbox 3465 5671 3736 5732; x_wconf 76' lang='lat' dir='ltr'><strong>Hebraico</strong></span> <span class='ocrx_word' id='word_1_882' title='bbox 3781 5693 3890 5734; x_wconf 80' lang='lat' dir='ltr'><strong>ar-</strong></span> 
     </span>
    </p>
   </div>
   <div class='ocr_carea' id='block_1_119' title="bbox 2275 5764 3114 5836">
    <p class='ocr_par' dir='ltr' id='par_1_119' title="bbox 2275 5764 3114 5836">
     <span class='ocr_line' id='line_1_119' title="bbox 2275 5764 3114 5836; baseline -0.004 -17"><span class='ocrx_word' id='word_1_883' title='bbox 2275 5766 2522 5836; x_wconf 71' lang='lat' dir='ltr'><strong>chetypo,</strong></span> <span class='ocrx_word' id='word_1_884' title='bbox 2558 5764 2794 5820; x_wconf 86' lang='lat' dir='ltr'><strong>dicemus</strong></span> <span class='ocrx_word' id='word_1_885' title='bbox 2823 5764 2933 5818; x_wconf 89' lang='lat' dir='ltr'><strong>suis</strong></span> <span class='ocrx_word' id='word_1_886' title='bbox 2963 5764 3114 5818; x_wconf 84' lang='lat' dir='ltr'><strong>locis.</strong></span> 
     </span>
    </p>
   </div>
  </div>
