4048 6192
154 311 219 366 ιο
1425 326 1486 382 s.
1527 327 1709 383 IIIERt

1817 328 1907 384 {HI
1946 329 2131 385 VITA.
3357 350 3434 408 50

760 434 981 491 CAPUT
1019 436 1133 492 XV.

157 553 193 610 ἰ.
224 554 437 626 Cogitur
472 560 731 619 Romanas
760 566 951 636 aliquot
982 567 1214 638 Virgines
1241 587 1301 623 ac
1350 570 1615 626 Matronas
1648 590 1732 627 sa-

234 648 330 699 cris
358 649 522 704 literis
566 652 843 709 instituere.
889 658 954 712 ll.
985 658 1067 712 Ad
1092 678 1217 729 quas
1263 661 1432 732 plures
1482 662 1736 732 Epistolas

226 737 418 793 scribit.
464 741 555 796 III.
594 742 669 796 De
695 745 947 814 singulari
973 751 1065 803 illa
1094 750 1163 803 ad
1204 750 1559 818 Eustochium,
1590 770 1733 823 qua-

225 828 339 881 dam
364 847 615 888 seorsum.
639 834 727 889 IV.
755 836 797 888 Α
823 836 1043 893 Damaso
1065 842 1127 894 de
1140 843 1358 912 quinque
1375 844 1734 913 quaestionibus

223 918 560 992 interrogatus
606 927 897 990 respondet.
931 929 997 984 V.
1042 930 1331 987 Editiouem
1374 935 1571 1001 Aquila:
1620 952 1731 988 cum

224 1008 438 1068 llebrteo
482 1019 764 1086 exemplari
790 1024 986 1089 confert
1017 1037 1038 1069 .·
1081 1021 1334 1077 Homilias
1373 1042 1567 1095 quoque
1611 1025 1731 1080 Ori-

218 1104 357 1171 genis
397 1106 451 1158 in
496 1105 708 1161 Cantica
749 1109 1129 1179 interpretatur.
1183 1114 1266 1169 VI.
1320 1116 1507 1170 Scribit
1554 1128 1732 1170 contra

221 1190 539 1250 Helvidium.
574 1198 683 1252 ιτιι.
716 1200 831 1253 Alia
857 1203 1091 1270 quedam
1127 1206 1317 1273 scripta
1355 1207 1465 1276 ejus
1495 1216 1541 1260 et
1570 1218 1729 1277 gesta.

209 1344 252 1398 ι.
290 1345 402 1400 Τοι
431 1347 576 1404 inter
598 1351 771 1405 studia
793 1393 808 1416 ,
836 1363 892 1409 et
916 1355 1060 1424 quod
1088 1357 1254 1427 magis
1296 1359 1487 1413 mirum
1530 1370 1613 1415 est
1634 1402 1649 1427 ,
1680 1361 1733 1416 in

147 1443 283 1488 tanta
317 1435 484 1493 Urbis
512 1439 811 1511 frequentia
832 1485 848 1508 ,
877 1455 935 1500 et
958 1446 1167 1503 Summi
1212 1449 1483 1506 Pontiﬁcis
1522 1454 1691 1522 gratia
1714 1495 1730 1519 ,

142 1524 274 1577 nihil
323 1524 396 1580 de
426 1527 552 1581 vitae
579 1532 933 1599 austeritate,
962 1552 1122 1604 quam
1154 1539 1359 1606 pridem
1407 1542 1457 1594 in
1497 1540 1731 1597 Calcidis

141 1634 321 1673 eremo
354 1619 587 1687 inierat,
641 1622 999 1695 Hieronymus
1029 1630 1369 1695 remittebat;
1417 1646 1536 1684 nam
1566 1642 1619 1686 et
1648 1633 1729 1686 l'c-

140 1711 225 1765 bis
274 1714 656 1782 comusculum
705 1726 1006 1773 sustentare
1052 1721 1305 1783 solitum,
1350 1732 1404 1777 et
1451 1723 1621 1778 macie
1660 1737 1723 1777 ac

141 1806 339 1871 pallore
392 1804 719 1862 delectatum
776 1823 874 1875 se,
933 1827 1039 1865 non
1095 1828 1202 1867 uno
1265 1814 1384 1870 loco
1440 1814 1721 1883 proﬁtetur

139 1895 265 1963 (Ep.
298 1894 503 1967 XLV);
536 1907 595 1953 et
638 1900 680 1952 si
714 1902 802 1965 qui
850 1901 1113 1970 ejusmodi
1154 1906 1312 1959 vitam
1362 1907 1717 1960 miserrimam

142 1995 370 2052 putaret,
415 2003 509 2041 eos
539 1990 709 2044 multo
748 1991 1165 2049 miserabiliores
1205 1995 1564 2051 existimabat.
1598 1997 1717 2052 Ple-

139 2082 317 2147 risque
358 2091 537 2134 autem
583 2097 645 2135 ea
675 2081 743 2137 de
788 2098 973 2138 caussa
1025 2088 1278 2155 probatus
1320 2087 1456 2142 adeo
1493 2098 1609 2155 est,
1661 2100 1720 2143 ut

145 2169 339 2232 passim
370 2169 582 2225 audiret
612 2170 866 2238 Sanctus,
894 2175 1101 2230 humilis
1140 2193 1200 2229 ac
1227 2178 1454 2232 desertus
1477 2221 1493 2244 ,
1522 2190 1569 2233 et
1608 2197 1719 2233 om-

140 2259 273 2310 nium
304 2276 435 2327 pene
452 2261 653 2329 judicio
684 2263 869 2333 dignus
897 2280 1093 2319 summo
1122 2266 1421 2322 Sacerdotio
1458 2269 1718 2325 decerne-

139 2360 299 2405 retur.
331 2351 457 2406 Hmc
484 2368 612 2408 vero
637 2362 781 2410 tanta
810 2355 877 2410 de
903 2356 997 2411 illo
1036 2358 1217 2426 opinio
1250 2360 1480 2428 plurium
1520 2361 1717 2417 Matro-

140 2457 321 2497 narum
366 2446 542 2500 studia
588 2445 655 2501 ad
696 2450 1055 2516 capescendas
1102 2451 1363 2520 ejusmodi
1409 2454 1605 2519 vitam,
1653 2471 1717 2512 ac

138 2532 463 2601 disciplinas,
497 2536 569 2591 ita
600 2537 869 2602 excitavit,
900 2547 958 2593 ut
983 2540 1106 2595 licet
1134 2541 1247 2610 ipse
1277 2544 1563 2599 mulierum
1594 2561 1715 2600 con-

138 2624 291 2678 sortia
339 2641 632 2697 numquam
680 2644 785 2683 non
833 2638 1035 2685 attente
1080 2631 1389 2696 declinarit;
1439 2637 1713 2690 nonnullis

138 2723 303 2768 tamen
333 2715 493 2785 longe
530 2718 881 2771 sanctissimis
901 2758 916 2782 ,
944 2734 1065 2789 qua:
1094 2721 1145 2775 id
1175 2733 1491 2792 expeterent
1516 2742 1707 2795 supre-

137 2804 229 2858 mis
258 2805 543 2872 precibus,
576 2818 958 2875 prazccptorem
1001 2824 1061 2863 se
1107 2810 1158 2864 in
1197 2812 1590 2883 Scripturarum
1623 2818 1706 2871 in-

137 2898 419 2967 telligentia
448 2897 580 2954 dare
609 2910 830 2953 coactus
873 2909 975 2955 est.
1021 2900 1189 2956 Nulla
1214 2905 1333 2974 fuit,
1384 2907 1574 2976 inquit,
1603 2910 1708 2963 alia

136 2986 304 3042 Roma
331 2987 709 3053 Matrouarum,
758 3006 871 3060 qua
899 3008 1059 3046 meam
1090 3004 1254 3063 posset
1280 2995 1516 3050 edomare
1560 3015 1707 3052 men-

135 3087 252 3145 tem,
282 3077 387 3132 nisi
428 3080 641 3150 lugens,
672 3091 821 3151 atque
852 3084 1116 3153 jejunans,
1165 3087 1400 3155 squalens
1440 3090 1705 3158 sordibus,

134 3171 320 3236 ﬂetibus
353 3188 485 3240 pene
524 3183 745 3237 siccata,
774 3191 926 3243 quam
959 3179 1208 3234 continuis
1243 3181 1471 3243 noctibus
1512 3184 1678 3237 miseri
1697 3211 1707 3219 -

136 3264 350 3314 cordiam
404 3262 612 3316 Domini
652 3264 1002 3334 deprecantem
1044 3267 1142 3323 Sol
1180 3285 1314 3340 stupe
1353 3270 1705 3342 deprellendit.

136 3350 293 3406 Fuere
319 3362 505 3406 autem
537 3369 605 3408 ex
645 3353 730 3409 bis
758 3355 915 3409 Paula
940 3366 1131 3421 mater,
1165 3358 1419 3416 Romana:
1450 3362 1706 3417 nobilita-

134 3440 193 3493 tis
213 3453 260 3495 et
279 3444 502 3512 pietatis
528 3456 926 3509 ornamentum,
950 3447 1173 3518 ejusque
1196 3450 1301 3505 tilia
1333 3452 1703 3523 Eustochium,

133 3548 225 3599 qua
267 3535 416 3588 nulla
470 3534 525 3589 in
572 3535 1000 3609 llieronymianis
1044 3542 1255 3611 scriptis
1296 3546 1561 3601 celebrior
1598 3560 1702 3615 est,

134 3621 341 3680 Blesilla
394 3628 524 3682 item
565 3644 749 3693 soror,
795 3647 914 3701 quae
958 3644 1169 3687 mortuo
1198 3636 1389 3690 marito
1435 3646 1598 3694 totam
1645 3656 1705 3697 se

132 3715 233 3771 Deo
272 3729 654 3787 converterat,
706 3730 816 3776 tum
865 3723 972 3778 Lea
1019 3726 1415 3794 religiosissima
1467 3730 1702 3799 femina,

131 3816 272 3875 atque
294 3811 481 3865 Asella
510 3809 683 3880 virgo,
705 3827 825 3881 qua:
850 3812 1033 3868 Romae
1060 3815 1205 3869 velut
1230 3816 1282 3871 in
1313 3833 1497 3873 eremo
1525 3824 1706 3875 solita-

131 3897 248 3951 riam
277 3901 445 3954 vitam
477 3899 745 3971 degebat,
786 3902 1034 3958 Marcella
1075 3905 1307 3976 denique
1336 3909 1493 3964 vidua
1546 3911 1704 3983 longe

132 3989 471 4054 nobilissima,
504 3992 561 4046 in
588 3992 742 4062 cujus
765 3994 930 4059 mdes,
961 4005 1018 4050 ut
1045 3996 1423 4069 Hieronymum
1454 4000 1522 4056 de
1556 4002 1703 4058 Scri-

132 4084 281 4148 pturis
300 4086 663 4141 disserentem
687 4085 953 4149 audirent.
977 4088 1081 4143 illa:
1101 4097 1261 4160 atque
1284 4092 1405 4146 alite
1425 4093 1703 4163 Matrouzc,

130 4187 185 4225 ac
208 4174 455 4244 Virgines
495 4178 914 4233 conveniebant.
962 4179 1161 4235 Practer
1186 4181 1317 4237 istas
1354 4185 1549 4239 Albius
1590 4202 1704 4240 ma—

132 4273 220 4326 ter,
247 4266 559 4323 Marcellino
580 4278 637 4322 et
658 4267 931 4333 Felicitas,
959 4286 1092 4339 quas
1116 4273 1310 4326 salutat
1340 4273 1510 4343 Epist.
1532 4274 1700 4331 XLV.

132 4352 375 4426 Principia
403 4372 647 4427 quoque,
677 4373 838 4428 quam
882 4360 1122 4427 pluribus
1154 4362 1286 4417 locis
1315 4364 1555 4432 impense
1586 4366 1702 4420 lau-

128 4443 224 4507 ιιειι,
256 4457 309 4501 et
358 4449 631 4502 Feliciana
662 4465 820 4518 quam
869 4461 1258 4507 commemorat
1310 4454 1478 4523 Epist.
1531 4456 1703 4511 XXX.

130 4552 332 4599 quorum
377 4555 489 4593 una
520 4540 760 4595 omnium
790 4541 897 4601 vita
928 4553 1087 4612 atque
1111 4546 1374 4614 exemplis
1402 4546 1703 4603 Christiana

130 4638 203 4678 res
240 4628 396 4684 valde
440 4630 710 4685 illustrata
762 4641 863 4687 est.
898 4632 1178 4689 Nonnulla:
1218 4646 1395 4693 autem
1424 4654 1488 4694 ex
1521 4640 1603 4695 liis
1634 4642 1704 4696 ita

127 4729 182 4767 eo
211 4730 546 4788 prmceptore
589 4722 645 4775 in
683 4722 903 4777 scientia
933 4723 1331 4796 Scripturarum
1362 4733 1663 4787 excelluerc
1683 4773 1700 4797 ,

127 4814 174 4856 ut
198 4806 358 4863 Paula
406 4809 678 4864 Hebrtram
711 4813 940 4884 linguam
967 4827 1316 4883 personaret.
1343 4819 1555 4891 liliaque
1588 4824 1702 4891 ejus

128 4893 473 4955 Eustochium
503 4901 763 4958 Hebraico
789 4920 1001 4977 quoque
1042 4910 1205 4964 sciret
1231 4910 1443 4967 codices
1480 4915 1702 4971 nitidius

124 4990 469 5054 exscribere,
512 4992 723 5062 ipsaque
765 5011 920 5052 soror
962 4998 1082 5066 ejus
1134 5000 1361 5057 Biacsilla
1408 5003 1553 5059 brevi
1582 5007 1694 5075 jam

128 5075 304 5143 lingua:
339 5080 468 5150 ejus
496 5079 832 5140 difficultates
857 5088 1109 5154 vicisset,
1138 5100 1194 5145 et
1222 5091 1273 5146 in
1303 5093 1573 5151 discendis
1607 5112 1700 5152 ca-

127 5171 410 5241 nendisque
446 5171 707 5230 llebraice
753 5175 977 5233 Psalmis
1025 5196 1146 5236 cum
1194 5192 1364 5239 matre
1412 5190 1703 5244 contende-

127 5270 213 5311 ret.
259 5263 512 5318 Marcella
558 5279 688 5319 vero
737 5276 936 5324 tantam
981 5286 1047 5326 ex
1096 5273 1212 5340 ejus
1254 5277 1702 5345 praeeeptiouibus

126 5354 434 5408 sanctior-um
463 5353 871 5424 disciplinarum
906 5361 1145 5416 notitiam
1173 5365 1424 5428 baurivit,
1448 5375 1700 5435 quantum

127 5443 200 5494 vix
225 5442 382 5515 longo
410 5446 530 5516 ipse
556 5446 659 5501 sibi
710 5449 890 5504 studio
928 5466 991 5506 ac
1030 5453 1214 5509 labore
1250 5470 1596 5524 comparasse
1626 5455 1702 5508 fa-

132 5539 253 5588 lctur
278 5536 337 5594 S.
366 5537 552 5593 Pater.
587 5537 726 5601 Hoc,
760 5540 954 5610 inquit,
982 5544 1146 5597 solum
1172 5545 1361 5608 dicam,
1394 5544 1531 5612 quod
1556 5544 1704 5607 quid-

132 5625 231 5689 quid
254 5628 307 5681 in
338 5629 488 5683 robis
524 5629 681 5701 longo
729 5630 827 5700 fuit
852 5632 1023 5686 stadio
1049 5644 1430 5703 congregatum,
1464 5642 1510 5687 et
1538 5631 1701 5686 medi-

134 5716 290 5775 tatione
310 5721 562 5777 diuturna
586 5763 603 5791 ,
648 5723 800 5794 quasi
829 5723 882 5778 in
918 5734 1155 5778 naturam
1201 5739 1397 5779 versum
1420 5763 1436 5790 ,
1486 5723 1582 5776 hoc
1612 5720 1704 5775 illa

1845 443 2039 506 libavit,
2070 445 2169 498 hoc
2196 444 2395 511 didicit,
2422 457 2571 518 atque
2598 452 2814 516 possedit
2850 468 2867 505 :
2897 454 2971 507 ita
2998 466 3051 509 ut
3090 469 3202 527 post
3245 469 3421 533 prore.

1842 533 2060 585 ctionem
2088 543 2338 597 nostram,
2368 537 2413 589 si
2440 538 2503 591 de
2528 540 2700 608 aliqua
2741 543 3019 597 testimonio
3043 548 3420 618 Scriptqu

1841 630 1970 675 esset
2018 623 2198 677 oborta
2243 628 2527 691 contentio,
2579 630 2649 681 ad
2694 631 2837 684 illuni
2864 633 3091 703 judicent
3137 653 3419 710 pergeretur

1841 710 2033 781 (Epist.
2063 712 2375 786 CXXVII).
2403 718 2641 774 Aliarum
2665 720 2859 792 (neque
2889 726 3032 779 enim
3071 739 3217 783 vacat
3241 732 3419 801 singu-

1840 801 2010 858 larum
2037 803 2319 862 historiam
2351 813 2626 882 persequi)
2658 812 2795 869 baud
2825 816 3001 885 impar
3028 818 3235 876 indoles
3261 834 3419 894 atque

1835 894 2047 949 animus
2087 895 2186 951 fuit
2209 908 2266 953 et
2296 900 2566 969 profectus
2593 920 2609 956 :
2642 920 2835 962 omnes
2859 908 3005 962 enim
3038 910 3128 965 ille
3162 911 3230 967 ad
3258 915 3421 969 virtu-

1839 992 1942 1035 tem
1973 985 2261 1055 arrigebat,
2314 1005 2514 1060 perque
2543 994 2740 1048 multas
2769 998 3182 1056 exercitationes
3219 1010 3417 1060 tantam

1834 1074 2051 1129 edocuit
2092 1092 2369 1135 sacrarum
2409 1082 2710 1138 Liter-arum
2756 1086 3077 1155 scientiam,
3109 1104 3305 1162 quanta
3349 1098 3415 1150 ad

1838 1164 2127 1229 perfectam
2180 1184 2363 1225 earum
2420 1173 2909 1243 interpretationem
2959 1182 3075 1235 usui
3133 1194 3278 1239 esset
3330 1186 3413 1240 fu-

1839 1262 1976 1308 tura.

1908 1344 1968 1397 ll.
2001 1344 2166 1414 Cujus
2208 1365 2385 1421 opera:
2433 1356 2475 1407 is
2515 1356 2728 1412 demum
2758 1363 2960 1417 fructus
2987 1364 3054 1419 ad
3098 1383 3199 1421 nos
3242 1383 3410 1439 usque

1838 1436 2000 1497 venit.
2028 1448 2083 1491 ut
2112 1443 2399 1497 etiamnum
2427 1444 2683 1514 Epistolaz
2706 1450 2772 1504 ad
2802 1467 2893 1506 eas
2920 1456 3101 1510 multae
3132 1436 3408 1527 superent,

1832 1527 2025 1593 quibus
2046 1530 2348 1587 difﬁciliora
2370 1537 2614 1604 quaedam
2645 1532 2937 1609 Scriptura:
2978 1546 3092 1602 loca
3133 1565 3411 1619 exponun-

1830 1622 1935 1681 tur,
1967 1624 2107 1671 utea
2137 1620 2298 1675 modo
2325 1622 2429 1677 huc
2458 1624 2687 1681 referam
2708 1668 2722 1692 ,
2749 1645 2871 1700 qua:
2905 1634 2972 1687 ad
3007 1652 3191 1691 earum
3219 1651 3425 1708 postua

1828 1704 1931 1800 l_ata
1976 1708 2157 1764 Roma:
2180 1724 2238 1766 et
2275 1728 2373 1783 per
2400 1717 2565 1773 hocce
2596 1729 2805 1790 tempus
2831 1724 2899 1777 ab
2926 1741 2993 1780 eo
3031 1704 3234 1800 scripta
3258 1744 3403 1788 sunt.

1826 1794 1957 1887 Tres
1986 1797 2247 1857 habemus
2274 1804 2342 1859 ad
2377 1805 2616 1876 Paulam,
2645 1812 2711 1865 ad
2754 1812 3102 1872 Eustochium
3131 1794 3281 1887 duas,
3333 1827 3399 1879 ad

1825 1886 2127 1945 Marcellam
2180 1895 2465 1951 admodum
2529 1902 2799 1958 sexdecim
2854 1923 2869 1961 :
2920 1923 3052 1977 quas
3100 1929 3289 1967 omnes
3336 1918 3404 1971 ab

1822 1994 2047 2037 exeunte
2066 2000 2209 2039 anno
2234 1988 2340 2044 584
2366 1991 2431 2045 ad
2461 1992 2791 2063 insequentis
2833 1998 2945 2055 fere
2973 2004 3204 2057 medium
3232 2006 3398 2061 dedit.

1822 2072 1879 2128 In
1908 2074 2310 2148 Cbronologicis
2354 2083 2419 2136 ad
2458 2099 2551 2139 eas
2595 2086 2745 2143 Notis
2767 2090 2836 2145 de
2865 2091 3120 2162 liocipso,
3153 2098 3219 2152 ad
3258 2103 3397 2170 quod

1821 2176 2103 2232 Spectant,
2134 2172 2391 2240 temporis
2437 2174 2718 2233 intervallo
2742 2220 2756 2245 ,
2805 2181 2979 2251 deque
3022 2187 3209 2243 ordine
3239 2207 3397 2259 quem

1822 2256 1961 2311 inter
2002 2274 2061 2313 se
2106 2260 2177 2314 ob
2214 2264 2459 2319 eamdem
2487 2268 2659 2320 aetatis
2688 2274 3095 2341 praerogativam
3120 2256 3398 2347 obtinent,

1819 2351 1949 2405 satis
1968 2352 2130 2405 multa
2154 2352 2418 2423 disputata
2441 2371 2587 2423 sunt,
2613 2377 2732 2428 qua:
2758 2364 3016 2431 replicare
3042 2367 3161 2424 heic
3184 2372 3396 2442 iterum,

1822 2441 2031 2495 tametsi
2059 2444 2344 2512 quamdam
2399 2448 2681 2515 peculiaris
2734 2452 2853 2521 ejus
2902 2456 3139 2513 historia:
3191 2441 3399 2531 partem

1817 2535 2143 2600 contineant,
2170 2552 2341 2608 neque
2367 2548 2669 2596 nostrarum
2697 2547 2922 2613 partium
2944 2560 3047 2617 est,
3076 2568 3247 2623 neque
3269 2559 3392 2612 otii.

1814 2623 1884 2679 Et
1922 2627 2121 2681 scimus
2164 2639 2422 2697 pneterea
2468 2632 2632 2687 alium
2680 2634 2819 2692 inter
2855 2653 2949 2694 cas
2987 2640 3190 2698 institui
3235 2662 3392 2715 posse

1811 2714 2052 2769 ordinem
2080 2757 2096 2779 ,
2128 2716 2355 2775 fortasse
2383 2722 2543 2777 etiam
2591 2726 2808 2795 propius
2853 2729 2921 2784 ad
2962 2734 3072 2787 veri
3111 2738 3346 2803 speciem
3372 2781 3388 2803 ,

1810 2806 1988 2873 priore
2017 2807 2106 2861 illa
2140 2809 2212 2863 ad
2246 2809 2594 2867 Eustochium
2617 2856 2639 2884 ,τ
2664 2832 2784 2885 qua:
2812 2834 3093 2877 numerum
3122 2825 3173 2878 in
3207 2842 3393 2881 recen-

1811 2896 1961 2951 sione
1989 2907 2168 2952 nustra
2206 2900 2371 2956 XXII.
2401 2903 2608 2957 obtinet
2636 2905 2799 2959 relata
2841 2909 2907 2961 ad
2946 2913 3071 2965 anni
3118 2914 3234 2981 ejus
3285 2918 3389 2971 384

1809 2984 2094 3041 Octobrem
2150 3000 2240 3043 aut
2282 2992 2640 3046 Novembrem
2707 3010 2969 3051 mensem.
3017 2999 3123 3055 Sed
3180 3006 3392 3071 quando

1809 3076 2003 3146 conjici
2044 3080 2097 3132 iu
2139 3079 2281 3134 aliud
2313 3081 2381 3135 ab
2410 3096 2477 3136 eo
2516 3083 2660 3149 quod
2705 3082 2973 3152 diximus,
3027 3097 3238 3159 tempus
3283 3110 3393 3151 non

1810 3177 2059 3238 possunt,
2087 3178 2141 3224 et
2167 3171 2251 3224 vix
2283 3170 2468 3227 decem
2498 3174 2673 3243 spatio
2702 3177 2964 3232 mensium
3002 3194 3193 3238 omnes
3216 3189 3391 3242 contio

1812 3268 2006 3313 nentur
2034 3274 2049 3311 :
2090 3275 2196 3313 non
2228 3260 2438 3316 videtur
2467 3278 2498 3318 e
2545 3278 2607 3319 re
2650 3274 2831 3320 nostra
2864 3277 2955 3323 aut
2989 3270 3233 3330 Lectoris
3268 3291 3391 3333 esse

1811 3350 1928 3405 istis
1972 3352 2225 3406 momenti
2255 3367 2508 3422 perquam
2540 3357 2716 3427 exigui
2746 3360 3044 3418 rationibus
3086 3365 3383 3426 immorari.

1810 3443 2034 3499 Praestat
2071 3444 2140 3499 ab
2166 3445 2265 3502 bac
2314 3449 2569 3517 temporis
2614 3454 2889 3509 notatione
2936 3456 3189 3528 colligere
3218 3462 3384 3532 (quod

1807 3534 1874 3588 ad
1921 3535 2236 3592 modestiam
2294 3537 2600 3611 Hier-anymi
2651 3543 3045 3611 prmdicandam
3096 3551 3383 3619 plurimum

1812 3626 2050 3695 interest)
2081 3642 2203 3682 eum
2233 3630 2443 3684 nonnisi
2489 3647 2616 3687 sero
2638 3634 2941 3689 admodum
2973 3641 3237 3698 ventitare
3268 3658 3389 3711 pas~

1808 3733 1924 3771 sum
1950 3717 2015 3772 ad
2053 3733 2113 3774 se
2141 3719 2398 3774 mulieres
2425 3720 2663 3775 discendi
2701 3725 2870 3791 gratia
2905 3744 2919 3778 :
2949 3741 3049 3781 nec
3076 3733 3291 3799 proprie
3317 3736 3384 3789 ad

1809 3822 1897 3869 sc,
1926 3806 2020 3861 sed
2048 3808 2098 3862 in
2125 3808 2269 3863 aedes
2297 3808 2562 3863 Marcella:
2594 3810 2972 3876 nobilissimae,
3006 3819 3386 3875 sanctissima:-

1807 3914 1911 3967 que
1938 3898 2133 3965 viduae,
2161 3900 2214 3954 in
2242 3900 2439 3969 quibus
2472 3900 2584 3969 ipse
2618 3901 2985 3971 liospitabatur
3014 3921 3028 3959 :
3060 3921 3234 3977 neque
3260 3920 3393 3967 ante

1808 4007 1899 4046 cas
1928 3992 1981 4046 in
2020 3992 2350 4062 disciplinam
2381 3995 2686 4063 excepisse,
2726 4011 2886 4066 quam
2927 3998 3257 4068 singularum
3283 4002 3387 4059 sibi

1808 4090 1952 4136 esset
1979 4082 2146 4136 virtus
2173 4083 2471 4151 explorata,
2505 4094 2690 4153 utpote
2732 4086 2823 4154 qui
2868 4090 3085 4156 proprio
3113 4091 3241 4145 olim
3274 4092 3382 4147 for-

1811 4172 1967 4226 tassis
1992 4171 2227 4239 periculo
2253 4173 2535 4227 verebatur
2553 4214 2569 4238 ,
2618 4189 2685 4227 ne
2711 4190 2776 4228 es
2808 4176 3070 4245 frequenti
3100 4181 3383 4237 mulierum

1807 4267 2085 4321 consortio
2130 4264 2197 4319 ad
2245 4266 2571 4335 voluptatem
2622 4266 2989 4335 impelleretur
3040 4268 3235 4335 homo,
3293 4275 3383 4343 qui

1807 4358 1985 4412 omnia
2015 4372 2123 4426 przc
2143 4357 2398 4411 castitatis
2422 4356 2598 4410 studio
2618 4358 2977 4425 postputabat.
2996 4358 3180 4417 Serius
3205 4361 3384 4421 adhuc

1810 4449 1977 4503 multo
2004 4447 2222 4502 domum
2268 4443 2325 4502 S.
2374 4446 2552 4501 Paula:
2597 4447 2774 4516 novit,
2822 4459 2878 4504 ut
2907 4464 2971 4503 ex
3016 4449 3188 4522 Epist.
3219 4452 3403 4521 XLV.

1809 4551 2141 4611 compertum
2172 4547 2274 4593 est.

1878 4633 1965 4688 III.
2009 4633 2243 4702 idipsum
2284 4645 2352 4687 ex
2398 4630 2561 4687 XXII.
2608 4630 2674 4687 ad
2706 4631 3049 4689 Eustochium
3088 4635 3372 4699 discimus.

1805 4742 1927 4796 qua:
1967 4726 2197 4780 tnaxima
2244 4725 2774 4798 llieronymianarum
2806 4743 2997 4784 caussa
3050 4729 3376 4784 vicissitudi-

1808 4833 1933 4872 num
1999 4816 2133 4881 l'uit,
2187 4825 2374 4886 estque
2422 4816 2556 4871 adeo
2620 4819 2893 4887 sigillatim
2946 4819 3253 4872 recolenda.
3307 4816 3385 4872 Ibi

1804 4910 1865 4967 S.
1898 4911 2057 4965 Pater
2097 4908 2229 4964 nihil
2271 4922 2458 4963 eorum
2484 4923 2601 4976 qua:
2629 4908 2696 4961 ad
2725 4908 2946 4975 virginis
2973 4905 3380 4971 institutionem,

1804 5011 1861 5057 et
1905 5000 2260 5071 virginitatem
2312 4996 2627 5052 servandam
2684 4997 2994 5065 pertinent,
3045 4998 3385 5064 przetermisit

1807 5101 2193 5161 praeceptorum
2237 5087 2306 5143 de
2353 5086 2477 5156 fuga
2524 5085 2704 5139 εωεωί
2725 5124 2742 5150 ,
2788 5084 2857 5138 de
2885 5084 3025 5138 victu
3050 5124 3066 5148 ,
3097 5099 3161 5138 ac
3188 5087 3383 5141 vestitu

1804 5182 1968 5247 frugi,
1990 5182 2057 5235 de
2076 5178 2333 5234 cavendis
2349 5176 2675 5230 Clericorum
2701 5173 2903 5243 aliquot
2927 5183 2981 5229 et
3000 5173 3379 5230 Monacborum

1806 5271 1986 5328 vitiis.
2032 5267 2252 5321 avaritia
2307 5264 2601 5333 przcsertim
2645 5270 2702 5316 et
2746 5262 2909 5333 gula,
2958 5263 3027 5317 de
3057 5263 3377 5319 Sanctorum

1806 5360 2068 5429 exemplis
2087 5398 2103 5421 ,
2135 5354 2312 5409 studio
2338 5353 2732 5422 Scripturarum
2752 5394 2766 5418 ,
2796 5362 2956 5424 atque
2981 5355 3135 5420 aliis,
3164 5371 3283 5425 quae
3312 5356 3383 5413 ibi

1807 5453 2024 5522 copiose
2075 5456 2236 5515 atque
2286 5454 2475 5499 ornate
2536 5444 2708 5515 siquid
2753 5445 2887 5501 alias
2928 5446 3194 5503 edisserit.
3249 5447 3380 5505 Tant

1806 5543 2036 5605 ermlita,
2066 5549 2278 5606 tamque
2307 5539 2522 5608 elegans
2542 5578 2557 5603 ,
2604 5553 2891 5609 rerumque
2915 5549 2970 5597 et
2994 5540 3379 5597 sententiarum

1810 5632 2046 5705 pondere
2070 5628 2249 5699 gravis
2287 5629 2396 5683 visa
2426 5640 2507 5686 est
2527 5670 2544 5697 ,
2586 5640 2639 5685 ιιι
2677 5646 2794 5687 eam
2823 5631 3159 5699 Sophronius
3188 5632 3379 5687 Hiero-

1809 5720 1953 5794 nymi
1983 5719 2185 5776 amicus
2211 5718 2423 5789 dignam
2444 5719 2679 5790 duxerit,
2700 5737 2857 5794 quam
2885 5722 2943 5779 in
2956 5722 3199 5780 Graecum
3221 5727 3385 5772 trans-
