4048 6192
643 363 704 422 5i
1907 363 1962 416 S.
2006 361 2221 416 lllEllO.

2326 361 2382 415 ill
2427 361 2606 416 VITA.
3839 377 3908 444 53

647 479 831 534 ferret.
883 477 1231 532 Nihilominus
1274 484 1526 544 quantam
1571 489 1634 529 cx
1681 490 1779 539 ea,
1844 485 1899 529 et
1946 463 2219 529 consortio

645 573 926 626 mulierum
959 572 1010 624 in
1038 585 1096 622 se
1124 571 1327 622 acuerit
1359 568 1610 622 invidiam
1640 567 1695 621 in
1726 567 1972 622 maledica
1997 568 2215 640 civitate,

640 673 687 714 et
717 662 770 715 in
793 660 933 726 urbe,
969 659 1021 710 in
1053 674 1152 727 qua
1177 658 1311 711 orbis
1336 659 1592 727 quondam
1619 657 1838 727 populus
1864 658 1985 727 fuit,
2016 658 2216 728 palma-

637 751 1029 818 (planitiarum,
1079 761 1135 803 et
1181 764 1314 818 quas
1357 750 1660 805 inimicitias
1691 751 2010 815 incurrerit,
2057 750 2220 821 paulo

640 849 758 907 post
801 839 950 908 juxta
979 855 1158 894 rerttm
1190 841 1383 894 seriem
1411 855 1761 909 exponemus.
1796 841 2054 896 Addimus
2080 841 2218 896 inte-

639 932 738 984 rim
786 945 891 984 non
920 931 1048 984 solis
1078 947 1196 984 eum
1220 969 1236 996 ,
1269 941 1325 984 ut
1353 932 1427 984 ait
1452 972 1466 994 ,
1499 931 1702 986 crebris
1728 930 2007 1002 Virginum
2048 932 2218 987 turbis

637 1019 956 1074 circumdari
985 1021 1226 1087 solitum,
1256 1037 1375 1090 qua:
1398 1021 1465 1075 de
1487 1021 1777 1089 Scripturis
1805 1023 2218 1092 interrogarent,

637 1121 690 1163 ιιι
734 1126 1018 1181 capessere
1061 1112 1356 1166 sanctiores
1400 1111 1715 1178 disciplinas
1763 1113 1994 1176 vellent,
2044 1111 2223 1167 sedet

639 1217 783 1254 viros
813 1202 1098 1256 nonnullos
1119 1203 1406 1266 exstitisse,
1427 1217 1563 1268 quos
1585 1205 1700 1269 ipse
1721 1202 1949 1268 Danieli,
1974 1204 2216 1267 Ananitc,

641 1293 879 1354 Marias,
933 1301 989 1346 et
1034 1292 1236 1368 Misaeli
1284 1293 1333 1345 in
1383 1292 1652 1362 Babylone
1695 1303 2003 1362 comparat,
2054 1309 2220 1348 sacra:

641 1384 958 1438 eruditionis
989 1383 1214 1453 cupidos
1234 1425 1249 1448 ,
1278 1383 1364 1451 qui
1395 1371 1532 1452 ejus.
1552 1373 1696 1452 saepe
1721 1400 1880 1454 ορςιι-ςι
1911 1394 1966 1438 et
1995 1401 2220 1439 consue-

641 1473 822 1527 tudine
845 1475 894 1526 in
929 1491 1046 1528 eam
1075 1489 1188 1528 rem
1217 1475 1298 1527 usi
1335 1484 1482 1527 sunt.
1516 1474 1719 1529 Practer
1753 1490 2020 1529 summum
2062 1475 2222 1530 Urbis

639 1564 950 1620 Pontificem
985 1566 1287 1625 Damasum,
1307 1563 1396 1632 qui
1426 1564 1587 1617 nullis
1616 1579 1719 1618 non
1746 1565 2024 1619 litterariis
2055 1565 2224 1619 laudi-

640 1657 737 1712 bus
765 1657 1100 1721 abundabat,
1130 1657 1448 1721 insigniores
1477 1659 1627 1710 fuere
1656 1657 2052 1722 Pammachius,
2085 1658 2224 1710 Illar-

640 1749 881 1808 rellinus.
916 1748 1202 1811 Domnion,
1237 1746 1584 1816 Rogatianns.
1616 1746 1880 1811 Oceanus,
1913 1757 1972 1801 ut
2006 1763 2070 1803 ex
2098 1748 2220 1814 illis,

640 1853 772 1905 quas
819 1836 886 1891 ad
929 1851 1022 1892 eos
1073 1837 1410 1905 postmodum
1461 1838 1641 1893 literas
1679 1837 1861 1904 dedit,
1889 1849 2220 1909 compertum

641 1939 742 1981 t-st.
778 1928 850 1981 De
873 1926 955 1980 his
977 1939 1158 1996 postea
1182 1928 1374 1982 redibit
1399 1942 1598 1982 sermo.

720 2041 805 2096 IV.
830 2041 980 2109 Quod
1003 2056 1031 2096 a
1061 2041 1374 2095 mulieribus
1403 2041 1744 2097 instituendis
1775 2052 2052 2105 supererat
2085 2053 2221 2098 tem-

643 2149 762 2201 pus,
801 2134 1014 2188 lectioni
1044 2134 1399 2204 Hieronymus
1428 2134 1619 2198 dabat,
1649 2137 1805 2204 eique
1832 2151 1891 2190 se
1935 2145 2101 2192 totum
2131 2139 2221 2192 de—

642 2233 896 2286 voverat.
947 2233 1004 2278 ut
1068 2234 1294 2292 excepto
1344 2225 1554 2296 Didymi
1606 2226 1858 2282 Tractatu
1903 2228 1971 2282 de
2022 2229 2220 2297 Spiritu

639 2317 868 2379 Sancto,
909 2329 1066 2383 quem
1098 2314 1384 2368 Latinitate
1422 2315 1625 2369 donare
1673 2316 1945 2386 inceperat
1987 2317 2223 2383 (differre

639 2416 816 2457 autem
838 2447 852 2466 ,
885 2413 944 2458 ut
972 2403 1250 2468 dicemus,
1283 2405 1334 2458 in
1367 2405 1510 2458 aliud
1559 2415 1768 2475 tempus
1792 2448 1808 2473 ,
1857 2418 2074 2462 coactus
2118 2409 2221 2480 est)

644 2494 773 2547 nihil
800 2493 911 2562 jam
943 2492 1194 2546 dictando
1221 2503 1312 2546 aut
1355 2494 1642 2549 scribendo
1682 2496 2036 2551 elucubraret.
2071 2497 2220 2566 Quod

640 2602 759 2638 cum
797 2600 938 2655 :rgre
981 2585 1236 2638 Damasus
1266 2583 1426 2640 ferret
1472 2587 1686 2656 (mirum
1735 2589 1874 2641 enim
1908 2589 1959 2642 in
2009 2591 2220 2644 modum

640 2677 757 2744 ejus
791 2675 986 2745 ingenii
1019 2675 1363 2730 monimentis
1403 2675 1788 2743 delectabatur)
1820 2687 1877 2730 ut
1915 2680 2065 2747 quasi
2098 2680 2220 2732 dor-

642 2768 872 2819 mientem
898 2767 1048 2836 longo
1065 2767 1178 2836 jam
1199 2776 1422 2835 tempore
1451 2768 1724 2831 excitaret,
1759 2767 1827 2822 ab
1853 2783 1918 2822 eo
1951 2767 2121 2837 petiit,
2169 2780 2226 2824 ut

640 2857 813 2925 siquid
854 2857 1032 2925 operis
1059 2858 1111 2910 in
1154 2866 1365 2925 promtu
1390 2856 1640 2922 haberet,
1670 2858 1770 2911 sibi
1816 2859 2225 2928 Iegeudnmtra-

639 2948 808 3002 deret.
840 2945 1080 3016 Cumque
1123 2947 1209 3001 hic
1236 2947 1367 3000 nihil
1395 2958 1682 3016 suppetere
1713 2949 1812 3002 sibi
1858 2949 2225 3015 respondisset

642 3049 833 3108 przeter
861 3037 1125 3106 Epistolas
1155 3040 1382 3106 scriptas
1403 3039 1529 3091 olim
1559 3038 1613 3092 in
1643 3054 1828 3094 eremo
1862 3057 1875 3092 :
1909 3039 2114 3095 furtivis
2139 3051 2222 3095 ta-

641 3146 762 3184 men
787 3131 1017 3185 noctium
1063 3131 1244 3199 operis
1267 3173 1282 3196 ,
1311 3129 1632 3184 dictaturam
1672 3143 1731 3184 se
1759 3129 1880 3184 novi
1911 3131 2106 3200 aliquid
2131 3174 2146 3196 ,
2179 3134 2223 3186 sl

640 3224 818 3290 vellet,
869 3224 1136 3294 pollicitus
1164 3233 1266 3277 est.
1314 3223 1466 3290 Quod
1499 3222 1793 3276 liberaliter
1823 3223 2093 3291 accipiens
2125 3223 2227 3276 Da-

641 3331 841 3381 masus,
873 3316 1010 3370 datis
1033 3315 1308 3369 tabellario
1338 3315 1572 3368 Diac0no
1597 3313 1810 3380 litteris,
1833 3313 1892 3369 S.
1915 3315 2052 3369 Patri
2082 3316 2226 3383 ιιιιίιιο

639 3423 744 3476 que
771 3423 835 3460 ex
868 3407 1061 3461 Vetere
1089 3405 1439 3460 Testamento
1465 3406 1793 3474 quaestiones
1823 3407 2112 3475 proposuit.
2148 3407 2224 3460 Ex

645 3497 726 3549 his
760 3496 848 3550 ille
874 3505 982 3550 tres
1009 3496 1168 3548 modo
1205 3495 1364 3548 solvit
1391 3509 1647 3563 perquam
1699 3496 1908 3550 erudite
1940 3517 1953 3552 :
1995 3497 2226 3566 reliquas

641 3592 775 3642 duas
806 3587 1166 3657 praetermisit,
1200 3586 1341 3654 quod
1366 3587 1752 3649 Tertullianus,
1786 3586 2039 3654 Novatus,
2069 3600 2226 3659 atque

643 3681 907 3750 Origenes
930 3678 1243 3747 jamdudum
1273 3693 1363 3732 cas
1393 3678 1664 3748 agitarint,
1687 3689 1848 3748 atque
1873 3681 2222 3749 expedierint.

642 3769 758 3824 Non
798 3769 1028 3823 obscure
1064 3779 1242 3822 autem
1268 3785 1332 3823 ex
1367 3768 1466 3823 hac
1495 3778 1602 3822 tota
1644 3770 1948 3825 narratione
1985 3784 2224 3841 apparet,

641 3861 891 3916 debuisse
915 3860 1049 3914 duas
1079 3860 1207 3914 istas
1235 3860 1448 3913 Damasi
1481 3859 1546 3913 ad
1579 3860 1985 3932 Hieronymum,
2017 3874 2070 3917 et
2101 3864 2224 3918 llic-

642 3954 851 4020 ronymi
898 3952 963 4006 ad
998 3953 1278 4005 Damasum
1327 3951 1597 4020 Epistolas
1641 3953 1760 4007 aliis
1789 3953 2059 4019 hujusmet
2102 3958 2223 4010 anni

641 4048 706 4099 ad
735 4043 1081 4099 Eustochium
1112 4054 1166 4098 et
1187 4043 1512 4110 Marcellam,
1545 4060 1664 4115 qnze
1687 4045 1738 4099 in
1768 4045 2016 4104 EdlllOlle
2047 4059 2224 4104 nostra

641 4136 830 4190 ordine
879 4143 1265 4204 pra-ponuntur
1288 4175 1304 4197 ,
1334 4133 1623 4188 anteferri:
1657 4135 1721 4190 ad
1754 4153 1908 4206 quem
1939 4153 2068 4193 sane
2107 4157 2226 4192 mu-

639 4229 768 4281 dum
795 4225 1006 4279 restitui
1048 4241 1189 4279 nunc
1228 4225 1413 4280 velim.
1443 4225 1498 4280 Si
1531 4227 1672 4280 enim
1708 4226 1934 4282 fuissent
1978 4240 2102 4285 tunc
2123 4231 2226 4284 illa:

643 4315 894 4383 Epistolas
942 4315 1039 4370 abs
1083 4314 1407 4385 Hieronymo
1455 4315 1816 4379 elucubratus,
1867 4335 2042 4388 neque
2103 4337 2224 4374 enm

641 4404 867 4458 dixisset
909 4405 1168 4458 Damasus
1191 4404 1522 4458 dormientem
1564 4407 1716 4476 longo
1756 4406 1870 4476 jam
1906 4418 2148 4480 tempore,
2179 4423 2227 4465 et

643 4492 885 4558 Ingentem
913 4495 1078 4561 potius
1106 4511 1257 4563 quant
1295 4494 1610 4559 scribentem,
1653 4511 1824 4565 neque
1863 4501 2228 4566 respondisset

642 4583 856 4645 Noster,
888 4582 1058 4636 nullas
1096 4600 1151 4637 se
1177 4585 1292 4654 jam
1331 4583 1592 4653 Epistolas
1632 4587 1830 4653 habere,
1861 4593 2079 4661 exceptis
2124 4594 2220 4658 Itis,

639 4694 768 4744 quas
796 4675 1073 4745 aliquando
1099 4675 1150 4728 in
1173 4691 1337 4729 eremo
1361 4676 1655 4741 dictaverat,
1689 4695 1928 4750 quasque
1948 4681 2005 4737 S.
2039 4683 2222 4737 Ponti-

641 4771 723 4822 fex
753 4776 856 4821 tota
877 4766 1112 4820 aviditate
1126 4766 1239 4836 jam
1264 4765 1471 4835 legerat,
1502 4777 1650 4835 atque
1669 4768 2028 4840 descripserat.
2061 4777 2226 4830 Acce-

636 4861 744 4920 dit,
771 4855 914 4927 quod
945 4857 1058 4924 ipse
1098 4856 1150 4910 in
1191 4870 1407 4910 suorum
1433 4856 1694 4928 Catalogo
1719 4873 1944 4926 operum
1976 4861 2032 4914 S.
2068 4862 2225 4918 Pater

641 4951 778 5003 hanc
808 4949 871 5002 de
895 4946 1056 5001 tribus
1079 4947 1449 5014 Qua'stioiiibus
1470 4948 1618 5019 Legis
1654 4948 1843 5005 Veteris
1867 4952 2224 5009 elucubratio-

640 5054 762 5093 nem
784 5037 1010 5092 laudatis
1041 5036 1146 5090 illis
1171 5077 1186 5100 ,
1216 5037 1281 5092 ad
1309 5037 1658 5092 Eustochium
1690 5051 1744 5094 et
1767 5039 2071 5097 Marcellam
2096 5045 2219 5114 Epi-

635 5131 787 5184 stolis
813 5130 1110 5198 anteponit,
1142 5128 1250 5182 imo
1277 5137 1330 5183 et
1370 5128 1612 5184 Homiliis
1652 5131 1706 5183 in
1735 5130 1944 5186 Cantica
1981 5133 2221 5192 Cantico-

635 5237 766 5286 runt,
797 5229 852 5274 et
881 5220 1017 5275 libro
1061 5219 1299 5273 adversus
1344 5218 1636 5273 Helvidium
1666 5238 1686 5276 :
1719 5238 1948 5294 euntque
1975 5228 2217 5284 ordinem

634 5311 908 5362 observari
976 5309 1188 5364 cmteris
1242 5309 1561 5364 cuicuimodi
1609 5315 1936 5383 argumentis
1979 5328 2216 5386 prmstet.

634 5401 803 5455 I‘orro
826 5415 949 5452 cum
990 5401 1164 5454 accito
1185 5400 1404 5455 Notario
1429 5403 1837 5470 responsionem
1863 5406 2067 5463 dictare
2095 5409 2220 5464 Ilie-

633 5505 890 5560 ronymus
909 5490 1019 5556 jam
1046 5490 1310 5556 carpisset,
1341 5491 1594 5545 Hebraeus
1617 5496 1798 5549 nescio
1824 5497 1944 5566 quis
1977 5499 2211 5565 advenit,

631 5581 722 5649 qui
754 5577 1042 5631 llebraicos
1081 5575 1306 5630 Codices
1333 5579 1424 5633 diu
1469 5580 1799 5652 multumque
1823 5587 1892 5638 ab
1918 5587 2009 5641 illo
2027 5590 2216 5658 ertIi-

2325 474 2602 530 abstinuit.
2644 477 2711 531 Et
2740 477 2983 532 videntur
3028 480 3238 549 quidem
3287 481 3532 540 llebraici
3574 487 3659 541 i5ti
3693 489 3910 548 codices

2326 565 2525 631 iidem,
2573 567 2886 636 quibuscum
2920 571 3233 639 jampridem
3277 570 3569 629 Editionem
3617 576 3818 648 Aquilte
3859 595 3908 636 ss

2323 662 2554 730 conferre
2601 660 2772 730 Epist.
2826 660 3039 716 xxxu.
3088 662 3154 716 ad
3198 663 3499 720 Marcellam
3551 676 3797 725 testatur.
3830 651 3908 730 Ex

2323 764 2430 816 quo
2460 750 2584 804 item
2615 751 2949 806 manifestius
2990 753 3186 822 liquet,
3216 753 3352 809 hanc
3391 756 3458 810 ad
3506 758 3787 814 Damasum
3819 779 3907 818 re.

2327 841 2668 909 sponsionem
2693 852 2818 897 ante
2857 842 3000 898 illam
3027 860 3088 898 ac
3118 846 3481 914 praecedentes
3508 851 3640 906 alias
3667 853 3735 908 ad
3771 854 3912 910 Mar-

2324 928 2512 987 cellam
2558 934 2738 989 literas
2777 935 2941 990 fuisse
2989 935 3339 999 Iucuhratam,
3392 939 3535 995 Satis
3576 952 3755 998 autem
3805 947 3913 1000 erit

2326 1033 2653 1092 praepostero
2677 1025 2817 1093 apud
2861 1041 2958 1080 nos
2985 1025 3160 1082 ordini
3202 1030 3501 1084 consultum
3526 1073 3542 1100 ,
3569 1034 3612 1087 si
3637 1035 3912 1104 vigesima:

2325 1116 2573 1170 secunda:
2623 1117 2687 1170 ad
2735 1118 3076 1173 Eustochium
3104 1160 3118 1183 ,
3165 1119 3300 1175 duas
3340 1125 3468 1176 istas
3509 1141 3626 1194 qua:
3673 1134 3914 1184 numeris

2327 1216 2691 1272 przcnotantur
2716 1206 2935 1264 XXXV.
2967 1195 3020 1264 et
3043 1209 3286 1265 XXXVI.
3318 1227 3616 1282 pra-ponas.
3640 1215 3746 1272 Per
3768 1217 3911 1274 idem

2327 1305 2567 1362 tempus,
2597 1314 2660 1352 ac
2690 1300 2898 1354 Damasi
2940 1302 3178 1369 ejusdem
3213 1304 3422 1358 hortatu
3466 1305 3614 1362 binas
3655 1309 3910 1379 Origenis
3999 1305 4002 1308 ’

2329 1387 2585 1443 llomilias
2627 1390 2678 1443 in
2721 1389 2938 1444 Cantica
2987 1393 3327 1447 Canticorum
3354 1394 3641 1453 Latinitate
3667 1399 3913 1469 donavit,

2328 1479 2600 1550 ipsiusque
2629 1485 2830 1537 nomini
2864 1485 2922 1538 S.
2951 1484 3109 1540 Pater
3136 1485 3427 1558 inscripsit.

2400 1570 2465 1625 V.
2494 1571 2599 1626 Nec
2622 1573 2790 1626 multo
2813 1584 2932 1642 post
2950 1576 3209 1630 calanuu‘n
3236 1590 3442 1649 rogatus
3467 1598 3498 1633 a
3519 1581 3766 1650 fratribus
3792 1602 3917 1641 con-

2328 1672 2407 1717 tra
2437 1663 2740 1719 Helvidium
2772 1667 2946 1732 acuit,
2978 1683 3137 1737 quem
3168 1669 3402 1725 refutare
3427 1673 3516 1727 diu
3544 1690 3908 1742 recusaverat,

2327 1771 2392 1808 ne
2415 1756 2762 1823 respondendo
2793 1758 2977 1828 dignus
3004 1759 3091 1812 ille
3118 1761 3258 1828 ﬁeret
3277 1801 3292 1828 ,
3333 1764 3420 1832 qui
3446 1765 3728 1820 vinceretur
3756 1769 3775 1837 (
3795 1768 3908 1824 Lib.

2326 1856 2491 1899 contr.
2525 1845 2730 1901 Helvid.
2753 1849 2794 1918 ).
2829 1849 2955 1903 Erat
2992 1849 3086 1906 ille
3127 1867 3158 1907 e
3199 1854 3396 1922 populo
3434 1857 3667 1926 vulgaris
3711 1858 3911 1926 homo,

2327 1936 2652 2004 rusticanus,
2687 1939 2889 2005 laicus,
2937 1951 2992 1994 et
3019 1941 3103 1995 vix
3144 1943 3330 2012 primis
3369 1944 3602 2002 imbutus
3637 1949 3912 2008 literarum

2327 2029 2639 2095 clementis,
2674 2040 2885 2101 tamque
2914 2033 3125 2088 obscuri
3156 2038 3406 2100 nominis,
3429 2049 3489 2094 ut
3515 2057 3836 2115 quamquam
3861 2049 3911 2100 in

2326 2123 2511 2175 eadem
2538 2130 2696 2190 atque
2723 2122 3076 2195 Hieronymus
3100 2125 3239 2183 Urbe
3263 2129 3501 2200 degeret,
3534 2149 3824 2206 numquam
3846 2139 3913 2193 de

2328 2210 2464 2265 facie
2485 2213 2733 2282 cognitus
2761 2214 2836 2267 illi
2863 2214 3048 2282 fuerit,
3080 2218 3166 2287 qui
3199 2219 3374 2286 albus,
3403 2231 3494 2276 aut
3532 2224 3714 2293 aiunt,
3744 2239 3913 2285 uterve

2325 2313 2487 2365 esset,
2519 2317 2579 2358 se
2607 2305 2679 2356 ait
2709 2305 2978 2374 ignorare.
3005 2309 3070 2362 Et
3105 2312 3354 2366 Auxentii
3387 2324 3561 2370 tamen
3589 2317 3909 2388 discipulum

2325 2408 2445 2446 eum
2468 2393 2771 2450 Gennadius
2789 2409 2962 2464 vocat,
2977 2409 3032 2455 et
3051 2401 3308 2458 ath'ersus
3325 2410 3504 2461 nescio
3523 2425 3680 2479 quem
3700 2417 3910 2482 fratrem

2326 2482 2630 2552 Craterium,
2664 2497 2755 2542 aut
2784 2490 3084 2556 Carterium,
3119 2494 3169 2546 in
3201 2510 3307 2564 quo
3335 2497 3689 2567 eloquentiam
3720 2513 3776 2557 et
3814 2505 3909 2559 lin-

2324 2588 2441 2642 gnm
2463 2577 2686 2631 nitorem
2706 2581 3007 2645 requireret
3025 2583 3185 2637 homo
3204 2584 3609 2656 infantissimus,
3631 2594 3910 2662 scripsisse

2325 2683 2469 2730 rum,
2505 2670 2655 2722 testis
2681 2680 2762 2724 est
2790 2671 2845 2726 S.
2872 2671 3049 2731 Pater.
3079 2675 3315 2731 Probare
3343 2680 3536 2735 stultus
3569 2683 3656 2738 ille
3683 2695 3909 2740 conten-

2325 2759 2398 2810 dit
2429 2775 2494 2813 ex
2521 2760 2725 2830 aliquot
2751 2763 2812 2818 S.
2842 2765 3133 2834 Scriptura:
3167 2769 3487 2826 testimoniis
3516 2789 3795 2844 perperam
3827 2779 3908 2832 iu-

2327 2850 2572 2916 tellectis,
2597 2853 2928 2923 duorumque
2952 2857 3288 2927 Scriptorum
3314 2872 3572 2928 veterum,
3596 2866 3908 2924 Tertulliani

2325 2941 2552 3005 scilicet,
2587 2953 2641 2997 et
2674 2944 2924 3000 Victorini
2955 2948 3356 3007 Petabionensis
3379 2957 3772 3023 auctoritatem,
3803 2961 3910 3016 Ma-

2327 3031 2458 3085 riam
2491 3043 2608 3101 post
2631 3034 2871 3103 genitum
2902 3039 3042 3092 nulla
3077 3039 3328 3102 hominis,
3354 3045 3447 3098 sed
3477 3045 3704 3115 Spiritus
3729 3050 3908 3107 Sancti

2327 3137 2486 3190 opera
2510 3122 2692 3178 .Iesum
2711 3126 3004 3194 Christum,
3031 3131 3164 3187 alios
3191 3148 3253 3186 cx
3275 3133 3508 3204 .losepho
3523 3145 3790 3196 communi
3811 3143 3910 3197 ho-

2328 3211 2532 3266 minum
2557 3215 2858 3270 morelilios
2873 3219 3141 3286 genuisse,
3165 3237 3259 3275 eos
3281 3225 3549 3291 nimirum,
3581 3232 3668 3299 qui
3700 3231 3910 3289 Fratres

2331 3303 2536 3359 Domini
2556 3308 2607 3360 in
2633 3309 2938 3379 Evangeliis
2964 3313 3316 3380 appellantur.
3339 3315 3523 3388 Neque
3551 3321 3648 3376 hac
3677 3325 3782 3379 line
3803 3336 3911 3378 ste-

2330 3395 2392 3449 tit
2417 3397 2637 3461 malum,
2673 3414 2793 3454 nam
2844 3411 2898 3455 et
2950 3402 3248 3473 Virginitati
3294 3407 3515 3478 Nuptias
3556 3418 3910 3484 coa’quandas

2330 3488 2592 3554 futilibus,
2626 3501 2684 3544 ut
2708 3493 2900 3561 potuit,
2932 3499 3258 3565 argumentis
3288 3500 3514 3568 probare
3551 3515 3775 3561 conatus
3805 3519 3907 3566 est.

2331 3579 2458 3646 Ejus
2483 3583 2685 3636 erroris
2714 3581 2785 3637 de
2805 3583 2969 3638 Maria
2987 3626 3003 3650 ,
3049 3587 3275 3656 plurium
3304 3589 3533 3646 filiorum
3573 3609 3637 3649 ex
3675 3596 3911 3669 Josepho

2329 3682 2533 3738 matre,
2566 3673 2755 3729 doctor
2797 3674 3117 3745 jampridem
3158 3678 3330 3733 fuerat
3366 3681 3696 3752 Eunomius,
3747 3699 3804 3741 ιιι
3844 3706 3908 3744 ex

2331 3763 2685 3835 Philostorgio
2727 3767 3073 3838 intelligimus
3105 3769 3124 3840 (
3149 3770 3286 3826 Hist.
3313 3774 3400 3827 lib.
3451 3773 3510 3830 V.
3539 3793 3655 3846 cap.
3685 3777 3722 3831 2
3745 3788 3789 3849 j,
3821 3797 3912 3835 ea-

2328 3854 2555 3925 demque
2578 3857 2704 3911 olim
2728 3858 2970 3913 doctrina
2995 3860 3102 3916 late
3128 3862 3297 3931 patuit
3324 3864 3375 3918 in
3403 3866 3756 3936 Apollinario,
3783 3871 3910 3941 Epi-

2332 3945 2526 4013 phanio
2554 3956 2708 4003 teste.
2743 3948 2846 4004 Sed
2879 3960 2934 4004 et
2963 3966 3058 4020 per
3084 3951 3134 4005 id
3184 3956 3444 4023 temporis
3484 3973 3590 4026 quo
3634 3959 3908 4017 Helvidius

2328 4036 2612 4100 scribebat,
2646 4039 2876 4093 aliorum
2907 4042 2957 4094 iu
2990 4040 3141 4096 Italia
3170 4054 3374 4102 mentes
3405 4046 3677 4104 hominum
3709 4055 3917 4108 stultis-

2328 4129 2493 4182 simus
2515 4143 2670 4183 error
2691 4131 2778 4184 ille
2799 4143 3124 4199 pervaserat,
3150 4145 3205 4187 nt
3228 4135 3344 4205 ejus
3375 4137 3641 4208 Episcopi,
3672 4157 3829 4211 quem
3852 4145 3912 4200 S.

2327 4219 2642 4275 Ambrosius
2662 4220 2954 4282 confutavit
2979 4224 3114 4278 libro
3135 4225 3202 4280 de
3225 4225 3560 4285 Institutione
3596 4231 3824 4302 Virginis
3844 4237 3913 4291 ad

2329 4309 2634 4366 Eusebium.
2671 4311 2795 4366 Hatc
2823 4313 2982 4367 solito
3008 4313 3234 4371 fortasse
3280 4318 3435 4375 latius
3482 4328 3789 4394 persequuti
3817 4343 3917 4382 su-

2330 4415 2467 4466 mus,
2498 4401 2637 4470 quod
2668 4403 3091 4474 Hieranymiame
3119 4416 3304 4461 contra
3331 4425 3450 4464 eum
3484 4410 3796 4470 hmreticum
3830 4418 3917 4471 di-

2327 4495 2647 4561 sputationis
2673 4494 2891 4549 historia
2909 4507 2958 4551 et
2976 4512 3180 4554 caussa:
3203 4503 3432 4568 penitius
3447 4504 3755 4573 intellectae,
3776 4523 3918 4564 con-

2329 4585 2467 4640 ferre
2496 4585 2736 4640 nonnihil
2766 4587 2831 4642 ad
2863 4587 2995 4644 Vita:
3019 4589 3138 4658 ejus
3185 4592 3382 4649 seriem
3429 4594 3732 4652 videantur.
3763 4597 3917 4655 Scri~
3944 4607 3956 4658 i

2331 4677 2433 4745 psit
2457 4687 2632 4732 autem
2655 4679 2714 4733 s.
2746 4679 2903 4734 Patcr
2928 4682 3068 4736 hunc
3093 4682 3335 4750 Librum,
3354 4695 3411 4739 ut
3435 4686 3657 4755 Epistol.
3679 4689 3917 4748 XLVIII.
3941 4677 3950 4758 !

2326 4767 2392 4820 ad
2422 4767 2817 4823 Pammachium
2848 4780 3091 4838 testatur,
3122 4773 3260 4827 Dum
3289 4775 3540 4831 adviveret
3584 4789 3778 4835 sancta
3807 4759 3950 4853 ηις-ξ

2328 4859 2502 4911 moria:
2527 4857 2804 4925 Damasus,
2833 4863 2917 4914 cui
2941 4872 2996 4916 ct
3025 4865 3154 4918 satis
3202 4867 3479 4934 probatum
3512 4867 3674 4924 fuisse
3713 4871 3922 4929 indicat

2326 4951 2520 5013 verbis,
2549 4967 2669 5020 quae
2688 4953 2956 5007 subnectit
2982 4973 2994 5008 :
3025 4953 3168 5009 Nunt
3191 4959 3264 5010 vir
3284 4960 3511 5030 egregius
3535 4969 3583 5013 et
3610 4962 3840 5017 eruditus
3865 4967 3924 5020 in

2327 5040 2634 5110 Scripturis,
2665 5052 2712 5095 ct
2743 5043 2882 5109 virgo
2917 5043 3161 5100 Ecclesiae
3189 5049 3397 5119 virginis
3425 5051 3603 5105 doctor
3633 5054 3831 5123 aliquid
3863 5059 3918 5111 in

2323 5133 2413 5186 illo
2450 5150 2678 5188 sermone
2723 5136 3064 5204 reprehendit.
3104 5139 3342 5195 Meminit
3382 5155 3560 5198 autem
3591 5145 3706 5214 ejus
3734 5147 3915 5215 Episu

2323 5223 2486 5277 XXII.
2515 5224 2580 5277 ad
2611 5224 2982 5289 Eustochium.
3013 5245 3132 5298 quae
3159 5231 3347 5285 eodem
3387 5233 3554 5288 hocce
3601 5252 3744 5290 anno
3787 5250 3917 5308 post

2322 5321 2520 5384 paucos
2544 5331 2756 5372 menses
2779 5319 2900 5373 data
2931 5331 3049 5377 est:
3077 5322 3328 5387 Quantas,
3354 5324 3620 5393 inquiens,
3651 5331 3918 5386 molestias

2319 5407 2534 5459 habeant
2555 5408 2834 5474 nuptirc....
2859 5411 2911 5462 in
2931 5428 2988 5464 eo
3009 5412 3154 5477 libro,
3179 5430 3324 5482 quem
3343 5415 3584 5470 adversus
3613 5416 3915 5476 Helvidium

2318 5496 2381 5550 de
2406 5495 2468 5548 Β.
2503 5495 2684 5551 Maria:
2711 5509 2956 5568 perpetua
2983 5499 3282 5568 Virginitate
3305 5503 3574 5571 edidimus,
3590 5519 3714 5575 puto
3741 5512 3914 5564 brevi-

2317 5599 2394 5641 ter
2420 5606 2731 5659 expressum.
2765 5591 2944 5656 Quare
2971 5593 3015 5645 si
3051 5605 3193 5647 recte
3220 5584 3523 5651 monuimus
3550 5599 3618 5652 ad
3650 5604 3776 5655 anni
3806 5603 3915 5657 hu-

630 5673 766 5723 sitos
791 5665 1026 5728 adtulit:
1057 5681 1164 5734 quo
1190 5667 1462 5735 in0pinato
1497 5681 1690 5724 eventu
1716 5688 1746 5726 a
1777 5676 2060 5731 scribendo
2085 5696 2214 5734 evo-
2310 5681 2398 5748 jns
2433 5682 2536 5736 584
2581 5691 2878 5749 postremos
2905 5682 3016 5736 fere
3043 5699 3259 5738 menses
3290 5685 3586 5754 Epistolam
3631 5706 3755 5748 eam
3782 5710 3916 5751 esse

627 5769 816 5818 ratus,
866 5755 1034 5824 iisque
1081 5763 1222 5807 totus
1267 5756 1502 5810 intentus
1528 5759 1712 5826 libris,
1759 5778 1788 5815 a
1835 5768 2206 5834 respondendo

2323 5772 2689 5838 tlll‘ert'ndam,
2721 5773 2886 5825 multo
2913 5782 2992 5826 est
3017 5773 3174 5827 etiam
3209 5777 3420 5843 propius
3465 5777 3532 5832 ad
3582 5795 3807 5854 verum,
3853 5798 3914 5843 ut
