4048 6192
219 332 285 390 53
732 307 734 309 ’
1501 324 1558 380 s.
1601 313 1985 383 tttEttONvtit
2030 330 2210 386 VtTA.
3425 344 3494 403 ει

223 441 531 498 eodentmet
560 455 705 496 anno
725 483 738 504 ,
768 455 866 495 nec
907 454 1038 495 sane
1067 439 1237 494 multo
1265 447 1388 494 ante
1417 438 1647 494 medium
1670 481 1685 504 ,
1718 438 1805 494 hic

225 534 328 602 ipse
344 533 507 589 Liber
533 533 870 602 conscriptus
898 533 988 596 sit,
1013 545 1173 601 quam
1193 530 1516 600 przecedeuti
1538 531 1800 599 proxime,

227 636 278 680 ut
303 627 430 680 olim
460 627 514 680 in
543 626 928 680 Adtnonitione
958 626 1022 678 ad
1050 639 1172 679 eum
1202 622 1636 692 conjiciebamus.

293 715 378 771 Vl.
408 716 548 772 Sunt
570 731 732 785 porro
751 715 855 769 alia
873 717 930 770 S.
960 715 1133 769 Patris
1154 715 1368 783 scripta,
1399 713 1483 767 vel
1502 713 1798 768 deformata

227 808 512 871 dumtaxat,
538 817 697 877 atque
717 806 964 861 adornari
978 814 1175 874 coepta,
1198 821 1317 873 qua:
1335 805 1668 875 postmodum
1695 817 1806 871 per-

226 899 354 953 lecta
381 911 529 961 sunt,
550 899 634 952 vel
657 913 778 966 quae
795 897 859 949 ad
886 896 1118 964 privatos
1139 895 1360 958 scholas,
1383 907 1442 950 ut
1461 895 1532 949 ita
1555 894 1802 958 dixerim,

227 1004 370 1055 usus,
397 1005 504 1042 non
532 988 597 1041 ad
623 988 887 1055 publicam
910 988 1084 1041 lucem
1107 985 1452 1055 parabantur,
1473 986 1556 1039 vel
1575 985 1806 1053 denique

224 1080 482 1147 promissa
503 1079 742 1149 quidem,
766 1090 925 1147 atque
947 1079 1124 1132 animo
1145 1086 1534 1146 przeconcepta,
1557 1076 1648 1128 sed
1675 1089 1808 1144 prae—

222 1171 468 1224 termissa
498 1179 708 1238 postea,
738 1184 912 1238 neque
941 1169 1006 1222 ad
1038 1169 1342 1223 umbilicum
1371 1167 1647 1238 perducta.
1678 1167 1809 1233 Quae

220 1263 406 1313 omnia
434 1261 482 1314 si
508 1262 630 1328 quis
653 1259 776 1312 huic
805 1260 1027 1326 tempori
1056 1259 1287 1312 adscribi
1315 1258 1464 1322 velit,
1496 1273 1619 1312 cum
1648 1258 1732 1309 vix
1758 1259 1808 1310 in

216 1350 363 1403 aliud
394 1350 546 1418 rejici
575 1350 806 1418 possint,
835 1349 1049 1403 tametsi
1083 1364 1188 1402 non
1215 1363 1384 1418 usque
1408 1348 1542 1402 adeo
1567 1362 1812 1416 comper-

219 1449 324 1492 tum
353 1447 445 1492 est
469 1439 539 1492 de
567 1454 735 1505 anno,
767 1449 857 1493 aut
889 1439 1065 1492 verius
1091 1439 1216 1492 anni
1243 1449 1390 1508 parte
1412 1479 1426 1502 ,
1455 1437 1645 1492 favebo
1677 1453 1810 1491 con-

215 1531 434 1598 jeetttraa
460 1546 473 1580 :
507 1529 579 1581 ita
608 1538 806 1593 tamen,
843 1539 900 1582 ttt
921 1529 1180 1596 judicium
1211 1544 1364 1582 suum
1394 1528 1492 1581 sibi
1523 1527 1811 1595 unusquiso

221 1639 323 1692 que
351 1623 621 1690 integrum
653 1620 868 1680 habeat,
897 1630 1058 1689 atque
1084 1619 1237 1686 alias,
1270 1621 1314 1673 si
1345 1633 1430 1673 res
1459 1619 1612 1680 ferat,
1642 1619 1805 1671 ratio~

219 1728 311 1767 nes
337 1728 434 1781 pro
464 1712 634 1765 lubito
662 1710 800 1764 inire
822 1710 1008 1777 possit.
1035 1710 1114 1763 Ex
1141 1725 1327 1763 eorum
1360 1723 1582 1762 numero
1603 1723 1806 1761 memo-

217 1807 381 1861 randa
406 1820 528 1859 cum
557 1804 742 1873 primis
763 1801 1115 1857 estsinchoata
1141 1801 1370 1871 Didymi,
1399 1816 1555 1870 quam
1574 1810 1628 1855 et
1647 1816 1806 1869 supc-

215 1901 329 1953 rius
382 1897 700 1962 innuimus,
749 1894 1158 1964 interpretatio:
1205 1901 1315 1946 tum
1359 1893 1689 1946 Psalmorttm
1735 1892 1800 1945 ad

219 1989 531 2044 Marcellam
565 1986 869 2056 Expositio,
893 1985 1042 2052 cujus
1060 1984 1256 2038 laboris
1278 1998 1400 2053 pars
1421 1984 1661 2054 qutedam
1684 1983 1802 2037 exi-

215 2097 316 2152 gua
346 2083 398 2136 in
429 2080 681 2150 Epistolis
705 2078 877 2132 eidem
900 2077 1171 2146 inscriptis
1191 2085 1446 2144 superat:
1470 2077 1650 2131 brevis
1676 2077 1802 2128 item

214 2170 702 2225 Commentariolus
730 2168 784 2221 in
811 2167 1212 2238 Ecclesiastem,
1234 2166 1299 2220 ad
1322 2165 1566 2220 Blazsitlaa
1593 2166 1806 2218 institu-

217 2263 414 2316 tionem
443 2301 459 2326 ,
491 2261 835 2330 privatosque
865 2272 992 2311 usus
1015 2297 1030 2321 ,
1064 2267 1119 2311 ut
1148 2257 1447 2312 difticiliora
1476 2257 1590 2310 loca
1624 2264 1807 2324 posset

217 2354 374 2407 etiam
401 2353 606 2420 absque
653 2349 997 2420 prmceptoris
1041 2363 1172 2402 voce
1199 2347 1497 2417 intelligere
1531 2366 1544 2402 :
1575 2347 1803 2401 Collatia

218 2462 432 2515 quoque
475 2444 564 2497 illa
610 2443 857 2498 codicum
890 2441 1271 2496 Hebraicorum
1302 2456 1422 2494 cum
1452 2441 1657 2510 Aquila:
1688 2439 1802 2493 edi-

217 2537 362 2589 tione
383 2575 399 2597 ,
432 2535 574 2604 quod
598 2549 729 2588 sane
749 2533 983 2587 studium
1006 2547 1176 2602 neque
1206 2546 1384 2599 operte
1413 2533 1587 2600 pretio
1613 2532 1801 2595 caruit,

219 2642 390 2696 tta-que
419 2626 488 2677 ita
518 2625 666 2679 brevi
707 2625 963 2693 temporis
985 2623 1160 2692 spatio
1185 2622 1485 2676 absolutum
1509 2633 1623 2677 est:
1653 2622 1804 2676 deni-

216 2735 318 2787 que
337 2717 486 2788 Opus
510 2717 640 2771 illttd
665 2716 804 2784 quod
825 2717 875 2770 in
903 2715 1138 2786 Epistula
1158 2713 1322 2768 XXII.
1352 2715 1429 2768 Ad
1460 2714 1800 2768 Eustochium

217 2825 277 2862 se
306 2810 639 2878 scripturum
690 2818 990 2876 receperat,
1038 2806 1289 2860 Adversus
1317 2807 1611 2871 avaritiam,
1663 2816 1716 2859 et
1759 2806 1801 2858 si

215 2902 451 2970 placeat,
484 2900 550 2953 de
574 2900 689 2953 vitae
715 2900 912 2952 ratione
935 2897 1278 2952 Eremitarum
1321 2895 1570 2966 JEgypti,
1610 2897 1694 2950 cui
1727 2910 1805 2952 te.

210 2991 392 3045 xendo
422 2991 597 3059 operi,
635 2989 738 3044 etsi
770 2989 884 3043 licia
912 2987 1139 3042 fortasse
1186 2996 1313 3041 tunc
1356 2987 1586 3055 pararit,
1619 3002 1806 3041 manus

211 3092 395 3136 tamen
429 3090 616 3151 postea
662 3072 951 3148 numquam
1001 3079 1256 3133 admovit.
1290 3078 1471 3132 Placet
1511 3078 1671 3130 etiam
1703 3076 1810 3130 huc

208 3175 420 3229 referre
441 3172 885 3240 Disputationem,
909 3186 1066 3240 quam
1090 3169 1328 3240 Epistola
1350 3168 1536 3223 LXIX.
1559 3167 1626 3222 ad
1645 3167 1813 3222 Ocea-

210 3283 337 3321 num
373 3281 440 3321 se
458 3275 644 3320 narrat
666 3264 915 3319 habuisse
941 3264 1119 3318 Romae
1139 3279 1252 3316 cum
1277 3263 1384 3315 viro
1408 3261 1812 3328 eloquentissimo

208 3374 378 3427 super
404 3374 472 3412 ea
500 3357 824 3426 quastione,
842 3372 966 3409 num
996 3357 1084 3424 qtti
1112 3371 1269 3408 unum
1296 3365 1563 3424 antequam
1593 3353 1814 3420 baptiza-

207 3459 368 3514 retur,
403 3449 626 3501 alterum
658 3456 771 3515 post
801 3448 1062 3499 lavacrum
1089 3488 1104 3510 ,
1134 3447 1304 3514 priore
1341 3454 1542 3497 mortua
1565 3485 1582 3509 ,
1611 3443 1812 3496 duxerit

206 3556 452 3601 uxorem,
485 3539 731 3608 bigamus
757 3539 962 3592 censeri
993 3537 1208 3601 debeat,
1238 3535 1511 3606 possitque
1535 3535 1601 3589 ad
1630 3549 1812 3588 sacros

205 3630 436 3686 ordines
467 3629 798 3699 promoveri.
831 3627 1108 3682 Sentiebat
1151 3627 1524 3696 Hieronymus,
1571 3624 1623 3678 id
1670 3623 1810 3694 quod

206 3724 369 3775 etiam
405 3729 537 3790 post
563 3733 737 3772 annos
763 3718 932 3771 ferme
959 3716 1262 3781 duodecim,
1294 3725 1352 3769 ut
1391 3730 1489 3768 suo
1518 3715 1638 3769 loco
1663 3714 1812 3768 dice-

209 3829 331 3866 mus
353 3855 370 3878 ,
400 3811 633 3882 scriptis
670 3809 1004 3878 consignavit
1032 3851 1046 3874 ,
1075 3824 1296 3863 uxorem
1336 3818 1458 3862 ante
1486 3807 1810 3876 Baptismum

204 3905 253 3957 ei
286 3905 378 3972 qui
410 3900 756 3956 ordinandus
784 3907 962 3962 esset,
1003 3899 1220 3954 minime
1263 3914 1384 3954 esse
1425 3897 1811 3968 itnputandam.

203 3992 414 4060 Quibus
447 4000 639 4045 autem
672 3999 798 4043 tunc
826 3988 988 4057 fuerit
1013 3989 1344 4059 argumentis
1367 4003 1512 4051 usus,
1541 3997 1701 4057 atque
1721 3989 1816 4042 ad-

201 4086 452 4140 versario
485 4081 863 4151 responderit,
887 4097 950 4135 ex
971 4081 1175 4134 laudata
1201 4081 1268 4134 ad
1289 4079 1558 4135 Oceanum
1580 4081 1815 4150 Epistola

207 4177 534 4249 intelliges,
584 4175 677 4230 ubi
727 4173 1106 4244 disputationis
1152 4171 1431 4228 historiam
1490 4187 1586 4243 per
1639 4183 1819 4242 partes

199 4280 408 4325 narrat.

833 4376 872 4430 C
892 4378 932 4430 Α
959 4376 1016 4429 Ρ.
1072 4375 1215 4430 XVI.

197 4491 234 4542 Ι.
271 4491 556 4544 Damasus
587 4489 822 4554 moritur,
855 4489 935 4541 cui
966 4488 1203 4554 Siricius,
1231 4505 1330 4541 non
1357 4503 1511 4556 usque
1535 4487 1661 4540 adeo
1691 4486 1817 4540 Hie-

261 4583 484 4653 ronymi
510 4579 802 4643 studiosus,
828 4579 1073 4631 succedit.
1108 4577 1172 4633 ll.
1209 4577 1258 4631 Η
1266 4579 1309 4632 ic
1335 4579 1624 4632 inimicitias
1651 4578 1818 4646 pluri-

261 4692 483 4728 morum
519 4672 680 4726 subit.
709 4670 801 4724 ΙΙΙ.
837 4670 1104 4724 Calumnia
1127 4671 1350 4726 criminis
1375 4671 1670 4740 gravissima
1691 4669 1816 4723 [ibeo

260 4780 439 4821 ratur.
479 4764 586 4819 IV.
616 4763 876 4818 Decedere
900 4761 1067 4817 Roma
1093 4765 1324 4818 instituit.
1363 4763 1428 4818 ν.
1471 4765 1550 4817 Ad
1587 4763 1810 4818 Asellam

259 4859 479 4910 scribit.

256 4988 303 5043 l.
343 4987 511 5043 Dum
547 4984 641 5037 his
667 4984 920 5040 intentum
948 4985 1138 5041 studiis
1160 4986 1396 5040 animum
1438 4986 1599 5042 habet
1626 4986 1818 5041 Hiero-

195 5095 426 5149 nymus,
467 5075 638 5130 diem
669 5074 782 5128 obit
808 5075 1056 5130 Summus
1086 5076 1359 5143 Pontifex,
1394 5077 1644 5147 idemque
1668 5093 1818 5131 sum-

195 5188 340 5226 ntum
376 5171 514 5240 ejus
548 5166 799 5236 Operum
827 5178 882 5223 et
905 5169 1029 5224 vita:
1055 5169 1302 5225 columen
1323 5211 1338 5237 ,
1372 5170 1630 5225 Damasus
1650 5212 1664 5235 ,
1698 5180 1821 5240 post

190 5264 657 5320 administratam
696 5260 854 5312 annis
883 5260 1246 5330 duodeviginti
1276 5263 1530 5329 singulari
1562 5263 1818 5316 innocen-

193 5356 258 5408 tia
286 5365 343 5412 et
365 5355 700 5410 Sanetitate
721 5350 1080 5405 Christianam
1104 5352 1527 5422 Rempublicam.
1553 5352 1698 5406 Obiit
1721 5368 1820 5405 au-

196 5461 297 5503 tem
325 5465 500 5519 prope
544 5444 954 5513 octogenarius,
1000 5452 1055 5496 ut
1098 5443 1289 5498 Noster
1315 5444 1548 5512 loquitur
1577 5442 1713 5495 libro
1752 5441 1820 5497 de

199 5538 332 5597 Viris
361 5537 708 5596 illustribus
749 5534 833 5603 (c.
876 5535 929 5588 4.
960 5552 1010 5603 p.
1055 5534 1221 5602 L50),
1267 5543 1322 5588 et
1362 5545 1419 5587 ttt
1459 5531 1819 5587 vetustissima

197 5633 587 5710 llartyrologia
625 5635 936 5690 testantur,
967 5636 1196 5680 exeunte
1234 5641 1375 5679 anno
1402 5625 1529 5690 586,
1575 5621 1780 5676 decima
1805 5663 1819 5687 ,

199 5727 300 5784 sive
321 5725 628 5784 undecima
653 5717 974 5772 Decembris
995 5716 1100 5772 die.
1123 5712 1322 5771 Eodem
1343 5717 1504 5772 hocce
1516 5727 1678 5775 anno,
1703 5723 1823 5777 post

1913 455 2114 508 paucos
2142 441 2250 496 alio
2279 441 2591 512 intcrjectos
2611 442 2726 498 dies
2745 485 2760 508 ,
2799 443 3016 501 Siricius
3044 449 3094 503 in
3116 448 3383 508 demortui
3413 454 3496 510 lo-

1910 545 2035 585 cum
2081 531 2340 586 suitectus
2381 545 2465 587 est
2495 551 2510 586 :
2539 535 2700 588 homo
2727 535 2814 603 qui
2845 551 3046 602 amore,
3079 539 3292 607 potius,
3331 561 3488 614 quam

1909 623 2232 676 auctoritate
2282 624 2513 692 populus
2561 626 2820 694 regendos
2860 629 3126 696 suscepit,
3158 631 3274 685 miti
3309 635 3491 691 admo-

1907 710 2036 764 dum
2065 721 2119 766 et
2149 713 2378 782 simplici
2407 715 2590 767 animo
2609 755 2624 779 ,
2658 727 2709 769 et
2739 717 2825 785 qui
2863 717 2926 769 de
2951 734 3045 772 suo
3071 719 3273 788 ingenio
3293 764 3308 788 ,
3335 734 3392 778 ut
3418 727 3492 781 ait

1911 804 2103 858 iterum
2131 804 2482 874 Noster(Lib.
2506 805 2626 860 Ill.
2660 818 2824 860 contr.
2857 807 3055 879 Ruﬁ),
3080 819 3304 866 czeteros
3339 817 3484 869 testi-

1911 895 2108 948 mahat.
2142 895 2294 949 Tunc
2339 911 2468 950 vero
2509 897 2598 965 qui
2632 897 2932 951 clanculum
2964 898 3292 971 Hieronymo
3316 903 3494 959 detra-

1913 983 2133 1049 hebant,
2155 986 2439 1040 advivenle
2467 985 2697 1040 Damaso
2729 987 2889 1057 (apud
2920 1004 3078 1058 quem
3121 991 3354 1059 pollebat
3381 993 3493 1062 plu-

1911 1077 2104 1131 rimum
2140 1078 2334 1147 gratia,
2364 1087 2420 1132 et
2448 1079 2656 1132 cunctis
2701 1079 3123 1135 honoriﬁcentia:
3154 1084 3498 1152 signiﬁcatio-

1914 1169 2072 1222 nibus
2096 1171 2394 1240 colebatur)
2415 1171 2609 1225 Siricio
2635 1186 2808 1226 rerum
2849 1173 3106 1242 potiente,
3134 1180 3225 1245 qui
3251 1179 3390 1232 male
3427 1178 3496 1234 de

1917 1256 2096 1326 aliquo
2118 1259 2376 1326 suspicari
2403 1260 2695 1326 nesciebat,
2722 1277 2892 1329 neque
2913 1262 3198 1318 admodum
3221 1280 3318 1320 suo
3345 1267 3492 1323 vide»

1918 1357 2005 1400 tur
2027 1347 2084 1402 S.
2123 1348 2405 1402 Ductorem
2433 1350 2686 1418 praesidio
2727 1361 2946 1418 tutatus,
2981 1354 3257 1422 insurgere
3292 1356 3344 1410 in
3372 1372 3492 1411 eum

1917 1436 2088 1504 palam
2113 1478 2128 1502 ,
2173 1449 2523 1506 apertumque
2565 1439 2761 1494 bellum
2793 1441 2992 1497 inferre
3026 1445 3140 1498 ausi
3169 1455 3310 1499 sunt.
3357 1447 3494 1513 Quin

1918 1528 2088 1594 ipsum
2129 1528 2289 1581 etiam
2318 1529 2565 1583 Siricium
2612 1533 2893 1597 nonnulli,
2921 1533 2988 1588 de
3014 1550 3239 1604 quorum
3272 1552 3496 1592 numero

1911 1617 2176 1671 Barouius
2199 1660 2213 1684 ,
2245 1623 2582 1687 querelarum
2620 1621 2671 1674 itt
2705 1632 2905 1690 partettt
2937 1636 3165 1691 vocant,
3199 1628 3338 1696 qttod
3371 1628 3494 1683 Hie-

1909 1724 2186 1779 ronymum
2219 1710 2420 1764 honore
2445 1713 2512 1766 ab
2534 1711 2790 1780 Epistolis
2823 1716 2990 1770 sacris
3034 1717 3362 1784 abdicatum,
3394 1719 3493 1772 ini-

1907 1803 2165 1855 micorum
2209 1803 2685 1859 obtrectationibus
2724 1807 2872 1860 velut
2911 1810 3238 1876 exposuerit.
3268 1810 3491 1865 Accedit

1905 1894 2074 1963 quod,
2111 1895 2292 1961 elapso
2317 1897 2531 1950 circiter
2558 1913 2746 1953 mense
2772 1899 2839 1952 ab
2867 1900 3202 1956 ordinatione
3229 1918 3342 1967 sua,
3379 1904 3493 1960 sive

1907 1988 2052 2040 tertio
2085 1985 2208 2040 ldus
2239 1986 2542 2041 Februarias
2579 1991 2703 2042 anni
2744 1991 2868 2045 585.
2905 1991 3190 2056 Decretali,
3220 2002 3278 2046 ut
3302 2005 3495 2050 vocant

1911 2077 2146 2145 Epistola
2179 2077 2245 2131 ad
2276 2078 2570 2132 ilimerium
2609 2080 2732 2133 data
2772 2096 2821 2134 c.
2850 2097 2908 2134 tt.
2939 2082 3196 2136 adversus
3218 2097 3334 2136 eam
3374 2083 3495 2137 llie—

1908 2168 2120 2242 ronymi
2165 2168 2522 2231 sententiam,
2583 2185 2741 2237 quant
2794 2184 2950 2238 supra
3005 2173 3360 2240 exposuimus
3405 2173 3497 2242 (de

1909 2274 2076 2312 uxore
2114 2268 2237 2312 ante
2262 2259 2629 2327 Baptismum,
2676 2263 2724 2315 ei
2770 2263 2858 2331 qui
2907 2263 2959 2316 in
3004 2263 3216 2318 Clerum
3261 2267 3496 2333 cooptari

1909 2349 2091 2414 vellet,
2127 2363 2231 2402 non
2261 2349 2592 2420 imputanda)
2622 2351 2880 2419 judicium
2907 2353 3061 2415 dixit,
3085 2355 3489 2424 constituitque,

1908 2438 2170 2503 Clericos,
2216 2438 2304 2506 qui
2342 2439 2627 2491 secundant
2659 2455 2875 2494 uxorem
2909 2441 3192 2506 duxerint,
3217 2443 3492 2512 deponen-

1907 2528 2022 2592 dos,
2064 2539 2117 2582 et
2155 2528 2439 2598 bigamiam
2483 2529 2642 2583 etiam
2685 2546 2714 2584 a
2746 2533 3097 2586 matrimoniis
3152 2544 3276 2589 ante
3319 2535 3497 2604 Bapti-

1907 2635 2079 2673 smum
2104 2619 2250 2674 initis
2271 2620 2536 2685 contrahi,
2553 2637 2797 2690 suprema
2821 2626 3140 2679 auctoritate
3163 2642 3257 2678 sua
3280 2627 3486 2681 statuit.

1907 2710 2008 2765 Sed
2045 2725 2200 2764 nemo
2230 2711 2350 2764 hinc
2381 2721 2554 2764 tamen
2585 2713 2687 2766 sibi
2733 2714 2784 2765 itt
2821 2715 3059 2768 animum
3090 2715 3335 2780 inducat,
3373 2733 3496 2770 eum

1907 2801 2196 2870 quidquam
2240 2801 2290 2855 itt
2341 2802 2399 2857 S.
2446 2803 2727 2857 Ductorem
2775 2806 3149 2868 commiswse,
3184 2806 3327 2860 unde
3359 2807 3403 2858 is
3442 2805 3495 2860 in

1908 2891 2134 2944 aliorum
2181 2893 2582 2947 criminationes
2629 2906 2788 2962 atque
2837 2895 2958 2948 odia
3009 2896 3292 2949 incideret.
3345 2896 3498 2962 Quod

1910 2982 2123 3050 quidem
2157 2999 2222 3036 ex
2268 2986 2495 3050 ipsemet
2527 2985 2854 3054 llieronymo
2897 2987 3111 3053 probari
3157 2996 3366 3054 potest,
3408 2988 3500 3056 qui

1913 3072 2125 3124 ltut‘titto
2145 3081 2346 3126 temere
2372 3073 2644 3140 ohjicienti
2664 3074 2946 3140 judicium,
2973 3075 3115 3144 quod
3144 3075 3212 3130 de
3231 3092 3288 3130 se
3315 3077 3498 3132 Roma:

1915 3171 2042 3216 tunc
2081 3161 2319 3214 habitum
2352 3160 2479 3226 fuit,
2515 3173 2568 3216 et
2596 3163 2720 3232 quid
2763 3174 2939 3232 postea
2977 3165 3254 3234 scriptum,
3283 3176 3502 3222 strenue

1914 3253 2221 3322 respondet,
2245 3254 2376 3308 nihil
2398 3270 2456 3308 se
2478 3255 2668 3308 horum
2692 3257 2902 3318 timere,
2929 3272 3048 3311 cum
3077 3258 3296 3328 Scriptis
3319 3257 3501 3314 Eccle-

1913 3347 2129 3399 siasticis
2165 3346 2452 3416 arguendus
2491 3347 2556 3399 sit
2584 3345 2721 3418 (Lib.
2754 3346 2875 3401 III.
2916 3366 3031 3418 cap.
3081 3351 3159 3417 7).
3205 3352 3502 3421 Statimque

1914 3437 2219 3504 subnectit,
2277 3436 2402 3491 Vide
2449 3448 2692 3506 quantum
2727 3448 2775 3492 te
2819 3441 3038 3494 tinteam.
3085 3440 3148 3496 Si
3177 3443 3252 3496 vel
3293 3458 3502 3512 paruam

1914 3527 2148 3582 scltedam
2190 3539 2366 3581 contra
2410 3545 2488 3581 me
2544 3527 2767 3583 Romani
2819 3529 3099 3601 Episwpi,
3155 3542 3243 3585 aut
3289 3533 3501 3587 alterius

1918 3618 2159 3672 Ecclesia?
2183 3619 2470 3687 protuleris,
2497 3620 2668 3672 omnia
2699 3636 2813 3688 qute
2854 3623 2906 3673 itt
2935 3631 2982 3674 te
3001 3623 3192 3691 scripta
3221 3631 3358 3687 sunt,
3391 3638 3503 3676 mea

1917 3711 2128 3762 crimina
2166 3710 2463 3773 conﬁtebor.
2511 3708 2649 3762 Nihil
2697 3709 2876 3777 itaque
2923 3710 3078 3774 heie,
3127 3709 3255 3762 nihil
3285 3711 3408 3764 alibi
3434 3711 3504 3766 de

1915 3799 2106 3854 Siricio
2145 3801 2432 3868 queritur:
2469 3815 2641 3869 neque
2668 3801 2734 3852 ah
2780 3815 2846 3852 eo
2885 3809 2970 3854 est
3016 3801 3104 3853 illa
3144 3799 3502 3856 e0uilictatio-

1919 3907 2044 3945 ttttttt
2097 3890 2155 3944 S.
2209 3891 2382 3944 Patris
2423 3906 2544 3945 cum
2595 3891 2802 3944 aemulis
2848 3891 3110 3961 malisque
3159 3890 3501 3958 hominibus,

1919 3998 2102 4036 caussa
2132 3983 2440 4050 repetenda.

1992 4072 2053 4125 ll.
2083 4072 2187 4126 Sed
2214 4073 2326 4140 ipse
2349 4073 2551 4140 utique,
2575 4073 2698 4141 quid
2719 4089 2922 4127 caussa:
2945 4074 3122 4140 luerit,
3149 4075 3505 4146 Hieronymus

1923 4163 2088 4224 novit,
2117 4172 2172 4215 et
2201 4163 2370 4215 lassus
2402 4169 2487 4215 est
2515 4162 2740 4229 Epistol.
2769 4162 2879 4216 XL.
2915 4163 3048 4226 Nos,
3082 4164 3347 4232 inquiens,
3372 4165 3506 4218 vitiis

1923 4253 2258 4314 detrahentes,
2294 4251 2600 4317 offendimus
2642 4252 2910 4322 plurimos.
2959 4253 3306 4319 Querelarum
3355 4256 3506 4325 origo

1922 4345 1991 4398 ab
2022 4344 2282 4412 Epistula,
2315 4359 2408 4397 seu
2435 4342 2614 4396 libello
2639 4343 2703 4396 de
2728 4343 3013 4412 virginitate
3039 4345 3283 4398 servanda
3309 4345 3372 4399 ad
3399 4345 3509 4400 Eu-

1922 4436 2188 4490 stochium
2231 4434 2348 4498 i'uit,
2376 4451 2533 4504 quem
2565 4446 2618 4490 et
2660 4436 2844 4490 Roma:
2886 4437 3295 4494 obtrectantium
3344 4455 3504 4494 manu

1925 4526 2236 4596 lapidatum,
2264 4525 2504 4579 scribens
2536 4527 2763 4596 ipsemet
2791 4529 3126 4596 postmodum
3153 4529 3217 4583 ad
3249 4529 3504 4598 Nepotia-

1926 4635 2091 4682 num,
2124 4627 2322 4672 uarrat.
2365 4618 2803 4688 Reprehenderat
2849 4637 3041 4688 nempe
3083 4621 3152 4675 ibi
3194 4621 3508 4688 cumprimis

1925 4709 2214 4766 Houachos
2237 4753 2252 4776 ,
2294 4712 2381 4780 qtti
2432 4711 2481 4763 al
2506 4725 2661 4764 etiam
2695 4728 2723 4765 a
2758 4713 3030 4782 pmpo~ito
3060 4715 3220 4764 vitam
3248 4720 3468 4778 agentes
3489 4753 3506 4776 ,

1923 4805 2059 4873 gula:
2087 4804 2422 4873 indulgere-nt
2467 4812 2521 4857 et
2565 4805 2760 4868 ventri,
2789 4804 3008 4858 dis-itum
3036 4802 3227 4856 domos
3256 4800 3510 4870 frequen-

1925 4902 2095 4947 tarent
2116 4933 2130 4955 ,
2161 4893 2438 4946 studerent
2460 4894 2696 4947 avaritia:
2722 4935 2736 4957 ,
2767 4895 3150 4946 insolescerent
3176 4891 3422 4959 superbia
3458 4900 3509 4946 et

1924 4983 2338 5050 superstitione;
2388 4982 2538 5050 Apud
2573 4999 2716 5046 quos,
2757 4983 2849 5043 ait,
2892 4979 3131 5046 aﬂ'ectata
3155 4992 3270 5032 sunt
3297 4984 3467 5034 omnia
3492 5025 3508 5048 ,

1925 5073 2058 5127 laxa:
2095 5075 2322 5135 ntanicw,
2354 5072 2532 5139 caliga:
2569 5072 2850 5140 follicantes
2877 5110 2892 5135 ,
2920 5070 3071 5124 vestis
3131 5075 3374 5140 grossior,
3402 5089 3510 5124 cre-

1927 5164 2016 5215 bru
2051 5164 2293 5228 suspiria,
2318 5161 2537 5212 visitatio
2563 5161 2811 5228 virginum
2835 5199 2850 5220 ,
2889 5159 3132 5212 detractio
3158 5159 3464 5214 Clericorunt
3492 5180 3512 5219 :

1925 5250 2242 5304 Succensuit
2269 5261 2319 5303 et
2344 5249 2585 5310 Clericis,
2617 5250 2703 5317 qui
2734 5249 3145 5320 Presbyteratum
3175 5262 3219 5304 et
3253 5250 3512 5307 Diacona-

1928 5359 2035 5399 tttm
2059 5343 2305 5403 ambiunt,
2331 5350 2383 5393 ut
2409 5340 2641 5394 mulieres
2669 5342 2901 5395 licentius
2921 5343 3122 5397 uideant
3145 5359 3164 5396 :
3190 5345 3383 5414 quibus
3411 5364 3512 5401 om-

1929 5441 2006 5493 nis
2027 5453 2149 5490 cura
2174 5437 2236 5489 de
2257 5434 2490 5497 uestibus,
2513 5434 2557 5486 si
2580 5433 2701 5487 bene
2725 5434 2909 5500 oleant,
2935 5438 2979 5490 si
3004 5454 3090 5506 pes
3117 5439 3236 5492 lucra
3257 5438 3388 5502 pelle
3411 5458 3513 5493 non

1931 5531 2143 5602 folleat;
2171 5527 2345 5582 Crines
2375 5525 2652 5578 calamistri
2676 5527 2882 5599 vestigio
2912 5531 3084 5596 rotati,
3115 5530 3261 5600 digiti
3289 5533 3513 5584 annnllis

1930 5619 2203 5672 radiantes.
2256 5619 2331 5671 Ex
2377 5616 2458 5667 his
2500 5616 2658 5668 etiam
2708 5633 2890 5682 ttnttttt,
2931 5635 3090 5688 quem
3136 5630 3191 5674 et
3236 5619 3513 5688 principem

1932 5713 2054 5767 artis
2084 5720 2252 5778 Vocat,
2280 5721 2329 5766 et
2374 5705 2694 5763 veredarium
2732 5707 2871 5762 urbis
2910 5711 3142 5770 breviter
3179 5709 3516 5775 strictimque
