4050 6188
584 367 657 422 55

584 479 860 536 describit.
886 476 989 533 Sed
1018 489 1116 530 nec
1146 471 1448 541 Virginibus
1475 469 1747 540 pepercit,
1774 484 1895 538 qua:
1921 467 2156 522 virorum

583 572 850 628 consortia
878 585 982 624 non
1009 565 1341 622 declinarent
1372 580 1386 618 :
1417 564 1558 630 quod
1591 577 1756 617 unum
1794 576 1916 614 cum
1954 574 2162 630 praece-

582 664 768 734 pisset,
790 675 884 714 seu
905 657 1082 712 verius
1101 656 1345 722 dixisset,
1377 653 1607 726 Virgines
1634 655 1819 724 sapius
1843 653 2021 706 debere
2047 667 2163 705 cum

580 753 870 810 mulieribus
894 767 1018 815 esse,
1036 766 1190 820 quum
1211 765 1326 802 cum
1347 749 1608 810 masculis,
1631 748 1784 800 totius
1808 747 1985 799 oculos
2011 743 2163 798 Urbis

580 845 810 911 o/I'endit,
833 850 1126 895 cunctorum
1156 839 1328 910 digitis
1356 848 1558 892 natatus
1585 847 1659 891 est
1703 836 1840 908 (Ep.
1871 834 1977 890 XX
1992 834 2096 888 VII
2117 836 2160 906 ).

580 937 722 991 Inter
767 934 964 987 multos
1005 941 1184 986 autem
1227 929 1318 998 qui
1357 929 1442 984 his
1477 927 1908 992 offenderentur,
1946 925 2162 997 quidam

579 1029 675 1082 fuit
704 1027 913 1082 Onasus
939 1023 1265 1094 Segestanus
1283 1062 1300 1088 ,
1331 1024 1445 1075 sive
1469 1037 1534 1078 ex
1565 1021 1836 1075 Pannonia
1862 1020 1950 1074 ille
1978 1018 2162 1084 fuerit,

577 1119 692 1172 sive
717 1133 784 1172 ex
816 1116 996 1171 Sicilia
1030 1113 1276 1186 (utraque
1294 1113 1438 1168 enim
1462 1112 1514 1166 in
1537 1112 1807 1182 provincia
1830 1108 2164 1178 cognominis

575 1209 764 1262 civitas
792 1205 1038 1276 habetur)
1066 1206 1154 1275 qui
1189 1205 1370 1258 Roma:
1399 1218 1492 1272 per
1523 1202 1574 1255 id
1604 1212 1814 1270 tempus
1842 1199 2044 1269 degens
2064 1239 2081 1264 ,
2107 1207 2162 1252 et

575 1314 696 1367 quze
741 1296 866 1351 vitia
911 1295 1265 1367 Ilieronymus
1311 1295 1362 1348 in
1410 1293 1715 1347 universum
1760 1291 2052 1360 carpebat,
2101 1304 2161 1343 se

575 1391 819 1445 fortassis
851 1404 1072 1459 peccare
1100 1388 1356 1449 sentiens,
1382 1386 1522 1440 dicta
1545 1384 1662 1454 ejus
1688 1392 1744 1440 ct
1769 1383 1965 1451 scripta
1994 1382 2046 1435 in
2076 1381 2159 1434 sui

575 1481 951 1534 contumeliam
984 1480 1207 1548 accepit.
1253 1479 1491 1544 Quantas
1511 1477 1597 1531 hic
1627 1479 1808 1530 turbas
1833 1474 2117 1530 concitarit
2139 1512 2156 1538 ,

575 1573 785 1628 discere
807 1581 889 1627 est
910 1588 972 1626 ex
1008 1573 1239 1640 Epistula
1269 1570 1382 1625 XL.
1405 1570 1473 1623 ad
1503 1569 1831 1633 Marcellam,
1853 1581 1958 1637 qna
1989 1566 2160 1620 homi-

578 1664 659 1716 nis
688 1661 1068 1731 impudentiam
1103 1661 1388 1715 falsissime
1412 1659 1471 1714 S.
1499 1659 1656 1714 Pater
1681 1658 1893 1720 refellit,
1915 1672 1978 1711 ac
1999 1656 2158 1711 ridet.

579 1751 633 1804 In
679 1750 795 1804 dies
838 1761 1015 1804 autem
1058 1751 1230 1820 magis
1267 1749 1681 1804 obtrectantium
1713 1749 1793 1802 vis
1821 1758 1972 1802 aucta
1999 1757 2054 1802 et
2083 1757 2160 1802 te-

583 1841 802 1894 meritas
824 1881 838 1903 ,
880 1850 934 1893 ut
961 1840 1158 1908 passim
1187 1839 1342 1909 vulgo
1373 1838 1638 1909 Satyricus
1669 1837 1905 1908 Scriptor
1928 1837 2156 1902 audiret,

575 1931 854 1999 versipellis
873 1973 887 1996 ,
915 1941 962 1984 et
989 1931 1290 1984 criminosus
1309 1971 1323 1993 ,
1352 1940 1407 1985 et
1438 1929 1784 1999 iniquissimis
1820 1930 2046 1983 subinde
2071 1944 2162 1982 ca-

577 2021 794 2075 lumniis
818 2022 1109 2091 itnpetittts,
1136 2022 1344 2089 publice
1363 2020 1566 2076 differri
1593 2036 1656 2074 ac
1683 2020 1886 2074 traduci
1913 2019 2158 2090 coeperit.

576 2109 644 2163 Et
674 2121 1059 2178 przenotaverat
1083 2120 1262 2165 tamen
1289 2111 1402 2180 ipse
1424 2127 1545 2166 cum
1574 2113 1836 2166 scriberet
1865 2123 2158 2165 cunctorum

571 2201 813 2254 adversus
851 2218 905 2255 se
950 2200 1312 2256 maledicorum
1352 2204 1451 2256 tela
1496 2220 1604 2258 esse
1645 2205 1944 2272 torquenda.
1996 2205 2156 2272 Quos,

571 2292 766 2355 aiebat,
796 2293 1022 2357 obsecro,
1050 2304 1103 2346 ut
1132 2294 1426 2362 quiescant,
1469 2304 1516 2348 et
1556 2295 1786 2349 desinant
1829 2297 2159 2358 maledicere;

574 2399 676 2435 non
705 2383 860 2448 enim,
886 2393 939 2436 ut
960 2384 1263 2438 adversariis
1285 2425 1302 2451 ,
1333 2386 1423 2439 sed
1441 2394 1496 2439 ut
1523 2387 1699 2440 amicis
1727 2388 2044 2456 scripsimus,
2069 2404 2158 2442 nec

575 2473 755 2525 inverti
782 2489 955 2527 sumus
975 2474 1027 2527 in
1047 2491 1133 2528 eos
1153 2477 1238 2544 qui
1267 2485 1494 2545 peccant,
1517 2477 1605 2529 sed
1631 2492 1692 2529 ne
1715 2487 1939 2546 peccent,
1961 2479 2160 2532 monui-

577 2580 624 2615 ιιι
631 2581 706 2617 us.

650 2657 831 2724 Neque
856 2671 988 2710 vero
1024 2656 1136 2710 sola
1174 2656 1225 2710 in
1253 2655 1396 2710 vitiis
1437 2655 1893 2726 reprehendendis
1935 2655 2157 2710 libertas

580 2743 906 2817 Hieronymo
952 2747 1203 2801 invidiam
1248 2757 1560 2813 creaverat,
1600 2747 1692 2802 sed
1737 2758 1793 2802 et
1835 2747 2060 2802 consilia
2091 2748 2157 2802 ad

578 2837 822 2901 virtutes,
855 2846 1149 2906 sanctaque
1180 2838 1300 2891 vitze
1330 2837 1631 2900 institutio,
1663 2852 1764 2906 qua
1796 2838 2161 2892 nobilissimas

581 2926 803 2980 feminas
827 2928 896 2980 ab
923 2926 1184 2980 illecebris
1213 2927 1392 2979 saeculi
1422 2937 1476 2982 et
1501 2929 1730 2996 pompis,
1754 2927 1820 2981 ad
1845 2927 2162 2983 Christiana:

580 3019 792 3087 pietatis
822 3017 1018 3082 oflicia,
1041 3029 1096 3073 et
1124 3017 1520 3088 Scripturartun
1553 3019 1948 3075 meditationem
1972 3035 2164 3076 evoca-

578 3110 674 3172 vit,
722 3110 914 3164 civium
963 3126 1158 3165 acuere
1203 3111 1360 3173 odia,
1409 3121 1464 3166 et
1513 3113 1806 3181 potentium
1857 3114 2162 3169 inimicitias

579 3202 940 3257 concitavere.
997 3201 1263 3266 Blaesillzc,
1314 3218 1502 3256 recens
1546 3203 1739 3268 vidum,
1788 3205 1928 3273 quod
1973 3217 2163 3260 auctor

581 3289 768 3346 fuisset
793 3291 859 3345 ad
887 3293 1208 3347 sanctiorem
1242 3293 1363 3346 vitae
1390 3294 1650 3348 rationem
1684 3294 1992 3359 iucundam,
2025 3306 2082 3350 ut
2109 3308 2164 3354 et

582 3383 892 3437 Monachum
919 3386 1278 3452 profiteretur,
1297 3385 1364 3437 ita
1389 3385 1673 3438 multorum
1694 3389 1906 3456 pupugit
1931 3389 2160 3454 animos,

583 3485 641 3527 ιιι
667 3490 787 3527 cum
819 3473 1044 3528 febrium
1071 3474 1265 3529 ardore
1296 3476 1452 3543 paulo
1485 3484 1603 3543 pttsl
1633 3477 1720 3528 illa
1752 3478 1892 3530 diem
1921 3481 2163 3546 obiisset,

584 3566 872 3630 as‘peritate
918 3565 1040 3616 vita:
1085 3563 1244 3619 veluti
1286 3564 1462 3619 occisa
1503 3567 1816 3622 diceretur:
1851 3570 2010 3638 inque
2053 3571 2168 3640 ejus

587 3655 791 3719 funere,
825 3653 892 3709 de
932 3654 1094 3709 Paula
1135 3666 1305 3712 matre
1349 3657 1460 3712 fere
1505 3657 1575 3713 ob
1617 3657 1858 3715 dolorem
1897 3664 2166 3726 exanime,

590 3747 816 3814 populus
839 3747 1165 3814 mussitaret,
1199 3745 1380 3802 Nonne
1405 3749 1534 3803 illud
1560 3760 1632 3804 est
1661 3753 1796 3819 quod
1819 3752 2006 3819 saepius
2031 3753 2170 3808 dice-

589 3836 765 3888 bamus
797 3851 817 3890 :
845 3836 980 3890 dolet
1007 3839 1167 3906 ﬁliam
1185 3839 1400 3909 jejuniis
1421 3841 1736 3910 interfectam
1761 3883 1776 3908 ,
1802 3844 1937 3911 quod
1965 3861 2064 3898 non
2094 3846 2172 3900 rel

590 3927 654 3978 de
672 3928 890 3981 ειιειιηιιο
912 3929 1021 3995 rius
1044 3931 1362 3984 matrimonio
1388 3934 1599 3986 tenuerit
1625 3945 1848 4004 nepotes.
1879 3936 2168 4006 Quousque,

591 4018 881 4083 addebant,
903 4034 1060 4088 genus
1089 4019 1377 4073 detestabile
1407 4021 1459 4072 Μ
1467 4023 1777 4078 onachorum
1803 4042 1902 4078 non
1926 4024 2046 4078 urbe
2068 4026 2174 4094 pel-

594 4111 754 4165 litur?
780 4127 880 4163 non
912 4111 1166 4176 lapidibus
1193 4111 1462 4167 obruitur?
1495 4131 1596 4168 non
1622 4117 1964 4185 prtecipitatur
1987 4119 2040 4171 in
2064 4119 2173 4189 [lu-

597 4204 740 4258 rtus.’
784 4202 1074 4256 Matronam
1120 4204 1450 4258 miserabilem
1495 4207 1840 4274 seduxerunt,
1877 4225 1990 4277 qua:
2025 4227 2177 4281 quant

599 4293 854 4346 Monac/ta
879 4310 984 4347 esse
1013 4292 1250 4358 noluerit,
1275 4295 1392 4349 ltinc
1422 4297 1684 4365 probatur,
1711 4300 1846 4368 quod
1871 4302 2014 4355 nulla
2039 4300 2176 4355 Geu-

600 4385 761 4436 tilium
791 4387 858 4436 ita
882 4404 998 4440 suos
1028 4403 1248 4455 unquam
1275 4390 1465 4458 ﬂeverit
1490 4391 1648 4459 ﬁlias.
1679 4391 1869 4446 Narrat
1891 4394 1958 4448 de
1980 4409 2037 4448 se
2065 4394 2179 4464 ipse

602 4477 653 4528 in
686 4475 999 4530 l’rmfatione
1027 4478 1092 4530 ad
1127 4479 1332 4550 Didymi
1376 4481 1604 4548 librum,
1630 4501 1751 4537 cum
1783 4485 1956 4540 adhuc
1990 4488 2043 4539 in
2078 4486 2181 4540 Ba-

601 4566 802 4635 bylone,
832 4566 906 4633 (id
933 4577 1013 4619 est
1041 4567 1244 4638 Ronan)
1274 4580 1609 4636 versaretur,
1645 4581 1766 4641 post
1795 4574 2002 4630 Damasi
2034 4593 2180 4632 tuor-

605 4668 735 4720 tctn,
773 4664 828 4708 ut
861 4669 926 4708 ex
969 4670 1148 4708 rerum
1186 4659 1324 4711 serie
1368 4659 1705 4714 manifestum
1733 4671 1833 4726 est,
1862 4664 2004 4732 quod
2037 4675 2179 4720 tanta

603 4746 826 4802 subierit
856 4747 1129 4800 maledica:
1158 4748 1303 4802 urbis
1333 4759 1377 4802 et
1408 4761 1700 4820 purpurata:
1727 4757 2000 4810 meretricis
2035 4758 2180 4813 odia.

609 4838 756 4901 Ecce,
788 4837 975 4905 inquit,
1009 4835 1388 4891 I’Itarisa'arum
1416 4843 1648 4895 clamavit
1679 4843 1920 4912 Senatus,
1945 4856 1990 4900 et
2016 4849 2208 4904 nullus-

607 4928 786 4982 Scriba
813 4926 892 4981 ι.γί
909 4928 1057 4997 [ictus
1080 4929 1242 4997 (forte
1267 4929 1547 4998 veliﬁcatus
1575 4949 1680 4988 uno
1704 4936 1869 4990 verbo
1901 4937 2183 5008 legendum

605 5022 712 5088 est)
741 5018 828 5072 sed
855 5036 1027 5073 onmes
1059 5021 1206 5089 quasi
1239 5021 1430 5077 indicta
1466 5025 1559 5078 sibi
1600 5027 1776 5094 praelia
1817 5031 2184 5095 doctrinarum,

1855 355 1912 410 S.
1957 352 2329 409 HIERONYMI
2375 354 2553 409 VITA.

3783 353 3856 410 56

2251 476 2381 520 itum
2423 478 2733 538 acceperat,
2772 485 2836 524 ac
2867 485 3026 539 porro
3052 478 3337 538 acceptura
3363 477 3484 526 erat
3514 486 3530 524 :
3560 467 3853 538 peculiaris

2269 559 2431 612 etiam
2460 560 2642 614 nescio
2671 559 2824 629 cujus
2845 601 2859 625 ,
2888 559 3189 630 gravissimi
3234 569 3411 614 tamen
3445 559 3689 614 criminis
3725 576 3854 617 reus

2273 648 2646 716 peragebatur.
2676 649 2928 704 Inventus
2952 659 3036 704 est
3056 650 3270 720 quidam
3296 649 3659 720 rumigerulos
3689 649 3854 705 homo

2269 752 2376 796 tam
2400 742 2706 811 impudens,
2732 752 2788 798 et
2811 743 3076 812 perfricta:
3104 743 3316 808 frontis,
3339 743 3430 812 qui
3463 743 3616 798 testis
3634 740 3853 812 apposi-

2253 841 2382 896 tus,
2417 832 2543 887 illud
2575 833 2757 888 nescio
2781 833 2909 903 quid
2936 834 3159 888 sceleris
3178 832 3375 888 vidisse
3403 847 3462 888 se
3479 872 3496 896 .
3522 833 3606 887 vel
3634 832 3854 888 audisse

2267 933 2552 987 assereret,
2581 932 2637 978 et
2664 923 3008 995 nequissimae
3035 924 3391 978 criminationi
3423 923 3580 978 fidem
3610 925 3854 979 testimo-

2267 1013 2357 1066 nio
2383 1029 2482 1068 suo
2527 1014 2748 1069 faceret.
2795 1015 2898 1070 Sed
2933 1015 3021 1070 ubi
3045 1016 3326 1086 quaestioni
3351 1015 3599 1071 admotus
3625 1025 3732 1082 est,
3765 1015 3849 1068 in-

2266 1112 2522 1158 structam
2543 1105 2862 1160 calumniam
2885 1105 3035 1160 fateri
3063 1122 3168 1160 non
3190 1106 3474 1172 dubitavit,
3494 1115 3549 1160 et
3569 1121 3852 1160 removere

2265 1193 2407 1261 quod
2436 1194 2725 1262 impegerat
2751 1194 3002 1251 delictum
3026 1196 3316 1250 innocenti.
3347 1195 3460 1264 Qua
3490 1195 3559 1251 de
3587 1213 3644 1251 re
3673 1194 3733 1250 S.
3759 1196 3855 1250 Pa.

2268 1291 2349 1338 ter
2373 1284 2439 1338 ad
2468 1285 2705 1339 Asellam
2735 1287 3036 1340 inscribens
3063 1303 3078 1341 :
3108 1286 3254 1345 Esto.
3284 1286 3494 1356 inquit,
3521 1287 3852 1340 crediderunt

2265 1377 2568 1430 mentienti:
2593 1394 2687 1430 cur
2725 1395 2828 1432 non
2861 1379 3072 1432 credunt
3114 1379 3360 1449 neganti!
3399 1376 3546 1432 Idem
3583 1388 3658 1431 est
3701 1379 3854 1432 homo

2263 1467 2399 1536 ipse,
2434 1468 2521 1535 qui
2552 1471 2719 1535 fuerat
2741 1483 2762 1523 :
2780 1471 2970 1540 fatetur
2998 1469 3263 1531 insontem,
3289 1468 3376 1539 qui
3413 1469 3605 1522 dudum
3640 1467 3853 1521 noxium

2265 1559 2584 1628 loquebatur.
2609 1558 2676 1613 Et
2696 1571 2828 1614 certe
2855 1561 3111 1616 veritatem
3136 1562 3297 1631 magis
3321 1563 3608 1629 exprimunt
3628 1571 3855 1615 tormen-

2263 1657 2336 1714 ta,
2368 1667 2521 1720 quant
2557 1652 2727 1718 risus;
2772 1653 2870 1705 nisi
2907 1653 3043 1722 quod
3069 1653 3276 1723 {acilius
3313 1652 3537 1707 creditur
3575 1652 3714 1720 quod
3761 1661 3852 1707 aut

2263 1743 2459 1809 fictum,
2502 1743 2716 1796 libenter
2760 1744 2990 1809 auditur,
3015 1754 3106 1797 ant
3151 1760 3250 1798 non
3294 1745 3470 1810 [ictum
3511 1752 3563 1795 ut
3601 1743 3849 1812 ﬁngatur,

2263 1834 2542 1904 impellitur
2577 1834 2787 1906 (Epist.
2825 1833 2925 1890 XL
2939 1835 3046 1906 ιζ).
3093 1836 3277 1906 Neque
3310 1836 3429 1890 heic
3466 1845 3667 1901 tamen,
3697 1834 3852 1904 cujus

2265 1927 2478 1996 praprie
2529 1928 2709 1982 delicti
2759 1938 3140 1994 accusaretur,
3196 1927 3448 1981 indicium
3496 1925 3643 1980 facit.
3695 1923 3851 1992 Quod

2267 2031 2402 2069 vero
2446 2034 2473 2067 a
2524 2017 2796 2072 nonnullis
2843 2018 3119 2086 proditur,
3149 2027 3382 2071 etvetus
3427 2015 3600 2070 innuit
3645 2017 3851 2070 Auctor

2263 2107 2398 2162 Vita:
2418 2108 2866 2180 l'lieronytnianm,
2882 2109 2950 2165 de
2961 2110 3232 2179 supposita
3247 2109 3492 2164 muliebri
3508 2119 3672 2174 veste,
3688 2123 3852 2178 quam

2263 2214 2384 2254 cum
2408 2201 2496 2254 ille
2513 2199 2820 2270 imprudens
2839 2215 2936 2270 pro
2957 2216 3051 2254 sua
3067 2200 3346 2265 induisset,
3365 2215 3534 2270 eaque
3549 2211 3771 2254 ornatus
3792 2199 3847 2254 in

2263 2301 2460 2345 emtum
2494 2290 2922 2345 Ecclesiasticum
2955 2302 3116 2345 noctu
3143 2291 3462 2360 prodiisset,
3493 2301 3546 2344 et
3575 2289 3764 2354 risum,
3793 2297 3853 2346 e:

2263 2383 2429 2452 stupri
2460 2382 2816 2451 suspicionem
2844 2382 2946 2436 sibi
2970 2381 3313 2447 conflaverit,
3342 2381 3541 2435 nullam
3570 2381 3682 2435 veri
3721 2395 3848 2449 Spe-

2263 2475 2398 2526 ciem
2430 2473 2606 2528 habet.
2638 2472 2822 2544 Neque
2847 2475 3012 2536 enim,
3036 2472 3178 2542 quod
3207 2474 3271 2526 ad
3305 2472 3556 2526 tuendam
3591 2473 3850 2526 innocen-

2264 2564 2351 2617 tia:
2381 2580 2492 2618 suae
2521 2563 2745 2629 famam,
2777 2564 2985 2620 detecta
3021 2564 3222 2618 inimici
3266 2565 3480 2628 astutia,
3517 2561 3671 2618 facile
3703 2579 3847 2633 pra:-

2264 2667 2408 2710 stare
2434 2655 2790 2727 Hieronymus
2818 2666 3043 2726 poterat,
3071 2672 3134 2712 ac
3163 2673 3325 2727 porro
3355 2657 3714 2727 praestandum
3743 2656 3848 2710 sibi

2265 2755 2401 2812 erat,
2427 2747 2645 2800 omnino
2667 2747 2884 2802 tacitum
2908 2747 3317 2810 dissimulasset,
3345 2762 3516 2816 neque
3542 2747 3618 2800 rei
3642 2745 3846 2801 nullam

2267 2837 2318 2891 in
2359 2836 2558 2890 dudum
2599 2836 2812 2892 laudata
2843 2838 3078 2906 Epistula
3098 2878 3115 2904 ,
3144 2854 3246 2908 qtta
3270 2837 3433 2892 variis
3463 2837 3762 2892 invidorum
3791 2838 3851 2892 in

2265 2943 2325 2982 se
2367 2927 2647 2982 calumniis
2689 2928 2996 2996 respondet,
3030 2929 3359 2984 mentionem
3405 2927 3637 2982 fecisset.
3684 2927 3849 2981 Multo

2266 3027 2351 3073 est
2387 3018 2743 3073 verositrilius
2770 3023 2821 3072 iu
2851 3034 2916 3073 eo
2943 3019 3236 3088 culpatum.
3270 3018 3414 3088 quod
3446 3017 3651 3072 nobiles
3675 3033 3742 3072 ac
3768 3018 3850 3072 di-

2265 3111 2402 3164 vites
2423 3109 2692 3166 Matronas
2722 3110 2852 3166 Ιιιιτί
2883 3120 2938 3165 et
2961 3111 3362 3166 consuetudinis
3388 3110 3585 3165 illicitae
3620 3123 3806 3163 caussa
3831 3150 3850 3174 ,

2267 3203 2550 3257 sanctioris
2579 3203 2702 3257 vitae
2732 3211 2991 3271 praetextu
3021 3202 3340 3272 decepisset,
3377 3211 3432 3256 et
3456 3201 3848 3272 .Ierosolymant

2269 3295 2547 3365 explenda:
2590 3294 2825 3350 libidinis
2866 3295 3032 3364 gratia
3064 3293 3223 3349 vellet
3251 3293 3559 3349 abducere:
3587 3293 3664 3348 ait
3702 3291 3850 3348 enim

2269 3389 2365 3456 ibi,
2398 3388 2549 3442 Nihil
2572 3388 2696 3441 mihi
2719 3387 2862 3442 aliud
2895 3387 3162 3456 objicitur,
3195 3389 3293 3442 nisi
3318 3403 3468 3441 sexus
3494 3403 3655 3451 meus,
3679 3395 3729 3440 et
3755 3386 3856 3439 hac

2270 3495 2546 3542 numquam
2570 3479 2827 3549 objicitur,
2855 3479 2952 3532 nisi
2975 3495 3090 3532 cum
3125 3477 3499 3549 Jerosolgmam
3529 3477 3698 3531 Paula
3728 3493 3854 3546 pro-

2269 3572 2532 3640 ﬁciscitur.

2346 3661 2433 3716 lV.
2477 3661 2716 3732 Denique
2743 3676 2862 3716 cum
2893 3676 2960 3716 eo
2995 3661 3225 3716 vesania;
3267 3676 3354 3716 res
3383 3660 3757 3730 processisset,
3789 3667 3852 3714 ut

2273 3768 2622 3823 qutecumque
2642 3764 2822 3823 ageret
2843 3753 2903 3808 S.
2927 3752 3104 3817 Pater,
3127 3751 3180 3806 in
3207 3753 3410 3808 crimen
3433 3751 3852 3821 deputarentur:

2274 3845 2406 3898 alius
2444 3845 2594 3909 enim,
2635 3843 2826 3914 inquit,
2869 3845 3119 3899 incessum
3162 3860 3328 3898 meum
3367 3843 3775 3898 calumniabatur
3805 3853 3859 3896 et

2275 3936 2437 3989 risum
2467 3937 2592 3988 :ille
2629 3936 2784 3989 ueluti
2810 3935 3129 3998 detrahebat,
3161 3935 3243 3990 ltic
3280 3935 3334 3988 in
3360 3934 3688 4005 simplicitate
3714 3933 3860 3986 aliud

2277 4027 2667 4097 suspicabatur:
2693 4026 2762 4082 de
2800 4027 3151 4096 relinquenda
3195 4027 3452 4082 maledica
3493 4025 3634 4082 Urbe
3675 4040 3865 4082 secum

2279 4119 2396 4187 ipso
2426 4117 2761 4173 deliberavit.
2793 4116 2975 4188 Neque
3018 4118 3120 4171 alia
3159 4129 3276 4172 erat
3301 4118 3602 4173 declinandi
3638 4119 3866 4174 insidia-

2283 4218 2425 4266 tores
2464 4211 2933 4281 pcstilentissimos
2967 4209 3126 4264 ratio.
3165 4208 3434 4265 Subduxit
3477 4225 3537 4265 se
3573 4209 3754 4281 itaque
3793 4211 3868 4266 ab

2279 4304 2359 4356 eis
2387 4303 2612 4371 primum
2639 4301 2760 4372 fuga
2784 4302 2836 4356 in
2855 4303 3150 4357 Solitarium
3175 4302 3374 4368 locum,
3401 4311 3454 4358 et
3479 4303 3590 4356 ruri
3614 4317 3676 4360 se
3705 4317 3866 4358 rece-

2285 4396 2360 4464 pit
2392 4412 2405 4448 :
2438 4394 2581 4449 unde
2625 4403 2679 4450 et
2717 4393 2783 4448 ad
2821 4393 3124 4449 Marcellam
3156 4393 3370 4448 dedisse
3401 4393 3612 4448 videtur
3641 4393 3869 4464 Episto-

2286 4485 2389 4539 lam
2412 4485 2462 4539 in
2490 4485 2806 4540 recensione
2829 4493 3010 4539 nostra
3037 4483 3220 4539 XLIII.
3254 4486 3430 4554 inqua
3454 4485 3622 4555 ipsam
3650 4500 3873 4555 quoque

2285 4575 2551 4641 hortatur,
2595 4586 2650 4629 ut
2682 4576 2881 4630 relictis
2910 4575 3069 4631 Urbis
3110 4576 3394 4642 molestiis,
3442 4590 3507 4631 ac
3548 4575 3741 4641 turbis,
3777 4593 3874 4630 rus

2285 4684 2346 4724 se
2375 4667 2638 4733 conferat,
2666 4669 2718 4722 in
2750 4669 2903 4734 cujus
2941 4669 3232 4724 solitudine
3257 4684 3385 4739 pace
3416 4669 3518 4724 sibi
3559 4667 3661 4723 frui
3686 4669 3871 4724 liceat.

2288 4761 2404 4832 Ipse
2439 4773 2616 4816 autem
2645 4777 2749 4816 non
2785 4760 2944 4818 Urbis
2970 4761 3152 4826 modo,
3191 4761 3285 4816 sed
3312 4771 3367 4816 et
3394 4760 3710 4815 viciniarum
3743 4777 3870 4829 per-

2291 4866 2474 4922 taL-sus,
2503 4854 2799 4909 discessum
2829 4869 2984 4908 suum
3013 4870 3117 4908 non
3141 4863 3247 4908 tam
3275 4854 3476 4918 animo,
3507 4868 3666 4920 quam
3701 4867 3876 4922 apere

2286 4947 2396 5017 jam
2429 4949 2649 5016 parabat
2675 4963 2690 5001 :
2719 4962 2840 5001 cum
2880 4947 3094 5002 tandem
3123 4950 3361 5018 Augusto
3387 4961 3590 5007 mense,
3619 4946 3875 5016 spiranti-

2289 5038 2384 5093 bus
2415 5039 2618 5103 Etesiis,
2655 5035 2991 5092 commodam
3027 5038 3350 5107 navigationi
3383 5039 3433 5092 in
3466 5037 3740 5092 Orientem
3770 5053 3877 5090 oc-

607 5116 870 5170 adversum
892 5136 970 5172 me
993 5120 1258 5190 imperitia:
1276 5123 1431 5190 {actio
1453 5124 1755 5194 caujuravit.
1784 5126 1988 5193 Quibus
2013 5131 2190 5184 verbis

608 5207 871 5276 primores
901 5221 1010 5264 tum
1037 5227 1104 5266 ex
1133 5213 1310 5276 Clero,
1347 5225 1453 5268 tmn
1486 5215 1710 5272 fortasse
1739 5220 1898 5272 etiam
1927 5237 1992 5275 ex
2022 5222 2192 5276 Patri-

610 5300 802 5351 tiorum
825 5301 1034 5366 ordine,
1058 5303 1109 5355 in
1134 5319 1362 5373 quorum
1395 5321 1588 5376 magno
1614 5319 1757 5363 esset
1781 5311 1925 5374 odio,
1948 5311 2191 5368 deuotari

611 5391 947 5457 perspicuum
979 5401 1082 5446 est.

687 5479 772 5532 III.
817 5479 872 5531 In
903 5480 1003 5532 hac
1030 5490 1171 5532 tanta
1199 5500 1358 5551 quam
1385 5489 1523 5556 apud
1553 5492 1747 5547 multos
1778 5497 2010 5550 nominis
2035 5506 2194 5566 atque

615 5567 1029 5621 existimationis
1045 5569 1306 5634 jacturam
1330 5576 1524 5631 fecerat
1549 5579 1606 5635 S.
1639 5581 1813 5647 Pater,
1839 5597 1895 5641 ut
1914 5598 1964 5640 et
1988 5590 2195 5656 probra-

620 5672 724 5721 sus,
757 5666 804 5710 et
832 5657 1083 5721 mendax,
1121 5669 1168 5712 et
1211 5661 1450 5729 lubricus,
1475 5678 1522 5720 et
1551 5669 1762 5724 Satanae
1797 5687 1904 5728 arte
1945 5677 2197 5746 dccipirns

617 5748 844 5820 audiret,
875 5769 904 5806 a
933 5768 1045 5821 quo
1083 5752 1380 5808 Christiana
1409 5758 1578 5826 pietas
1605 5777 1850 5832 magnum
1891 5767 2191 5824 incremen-

2293 5131 2560 5186 casionem
2589 5138 2794 5193 nactus,
2825 5129 3029 5190 Romae.
3062 5145 3181 5198 quae
3205 5129 3341 5184 adeo
3371 5145 3430 5184 se
3455 5129 3574 5199 ejus
3597 5132 3884 5186 consortio

2298 5222 2595 5291 pra-,buerat
2623 5219 2913 5289 indignam,
2945 5221 3067 5278 vale
3095 5222 3336 5276 ultimum
3363 5221 3517 5277 dixit.

2372 5311 2434 5366 V.
2473 5310 2578 5367 Sed
2622 5321 2906 5380 antequam
2951 5323 3130 5386 tatneq
3173 5313 3325 5368 daret
3359 5314 3531 5368 ventis
3576 5316 3714 5377 vela.
3761 5332 3886 5370 cum

2300 5404 2404 5469 iam
2452 5404 2618 5458 navim
2666 5403 2716 5457 in
2761 5403 3003 5459 Romano
3052 5413 3208 5474 portu
3248 5405 3637 5470 conscendisset,
3691 5408 3870 5473 rapti»

2298 5479 2426 5566 μάνη.
2451 5496 2721 5566 dolensque
2743 5495 3036 5565 Epistulam
3070 5495 3225 5549 XLV.
3259 5496 3325 5550 ad
3368 5496 3605 5550 Asellam
3637 5499 3885 5565 scripsit,

2299 5603 2363 5640 ex
2394 5603 2496 5657 qua
2538 5597 2594 5642 et
2633 5603 2798 5655 pauca
2843 5587 3086 5655 superius
3123 5583 3497 5652 delibavitnus,
3546 5595 3603 5642 et
3632 5587 3889 5655 qua-dam

2301 5684 2404 5737 alia
2435 5683 2554 5737 beic
2589 5685 2642 5738 in
2671 5699 2782 5736 rem
2809 5690 3044 5737 uestram
3080 5682 3403 5748 describere,
3435 5699 3617 5752 operm
3643 5687 3889 5754 pretium

2308 5786 2409 5829 est.
2442 5775 2600 5846 l’eue,
2644 5776 2833 5846 inquit,
2865 5785 2993 5830 certe
3027 5776 3294 5830 triennium
3334 5794 3446 5831 cum
3475 5781 3547 5835 cis
3573 5780 3895 5854 (Romanis)
