4050 6188
166 409 228 467 57
683 369 687 372 ’
1426 406 1485 464 s.
1525 402 1897 462 umnouvm
1936 404 2118 462 vm.

166 528 277 580 vixi.
307 524 477 582 llulta
501 543 581 582 nte
608 526 871 598 Virginum
894 525 1067 580 crebro
1095 524 1239 579 turba
1259 522 1611 577 circumdedit.
1642 520 1735 573 Di-

169 619 295 669 vinos
318 616 495 683 libros,
527 628 582 670 ut
606 617 770 687 potui,
798 616 1057 669 nonnullis
1096 630 1231 682 sape
1274 612 1537 667 edisserui.
1568 609 1739 664 Lectio

168 708 521 772 assiduitatem,
552 708 825 762 assiduitas
852 707 1284 778 tfamiliaritatem,
1317 702 1642 773 familiaritas
1675 701 1738 768 fi-

168 798 361 851 duciam
396 801 601 869 fecerat.
639 797 842 861 Dicant,
873 796 995 865 quid
1020 812 1240 864 unquam
1267 795 1319 847 in
1347 810 1426 845 me
1450 792 1598 845 aliter
1624 808 1739 845 sen-

166 887 333 949 serint,
379 903 532 957 quam
570 886 917 940 Christianum
962 886 1204 939 decebat!
1247 884 1523 937 Pecuniam
1560 884 1738 949 cujus-

130 994 309 1042 ;quant
360 978 581 1047 accepi?
629 994 839 1030 munera
886 977 963 1030 vel
1011 992 1169 1047 parva
1196 1017 1213 1041 ,
1268 976 1345 1028 vel
1402 991 1587 1043 magna
1637 990 1738 1027 non

129 1068 363 1134 'sprevi.’
404 1069 458 1121 in
504 1084 659 1121 manu
692 1084 804 1121 mea
844 1083 913 1121 ws
951 1067 1168 1137 alicujus
1206 1066 1471 1119 insonuit?
1512 1065 1739 1132 obliquus

128 1151 136 1209 ἕ
162 1174 343 1219 sermo,
375 1159 554 1211 oculus
578 1158 810 1226 petulans
838 1158 934 1226 fuit
955 1158 981 1211 Ρ
1004 1156 1153 1210 Nihil
1177 1157 1299 1209 mihi
1334 1156 1477 1208 aliud
1506 1154 1741 1212 obiicitur

124 1234 132 1337 ξ
164 1246 252 1298 uisi
271 1262 427 1299 sexus
449 1264 607 1311 meus,
627 1258 675 1301 et
705 1248 799 1299 hoc
830 1263 1103 1314 numquam
1132 1246 1363 1317 objicitur
1393 1245 1488 1297 nisi
1513 1259 1627 1296 cum
1653 1240 1742 1295 .le-

162 1339 474 1409 rosolymam
520 1338 691 1391 Paula
738 1339 1097 1407 proficiscitur,
1144 1350 1237 1390 etc.
1271 1336 1339 1389 Et
1381 1334 1540 1404 paulo
1586 1341 1742 1402 post:

164 1428 436 1497 Numquid
472 1430 678 1482 domum
706 1430 927 1498 alicujus
966 1427 1246 1482 laseivioris
1288 1426 1547 1496 ingressus
1587 1440 1697 1477 sum
1721 1423 1747 1477 .’

166 1518 207 1570 Ν
216 1518 433 1588 nmquid
462 1535 543 1571 me
568 1529 725 1571 vestes
751 1519 945 1582 sericas,
994 1518 1208 1570 nitentes
1243 1530 1473 1586 gemmas,
1505 1515 1640 1584 picta
1666 1515 1749 1584 fa-

164 1612 275 1673 cies,
312 1608 428 1661 auri
454 1609 627 1675 rapuit
651 1609 900 1661 ambitio?
926 1606 1091 1660 Nulla
1115 1607 1214 1675 fuit
1233 1606 1339 1665 alia
1378 1616 1741 1667 matronarum,

164 1715 269 1767 quae
296 1714 461 1751 meam
501 1708 666 1767 posset
690 1698 929 1750 edomare
965 1706 1201 1759 mentem,
1241 1697 1340 1749 nisi
1371 1696 1566 1765 lugens,
1596 1703 1745 1762 atque

158 1792 539 1858 jejunans......
580 1786 739 1858 Cujus
763 1789 1017 1840 canticum
1049 1787 1269 1853 Psalmi,
1316 1803 1481 1840 sermo
1509 1784 1741 1854 Evange-

167 1881 303 1943 lium,
330 1880 527 1933 delicia:
559 1879 889 1943 continentia,
920 1879 1021 1931 vita
1049 1879 1315 1945 ieiunium.
1342 1877 1507 1932 Nulla
1546 1893 1624 1930 me
1649 1892 1741 1946 po-

166 1971 252 2022 tuit
288 1970 393 2022 alia
417 1970 666 2023 delectare
697 1969 794 2022 nisi
827 1969 937 2031 illa,
969 1985 1121 2037 quam
1162 1968 1551 2021 manducantem
1589 1983 1739 2021 num-

163 2078 309 2129 quam
333 2062 458 2115 vidi.
485 2062 592 2116 Sed
620 2073 883 2130 postquam
910 2077 1018 2115 eam
1044 2078 1136 2128 pro
1163 2076 1256 2114 suo
1285 2061 1463 2113 merito
1492 2060 1741 2113 castitatis

164 2171 339 2207 veuera
347 2155 409 2217 ri,
431 2155 611 2216 colere,
627 2153 879 2222 suspicere
890 2153 1038 2220 capi,
1054 2168 1225 2205 omnes
1241 2167 1318 2203 me
1331 2150 1468 2204 illico
1479 2149 1745 2202 deseruere

164 2250 389 2300 virtutes.
424 2245 471 2300 0
492 2246 683 2299 invidia
710 2247 930 2316 primum
960 2244 1174 2298 mordax
1213 2244 1323 2297 tui!
1346 2260 1377 2297 o
1399 2243 1610 2297 Satana:
1632 2242 1744 2295 cal-

164 2337 332 2388 liditas
376 2353 571 2403 semper
609 2344 785 2389 sancta
824 2335 1160 2404 persequens!
1199 2332 1379 2387 Nulla:
1405 2334 1523 2387 aliae
1555 2332 1741 2387 Roma-

164 2444 241 2481 na:
266 2429 383 2481 urbi
408 2429 633 2498 fabulam
662 2427 1133 2494 prtebuerunultisi
1158 2425 1329 2479 Paula
1368 2434 1413 2478 et
1441 2424 1741 2489 Melanium,

163 2535 273 2579 aute
314 2519 615 2587 contemptis
661 2517 989 2588 facultatibus
1012 2558 1027 2582 ,
1060 2516 1449 2586 pignoribusque
1496 2514 1704 2569 desertis
1725 2555 1743 2580 ,

165 2611 371 2663 Crucem
398 2608 607 2662 Domini
645 2609 788 2679 quasi
817 2607 1075 2676 quoddam
1106 2608 1305 2676 pietatis
1336 2607 1559 2660 levavere
1584 2604 1744 2658 vexil-

165 2706 286 2756 lum.
312 2703 376 2757 Si
402 2701 614 2756 balneas
645 2712 887 2770 peterent,
913 2710 1169 2771 unguenta
1195 2700 1453 2771 eligerent,
1477 2698 1678 2751 divitias
1698 2706 1744 2751 et

166 2796 453 2847 viduitatem
494 2795 732 2847 haberent
780 2793 1035 2845 materiem
1083 2791 1335 2853 luxuriae,
1383 2798 1430 2843 et
1478 2789 1739 2854 libertatis,

167 2884 394 2937 Domina:
420 2891 722 2936 vocarentur
742 2892 787 2935 et
815 2881 1044 2936 Sanctae.
1080 2879 1233 2933 Nunc
1258 2881 1310 2933 in
1336 2895 1480 2933 sacco
1510 2888 1555 2932 et
1578 2880 1745 2932 cinere

167 2982 399 3047 formosa:
420 2978 595 3031 volunt
624 2976 801 3040 videri,
841 2987 889 3030 et
926 2977 979 3029 in
1010 2974 1303 3030 Gehennam
1328 2976 1460 3044 ignis
1480 2991 1594 3027 cum
1606 2974 1749 3040 jeju-

165 3070 259 3121 uiis
294 3078 341 3121 et
369 3070 575 3135 pazdore
603 3067 901 3121 descendere
929 3082 949 3120 :
982 3066 1207 3120 videlicet
1238 3082 1339 3119 non
1378 3066 1448 3119 eis
1473 3066 1605 3126 licet,
1648 3080 1745 3133 ap-

168 3160 439 3225 plaudente
471 3156 683 3227 papula,
719 3158 882 3224 perire
922 3173 1037 3209 eum
1070 3156 1252 3208 turbis.
1282 3155 1343 3210 Si
1372 3154 1593 3209 Gentiles
1618 3154 1749 3207 hanc

167 3250 313 3301 vitam
340 3258 629 3317 carperent,
672 3249 717 3302 si
753 3247 943 3307 .ludtci,
970 3246 1211 3301 haberent
1237 3247 1477 3300 solatium
1512 3261 1611 3297 non
1635 3245 1748 3314 pla-

165 3342 307 3393 cendi
356 3341 449 3399 eis,
481 3341 663 3409 quibus
690 3340 920 3407 displicet
959 3338 1214 3393 Christus.
1259 3336 1414 3392 Nunc
1442 3354 1577 3402 vero,
1620 3340 1748 3407 proh

169 3435 327 3499 nefas,
372 3431 601 3483 homines
631 3428 924 3492 Christiani,
953 3430 1289 3499 praetermissa
1319 3428 1586 3481 domorum
1625 3445 1748 3481 sua-

169 3537 277 3571 rum
315 3536 462 3581 cum,
508 3529 555 3571 et
598 3521 789 3587 proprii
836 3519 971 3573 oculi
1013 3520 1153 3572 trabe
1196 3520 1442 3589 neglecta,
1492 3519 1545 3571 in
1583 3519 1749 3572 alieno

170 3613 311 3663 ecula
336 3615 583 3679 festucam
613 3622 868 3675 quierunt.
888 3610 1134 3663 Lacerant
1162 3620 1391 3664 sanctum
1410 3611 1743 3680 propositum,

168 3714 213 3754 ct
234 3706 506 3755 remedium
525 3718 686 3773 ptem:
706 3718 814 3756 suae
838 3703 1171 3766 arbitrantur,
1191 3704 1234 3756 si
1252 3718 1396 3755 nemo
1416 3706 1479 3755 sit
1502 3702 1746 3768 Sanctus,

171 3794 213 3843 si
236 3797 463 3847 oninibns
490 3794 809 3859 detrahatur,
850 3794 897 3847 si
920 3794 1067 3846 turba
1091 3795 1153 3847 sit
1175 3795 1512 3863 pereuntium,
1545 3794 1588 3847 si
1618 3795 1750 3847 mul—

170 3886 326 3939 titudo
360 3887 700 3951 peccantium.
733 3885 991 3953 Denique,
1019 3884 1261 3954 pluribus
1297 3884 1559 3954 ejusmodi
1585 3884 1752 3939 inter-

165 3976 317 4041 iectis
344 3995 359 4029 :
389 3976 598 4030 Gratias
638 3994 736 4046 ago
764 3975 875 4030 Deo
905 3993 1035 4041 meo,
1057 3976 1192 4046 quod
1227 3976 1411 4046 dignus
1457 3979 1573 4041 sim,
1606 3994 1752 4047 quem

170 4069 383 4120 mundus
410 4067 599 4120 oderit.
630 4065 735 4119 Ora
757 4075 924 4119 autem
948 4076 1023 4130 tu,
1048 4075 1100 4118 ut
1127 4066 1191 4118 de
1206 4064 1465 4136 Babylone
1487 4065 1753 4138 lerosoly-

170 4172 299 4208 niam
339 4158 625 4226 regrediar,
671 4173 734 4210 ne
762 4157 889 4209 mihi
928 4156 1216 4208 dominetur
1258 4153 1747 4221 Nabuchodonosor,

170 4249 255 4297 sed
283 4248 433 4302 Jesus
460 4249 602 4315 filius
636 4245 1006 4300 Josedech.....
1038 4244 1242 4299 Stultus
1271 4261 1382 4315 ego,
1415 4247 1501 4316 qui
1528 4246 1752 4299 volebam

169 4348 372 4392 cantare
409 4339 676 4391 Canticum
719 4336 925 4390 Domini
970 4337 1024 4389 in
1069 4345 1203 4389 terra
1247 4337 1435 4402 aliena,
1473 4345 1518 4389 et
1558 4336 1753 4389 deserto

170 4438 334 4479 monte
367 4428 521 4493 Sina,
554 4425 776 4497 Egypti
800 4426 1051 4479 auxilium
1073 4426 1388 4496 ﬂagitabam.
1434 4424 1553 4478 Non
1580 4442 1753 4479 recor-

168 4519 326 4571 dabar
356 4519 643 4590 Evangelii,
675 4520 794 4587 quia
820 4520 907 4588 qui
936 4518 1000 4571 de
1021 4517 1308 4571 Jerusalem
1332 4518 1607 4586 egreditur,
1647 4527 1758 4571 sta-

166 4610 250 4659 tim
278 4610 457 4661 incidit
486 4610 541 4662 in
569 4609 812 4672 latrones,
838 4608 1107 4676 spoliatur,
1138 4608 1453 4671 vulneratur,
1487 4609 1750 4663 occiditur.

168 4698 271 4751 Sed
298 4702 417 4753 licet
445 4701 701 4755 Sacerdos
737 4701 978 4769 despiciat
1024 4710 1175 4769 atque
1204 4700 1418 4762 Levites,
1462 4699 1751 4756 Samarita-

164 4809 255 4846 nus
285 4796 378 4847 ille
398 4795 681 4847 misericors
710 4805 804 4858 est,
837 4804 931 4847 etc.
964 4791 1258 4859 Maleﬁcum
1306 4792 1513 4861 quidam
1540 4812 1617 4848 me
1634 4812 1751 4863 gar-

162 4886 297 4935 riunt
323 4901 345 4936 :
377 4884 579 4936 titulum
606 4885 727 4951 fidei
762 4867 934 4938 servus
961 4900 1198 4954 agnosco.
1243 4883 1490 4955 Magnum
1526 4896 1702 4939 vocant
1731 4902 1749 4940 :

159 4984 202 5023 et
231 4973 423 5025 Judwi
450 4974 713 5027 Dominum
743 4992 922 5029 meum.
958 4974 1209 5030 Seduetor
1236 4990 1255 5028 :
1279 4986 1325 5027 et
1368 4975 1638 5044 Apostolus
1666 4979 1750 5030 tli-

160 5077 269 5119 ctus
317 5074 425 5119 est.
451 5063 672 5119 Tentatio
712 5085 790 5121 me
831 5085 931 5120 non
981 5067 1329 5136 apprehendat
1370 5069 1468 5121 nisi
1507 5068 1747 5126 humana.

164 5156 388 5218 Quotam
418 5164 614 5225 partem
640 5160 987 5226 angustiarum
1027 5174 1292 5226 perpessus
1330 5174 1456 5221 sum,
1490 5161 1575 5224 qui
1602 5159 1753 5213 Cruci

162 5250 361 5303 milito?
402 5248 679 5319 Infamiam
708 5251 829 5320 falsi
874 5250 1098 5302 criminis
1142 5250 1493 5317 imputarunt;
1530 5254 1618 5303 sed
1648 5253 1751 5305 scio

160 5354 249 5405 per
273 5342 463 5393 bonam
492 5350 539 5392 et
566 5341 754 5393 malam
787 5345 980 5410 famam
1022 5340 1265 5407 perveniri
1298 5340 1365 5392 ad
1404 5357 1556 5411 regna
1596 5342 1751 5394 ecclo-

160 5445 291 5481 rum.
322 5430 531 5485 Czetera
556 5432 772 5499 longum
796 5442 879 5484 est
911 5431 1178 5499 persequi.
1205 5429 1439 5497 Tempus
1467 5432 1550 5483 vix
1581 5431 1752 5500 potuit

158 5518 403 5573 denotari
432 5520 799 5574 manifestius:
823 5520 1257 5587 quandoquidem
1290 5520 1599 5587 spirantibus
1633 5520 1752 5574 Ete-

160 5609 243 5662 siis
285 5611 532 5665 scribere
573 5610 690 5663 htcc
730 5625 812 5676 se,
837 5610 947 5679 jam
983 5610 1197 5678 jamque
1244 5609 1455 5662 Solvere
1503 5624 1533 5660 c
1575 5622 1748 5674 portu,

164 5711 322 5762 notat,
373 5702 522 5771 quod
563 5711 669 5766 est,
706 5702 946 5769 Augusto
977 5716 1162 5755 mense
1192 5699 1415 5768 hujusce
1459 5699 1584 5752 anni
1625 5700 1748 5753 385.

164 5807 274 5848 tum
300 5796 418 5866 jam
471 5795 731 5871 Damasus
780 5795 886 5848 lato
933 5796 1144 5848 [uinctus
1187 5802 1349 5856 esset,
1393 5806 1552 5861 quem
1584 5788 1752 5844 Beata:

3357 419 3429 480 58

1850 526 2109 580 memoria:
2133 527 2292 581 titulo
2319 527 2505 595 donat,
2547 538 2601 585 et
2625 545 2786 600 quem
2810 531 3160 601 praecedentis
3182 537 3425 607 proxime

1842 614 1969 667 anni
1998 630 2184 670 mense
2217 618 2516 685 Decembri,
2544 622 2879 675 ostendimus
2901 621 3118 677 obiisse.
3150 625 3328 693 Addit,
3350 641 3421 682 ne

1841 704 2133 773 contigisse
2178 707 2295 761 hare
2332 708 2505 763 serius
2532 719 2704 777 putes,
2740 727 2869 779 pene
2912 712 3180 767 triennium
3217 731 3275 771 se
3298 731 3419 771 cum

1842 791 2099 848 Romanis
2123 796 2347 851 vixisse.
2379 797 2538 853 Venit
2576 810 2779 866 autem,
2818 810 2877 855 ut
2900 803 3067 856 certis
3103 807 3424 874 argumentis

1841 886 2118 955 cvicimus,
2146 889 2373 945 Romam
2393 905 2535 945 auirio
2562 892 2695 957 38%,
2724 895 2869 948 circa
2898 895 3285 963 septembrem.

2455 1024 2610 1081 CAP.
2654 1025 2818 1081 XVII.

1848 1175 1889 1230 I.
1932 1176 1997 1231 In
2030 1178 2286 1233 Orientem
2317 1178 2659 1250 Hieronymus
2701 1183 2922 1253 navigat.
2973 1183 3037 1237 II.
3066 1184 3194 1251 'Quo
3222 1186 3431 1255 profici-

1920 1281 2130 1322 scuntur
2169 1272 2230 1325 S.
2267 1287 2466 1339 quoque
2497 1270 2665 1326 Paula
2703 1286 2750 1326 et
2798 1273 3147 1329 Eustochium.
3178 1274 3263 1329 Ill.
3311 1275 3430 1331 Una

1921 1375 2091 1413 omnes
2107 1358 2689 1429 invisuntPaltestinam,
2710 1373 2756 1415 et
2770 1362 2904 1416 Loca
2924 1363 3135 1417 Sancta.
3154 1366 3240 1420 IV.
3258 1365 3429 1436 rigg-

1925 1461 2067 1521 ptum
2103 1454 2249 1505 etiam
2295 1463 2340 1507 et
2377 1451 2562 1506 Nitriae
2597 1453 2905 1507 Monasteria
2945 1456 3180 1510 lustrant.
3225 1456 3288 1509 V.
3328 1456 3431 1511 Be-

1920 1542 2121 1595 thleemi
2143 1558 2198 1595 se
2223 1542 2490 1608 recipiunt,
2522 1542 2686 1611 ibique
2713 1546 2881 1597 sedem
2901 1545 3085 1615 figunt.

1915 1695 1955 1749 ι.
1998 1697 2426 1767 Hieronymianm
2452 1699 2505 1753 in
2525 1699 2798 1755 Orientem
2825 1702 3182 1771 navigationis
3206 1703 3425 1759 historia

1846 1786 2047 1855 percipi
2078 1786 2217 1841 haud
2241 1797 2419 1856 potest
2441 1803 2537 1858 per
2562 1799 2741 1858 partes
2766 1790 2979 1857 melius,
3001 1807 3160 1861 quam
3187 1794 3255 1847 ab
3277 1795 3424 1861 ipso-

1846 1886 1975 1942 met,
2003 1878 2091 1946 qui
2120 1878 2237 1947 ejus
2266 1893 2520 1948 perquam
2545 1888 2747 1936 attente
2776 1896 2987 1936 memor
3018 1891 3103 1937 est
3139 1883 3229 1938 lib.
3256 1882 3344 1938 ΙΙΙ.
3369 1884 3423 1940 in

1844 1968 2137 2034 Bullinum,
2172 1985 2399 2041 eamque
2423 1972 2490 2026 ad
2515 1973 2692 2027 remuli
2719 1974 3082 2029 retundendas
3120 1976 3425 2031 cavillatio-

1845 2076 1962 2126 nes,
2008 2061 2444 2118 luculentissimis
2486 2064 2667 2118 verbis
2706 2074 2934 2118 narrat:
2976 2064 3088 2130 Vis,
3140 2067 3233 2130 ait,
3282 2083 3430 2121 nosse

1846 2154 2169 2223 perfectionis
2206 2170 2330 2207 mea:
2370 2155 2434 2209 de
2481 2154 2617 2209 Urbe
2653 2157 2928 2210 ordinem!
2954 2156 3129 2211 Mense
3173 2158 3421 2227 Augusto,

1847 2243 2088 2312 ﬂentibus
2119 2243 2323 2309 Etesiis,
2347 2261 2461 2297 cum
2488 2245 2549 2299 S.
2590 2244 2852 2300 Vincentio
2879 2248 3189 2317 presbytero,
3221 2257 3268 2300 et
3297 2249 3429 2301 ado-

1850 2337 2065 2391 lescente
2090 2337 2265 2407 fratre,
2296 2347 2343 2390 et
2369 2337 2485 2391 aliis
2508 2337 2794 2402 Monaehis,
2825 2339 2910 2409 qui
2939 2355 3071 2392 nunc
3098 2338 3434 2410 Jerosolymat

1848 2441 2245 2495 commorantur,
2278 2430 2445 2483 navim
2474 2431 2526 2484 in
2555 2431 2783 2485 Romano
2806 2442 2954 2498 portu
2982 2448 3185 2487 securus
3204 2433 3429 2498 ascendi,

1849 2522 2072 2575 mna-ima
2098 2521 2402 2576 Sanctorum
2444 2522 2725 2592 frequentia
2752 2533 3098 2592 prosequente.
3134 2522 3262 2577 Veni
3288 2524 3429 2579 Rhe-

1848 2612 1986 2681 gium
2016 2626 2036 2665 :
2060 2612 2111 2664 in
2140 2612 2363 2682 Scylla'o
2403 2612 2569 2665 littore
2624 2613 2887 2678 paululum
2937 2615 3072 2678 steti,
3118 2614 3201 2668 ubi
3245 2624 3431 2669 veteres

1848 2703 2006 2755 didici
2025 2701 2242 2773 fabulas.
2270 2713 2316 2756 et
2347 2704 2655 2773 prtecipitem
2682 2704 2884 2773 fallacis
2912 2703 3110 2775 Ulyssis
3134 2722 3358 2770 cursum,
3380 2715 3429 2759 et

1849 2793 2162 2863 Syrenarum
2206 2796 2421 2856 cantica,
2464 2804 2512 2847 et
2537 2794 2874 2847 insatiabilem
2912 2794 3195 2864 Charybdis
3231 2795 3433 2864 voragi-

1847 2899 1981 2937 nem.
2011 2883 2230 2952 Cumque
2265 2885 2391 2937 mihi
2417 2885 2605 2938 accola
2631 2884 2771 2937 illius
2808 2885 2906 2937 loci
2948 2886 3108 2936 multa
3143 2892 3430 2945 narrarent,

1850 2974 2126 3044 darentque
2143 2976 2429 3037 consilium,
2452 2985 2507 3027 ut
2533 2991 2635 3027 non
2659 2974 2725 3025 ad
2752 2973 2921 3026 Protei
2947 2975 3229 3029 columnas.
3255 2974 3344 3027 sed
3364 2974 3434 3027 ad

1849 3063 2001 3117 Jonas
2032 3074 2225 3130 portum
2254 3067 2543 3134 navigarem
2572 3062 2745 3132 (illum
2774 3063 2905 3115 enim
2937 3064 3233 3132 fugientium
3258 3073 3304 3118 et
3326 3073 3435 3117 tur-

1853 3154 2107 3217 batorum,
2136 3154 2271 3206 hunc
2304 3154 2465 3206 securi
2504 3153 2721 3206 hominis
2750 3169 2857 3205 esse
2898 3152 3122 3224 cursum)
3158 3154 3318 3207 malui
3348 3172 3435 3222 per

1855 3242 2075 3306 Maleas,
2104 3252 2151 3295 et
2183 3240 2435 3312 Cycladas
2464 3241 2691 3313 Cyprum
2729 3258 2951 3312 pergere,
2982 3244 3068 3296 ubi
3107 3255 3367 3313 susceptus
3404 3264 3437 3297 a

1864 3330 2150 3385 Venerabili
2192 3331 2443 3401 Episcopo
2490 3331 2805 3402 Epiphanio,
2854 3333 3001 3402 cujus
3049 3343 3102 3386 tu
3150 3334 3434 3389 testimonio

1853 3424 2111 3494 gloriaris,
2142 3425 2253 3478 veni
2279 3424 2618 3490 Antiochiam,
2643 3426 2727 3479 ubi
2746 3425 2930 3492 fruitus
2955 3442 3066 3480 sum
3087 3428 3438 3482 communione

1858 3514 2124 3584 Pontiﬁcis
2161 3515 2569 3585 Confessorisque
2609 3516 2820 3569 Paulini
2847 3531 2866 3569 :
2896 3514 2963 3569 Et
3002 3517 3250 3571 deductus
3285 3520 3348 3571 ab
3372 3536 3433 3573 eo

1854 3608 2020 3660 media
2060 3609 2235 3678 hyeme
2271 3618 2319 3663 et
2356 3608 2544 3679 frigore
2590 3610 2910 3679 gravissimo,
2959 3610 3145 3664 intravi
3168 3610 3435 3681 Jerosoly-

1854 3718 2007 3754 mam.
2051 3700 2169 3754 Vidi
2202 3704 2362 3755 multa
2391 3703 2660 3767 miracula,
2701 3712 2745 3757 et
2770 3720 2884 3772 quin
2912 3706 3053 3772 prius
3093 3706 3161 3758 ad
3187 3723 3266 3760 me
3295 3710 3436 3775 fama

1857 3793 2146 3861 pertulerat,
2172 3793 2432 3846 oculorum
2450 3793 2651 3861 judicio
2675 3794 3013 3860 comprobavi.
3037 3792 3169 3847 Inde
3199 3796 3436 3848 contendi

1856 3880 2163 3953 rEgyptum,
2196 3882 2403 3935 lustravi
2454 3882 2759 3935 monasteria
2809 3881 3017 3947 Nitriae,
3061 3892 3106 3934 et
3136 3883 3266 3934 inter
3292 3883 3437 3936 San-

1855 3986 2047 4028 ctorum
2068 3977 2269 4040 choros,
2292 3974 2492 4043 aspides
2514 3975 2669 4027 latere
2691 3974 2941 4043 perspexi.
2977 3972 3218 4026 Protinus
3241 3974 3436 4026 concito

1855 4068 2019 4138 gradu
2052 4066 2304 4120 Bethleem
2328 4084 2488 4118 meam
2509 4083 2763 4135 regressus
2793 4084 2927 4128 sum,
2957 4067 3041 4120 ubi
3067 4067 3278 4121 adoravi
3305 4082 3439 4135 prte-

1857 4172 1993 4223 sepe,
2027 4165 2071 4208 et
2100 4155 2404 4208 incunabula
2436 4154 2739 4209 Salvatoris.
2785 4154 2908 4208 Vide
2932 4172 3132 4224 quoque
3159 4157 3440 4224 famosissi-

1862 4265 1995 4303 mum
2030 4248 2216 4311 lacum,
2258 4263 2346 4298 nec
2372 4264 2450 4300 me
2475 4247 2624 4300 inerti
2665 4246 2854 4299 tradidi
2896 4248 3018 4310 otio,
3050 4248 3139 4300 sed
3167 4249 3326 4300 multa
3359 4249 3440 4303 di-

1860 4342 1959 4394 dici
1981 4354 2095 4408 qua:
2118 4348 2235 4391 ante
2259 4337 2555 4390 nesciebam.
2590 4336 2682 4390 His
2709 4345 2871 4391 totam
2898 4353 3077 4392 rerum
3126 4354 3339 4392 suarum
3370 4338 3440 4394 ab

1860 4432 2005 4490 Urbe
2049 4431 2115 4485 ad
2142 4430 2415 4484 Bethleem
2443 4429 2720 4483 historiam
2763 4428 3139 4499 complectitur
3166 4431 3224 4487 S.
3259 4431 3439 4497 I‘ater,

1858 4539 2016 4593 quam
2050 4521 2150 4576 hoc
2173 4520 2481 4591 nos'capite
2506 4519 2664 4574 latius
2692 4530 2747 4575 et
2774 4536 2870 4591 per
2899 4530 3075 4592 partes
3101 4522 3431 4594 descriptum

1860 4615 2019 4669 imus.

1928 4704 2032 4761 Sed
2064 4705 2209 4775 prius
2238 4704 2479 4775 quzcdam
2510 4703 2579 4761 de
2604 4704 2915 4761 Pauliniano
2945 4708 3253 4780 Hieronymi
3276 4709 3441 4766 fratre

1861 4797 2194 4870 (Vincentius
2216 4797 2377 4860 enim,
2406 4813 2563 4868 quem
2598 4797 2824 4853 alterum
2853 4800 3090 4853 nominat
3118 4800 3325 4853 itineris
3353 4802 3437 4855 sui

1859 4889 2088 4954 socium,
2116 4887 2244 4940 satis
2264 4903 2328 4941 ex
2357 4888 2725 4955 superioribus
2748 4887 2977 4941 innotuit
2997 4887 3259 4940 mouenda
3288 4898 3434 4942 sunt.

1861 4978 2012 5033 Iquc
2045 4977 2103 5032 S.
2134 4978 2292 5031 Pater
2324 4978 2533 5032 videtur
2564 4978 2722 5045 paulo
2752 4986 2899 5038 ante,
2931 4990 3056 5028 cum
3094 4976 3304 5032 scilicet
3332 4979 3437 5033 Ro-

1858 5083 2000 5122 mam
2041 5067 2376 5127 accessisset,
2415 5066 2483 5119 de
2511 5065 2677 5133 patria
2704 5064 2977 5127 Stridone,
3019 5064 3087 5117 ad
3129 5069 3209 5119 sui
3249 5079 3439 5123 cantu-

1863 5158 2102 5210 bernium
2139 5170 2411 5209 evocasse.
2443 5155 2591 5220 Quod
2624 5154 2739 5221 ejus
2789 5155 2953 5216 nulla,
2994 5170 3115 5209 cum
3158 5158 3360 5224 pariter
3386 5161 3436 5213 in

1862 5248 2004 5301 Urbe
2039 5248 2315 5314 degerent,
2367 5245 2500 5297 laeta
2540 5246 2610 5298 sit
2656 5246 2876 5307 mentio,
2914 5246 3105 5314 puerili
3148 5248 3267 5315 ejus
3296 5253 3471 5323 a-tatij,

1860 5336 2234 5400 adlribuimus,
2277 5335 2388 5401 qui,
2430 5335 2530 5385 nisi
2572 5333 2865 5388 rationibus
2903 5334 3263 5393 subducemus
3313 5340 3457 5405 falli-5

1862 5442 2000 5489 mur,
2047 5441 2112 5478 ne
2153 5425 2253 5478 hoc
2282 5422 2494 5490 quidem
2527 5438 2688 5488 anno,
2727 5440 2834 5493 quo
2870 5424 3039 5480 Roma
3083 5428 3134 5483 iu
3175 5432 3437 5487 orientem

1861 5514 2145 5580 navigavit,
2172 5512 2484 5583 vigesimum
2511 5514 2717 5569 \idetttr
2736 5518 2909 5571 astatis
2933 5519 3190 5589 attigisse.
3219 5521 3436 5578 Frustra

1862 5610 2041 5676 itaque
2068 5616 2211 5672 sunt,
2240 5605 2475 5674 quinum
2504 5606 2819 5662 accessisset
2846 5625 3013 5664 necne
3036 5619 3159 5665 tunc
3190 5611 3438 5668 Monac-In

1863 5698 2157 5768 proposito,
2209 5697 2479 5765 disputant
2513 5715 2527 5751 :
2560 5707 2776 5752 strenue
2821 5710 2997 5755 autem
3043 5700 3294 5755 falluntur
3342 5702 3433 5768 qui

1863 5792 2032 5848 multo
2070 5793 2229 5849 etiam
2262 5788 2491 5863 pridem,
2531 5799 2583 5847 ct
2609 5791 2814 5861 Syriam
2856 5794 3075 5851 adeunti
3114 5792 3437 5858 Hieronymo

3497 5540 3511 5601 ι
