4050 6188
650 348 723 412 39

650 472 902 530 comitem
942 470 1139 532 fuisse,
1187 464 1364 535 ibique
1411 463 1464 518 in
1513 475 1698 517 eremo
1746 460 1945 530 pariter
1995 459 2228 519 servisse

650 565 886 628 Christo,
929 560 1277 615 arbitrantur.
1308 555 1567 610 Recurret
1603 552 1673 609 de
1707 569 1774 609 eo
1799 566 1979 608 sermo
1996 538 2226 608 iterum.

648 665 705 710 et
724 654 937 723 saepius.
953 648 1158 705 Caetera
1186 653 1590 717 prosequamur.

721 742 787 797 II.
827 742 883 795 S.
911 739 1093 801 Paula,
1124 752 1285 808 quam
1312 736 1481 791 multo
1520 743 1678 790 antea
1706 732 2057 804 Jerosolymte
2082 732 2224 787 invi-

645 832 827 889 sendte
851 830 1049 900 cupido
1074 831 1395 893 incesserat,
1426 825 1726 898 (siquidem
1755 824 2076 880 abeuntibus
2103 823 2229 894 Epi-

647 924 847 994 phanio
883 934 937 979 et
970 922 1190 977 Paulino
1228 936 1260 976 e
1292 921 1530 975 Romana
1577 918 1819 991 Synodo,
1847 932 1967 972 cum
2010 918 2139 987 ipsis
2169 917 2222 972 in

641 1017 904 1070 orientem
934 1014 1185 1084 navigare
1210 1010 1528 1081 optaverat)
1559 1021 1839 1080 postquam
1862 1024 1928 1062 co
1947 1007 2225 1062 contendit

644 1107 1026 1176 Hierooymus,
1057 1104 1237 1160 statim
1264 1104 1368 1157 iter
1393 1118 1495 1155 ttna
1526 1117 1647 1154 cum
1680 1100 1970 1155 Eustochio
2001 1099 2106 1152 lilia
2127 1114 2221 1154 sua

644 1197 893 1262 arripuit.
923 1194 1138 1259 Statim,
1168 1207 1405 1263 Inquam.
1436 1206 1557 1245 nam
1585 1199 1639 1245 et
1665 1200 1789 1244 ante
1810 1190 2218 1261 Hieronymum,

642 1287 687 1339 si
737 1301 832 1355 per
877 1276 1012 1340 alias
1042 1284 1242 1338 dudum
1285 1284 1441 1337 initas
1468 1282 1703 1335 rationes
1756 1280 1966 1340 liceret,
1994 1279 2223 1334 dicenda

582 1366 599 1372 â€™
640 1384 787 1431 esset
814 1378 913 1429 viae
944 1391 1003 1429 se
1031 1374 1321 1429 dedidisse.
1349 1372 1403 1428 Si
1432 1372 1576 1426 enitn
1623 1386 1753 1425 cum
1783 1368 1892 1424 fato
1922 1369 2097 1423 funem
2138 1376 2251 1439 est.

643 1467 798 1519 initio
821 1465 948 1519 anni
988 1465 1111 1519 40-5.
1142 1462 1373 1531 Augusto
1401 1462 1562 1515 sexies
1587 1471 1635 1514 et
1669 1460 1952 1513 Aristenelo
1985 1457 2128 1513 Cass.
2166 1458 2222 1510 in

635 1555 915 1621 Bethleem,
954 1570 1114 1607 annos
1150 1553 1325 1622 viginti
1350 1552 1462 1620 jam
1493 1550 1730 1619 degerat,
1761 1559 1817 1604 ut
1856 1551 1906 1603 itt
1944 1550 2062 1618 ejus
2095 1548 2221 1617 Epi-

638 1645 822 1715 taphio
864 1645 920 1700 S.
962 1645 1078 1714 ipse
1114 1644 1275 1698 Pater
1302 1651 1549 1704 testatur,
1584 1644 1696 1711 jam
1738 1651 1864 1695 ante
1892 1641 2019 1706 585,
2057 1651 2217 1707 atque

637 1734 777 1790 adeo
803 1744 928 1789 ante
956 1734 1130 1801 ipsum
1158 1733 1561 1803 Hieronymum,
1594 1731 1765 1786 Roma
1792 1731 1976 1787 debuit
2000 1733 2209 1787 disces-

644 1826 801 1879 sisse.
830 1823 935 1879 Sed
965 1824 1192 1879 termino
1222 1832 1447 1892 utroque
1471 1824 1698 1887 incluso,
1729 1833 1782 1879 et
1814 1822 2046 1879 rutundo
2075 1839 2215 1893 prae-

640 1927 784 1972 terea
807 1931 1035 1970 numero
1060 1914 1238 1984 (quod
1260 1913 1438 1969 facere
1458 1914 1511 1969 in
1538 1914 1622 1968 his
1641 1912 1814 1985 amat)
1846 1913 1904 1969 S.
1931 1913 2212 1968 Doctorem

642 2009 713 2062 ibi
742 2023 918 2070 usum,
946 2006 1169 2061 credere
1194 2021 1293 2060 nos
1322 2005 1459 2061 alius
1481 2005 1625 2074 cogit
1648 2004 1889 2073 ejusdem
1916 2003 2084 2068 locus,
2111 2003 2211 2057 nisi

630 2098 994 2166 juterpolatus
1017 2098 1106 2152 ille
1131 2105 1235 2158 est,
1267 2096 1321 2150 in
1354 2097 1458 2152 line
1484 2096 1680 2150 dudum
1713 2095 1940 2150 laudata:
1962 2095 2029 2149 ad
2058 2096 2213 2149 Asel-

637 2192 743 2246 lam
776 2190 1044 2260 Epistulae,
1081 2190 1167 2246 ubi
1194 2189 1476 2245 discedens
1517 2205 1548 2243 e
1593 2188 1837 2244 Romano
1863 2199 2039 2258 portu,
2069 2189 2213 2244 inter

614 2291 853 2337 .meteras
892 2290 1107 2336 sanctas
1134 2281 1360 2335 feminas
1383 2279 1593 2334 salvere
1623 2280 1792 2345 ipsam
1819 2295 2033 2349 quoque
2064 2280 2203 2334 Pau-

627 2374 734 2427 lam
785 2383 841 2429 et
884 2372 1232 2427 Eustochium
1289 2372 1466 2442 jubet.
1518 2372 1655 2439 Quin
1699 2371 1859 2426 etiam
1905 2386 2025 2426 cum
2074 2370 2205 2440 ipsis

628 2464 830 2531 pariter
879 2464 1158 2527 navigasse
1211 2463 1378 2517 videri
1433 2470 1694 2531 possunt,
1743 2462 2005 2534 siquidem
2067 2478 2204 2517 unus

637 2553 888 2622 idemque
936 2563 1039 2615 est,
1076 2568 1235 2622 quem
1265 2562 1319 2607 et
1351 2553 1467 2621 ipse
1518 2553 1711 2615 tenuit,
1759 2569 1944 2607 earum
1998 2553 2203 2607 itineris

628 2647 785 2711 ordo,
813 2648 901 2716 qui
950 2647 1122 2716 Epist.
1165 2645 1344 2701 CVIII.
1394 2645 1737 2708 describitur,
1768 2662 1858 2714 per
1898 2645 2121 2699 Maleam
2155 2654 2201 2698 et

620 2739 893 2809 Cytheram
940 2753 1239 2807 sparsasque
1290 2753 1379 2806 per
1421 2752 1593 2806 aequor
1640 2735 1911 2807 Cycladas,
1964 2736 2198 2805 Cyprum

621 2845 789 2900 usque
813 2839 869 2885 et
895 2829 1230 2896 Seleuciam,
1259 2838 1314 2885 et
1340 2828 1573 2896 denique
1616 2829 1974 2883 Antiochiam.
2023 2831 2198 2897 Atque

620 2925 721 2977 bac
740 2921 959 2991 quidem
987 2921 1042 2975 in
1071 2927 1201 2975 urbe
1246 2920 1377 2974 nihil
1405 2927 1490 2975 est
1517 2919 1761 2986 dubium,
1788 2920 1918 2990 qttin
1948 2934 2051 2973 una
2078 2919 2194 2973 fue-

614 3017 743 3081 rint,
762 3025 818 3069 et
846 3016 974 3085 quin
1003 3014 1264 3082 reliquum
1295 3012 1364 3068 ab
1384 3027 1445 3068 ea
1472 3028 1568 3082 per
1594 3012 1956 3074 Palaestinam,
1989 3027 2192 3081 perque

613 3106 904 3176 Egyptum
934 3105 1036 3159 iter
1058 3120 1160 3159 una
1182 3103 1533 3159 confecerint.
1559 3101 1690 3156 Nam
1713 3112 1769 3156 et
1794 3102 1961 3156 media
1989 3102 2190 3172 hyeme,

609 3208 666 3251 et
698 3213 726 3249 a
760 3196 980 3251 Paulino
1008 3210 1160 3264 teque
1187 3204 1352 3262 atque
1391 3195 1542 3263 ipsa,
1574 3192 1819 3248 deductae
1860 3193 1966 3247 illa:
2004 3192 2193 3249 dicun-

610 3300 699 3343 tur
740 3288 1131 3362 Jerusolymam
1167 3305 1179 3340 :
1217 3297 1274 3342 et
1313 3303 1373 3342 se
1419 3287 1693 3343 Bethleem
1735 3286 2021 3342 advenisse
2064 3302 2188 3342 cum

611 3382 793 3440 l'aula,
813 3395 877 3434 ac
897 3379 1092 3433 deinde
1111 3380 1228 3446 ejus
1252 3386 1439 3446 rogatu
1457 3377 1838 3432 Alexandriam
1862 3378 2187 3446 perrexisse,

608 3480 840 3524 testatur
868 3470 927 3524 S.
960 3470 1185 3536 ipsemet
1212 3469 1391 3530 Pater,
1425 3468 1654 3523 alterum
1687 3467 1737 3520 in
1766 3467 2085 3523 Prtefatiune
2112 3469 2177 3523 ad

607 3561 767 3623 Osce,
788 3542 1015 3614 alterum
1041 3558 1249 3613 laudata
1273 3557 1472 3613 dudmn
1504 3558 1739 3627 Epistula
1769 3577 1783 3612 :
1811 3559 1986 3628 inqua
2018 3560 2183 3615 etiam:

604 3652 1008 3708 accuratissima
1059 3651 1145 3706 illa
1196 3650 1559 3719 descriptione
1615 3650 1877 3716 locorum,
1928 3666 2023 3717 per
2065 3668 2184 3720 quia

603 3745 950 3805 transierant,
983 3751 1038 3797 et
1074 3757 1254 3796 rerum
1302 3756 1435 3811 quas
1464 3734 1624 3796 Paula
1657 3739 1917 3794 admirata
1949 3750 2052 3803 est,
2084 3758 2177 3812 ge.

603 3848 808 3892 sturum
836 3836 1071 3905 denique
1102 3836 1155 3889 in
1183 3835 1428 3904 singulis,
1456 3835 1831 3902 dicturumque
1855 3833 1971 3903 ejus
2001 3850 2098 3905 pro
2124 3851 2183 3890 re

601 3939 728 3985 nata
754 3946 768 3982 :
796 3929 1049 3983 comitem
1080 3942 1139 3980 se
1173 3926 1323 3981 lateri
1346 3926 1484 3993 ejus,
1515 3924 1666 3978 nullo
1692 3919 1798 3978 iton
1831 3924 1951 3979 loco
1980 3926 2177 3995 prodit.

600 4019 756 4086 Quod
800 4020 960 4089 igitur
1011 4017 1083 4071 ibi
1136 4016 1236 4070 sub
1265 4016 1444 4070 Paulae
1499 4015 1717 4069 nomine
1767 4015 1870 4068 iter
1924 4015 2181 4069 describit

600 4111 883 4168 Antiochia
931 4109 997 4165 ad
1043 4109 1363 4171 Paltestinte,
1391 4116 1552 4176 atque
1595 4106 1808 4177 lEgypti
1853 4109 2099 4162 civitates
2125 4121 2180 4162 et

599 4202 945 4260 monasteria,
975 4215 1131 4254 suum
1184 4213 1398 4268 quoque
1446 4198 1546 4252 iter
1596 4208 1698 4261 est,
1732 4208 1785 4252 et
1813 4213 1909 4255 nos
1957 4198 2179 4269 perinde

601 4302 762 4360 atque
788 4293 856 4346 de
884 4292 1066 4360 seipso
1092 4298 1360 4354 narraret,
1391 4289 1494 4344 huc
1522 4287 1837 4345 referemus.

672 4384 920 4437 Nominat
953 4400 1080 4437 vero
1106 4401 1164 4436 ea
1189 4393 1387 4437 tantum
1413 4384 1545 4446 loca,
1573 4397 1690 4454 qua
1735 4381 1914 4437 Sacris
1951 4381 2177 4438 Volumi-

599 4474 747 4527 nilms
770 4475 1107 4528 continuatur.
1134 4475 1303 4529 Ducto
1345 4474 1495 4528 initio
1526 4490 1555 4527 a
1585 4473 1825 4542 Sarepta:
1853 4474 2051 4540 littore,
2081 4490 2178 4543 per

597 4581 792 4621 arenas
841 4565 968 4637 Tyri
1020 4568 1167 4621 venit
1217 4571 1393 4629 Acco,
1426 4577 1479 4620 et
1516 4580 1613 4635 per
1642 4579 1863 4633 campos
1914 4565 2176 4634 Mageddu

595 4661 662 4716 ad
698 4670 893 4715 terram
923 4658 1206 4713 Pbilistiim
1231 4677 1245 4712 :
1280 4657 1498 4711 intravit
1526 4656 1719 4710 deinde
1736 4656 1865 4721 Dur,
1893 4657 2006 4712 sive
2026 4657 2176 4713 Stra-

595 4752 738 4808 tonis
769 4752 979 4814 tttrrim,
1007 4758 1061 4805 et
1084 4747 1436 4816 Antipatrida,
1457 4758 1512 4802 et
1535 4746 1797 4819 Lyddatn,
1820 4747 2172 4803 Arimathiam

590 4858 810 4915 quique
837 4852 892 4897 cl
914 4842 1086 4907 Nube,
1106 4841 1172 4896 ad
1202 4840 1429 4909 Joppent
1461 4854 1652 4909 usque,
1680 4838 1932 4909 fugientis
1957 4850 2173 4909 portum

595 4936 773 4991 Joiize.
804 4935 942 4991 Hinc
966 4934 1159 4988 itinere
1187 4931 1487 5002 Nicopolim
1514 4945 1721 4994 versus,
1754 4932 1867 4986 sive
1896 4930 2169 4997 Emmaus,

595 5025 860 5094 repetito,
890 5013 1132 5079 ascendit
1157 5022 1453 5086 Bettiurun,
1485 5021 1551 5075 ad
1596 5020 1875 5076 dexteram
1904 5010 2174 5090 aspiciens

592 5118 804 5189 Ajalon.
831 5126 887 5174 et
909 5117 1149 5181 Gabaon,
1184 5116 1343 5185 inque
1369 5114 1482 5183 ipsa
1516 5113 1695 5168 Cabaa
1722 5113 1875 5177 urbe,
1907 5111 1971 5166 ad
1999 5112 2172 5167 solum

591 5225 761 5279 usque
785 5208 981 5275 diruta,
1004 5207 1275 5278 paululum
1296 5205 1550 5259 substitit.
1585 5203 1806 5257 Intravit
1832 5202 2061 5271 denique
2080 5201 2172 5258 Je-

592 5301 916 5370 rusolymam
939 5315 953 5361 ;
979 5314 1194 5367 cumque
1226 5294 1513 5350 Proconsul
1562 5292 1880 5359 Paltcstinte,
1908 5293 1993 5360 qui
2019 5294 2173 5363 fanti-

589 5391 715 5444 liam
759 5389 939 5442 Paula:
964 5390 1152 5456 optime
1189 5396 1417 5450 noverat,
1450 5386 1728 5457 prtentissis
1753 5383 2166 5455 Apparitoribus,

580 5481 816 5551 jussisset
837 5479 1010 5549 parari
1034 5476 1525 5548 Prattorium,elegit
1552 5478 1661 5542 illa,
1686 5484 1846 5545 atque
1867 5476 1982 5545 ipse
2006 5474 2166 5540 adeo,

587 5572 679 5641 qui
709 5569 860 5624 lateri
890 5568 1005 5636 ejus
1030 5565 1338 5622 adhaarehat
1356 5567 1731 5637 Hieronymus,
1752 5564 1992 5617 humilem
2017 5565 2172 5617 cellu-

587 5662 692 5715 lam
716 5675 734 5723 ;
782 5667 831 5712 et
854 5668 1031 5710 cuneta
1054 5658 1170 5710 loca
1192 5663 1332 5706 tanta
1357 5656 1541 5708 ardore
1562 5671 1624 5707 ac
1650 5655 1821 5708 studio
1863 5654 2165 5719 circumioit,

587 5762 644 5807 ut
684 5751 783 5808 uisi
811 5749 880 5804 ad
923 5748 1117 5820 reliqua
1161 5745 1444 5818 festinaret,
1485 5761 1517 5798 Î±
1541 5748 1720 5817 primis
1751 5761 1851 5800 non
1882 5754 2049 5799 nosset
2071 5745 2164 5800 ult-

1923 345 1983 402 S.
2024 338 2400 399 IIIERONYMI
2442 343 2623 400 YIâ€™Iâ€˜A.
3852 353 3923 409 60

2341 455 2482 510 duci.
2531 456 2769 527 Longum
2801 457 2960 513 nimis
2986 466 3128 515 esset
3155 474 3217 514 ea
3269 461 3518 531 persequi
3562 478 3682 533 quae
3725 479 3921 535 prope-
3958 534 3965 537 Î½

2338 549 2554 603 modum
2602 550 2879 604 innumera
2920 566 2950 604 a
2990 552 3212 622 singulis
3255 553 3552 624 quibusque
3580 555 3714 612 Iocis
3742 567 3925 628 captat

2336 639 2614 708 mysteria.
2648 639 2720 693 Ita
2752 656 2946 710 nempe
2972 642 3061 696 ille
3089 642 3268 696 omnia
3319 644 3660 712 perlustravit
3685 645 3920 718 diligen-

2336 738 2440 794 ter,
2472 740 2530 784 ut
2559 732 2786 786 comites
2814 733 2973 786 etiam
3016 733 3116 788 sibi
3155 734 3460 802 adjunxerit
3487 737 3921 807 sapientissimos

2333 838 2399 877 ex
2430 816 2654 888 Iudaeis,
2697 824 2763 878 ad
2813 825 2928 879 loca
2960 826 3316 894 potissimum,
3360 843 3479 895 quae
3523 829 3575 883 in
3623 830 3919 900 Seripturis

2332 924 2725 978 memorantur,
2756 929 3048 987 eorumque
3075 917 3310 983 nomina,
3340 918 3535 988 quibus
3578 918 3690 988 ipsa
3729 921 3806 974 rei
3838 921 3917 975 si-

2332 1003 2603 1072 gnificatio
2618 992 2944 1072 continetur,
2967 1007 3193 1074 penitius
3214 1008 3625 1063 internoscenda
3646 1028 3660 1064 :
3681 1012 3917 1067 maxime

2331 1093 2453 1162 quia
2482 1093 2551 1149 de
2588 1104 2770 1149 vetere
2818 1096 2908 1150 illa
2931 1096 3389 1163 denominatione,
3413 1113 3557 1168 saepe
3582 1100 3743 1155 etiam
3771 1110 3915 1157 statu

2330 1182 2543 1238 fuerant
2593 1184 2904 1257 pleramque
2951 1196 3190 1256 partem,
3232 1199 3513 1258 postquam
3546 1190 3912 1247 Romanorum

2331 1272 2563 1342 Imperio
2613 1276 2852 1344 subjecta
2902 1288 3060 1343 sunt,
3088 1279 3209 1334 aliis
3257 1282 3565 1336 nominibus
3610 1283 3829 1348 donata,
3857 1296 3915 1340 et

2331 1364 2552 1433 pristina
2578 1366 2690 1422 fere
2713 1367 2891 1424 deleta
2918 1371 3161 1440 vestigia.
3191 1372 3364 1426 Adeat
3392 1374 3560 1442 ipsam
3590 1368 3909 1445 Epistulam,

2327 1457 2415 1526 qui
2440 1456 2555 1512 haec
2581 1460 2848 1514 recenseri
2872 1462 2972 1515 sibi
2995 1463 3174 1517 omnia
3196 1463 3487 1520 desiderat.
3508 1464 3613 1521 Sed
3639 1482 3745 1522 non
3777 1468 3909 1522 illud

2328 1548 2827 1614 praâ€˜termittamus,
2864 1550 3031 1605 videri
3076 1567 3198 1606 eum
3229 1553 3437 1607 scilicet
3480 1555 3580 1609 hac
3619 1558 3910 1614 occasione

2323 1650 2512 1691 omnes
2544 1637 2749 1695 Veteris
2777 1640 3103 1696 Testamenti
3148 1643 3315 1698 libros
3351 1659 3416 1701 es
3447 1644 3690 1716 Origenis
3714 1649 3890 1703 llesa-

2325 1729 2426 1796 plis
2478 1730 2852 1803 descripsisse,
2914 1749 3141 1802 quorum
3192 1736 3408 1806 antiqua
3464 1740 3793 1810 exemplaria
3845 1743 3899 1796 in

2321 1819 2639 1877 Ctesariensi
2683 1823 3009 1879 Bibliotheca
3053 1836 3347 1894 repererat.
3385 1828 3583 1884 florum
3620 1846 3725 1900 ope
3753 1833 3903 1887 illam

2320 1909 2513 1975 deinde
2534 1911 2978 1969 Emendationem
3002 1931 3066 1970 ex
3089 1916 3280 1972 Grmco
3303 1916 3607 1985 adornavit,
3630 1936 3752 1991 qua:
3776 1930 3907 1976 tam-

2320 2000 2420 2053 etsi
2476 2000 2678 2070 jamdiu
2726 2003 2893 2069 olim,
2942 2006 3165 2076 ipsoque
3215 2006 3498 2064 advivente
3548 2009 3901 2084 Hieronymo,

2319 2093 2549 2147 maxima
2592 2108 2658 2148 ex
2700 2104 2851 2165 parte
2884 2097 3231 2164 interciderit,
3261 2100 3311 2154 in
3339 2116 3529 2170 magna
3560 2111 3742 2158 tamen
3769 2120 3904 2159 cun-

2318 2184 2467 2238 tiuuo
2497 2184 2594 2239 fuit
2643 2187 3006 2243 Ecclesiarum
3035 2191 3419 2260 mstimatione,
3449 2209 3553 2263 qua
3600 2205 3753 2265 parte
3802 2213 3897 2251 su-

2315 2277 2539 2343 peravit,
2568 2287 2624 2332 et
2676 2280 2836 2359 nullis
2884 2295 2992 2335 non
3026 2282 3210 2351 proba:
3262 2286 3594 2341 recensionis
3644 2287 3898 2345 laudibus

2311 2369 2619 2424 abundavit.
2650 2358 2864 2428 Redibit
2901 2373 2970 2428 de
2990 2374 3179 2430 eadem
3211 2375 3438 2431 inferius
3464 2392 3671 2434 sermo.

2384 2462 2472 2515 IV.
2529 2463 2777 2519 Lustrata
2833 2454 3089 2547 perquam
3135 2467 3423 2538 diligenter
3474 2470 3778 2536 Palarstina,
3837 2475 3891 2529 in

2308 2552 2598 2625 Egyptian
2642 2556 3024 2629 Hieronymus,
3057 2559 3245 2614 eadem
3273 2560 3417 2615 socia
3468 2562 3676 2618 itineris
3725 2565 3892 2623 Paula

2307 2645 2603 2708 contendit,
2623 2656 2683 2701 ut
2705 2646 2891 2702 Nitriae
2911 2649 3261 2717 Monasteria,
3279 2668 3505 2720 quorum
3532 2654 3668 2708 fama
3703 2658 3892 2727 ingens

2289 2738 2684 2819 .rercrebnerat
2707 2781 2720 2802 ,
2753 2749 2809 2797 et
2836 2740 2902 2795 ad
2930 2758 3050 2812 qua:
3094 2744 3242 2797 omni
3274 2744 3454 2799 studio
3500 2747 3700 2815 pariter
3743 2747 3891 2803 fere.

2306 2826 2517 2892 bantur,
2548 2828 2824 2885 inviseret.
2854 2830 3102 2888 Occurrit
3131 2833 3234 2887 illis
3262 2832 3493 2890 Sanetus
3519 2846 3573 2892 et
3601 2841 3889 2895 venerabi-

2303 2916 2367 2971 lis
2387 2917 2777 2989 Hermopoleos
2801 2921 3097 2991 Episcopus
3140 2924 3397 2991 Isidorus,
3431 2934 3541 2981 tum
3572 2928 3886 2983 innumera-

2304 3010 2440 3064 biles
2488 3012 2869 3068 Monacltortnn
2926 3014 3116 3080 turbat,
3165 3031 3391 3085 quorum
3443 3026 3664 3087 aspectu
3717 3021 3875 3075 valde

2299 3104 2514 3172 quidem
2536 3107 2606 3160 ad
2641 3107 2859 3178 gloriam
2896 3109 3105 3163 Domini
3130 3110 3290 3164 [tutati
3314 3121 3430 3164 sunt
3458 3127 3478 3165 :
3507 3110 3754 3181 indignos
3780 3130 3880 3167 au-

2300 3205 2403 3249 tem
2449 3211 2509 3252 se
2535 3206 2682 3252 tanto
2708 3199 2916 3254 honore
2947 3200 3272 3255 fatebantur.
3305 3200 3564 3255 Viderunt
3594 3200 3876 3265 Macarius.

2294 3286 2556 3352 Arsenios,
2584 3290 2667 3342 vel
2696 3290 2954 3352 Arsisius,
2985 3291 3318 3361 Serapionas,
3346 3302 3394 3344 et
3438 3292 3633 3361 reliqua
3676 3292 3877 3346 colum-

2294 3392 2478 3431 narum
2522 3377 2711 3432 Christi
2739 3380 2966 3445 nomina,
2994 3397 3209 3452 quarunt
3252 3390 3299 3435 et
3344 3381 3556 3435 cellulas
3598 3380 3874 3438 intravere.

2293 3482 2385 3536 per
2409 3468 2639 3537 singulos
2665 3467 2923 3524 Christum
2950 3487 3004 3525 se
3024 3473 3192 3526 videre
3210 3472 3486 3527 credentes.
3519 3472 3717 3528 Verum
3749 3474 3879 3529 Ilic-

2293 3574 2520 3629 ronymu
2570 3560 2620 3613 in
2672 3560 2969 3630 Â«Egyptum
3015 3563 3386 3634 proï¬ciscendi
3444 3579 3548 3618 non
3595 3565 3681 3618 illa
3713 3566 3876 3620 unice

2290 3663 2482 3703 caussa
2514 3650 2632 3713 fuit,
2664 3662 2720 3703 ut
2753 3650 2942 3706 Nitrite
2987 3653 3310 3708 monasteria
3359 3654 3746 3723 perlustrarct;
3777 3656 3875 3710 sed

2289 3756 2351 3794 ea
2380 3757 2538 3809 quam
2573 3742 2623 3796 in
2672 3742 2992 3800 Praefatiune
3017 3746 3534 3800 Commentariorum
3566 3746 3617 3800 in
3651 3746 3874 3815 Episto-

2289 3832 2392 3884 lam
2419 3831 2486 3885 ad
2520 3832 2783 3901 Ephesios
2806 3835 2987 3901 tradit,
3019 3836 3095 3889 0b
3121 3837 3274 3902 hanc,
3305 3838 3571 3906 inquiens,
3600 3838 3677 3890 vel
3705 3838 3877 3892 maxi-

2246 3964 2255 3973 .
2288 3940 2367 3976 me
2388 3939 2619 3977 caussam
2634 3924 3001 3980 Alexandriam
3027 3929 3250 3997 perrexi,
3274 3940 3326 3981 ut
3357 3929 3577 3983 viderem
3595 3929 3875 4000 Didymum

2286 4025 2332 4067 et
2358 4014 2420 4068 ab
2450 4032 2509 4069 eo
2531 4017 2583 4069 in
2611 4016 2896 4086 Seripturis
2922 4020 3153 4073 omnibus
3178 4035 3291 4090 qua:
3329 4020 3570 4073 habebam
3598 4021 3756 4073 dubia
3780 4022 3875 4075 sci-

2284 4106 2509 4160 scitarer.
2531 4105 2692 4173 Alibi,
2708 4110 2821 4161 sive
2844 4107 3161 4163 Przefatione
3184 4111 3234 4162 in
3257 4108 3451 4163 Oscam
3474 4119 3664 4179 rogatu
3691 4110 3875 4166 Paula:

2278 4198 2409 4265 illud
2435 4214 2493 4252 se
2514 4198 2590 4252 ait
2616 4199 2718 4254 iter
2744 4200 3067 4269 suscepisse.
3092 4200 3223 4253 Ante
3241 4217 3424 4260 annos,
3451 4200 3643 4270 iuqttit,
3667 4201 3874 4255 circiter

2284 4289 2611 4359 vigintiduos,
2642 4305 2798 4359 quum
2822 4299 3004 4361 rogatu
3032 4298 3224 4344 sanctae
3258 4300 3305 4344 et
3346 4289 3644 4345 venerabilis
3668 4307 3871 4359 socrus,

2283 4381 2384 4434 imo
2405 4382 2580 4434 matris
2609 4388 2711 4435 tua:
2737 4381 2985 4436 Paulae...
3014 4398 3171 4437 essem
3203 4382 3550 4449 Alexandritc,
3572 4382 3678 4436 vidi
3710 4380 3877 4454 Didyo

2283 4486 2437 4533 mum,
2467 4478 2514 4523 rt
2556 4486 2671 4525 eum
2727 4472 3014 4541 frequenter
3060 4474 3249 4537 audivi,
3280 4474 3446 4527 virum
3496 4473 3577 4527 sui
3624 4475 3874 4542 temporis

2282 4562 2699 4628 eruditissimum,
2728 4564 2999 4636 rogavique
3045 4579 3179 4628 eum,
3215 4573 3267 4616 ut
3307 4563 3445 4631 quod
3476 4560 3721 4631 Origenes
3763 4579 3875 4617 non

2282 4654 2490 4719 fecerat,
2517 4651 2624 4720 ipse
2649 4655 2941 4720 compleret,
2975 4662 3022 4705 et
3043 4653 3278 4707 scriberet
3308 4653 3359 4706 in
3390 4652 3516 4707 Osee
3540 4651 3872 4706 Commenta-

2281 4743 2382 4795 rios
2410 4758 2430 4795 :
2454 4742 2541 4810 qui
2568 4752 2667 4797 tres
2708 4742 2885 4809 libros,
2913 4760 2992 4798 me
3017 4752 3233 4812 petente,
3274 4743 3501 4796 dictavit.
3551 4741 3660 4795 llos
3695 4742 3871 4798 libros

2263 4841 2335 4886 -et
2362 4832 2462 4886 sibi
2507 4833 2575 4885 ab
2603 4848 2669 4887 eo
2710 4834 3018 4903 inscriptos,
3057 4843 3282 4888 testatur
3310 4836 3423 4903 ipse
3450 4833 3516 4886 de
3557 4833 3687 4885 viris
3741 4832 3877 4888 Illit-

2283 4924 2452 4978 tribus
2481 4940 2601 4993 cap.
2632 4925 2770 4981 CIX.
2818 4936 2872 4981 et
2916 4925 3175 4996 Apologia
3221 4926 3409 4979 ultima
3455 4932 3641 4977 contra
3694 4922 3877 4978 Rufil-

2284 5031 2430 5069 nutn.
2482 5016 2580 5084 Qui
2634 5016 2768 5070 alios
2821 5026 3078 5084 praeterea
3132 5018 3369 5086 quinque
3421 5015 3472 5069 in
3516 5012 3875 5082 Zachariam,

2278 5117 2334 5162 et
2388 5115 2497 5161 tres
2554 5106 2603 5158 iu
2660 5106 2930 5162 Micbaeam
2972 5105 3150 5161 eidem
3195 5106 3472 5161 dedicatos
3526 5105 3868 5170 existimant,

2282 5199 2410 5252 falsa
2426 5199 2676 5264 lectione,
2706 5207 2762 5251 ut
2788 5200 2900 5253 suis
2933 5198 3067 5254 locis
3095 5208 3334 5253 notatum
3365 5206 3468 5254 est.
3496 5194 3872 5265 decipiuntur.

2281 5287 2385 5341 Sed
2418 5287 2484 5341 ad
2531 5288 2860 5356 propositum
2889 5298 2947 5341 Î¹Î¹Î¹
2986 5296 3345 5342 revertamur.
3371 5284 3616 5355 Epistula
3646 5300 3872 5353 quoque

2278 5376 2565 5433 LXXXIV.
2597 5378 2662 5432 ad
2691 5379 3112 5443 Patnmacbium,
3152 5375 3387 5442 Perrexi,
3415 5376 3610 5446 inquit,
3644 5376 3875 5431 Alexan-

2279 5468 2466 5534 driam,
2511 5468 2614 5521 vidi
2662 5467 2956 5538 Didytnum,
3008 5478 3053 5521 et
3087 5467 3141 5519 in
3186 5465 3361 5517 multis
3404 5465 3450 5518 ei
3494 5464 3692 5535 gratias
3720 5481 3824 5536 ago
3850 5479 3871 5520 :

2277 5558 2413 5630 quod
2462 5559 2664 5620 nescivi,
2708 5558 2910 5612 didici:
2938 5557 3074 5627 quod
3101 5552 3340 5615 sciebam,
3366 5554 3458 5608 illo
3499 5555 3734 5622 docente,
3763 5572 3877 5610 non

2280 5652 2498 5721 perdidi.
2529 5650 2785 5705 Nimirum
2826 5650 2927 5704 sibi
2957 5649 3173 5702 minime
3203 5645 3515 5714 persuaderi
3547 5663 3744 5718 passus
3781 5658 3881 5705 est

2283 5769 2293 5796 Î¹
2390 5742 2508 5814 ejus
2531 5743 2801 5813 dogmata,
2820 5757 2938 5811 qua:
2963 5752 3177 5796 errores
3200 5737 3449 5807 Origenis
3475 5752 3531 5794 ct
3546 5740 3873 5799 nlirmatutn
