4050 6188
165 217 224 275 ⁸1
1437 228 1495 287 s.
1537 228 1916 289 IllERONYIll
1954 230 2136 287 vm.

170 333 334 401 ibant,
378 349 522 406 quos
563 330 677 408 jam
732 340 957 397 solerter
1000 341 1456 413 deprehenderat.
1509 344 1753 402 Subinde

169 423 327 479 etiarn
370 426 591 499 Didymi
638 430 847 485 videntis
884 432 1203 504 discipulum
1246 451 1305 491 se
1357 436 1661 507 gloriatur:
1694 430 1765 493 et.

166 514 462 585 Epistulam
492 519 850 576 observantia:
898 524 1109 592 plenam
1156 526 1222 581 ad
1265 542 1386 581 eum
1416 528 1649 591 dedisse,
1677 544 1742 583 ex

168 604 390 661 Rullino
417 610 744 680 colligimus.
781 613 845 667 Et
872 615 994 669 huic
1023 624 1199 671 tamen
1223 619 1266 671 si
1289 618 1561 674 credimus
1592 620 1749 689 (nihil

163 708 342 752 autem
377 711 482 766 est,
511 704 654 771 quod
698 704 799 759 hoc
846 709 1027 781 velet)
1080 708 1200 763 Non
1236 718 1367 765 totos
1394 711 1599 783 triginta
1642 714 1750 768 dies

161 791 511 860 Alexandria,
532 796 621 848 ubi
640 808 748 851 erat
765 797 1044 870 Didymus,
1064 813 1403 856 commoratus
1425 816 1495 857 est
1524 804 1743 875 (lnrect.

159 882 245 936 lib.
285 883 328 938 II
344 888 384 954 ).
416 885 603 958 Neque
633 889 734 944 hac
762 907 827 945 ex
860 902 1009 959 parte
1038 893 1096 948 S.
1128 895 1242 962 ipse
1271 895 1426 949 Pater
1463 907 1741 967 repugnat,

156 979 289 1046 quin
312 982 492 1047 potius
520 984 700 1039 verbis
718 986 824 1039 illis
839 989 1105 1043 consentit
1124 1005 1140 1041 :
1160 989 1403 1042 Protinus
1420 994 1613 1043 concito
1630 1007 1749 1060 grac

154 1069 221 1120 du
253 1069 514 1128 Bethleem
531 1092 691 1130 meam
715 1094 941 1133 reversus
956 1096 1067 1134 sum
1097 1079 1235 1154 (Lib.
1265 1080 1328 1136 ll.
1356 1082 1743 1149 contr.Ru/]'.):

152 1160 353 1226 quibus
380 1166 548 1220 etiam
574 1168 773 1222 indicat
793 1186 852 1225 se
872 1180 1159 1241 antequam
1186 1173 1253 1228 ad
1283 1173 1566 1244 Didymum
1596 1162 1751 1229 acceJ

150 1250 323 1316 deret,
350 1270 464 1309 non
494 1269 778 1328 postquam
810 1259 879 1313 ab
899 1276 964 1316 eo
990 1263 1260 1328 discessit,
1284 1275 1340 1317 ut
1367 1265 1457 1317 alii
1481 1267 1743 1331 sentiunt,

150 1340 342 1398 Nill'ile
369 1345 703 1403 Monasteria
735 1350 1015 1407 lustrasse.
1045 1352 1113 1407 Ut
1151 1361 1207 1408 ut
1230 1369 1289 1408 se
1338 1371 1429 1409 res
1477 1356 1747 1423 habuerit,

151 1435 280 1488 nulli
316 1452 386 1491 se
435 1454 672 1508 unquam
720 1442 889 1509 illum,
921 1443 973 1497 in
1027 1445 1373 1515 peragrandis
1411 1447 1743 1515 regionibus,

149 1525 320 1581 labori
350 1528 685 1586 subduxisse
710 1544 955 1602 apparet,
986 1535 1067 1588 vel
1116 1543 1174 1588 ut
1211 1551 1279 1589 ex
1309 1536 1549 1604 pluribus
1597 1538 1738 1588 arri—

148 1626 299 1685 peret
324 1621 575 1687 exempla
623 1621 860 1690 pietatis,
894 1625 975 1678 vel
1019 1632 1076 1677 ut
1119 1626 1365 1697 eximios
1393 1640 1573 1678 rerum
1599 1624 1735 1678 divi-

147 1722 342 1763 narum
380 1709 607 1764 scientia
647 1713 930 1781 magistros
956 1713 1183 1767 audiret.
1240 1714 1466 1783 Insignis
1512 1715 1563 1766 in
1607 1728 1726 1767 eam

146 1814 264 1854 rem
296 1799 449 1855 locus
484 1801 601 1869 ejus
626 1812 711 1856 est
746 1804 797 1856 in
836 1802 1157 1858 Prml‘atione
1186 1804 1252 1858 ad
1283 1805 1496 1857 Librum
1534 1804 1739 1858 Paralié

149 1904 420 1959 pomenon
442 1892 594 1962 juxta
622 1893 987 1963 Septuaginta.
1010 1911 1169 1966 quem
1192 1906 1246 1950 ct
1271 1911 1428 1965 supra
1459 1894 1729 1955 innuimus

146 1996 213 2036 ex
241 1994 416 2053 parte.
449 1984 736 2051 Quomodo,
768 1986 956 2055 inquit,
977 1985 1268 2041 Graecorum
1292 1988 1533 2042 historias
1561 1990 1726 2060 magis

152 2072 469 2143 intelligunt,
502 2076 588 2143 qui
638 2076 862 2130 Athenas
907 2078 1140 2142 viderint,
1192 2088 1240 2132 et
1291 2079 1493 2132 tertium
1532 2078 1736 2151 Virgilii

151 2162 357 2229 librum,
391 2167 477 2235 qui
498 2183 528 2218 a
561 2166 760 2221 Troade
792 2185 881 2238 per
901 2167 1151 2223 Leucaten
1199 2180 1246 2223 et
1273 2171 1642 2225 Acroceraunia
1666 2172 1735 2225 ad

144 2256 408 2324 Siciliam,
438 2269 485 2313 et
510 2260 631 2313 inde
668 2261 739 2313 ad
764 2263 893 2315 ostia
923 2260 1116 2317 Tiberis
1142 2263 1430 2334 navigarint
1454 2283 1468 2318 :
1496 2264 1569 2317 ita
1598 2264 1733 2319 San-

145 2359 281 2403 ctam
312 2336 649 2420 ~Scriptorum
673 2353 893 2408 lucidius
912 2355 1215 2422 intuebitur,
1237 2355 1323 2425 qui
1347 2352 1586 2409 Judaam
1615 2372 1736 2409 oca-

146 2447 208 2500 lis
244 2447 622 2515 contemplatus
666 2457 761 2512 est,
785 2460 832 2502 et
860 2448 1188 2517 antiquarunt
1217 2448 1419 2501 urbium
1463 2448 1732 2501 memorias

146 2540 471 2608 locorumque
497 2538 577 2593 vel
599 2538 774 2592 eadem
808 2539 1075 2602 vocabula,
1106 2538 1186 2592 uel
1205 2548 1398 2592 mutata
1423 2540 1727 2609 cognoverit.

149 2631 299 2687 Unde
323 2642 372 2686 et
401 2632 547 2686 nobis
572 2648 709 2686 ειη-ω
728 2632 845 2702 fuit,
868 2647 983 2685 cum
1011 2631 1366 2685 eruditissimis
1398 2629 1728 2685 [lubricorum

143 2725 278 2777 hunc
299 2724 525 2778 laborem
552 2724 740 2801 subire,
758 2733 812 2776 ut
832 2724 1209 2777 circumiremus
1229 2725 1559 2795 provinciam,
1575 2741 1728 2796 quam

140 2818 393 2870 uniuersi:
421 2817 609 2871 Christi
640 2814 885 2871 Ecclesia:
908 2826 1107 2870 sonant.

217 2909 285 2964 ν.
314 2910 396 2964 Ab
421 2908 525 2964 hoc
553 2910 733 2979 itaque
755 2909 947 2975 itinere
976 2924 1222 2964 reversus
1251 2909 1428 2963 statim
1455 2917 1549 2985 est.
1570 2908 1730 2962 Beth-

140 3002 278 3058 leem
301 3017 475 3069 suam,
501 3002 589 3056 ubi
613 3002 840 3071 primttm
862 3001 1093 3055 adoravit
1114 3018 1336 3072 prwsepe
1352 3011 1398 3055 et
1418 3000 1728 3054 incunabula

142 3096 430 3150 Saluatoris
452 3137 469 3160 ,
512 3104 624 3148 tum
652 3094 752 3149 loci
778 3104 965 3164 captus
990 3094 1247 3163 religione
1269 3134 1285 3158 ,
1312 3107 1432 3147 cum
1455 3092 1729 3147 sanctissi-

141 3187 262 3251 mis,
288 3187 379 3255 qui
406 3187 667 3250 aderant,
697 3185 971 3240 Monachis
990 3228 1005 3251 ,
1034 3187 1216 3240 sedem
1243 3185 1313 3239 ibi
1341 3185 1504 3254 ﬁgere
1529 3185 1730 3238 delibe-

141 3280 299 3333 ravit.
324 3277 466 3333 Olim
497 3276 733 3346 Ephrata
756 3287 975 3332 VuCﬂltlS
1002 3286 1085 3332 est
1125 3277 1271 3331 locus
1303 3276 1401 3329 iste
1426 3318 1441 3340 ,
1472 3274 1730 3345 quemad-

140 3372 358 3425 modum
408 3380 464 3424 et
503 3370 557 3424 in
603 3370 1000 3437 Qumstionibus
1039 3369 1314 3424 Hebraicis
1343 3369 1455 3436 ipse
1482 3376 1725 3432 testatur,

139 3476 191 3520 et
232 3467 287 3519 in
331 3464 499 3519 Libro
535 3465 795 3520 Locorum
842 3481 910 3520 ex
956 3464 1183 3519 Eusebio
1220 3480 1233 3517 :
1270 3460 1501 3532 Ephrata
1527 3503 1542 3524 ,
1588 3461 1728 3530 regio

137 3554 398 3609 Bethleem
422 3555 643 3609 civitatis
672 3553 855 3614 David.
885 3556 937 3606 in
966 3570 1065 3622 qua
1091 3562 1238 3605 natus
1264 3561 1339 3606 est
1374 3550 1721 3605 Christus.....

131 3643 286 3711 juxta
319 3647 455 3701 riam
494 3644 581 3697 ubi
612 3645 811 3715 sepulta
842 3653 914 3698 est
950 3642 1165 3707 Rachel,
1193 3643 1366 3713 quinto
1395 3640 1633 3694 milliaria
1663 3639 1725 3693 ab

137 3738 426 3791 Jerusalem
460 3735 627 3807 (Dial.
651 3736 725 3807 l).
760 3735 875 3791 Uno
898 3737 1019 3805 plus
1042 3734 1189 3799 dicit,
1219 3735 1332 3789 sive
1354 3747 1445 3788 sex
1470 3748 1722 3803 passuum

140 3828 375 3897 millibus
416 3826 653 3882 abfuisse
683 3826 753 3879 ab
777 3826 1108 3896 Jerosolyma
1132 3866 1148 3891 ,
1184 3825 1414 3880 Severus
1442 3823 1721 3894 Sulpitius,

142 3920 228 3987 qui
258 3935 409 3975 oram
432 3919 576 3973 illam
604 3917 892 3988 aliquando
923 3917 1168 3971 inrisisse
1190 3915 1405 3980 d'citnr,
1430 3929 1629 3985 sexque
1652 3914 1722 3968 ibi

143 4010 349 4079 degisse
388 4010 529 4079 apud
575 4009 957 4080 Hieronymum
1004 4022 1234 4061 menses.
1276 4006 1507 4061 Omnino
1546 4017 1722 4061 autem

148 4102 311 4169 posita
341 4110 459 4157 erat
494 4100 773 4155 Bethleem
812 4099 864 4153 in
911 4098 1201 4152 meridiana
1232 4098 1378 4167 plaga
1406 4097 1555 4167 juxta
1584 4098 1722 4151 viam

147 4206 260 4260 qua:
302 4193 447 4247 ducit
490 4190 765 4253 Chebron,
798 4199 852 4245 et
891 4190 1046 4243 tribui
1094 4189 1252 4255 Juda,
1293 4204 1399 4242 non
1448 4187 1722 4257 Benjamin

149 4283 482 4338 adnumerato
503 4324 517 4348 ,
547 4281 803 4336 sexdecim
831 4281 892 4334 ab
930 4280 1241 4337 Alexandria
1276 4280 1617 4333 mansionibus
1644 4278 1726 4333 di-

151 4385 324 4439 stans,
371 4376 435 4430 ab
487 4374 661 4444 lappe
716 4373 1054 4444 quadraginta
1099 4388 1189 4426 sea:
1239 4371 1460 4424 millibus
1511 4370 1720 4442 (Epist.

153 4461 436 4537 CXXIX).
484 4464 669 4536 Neque
699 4477 826 4519 vero
850 4463 903 4517 in
933 4463 1163 4517 civitatis
1205 4469 1331 4516 tunc
1373 4475 1537 4515 censu
1582 4469 1721 4528 erat,

155 4556 238 4611 sed
263 4557 509 4629 ignobilis
539 4555 757 4621 vitulus,
779 4553 863 4609 cui
887 4552 1180 4608 succedebat
1201 4553 1482 4606 vastissima
1502 4550 1723 4605 solitudo

158 4649 292 4718 plena
320 4653 563 4723 ferociam
584 4648 932 4704 barbarorum.
964 4646 1158 4702 Verum
1180 4643 1323 4716 quod
1348 4643 1510 4698 fuerit
1536 4642 1725 4697 Salva-

162 4743 276 4797 toris
305 4745 469 4798 nostri
497 4742 627 4797 Jesu
655 4734 852 4796 Christi
875 4749 997 4793 ortu
1019 4737 1347 4801 nobilitatus,
1371 4749 1539 4804 eaque
1561 4732 1720 4788 etiam

161 4831 217 4886 de
241 4847 421 4888 eaus$a
448 4841 595 4888 esset
629 4845 696 4887 eo
734 4828 1166 4885 concurrentium
1198 4825 1452 4896 religione
1477 4824 1720 4896 percele-

163 4922 277 4989 bris,
305 4926 512 4980 caeteris
532 4923 820 4994 prail'ertur
849 4921 1097 4976 onmibus
1123 4919 1271 4973 orbis
1297 4916 1619 4984 civitatibus,
1643 4926 1724 4969 at-

163 5014 396 5088 que'ipsa
437 5014 630 5069 dicitur
654 5013 931 5083 augustior
973 5011 1161 5066 Roma.
1195 5010 1372 5079 Super
1402 5008 1573 5077 ipsum
1602 5023 1722 5077 ερε-
1760 5060 1767 5069 ,

164 5119 281 5173 cum,
309 5106 452 5163 unde
483 5104 642 5161 Salus
669 5105 847 5160 mundi
877 5104 1115 5166 emCl'Sii,
1150 5102 1387 5156 Ecclesia
1416 5109 1720 5155 constructa

166 5207 275 5264 erat,
299 5210 352 5254 et
376 5213 544 5269 super
571 5198 746 5263 ipsum
778 5209 1050 5264 praesepe,
1087 5194 1137 5247 iu
1167 5207 1275 5263 quo
1304 5192 1487 5265 Agnus
1517 5192 1608 5247 Dei
1636 5207 1723 5246 re-

165 5288 356 5346 clinatus
381 5300 484 5356 est,
518 5298 766 5345 erectum
799 5286 986 5339 altare.
1032 5284 1279 5338 Proxime
1323 5282 1389 5335 ab
1434 5282 1523 5336 illo
1558 5297 1721 5351 specu

164 5380 241 5436 sila
277 5392 386 5439 erat
423 5382 621 5440 cellula
663 5379 727 5434 S.
760 5378 956 5440 Patris,
984 5390 1052 5430 ex
1081 5391 1183 5445 qua
1213 5373 1340 5427 illud
1364 5388 1485 5428 cum
1514 5373 1720 5443 ingredi

162 5475 257 5533 olim
281 5479 584 5551 prohibitus
614 5484 726 5537 εει,
756 5468 1039 5526 commode
1066 5468 1305 5537 aspicere
1328 5476 1506 5519 tamen
1529 5470 1720 5534 putant.

161 5566 313 5628 Procul
336 5582 518 5627 tamen
550 5573 680 5624 erat
709 5578 740 5616 a
768 5560 856 5617 via
889 5560 1117 5630 publica,
1138 5560 1191 5613 in
1213 5557 1549 5621 diverticulo,
1573 5555 1724 5623 cujus

161 5664 303 5721 semita
328 5666 395 5723 ab
430 5658 687 5721 Archelai
712 5652 853 5725 regis
879 5651 1131 5723 quondam
1161 5650 1359 5707 Judtete
1381 5647 1514 5722 (Lib.
1548 5645 1719 5717 Loc.),

1865 360 1959 403 sou
1989 347 2172 403 verius
2192 348 2534 417 Ethnarclnc,
2561 354 2766 410 tumulo
2786 356 3093 430 incipiebat.
3124 365 3438 430 Construxit

1856 438 1950 502 ibi,
1977 438 2211 495 triennio
2238 452 2376 509 post,
2410 443 2571 497 Paula
2596 445 2791 514 duplex
2819 449 3215 525 Monasterium,
3257 472 3311 516 et
3348 463 3435 520 di-

1852 543 2040 585 versas
2078 534 2418 601 excipiendis
2454 538 2750 607 peregrinis
2791 546 3119 602 mansiones.
3162 550 3429 611 Monaste-

1854 621 1992 674 rinm
2040 637 2203 676 unum
2253 624 2468 696 virgines
2512 628 2846 696 incolebant,
2889 650 3016 701 quas
3050 639 3134 692 illa
3166 658 3194 695 e
3226 645 3432 703 diversis

1854 712 2126 778 provinciis
2152 728 2483 785 congregarat
2508 729 2610 773 tam
2637 721 2828 777 nobiles
2847 764 2862 788 ,
2906 742 3060 795 quam
3091 733 3256 798 medii,
3279 746 3323 789 et
3351 739 3430 792 in-

1850 801 1959 867 ﬁmi
1977 808 2192 873 generis,
2219 816 2273 861 et
2298 817 2355 861 ut
2382 811 2541 879 vulgo
2568 812 2703 866 editi
2740 813 2858 869 libri
2903 816 3223 888 pra-ferunt,
3255 825 3307 879 in
3335 838 3431 881 tres

1853 901 2063 957 turmas,
2108 902 2510 968 monasteriaque
2553 903 2743 958 divisit.
2792 905 2989 962 Earum
3034 912 3128 965 hoc
3171 925 3278 967 erat
3319 920 3434 973 vita

1850 998 2028 1052 genus,
2062 996 2114 1038 ut
2139 989 2189 1041 in
2217 1006 2370 1058 opere
2396 1002 2441 1045 et
2471 993 2580 1047 cibo
2604 1007 2872 1065 separatw,
2898 1001 3217 1067 psalmodiis,
3244 1018 3289 1059 et
3316 1025 3433 1061 ora-

1853 1076 2068 1130 tionibus
2102 1080 2452 1151 frangerentur.
2500 1085 2598 1140 Die
2634 1097 2830 1141 tantum
2868 1090 3137 1149 Dominico
3160 1100 3229 1152 ad
3253 1098 3434 1156 Eccle-

1851 1167 1980 1218 siam
2005 1171 2358 1238 procedebant,
2381 1191 2444 1228 ea:
2464 1177 2612 1246 cujus
2639 1179 2928 1235 habitabant
2956 1183 3113 1240 latere
3135 1204 3154 1251 ;
3180 1199 3228 1242 et
3256 1208 3432 1245 unum-

1852 1257 2083 1326 quodque
2124 1277 2306 1330 agmen
2351 1277 2559 1319 matrem
2606 1271 2865 1338 propriam
2904 1278 3218 1343 sequebatur.
3280 1280 3431 1337 Unus

1853 1352 2080 1417 omnium
2109 1353 2329 1409 habitus.
2359 1355 2671 1415 Linteamine
2687 1364 2755 1417 ad
2776 1370 3039 1436 tergendas
3060 1372 3222 1426 solum
3246 1392 3427 1432 manus

1852 1442 2143 1496 utebantur.
2189 1445 2233 1497 Α
2272 1447 2392 1501 viris
2435 1459 2577 1504 tanta
2616 1457 2890 1524 separatio,
2932 1470 2988 1513 ut
3031 1463 3429 1531 aSpadonibus

1851 1544 2046 1600 quoque
2061 1535 2460 1605 sejungerentur.
2494 1542 2737 1598 Alterum
2766 1546 3147 1607 Monasterium
3175 1558 3296 1611 viris
3323 1569 3427 1611 tra-

1848 1623 2045 1719 didam
2071 1626 2453 1695 gubernandum
2477 1646 2497 1683 :
2517 1648 2618 1686 nec
2638 1634 2857 1693 dubium
2883 1654 2986 1706 est,
3010 1645 3137 1712 quin
3160 1651 3427 1719 prmeipuo

1846 1710 2171 1808 llierouymo
2208 1732 2388 1771 curam
2426 1720 2543 1788 ejus
2583 1722 2950 1795 dereliquerit.
2986 1710 3184 1788 Eadem
3211 1710 3424 1808 quoque

1842 1801 1961 1871 plus
2005 1805 2182 1859 minus
2232 1823 2418 1864 eorum
2469 1811 2625 1868 fuerit
2670 1815 3100 1887 administratio,
3130 1801 3290 1894 atque
3331 1801 3419 1883 illa

1841 1895 2150 1950 mulierum.
2197 1898 2259 1953 Et
2287 1915 2415 1955 vero
2445 1902 2511 1957 de
2540 1902 2624 1960 his
2650 1907 2893 1976 qumdam
2927 1912 3198 1983 attigimus
3223 1916 3275 1971 in
3301 1934 3421 1974 eam

1844 2000 1954 2039 rem
1984 2027 1998 2049 ,
2043 1997 2101 2041 ut
2142 1991 2349 2058 possint
2379 1991 2478 2046 huc
2505 1997 2663 2051 etiam
2693 2011 2790 2066 pro
2828 2013 2988 2055 sexus
3032 2004 3239 2061 ratione
3263 2017 3421 2078 atque

1843 2078 1966 2131 vitm
1997 2078 2205 2145 referri,
2238 2096 2358 2136 cum
2399 2086 2637 2156 reliquis,
2677 2105 2798 2160 qum
2844 2091 2950 2148 late
2992 2092 3050 2149 S.
3079 2095 3239 2152 Pater
3273 2099 3327 2153 in
3358 2117 3419 2154 ea

1841 2166 2079 2237 Epistula
2106 2169 2288 2225 CVIII.
2319 2173 2386 2226 ad
2420 2175 2764 2232 Eustochium
2790 2184 3149 2253 persequitur,
3171 2195 3224 2240 et
3251 2192 3421 2257 repeti

1837 2260 1905 2315 ab
1934 2276 2001 2314 eo
2033 2261 2149 2314 inet)
2180 2263 2359 2317 velim.

1932 2350 2198 2406 C:eteruut
2243 2354 2374 2409 nihil
2414 2357 2580 2427 magis
2607 2358 2673 2412 ad
2703 2360 2822 2428 ejus
2847 2363 3148 2420 snlitudinis
3187 2366 3421 2425 indolem

1838 2442 2236 2511 percipiendam
2264 2442 2409 2512 facit,
2434 2463 2591 2515 quam
2619 2465 2735 2518 qua:
2760 2452 2826 2506 ab
2854 2453 3042 2509 iisdem
3068 2429 3259 2519 i’aula.
3287 2458 3423 2515 lilia-

1835 2548 1939 2602 que
1978 2534 2095 2603 ejus
2139 2534 2432 2592 Eustochio
2456 2540 2522 2592 ad
2550 2540 2853 2598 Marcellam
2883 2547 3041 2601 missa
3066 2559 3148 2604 est
3177 2550 3417 2621 Epistula

1834 2622 1887 2677 in
1918 2634 2096 2678 nostra
2127 2630 2444 2683 recensione
2474 2629 2658 2687 XLVI.
2691 2634 2774 2688 cui
2802 2639 3203 2695 conscribendas
3225 2659 3418 2701 sensus

1830 2725 1991 2786 atque
2028 2718 2141 2787 ipsa
2186 2719 2473 2777 identidem
2501 2726 2657 2778 verba
2703 2730 3012 2794 prmstitisse
3060 2722 3433 2807 Hieronymus

1832 2807 1997 2861 videri
2031 2811 2216 2877 possit.
2256 2811 2464 2881 Scripta
2497 2825 2643 2869 certe
2669 2826 2753 2871 est
2782 2836 2885 2872 uno
2913 2821 3210 2893 eodemque
3238 2828 3419 2881 animo

1829 2901 2008 2954 statim
2033 2910 2191 2972 atque
2213 2904 2265 2956 in
2288 2903 2563 2959 Bethleem
2589 2910 2788 2975 pariter
2809 2913 3417 2978 constiterunt,sedem-

1830 3005 1933 3059 que
1956 2991 2030 3044 ibi
2057 3002 2364 3061 perpetuam
2390 2995 2551 3063 figere
2569 2995 2952 3053 deliberat-unt.
2982 3000 3165 3054 Nullas
3188 3019 3291 3057 non
3317 3006 3417 3061 loci

1833 3081 2041 3144 laudes.
2074 3092 2130 3136 et
2169 3098 2412 3138 recessus
2457 3088 2885 3154 Opportunitates
2909 3130 2924 3153 ,
2970 3091 3036 3144 ad
3080 3095 3417 3152 sanctissime

1835 3171 2230 3241 transigendam
2260 3174 2441 3234 vitam.
2472 3189 2919 3245 commemorant,
2952 3195 3058 3250 quo
3084 3183 3320 3238 animum
3351 3202 3417 3241 co

1832 3264 2218 3334 ciinim‘grandi
2265 3264 2527 3320 Marcella:
2566 3268 2861 3323 accendant
2890 3288 2902 3323 :
2936 3288 3054 3340 qua:
3096 3274 3140 3326 si
3163 3314 3207 3341 ι,
3234 3276 3416 3334 relicta

1832 3355 2046 3409 demum
2071 3354 2260 3421 Roma,
2288 3355 2558 3410 Bethleem
2588 3372 2645 3411 se
2675 3360 2933 3427 conferat,
2966 3361 3187 3418 fruitura
3212 3366 3282 3419 sit
3302 3383 3417 3421 om-

1832 3445 1988 3499 nibus
2018 3443 2213 3500 Chrisli
2246 3447 2588 3501 monimentis
2613 3448 2665 3501 in
2690 3448 2840 3513 locis,
2866 3450 2917 3505 in
2940 3453 3131 3521 quibus
3160 3454 3415 3527 pleraque

1831 3537 2103 3608 religionis
2134 3547 2331 3592 nostra:
2358 3541 2612 3609 mysteria
2646 3549 2857 3608 peracta
2889 3553 3034 3597 sunt.
3079 3543 3132 3599 Id
3160 3562 3287 3600 vero
3314 3565 3412 3603 ne-

1830 3642 1934 3696 que
1962 3637 2086 3683 ante
2108 3625 2251 3684 hunc
2275 3644 2472 3683 annum
2509 3630 2614 3685 586
2649 3641 2855 3700 gestum
2878 3636 3089 3689 censeri
3123 3638 3231 3691 ullo
3252 3640 3413 3694 modo

1830 3729 2038 3789 potest,
2086 3736 2207 3775 cum
2253 3721 2354 3775 sub
2398 3721 2751 3791 przecedcntis
2796 3728 3035 3793 proxime
3079 3730 3203 3783 anni
3251 3731 3412 3788 linem

1829 3811 1988 3865 Paula
2019 3810 2412 3882 Jerosolymam
2442 3813 2703 3880 navigarit
2730 3830 2748 3866 :
2779 3829 2951 3882 neque
2983 3800 3227 3885 postponi
3259 3835 3412 3885 com-

1829 3903 2004 3969 mode,
2029 3918 2149 3958 cum
2186 3919 2251 3958 ex
2284 3902 2448 3973 ipsius
2490 3902 2742 3971 Epistulae
2774 3903 2924 3958 initio
2950 3905 3080 3960 satis
3119 3921 3408 3976 appareat,

1828 3997 2078 4064 scriptam
2120 3995 2287 4051 luisse
2328 4010 2448 4050 cum
2490 3997 2723 4065 primum
2771 3996 3152 4052 mittendorum
3201 4001 3415 4054 occasio

1828 4088 2123 4142 litterarum
2152 4087 2357 4141 incidit.
2382 4087 2491 4141 Nec
2524 4100 2699 4141 tamen
2725 4088 2989 4154 dilliteor,
3021 4099 3207 4159 parum
3238 4092 3415 4146 credi-

1828 4176 1934 4232 bile
1962 4177 2130 4231 videri
2159 4190 2337 4246 posse,
2365 4177 2667 4231 Marcellam
2698 4188 2824 4233 ante
2855 4179 3061 4233 Albinae
3088 4182 3275 4235 matris
3300 4183 3415 4235 obi-

1830 4280 1941 4337 tum
1971 4269 2133 4323 fuisse
2160 4269 2229 4323 ab
2257 4268 2319 4322 iis
2346 4268 2412 4323 ad
2461 4269 2752 4323 Bethleemi
2792 4285 3061 4324 recessum
3100 4283 3375 4327 evocatam
3396 4315 3412 4339 ,

1829 4378 1897 4417 ne
1922 4377 2081 4432 quam
2114 4363 2233 4429 ejus
2263 4360 2496 4416 maxime
2525 4361 2879 4416 contubernio
2907 4368 3069 4432 atque
3097 4377 3198 4432 upe
3227 4364 3296 4418 ob
3326 4380 3413 4420 sc-

1829 4464 2096 4510 nectutem
2126 4453 2366 4525 indigere
2394 4454 2665 4519 sciebant,
2695 4454 2896 4509 hortari
2929 4469 2981 4510 ut
3012 4457 3304 4527 desereret,
3335 4460 3413 4514 vi-

1827 4548 2101 4603 derentur.
2136 4546 2337 4603 indicio
2362 4551 2521 4603 etiam
2550 4564 2691 4613 esse,
2721 4549 2863 4603 illam
2895 4564 3014 4605 cum
3041 4551 3155 4607 bare
3179 4552 3302 4607 data
3330 4562 3414 4608 est

1830 4641 2091 4713 Epistula,
2116 4641 2224 4713 jam
2253 4641 2396 4697 diem
2423 4658 2575 4697 suum
2602 4641 2803 4698 abiisse
2822 4685 2837 4704 .
2863 4658 3039 4715 neque
3065 4647 3209 4700 enim
3239 4660 3270 4698 a
3301 4646 3409 4700 tilia

1827 4738 2050 4789 salutem
2074 4735 2120 4789 ei
2144 4733 2247 4789 dici
2275 4734 2436 4789 Paula
2465 4745 2517 4788 et
2548 4734 2893 4789 Eustochium
2917 4736 3109 4806 jubent
3136 4753 3150 4789 :
3185 4735 3236 4788 id
3269 4735 3410 4804 quod

1770 4816 1775 4819 ’
1827 4825 1927 4881 Sub
1957 4823 2210 4894 Epistulae
2238 4825 2428 4880 saltem
2461 4823 2644 4887 linem,
2668 4823 2714 4879 si
2739 4823 3047 4885 adrisisset,
3070 4838 3168 4891 par
3191 4822 3412 4878 credere

1827 4926 1929 4982 est,
1963 4918 2181 4972 minime
2221 4918 2696 4986 praetermissurus.
2742 4914 2875 4968 Fato
2905 4923 3079 4967 autem
3112 4910 3297 4966 functa
3327 4922 3413 4968 est

1827 5011 2038 5075 Albina,
2072 5021 2128 5064 ut
2172 5008 2395 5063 inferius
2422 5007 2725 5068 constabit,
2756 5003 3056 5073 insequenti
3100 5014 3243 5057 anno
3281 5003 3411 5073 587,

1828 5102 2021 5173 illaque
2049 5102 2183 5156 adeo
2208 5099 2448 5169 Epistula
2495 5106 2614 5167 post
2638 5093 2849 5164 aliquod
2876 5092 3131 5162 temporis
3158 5093 3413 5149 interval-

1827 5194 1937 5248 lum
1975 5192 2044 5246 ab
2085 5192 2227 5245 illius
2260 5190 2438 5254 ‘ohitu,
2466 5198 2521 5242 et
2566 5184 2936 5253 subsequenti,
2977 5195 3035 5238 ut
3065 5184 3244 5250 citius,
3269 5201 3412 5242 anno

1826 5283 2021 5351 scripta
2048 5280 2308 5333 videatur.
2345 5279 2537 5332 Verum
2567 5274 2786 5327 minime
2824 5273 3014 5327 adduci
3053 5289 3153 5343 ego
3192 5289 3409 5342 possum

1820 5389 1892 5441 ex
1922 5385 2098 5426 rerum
2129 5369 2269 5423 serie
2293 5410 2309 5435 ,
2350 5376 2406 5421 ut
2443 5365 2678 5424 credam,
2707 5363 2920 5417 Paulam
2959 5374 3011 5418 et
3057 5363 3409 5422 Eustochium

1826 5461 2089 5518 Marcella:
2111 5460 2163 5512 in
2193 5458 2403 5529 spiritu,
2431 5466 2483 5510 ut
2514 5455 2583 5509 ita
2614 5453 2836 5508 dixerim
2865 5453 3020 5520 tilias,
3048 5470 3231 5526 passas
3261 5457 3412 5513 bien-

1827 5558 1972 5610 nium
2014 5553 2201 5607 saltem
2244 5548 2485 5613 eﬂluere,
2518 5552 2803 5616 antequam
2831 5545 2897 5601 ad
2925 5562 3042 5602 eam
3064 5590 3079 5615 ,
3108 5566 3137 5601 a
3168 5565 3269 5619 qua
3303 5561 3409 5603 tatu

1826 5661 1887 5702 se
1933 5659 2075 5716 πει-ο
2119 5642 2352 5698 divulsas
2400 5638 2659 5703 ferebant,
2702 5636 2883 5694 literas
2925 5640 3137 5707 darent,
3183 5651 3234 5697 et
3279 5639 3409 5694 illud
