4050 6188
166 161 231 216 65
1436 176 1494 231 S.
1538 175 1909 231 HIERONYMI
1954 178 2130 235 VITA.
3379 200 3447 255 οδ

172 279 439 334 obscurato
475 282 615 345 sole,
666 283 827 339 omnis
858 284 1074 338 mundus
1109 286 1221 355 jam
1245 289 1458 358 jamque
1495 301 1756 343 venturum

175 372 387 438 iudicem
415 374 739 445 formidaret,
767 377 1105 448 quadraginta
1125 380 1335 433 diversa:
1354 383 1517 435 (etatis
1538 394 1583 435 et
1610 399 1758 437 sexus

180 460 495 532 Prcsbyteris
522 466 621 518 tuis
647 465 920 522 obtulimus
946 469 1275 538 baptizaudos
1296 472 1322 526 .’
1349 471 1418 526 Et
1445 486 1576 527 certe
1603 476 1755 545 quin-

175 569 263 620 que
293 550 584 624 Presbyteri
615 566 759 609 erant
792 558 845 611 in
876 562 1205 627 monasterio,
1236 565 1320 633 qui
1350 580 1442 618 suo
1464 567 1579 626 iure
1608 578 1752 637 pote-

178 651 284 694 rant
312 643 574 711 baptizare
597 688 612 710 ,
638 647 727 701 sed
754 649 1027 703 noluerunt
1056 653 1328 722 quidquam
1359 668 1536 710 contra
1561 667 1755 711 stoma-

178 734 320 785 chum
347 744 487 788 tuum
504 738 694 806 facere,
714 756 775 793 ne
795 749 842 794 et
863 742 971 795 hac
987 741 1076 795 tibi
1096 742 1158 796 de
1178 745 1280 813 ﬁde
1296 748 1535 800 reticendi
1549 747 1758 802 daretur

178 827 388 880 occasio.
414 829 493 881 An
520 847 619 887 non
664 840 717 883 tu
747 836 914 901 potius
941 835 1128 891 scindis
1163 836 1476 903 Ecclesium,
1505 841 1591 908 qui
1619 857 1755 908 pra:-

176 918 344 986 ccpisti
371 918 627 977 Bethleem
662 922 971 996 Presbyteris
1002 929 1120 993 tuis,
1153 946 1215 983 ne
1230 928 1631 1001 Competentibus
1659 950 1755 987 no-

174 1008 286 1059 stris
310 1009 364 1061 in
400 1009 601 1065 Pascha
628 1013 929 1082 baptismum
955 1018 1253 1073 traderent:
1273 1037 1395 1090 quos
1416 1038 1507 1076 nos
1535 1022 1757 1093 Diospo-

175 1098 256 1148 lim
284 1100 353 1151 ad
382 1099 728 1170 Confessorem
762 1116 809 1159 et
842 1105 1151 1179 Episcopum
1194 1111 1423 1167 misimus
1455 1112 1755 1185 Dionysium

172 1190 549 1251 baptizandos?
588 1194 874 1249 Ecclesium
915 1200 1145 1253 scindere
1190 1202 1441 1267 dicimur,
1485 1206 1572 1273 qui
1614 1217 1758 1259 extra

168 1280 380 1334 cellulas
414 1294 611 1339 nostras
635 1286 799 1339 locum
827 1286 1067 1344 Ecclesia:
1087 1308 1188 1345 non
1207 1292 1467 1348 habemus.
1491 1293 1598 1350 Sed
1623 1297 1757 1362 haec,

173 1370 405 1438 inquies,
440 1392 559 1442 qua:
585 1378 769 1444 gratia:
800 1382 1291 1439 reconciliationem
1323 1399 1710 1453 praecesserant
1737 1429 1753 1454 ,

169 1470 436 1529 spectam.
476 1465 605 1520 Esto
628 1507 644 1531 ,
676 1478 732 1522 ut
762 1470 909 1525 voles
946 1487 1010 1526 ex
1055 1485 1427 1546 praicoucepta
1457 1478 1711 1549 Opinimie
1739 1496 1753 1533 :

170 1554 257 1607 sed
290 1556 480 1623 utique
506 1572 569 1610 ea
597 1568 742 1623 sunt,
768 1576 836 1616 ex
861 1564 1055 1631 quibus
1074 1566 1197 1634 jure
1223 1568 1473 1638 deinceps
1502 1570 1659 1624 liceat
1687 1572 1755 1625 de

169 1647 375 1716 reliquo
407 1648 529 1701 vitae
558 1664 756 1717 genere
784 1657 1173 1723 argumentari,
1206 1668 1260 1711 et
1287 1660 1442 1727 quale
1472 1660 1742 1729 ingenium

165 1736 323 1791 fuerit
353 1735 411 1791 S.
437 1737 633 1801 Patris.
662 1749 717 1795 et
736 1742 857 1810 quis
885 1744 1120 1809 animus,
1148 1756 1465 1801 monstrent.

230 1826 493 1898 Sulpitius
523 1828 699 1898 itaque
726 1830 959 1900 benigno
984 1833 1207 1899 lectore,
1229 1844 1283 1888 et
1303 1834 1587 1890 commodo
1613 1850 1749 1907 opus

165 1919 329 1974 habet
360 1919 671 1990 interprete.
702 1921 815 1993 Ego
866 1925 934 1978 ita
978 1926 1215 1995 accipio,
1249 1934 1309 1981 ut
1339 1929 1598 1997 privatam
1630 1943 1747 1984 mo-

168 2013 389 2067 nasterii
419 2013 711 2069 Ecclesiam
734 2056 751 2082 ,
777 2030 873 2071 seu
897 2027 1220 2072 conventum
1245 2059 1261 2083 ,
1290 2020 1335 2074 si
1360 2021 1529 2076 mavis
1555 2022 1745 2080 Latine

168 2103 231 2156 de
251 2102 753 2159 Ecclesiasticorum
781 2105 984 2175 pbrasi,
1013 2106 1215 2163 dixisse
1244 2110 1473 2166 voluerit
1499 2112 1596 2168 abs
1625 2114 1749 2170 Ilie-

166 2206 391 2265 rooymo
411 2194 863 2252 administratum.
882 2200 1056 2269 Atque
1075 2199 1179 2255 hoc
1198 2202 1412 2271 quidem
1436 2218 1600 2260 sensu
1622 2221 1748 2261 vere

162 2285 391 2339 dixerit:
415 2301 538 2340 nam
569 2296 624 2341 et
651 2289 851 2357 primas
880 2288 972 2345 ille
1003 2300 1181 2360 partes
1212 2292 1282 2347 ibi
1327 2295 1663 2361 sustinebat,
1692 2305 1747 2351 et

168 2376 291 2430 nihil
330 2376 399 2430 ad
446 2376 606 2433 Iidem
640 2379 864 2448 prepius
887 2420 903 2444 ,
931 2396 1090 2450 quam
1141 2381 1364 2437 fratrum
1396 2385 1747 2439 conventibus

167 2467 323 2522 fuisse
353 2482 480 2522 eum
507 2477 562 2524 et
587 2470 841 2524 virtutum
868 2473 1083 2539 merito,
1111 2482 1166 2528 et
1190 2473 1515 2545 Presbyterii
1544 2476 1744 2533 honore

166 2560 532 2628 prtepositum.
581 2560 982 2617 Conveniebant
1026 2579 1219 2633 nempe
1267 2565 1319 2619 in
1362 2581 1526 2620 unum
1569 2567 1743 2623 locum

165 2650 399 2715 quotidie
427 2651 496 2704 ad
524 2666 713 2721 preces
740 2661 797 2708 et
825 2653 1169 2723 psalmodias,
1200 2670 1369 2725 eaque
1401 2657 1600 2726 privata
1628 2670 1742 2715 erat

163 2741 430 2807 Ecclesia;
473 2758 575 2799 nec
617 2755 764 2800 certe
804 2760 902 2815 par
938 2745 1160 2800 credere
1199 2755 1323 2813 est,
1356 2763 1461 2817 quo
1499 2756 1740 2820 tempore

165 2832 522 2905 Hieronymus
553 2850 675 2890 cum
705 2838 817 2891 suis
857 2837 927 2890 ab
952 2837 1213 2893 Ecclesia:
1244 2840 1473 2910 publica:
1501 2844 1740 2914 ingressu

164 2926 460 2992 prohibitus
484 2936 569 2982 est
590 2968 609 2994 ,
642 2928 710 2982 ab
740 2928 832 2982 illo
864 2928 1076 2997 pietatis
1106 2944 1231 3001 erga
1265 2932 1429 2987 Deum
1474 2946 1594 2988 actu
1620 2950 1741 2990 ces-

161 3033 303 3073 sasse
327 3060 344 3082 ,
380 3028 434 3073 et
460 3028 569 3073 tam
598 3020 742 3090 longi
772 3022 1029 3090 temporis
1058 3024 1287 3092 spatium
1316 3025 1603 3081 Monachus
1626 3029 1743 3084 sine

164 3115 409 3180 precibus
435 3114 815 3168 communibus
845 3114 1168 3171 traduxisse.
1194 3117 1270 3171 lbi
1299 3118 1358 3172 S.
1383 3118 1542 3172 Pater
1573 3128 1741 3174 totum

162 3204 545 3260 Houachorum
564 3216 761 3259 emtum
784 3220 1058 3260 sacrarum
1081 3207 1476 3277 Scripturarum
1500 3209 1742 3265 doctrina

162 3298 499 3363 instruebat,
546 3311 818 3368 novasque
846 3297 899 3351 in
939 3299 1054 3353 dies
1101 3302 1399 3369 propositas
1442 3316 1509 3356 ex
1560 3319 1744 3358 earum

160 3389 505 3455 praelectione
530 3388 871 3443 difﬁcultates
898 3394 1179 3445 Κατυιστοῦ
1201 3392 1367 3447 instar
1389 3394 1739 3463 explauabat,

160 3478 519 3543 Quamobrem
548 3487 603 3532 et
631 3477 684 3532 in
706 3478 1025 3535 Praefatione
1049 3482 1116 3535 ad
1148 3483 1450 3539 versionem
1473 3484 1617 3540 Libri
1642 3487 1743 3540 Pa-

159 3570 531 3638 ralipomenon
576 3585 643 3625 ex
684 3571 947 3640 Hebraeo,
978 3572 1149 3629 LXX.
1191 3576 1393 3646 inquit,
1431 3577 1743 3648 Interpretes

159 3662 208 3714 in
232 3662 497 3717 Conventu
525 3664 749 3732 [rutrum
773 3682 972 3737 semper
996 3668 1217 3723 edissero
1249 3685 1269 3723 .'
1293 3679 1348 3725 et
1378 3672 1430 3726 in
1476 3672 1583 3729 line
1612 3673 1742 3742 Epi-

160 3753 302 3808 stolze
329 3753 503 3810 CXII.
530 3754 598 3809 ad
626 3757 1004 3825 Augustinum,
1041 3775 1161 3828 qua:
1188 3775 1329 3815 anno
1355 3761 1474 3816 data
1500 3772 1585 3819 est
1600 3765 1739 3823 404:

163 3844 251 3913 Tu,
279 3850 375 3914 ait,
404 3850 501 3919 qui
527 3851 725 3916 iuvenis
747 3868 818 3914 es,
841 3863 888 3906 et
912 3852 965 3906 in
989 3850 1285 3923 Pontiﬁcali
1310 3858 1527 3913 culmine
1552 3861 1741 3914 consti-

164 3949 305 4002 tutus,
336 3942 524 3994 doceto
566 3942 812 4011 p0pulos,
841 3954 936 3998 etc.
982 3943 1113 3997 Mihi
1141 3946 1319 4015 suficit
1348 3964 1465 4002 cum
1510 3950 1743 4007 auditore

157 4039 200 4081 et
228 4030 410 4084 lectore
437 4033 759 4101 paupercula
798 4033 853 4087 in
890 4034 1079 4104 angulo
1119 4039 1412 4092 monasterii
1452 4056 1739 4096 susurrare.

160 4118 429 4187 Ejusmodi
472 4124 583 4175 alia
622 4123 865 4193 qumdam
897 4125 948 4179 in
980 4126 1412 4198 Ilieronymianis
1440 4132 1743 4201 scriptioni-

161 4208 250 4265 bus
278 4216 593 4269 testimonia
606 4216 867 4271 invenies
892 4257 906 4282 ,
935 4233 1055 4288 quae
1086 4220 1240 4276 nobis
1271 4220 1473 4278 referre
1504 4224 1603 4279 huc
1629 4226 1745 4280 sin-

156 4306 367 4371 gillatim
410 4306 640 4376 longum
686 4316 873 4374 esset,
916 4307 1143 4363 fortasse
1190 4310 1350 4364 etiam
1393 4327 1423 4365 a
1467 4317 1741 4384 proposito

158 4394 393 4463 devitun;
424 4397 543 4452 duo
589 4400 733 4451 enim
778 4397 879 4451 ista
924 4399 976 4452 in
1008 4414 1126 4454 eam
1157 4402 1387 4458 maxime
1416 4420 1528 4459 rcm
1557 4407 1744 4463 lauda-

160 4492 338 4555 vimus,
372 4500 434 4545 ut
467 4500 664 4545 contra
693 4500 854 4560 atque
876 4492 1116 4547 sensisse
1151 4493 1363 4550 videtur
1382 4498 1659 4568 Sulpitius,
1688 4512 1744 4557 et

156 4578 237 4633 diu
266 4591 386 4649 post
409 4583 537 4648 ejus
563 4582 823 4651 temporis
848 4583 1196 4651 notationem,
1225 4600 1331 4641 non
1350 4588 1507 4642 aliam
1529 4603 1741 4649 constet

155 4671 240 4722 abs
267 4672 607 4742 Hieronymo
634 4672 1059 4728 administratam
1095 4675 1409 4742 Ecclesiam,
1433 4695 1595 4749 quam
1623 4699 1742 4753 quae

156 4763 346 4825 privata
381 4763 438 4817 in
470 4764 805 4817 monasterio
834 4765 1157 4835 cogebatur,
1188 4776 1243 4821 et
1284 4771 1539 4839 propiore
1583 4788 1742 4830 voca-

154 4850 269 4906 bulo
282 4852 581 4908 Conventus
607 4854 658 4909 ei
683 4855 877 4910 dicitur
902 4856 1041 4928 (Lib.
1059 4867 1222 4912 contr.
1243 4857 1334 4914 Jo.
1356 4861 1623 4935 Jerosol.).
1651 4866 1739 4922 ln-

152 4943 336 4997 venies
367 4954 557 4998 autem
583 4955 638 5001 et
664 4962 787 5017 quze
818 4947 932 5003 loca
961 4957 1247 5016 testentur,
1277 4951 1545 5021 ingentem
1574 4956 1739 5015 fuisse

152 5034 464 5105 degentium
514 5035 588 5088 ibi
613 5036 1029 5104 Honacborum,
1058 5048 1219 5110 atque
1245 5042 1472 5098 aliorum
1512 5060 1579 5101 eo
1612 5062 1738 5103 con-

154 5126 429 5183 ﬂuentium
459 5142 745 5184 numerum
771 5169 788 5196 ,
819 5136 879 5184 ut
915 5129 1019 5197 iam
1063 5146 1169 5185 non
1199 5131 1471 5189 sufticeret
1494 5148 1741 5193 constru-

152 5229 288 5275 ctum
319 5237 350 5274 a
379 5222 554 5277 Paula
589 5222 997 5286 monasterium,
1025 5224 1119 5279 sed
1146 5234 1201 5280 et
1224 5226 1579 5283 diversorium
1610 5245 1740 5297 pro-

156 5320 261 5378 pter
284 5312 496 5369 exstrui
548 5313 851 5382 peregrinis
895 5313 1225 5383 excipiendis
1267 5332 1489 5373 necesse
1539 5318 1736 5384 fuerit;

152 5403 332 5473 quibus
377 5421 489 5462 una
530 5404 793 5460 omnibus
845 5405 1198 5477 Hieronymus
1240 5419 1490 5479 prmerat.
1536 5410 1613 5463 Ex
1656 5410 1739 5465 bis

152 5507 365 5563 quatuor
382 5500 557 5555 etiam
580 5504 682 5552 aut
698 5498 936 5568 quinque
956 5507 1115 5563 erant
1136 5500 1541 5571 Presbytcratus
1563 5503 1739 5572 (cujus

154 5594 314 5650 tamen
344 5593 536 5652 munia
567 5604 869 5661 numquam
905 5590 1115 5647 obirent
1146 5603 1351 5663 propter
1378 5592 1735 5665 humilitatem)

1870 294 2034 360 gradu
2062 296 2255 361 ornati,
2286 306 2338 350 ut
2370 314 2433 352 ex
2462 302 2707 369 superius
2732 302 2948 361 laudato
2973 317 3159 364 contra
3182 309 3444 371 Joannem

1870 382 2174 438 testimonio
2204 386 2567 458 intelligimus.
2604 390 2678 444 Ex
2715 409 2820 463 quo
2846 396 2969 450 item
3001 398 3122 454 licet
3150 401 3402 472 colligere
3426 448 3440 470 ,

1866 482 2062 539 quanta
2084 489 2267 529 eorum
2302 487 2483 544 esset,
2512 480 2601 548 qui
2629 496 2695 535 eo
2724 488 3147 559 conveniebant,
3178 493 3300 547 vita:
3325 497 3443 563 ejus

1864 578 2051 619 amore
2094 565 2239 620 ducti
2264 608 2278 629 .
2310 568 2606 638 frequentia
2642 590 2655 625 :
2688 573 2950 643 siquidem
2996 580 3059 632 ad
3101 584 3441 655 quadraginta

1866 670 2035 725 usque
2076 658 2286 714 diversa:
2313 662 2475 715 (etatis
2502 672 2549 716 et
2578 680 2727 718 usus
2756 665 2824 719 de
2857 667 3091 723 nondum
3122 672 3396 742 baptizatis
3424 720 3440 744 ,

1862 761 1957 800 seu
2003 762 2191 803 recens
2231 754 2546 815 conversis,
2577 756 2900 825 quandoque
2957 759 3154 815 ibidem
3195 765 3442 821 dicuntur

1863 837 2152 892 exstitisse.
2193 838 2296 894 Sed
2340 851 2392 895 et
2433 843 2752 913 Episcopum
2802 849 2987 902 nescio
3026 866 3183 919 quem
3224 854 3441 910 Paulum

1867 928 2084 981 nomine
2106 969 2121 991 ,
2152 944 2307 998 quem
2336 930 2663 1001 Theophilus
2696 940 3138 1006 persequebatur,
3172 942 3334 999 fuisse
3369 948 3438 999 ibi

1868 1014 2152 1070 llonacbis
2180 1028 2484 1088 coaptatum
2511 1062 2525 1087 ,
2555 1038 2621 1075 ex
2670 1023 2831 1078 Libro
2875 1030 3035 1083 tertio
3079 1030 3129 1083 iu
3174 1032 3444 1088 Rumoum

1864 1106 2197 1175 eonjicimus.
2244 1110 2412 1175 Quem
2463 1112 2637 1166 locum
2682 1114 2738 1169 S.
2777 1115 2891 1184 ipse
2934 1118 3090 1173 Pater
3138 1121 3221 1176 bis
3268 1126 3449 1177 verbis

1865 1198 2137 1251 concludit
2163 1217 2175 1251 :
2202 1198 2364 1254 Nobis
2390 1203 2442 1255 in
2475 1202 2786 1259 Monasterio
2815 1207 3132 1277 hospitalitas
3170 1215 3313 1267 cordi
3340 1228 3409 1269 est
3429 1260 3441 1275 .

1864 1300 2137 1356 omnesque
2157 1290 2225 1341 ad
2252 1287 2342 1344 nos
2370 1294 2617 1347 venientes
2642 1295 2758 1349 laeta
2795 1298 3119 1356 humanitatis
3147 1309 3313 1373 fronte
3329 1326 3447 1361 sus-

1867 1377 2102 1446 cipimus,
2117 1391 2209 1433 etc.
2232 1381 2297 1436 Et
2318 1384 2635 1441 luculentius
2655 1401 2809 1445 antea
2832 1393 2997 1462 Epist.
3012 1396 3172 1451 LXVI
3198 1400 3264 1453 ad
3292 1402 3446 1454 l’am-

1868 1468 2131 1523 maebium
2158 1490 2171 1525 :
2198 1472 2307 1525 Nos
2336 1476 2387 1528 in
2413 1477 2509 1529 ista
2532 1482 2811 1550 provincia,
2837 1486 3088 1555 aediﬁcato
3106 1491 3433 1557 Mounstcrio.

1862 1570 1909 1611 et
1937 1561 2210 1617 diversorio
2250 1578 2458 1635 pr0pter
2482 1583 2877 1633 exstructo......
2911 1584 3063 1636 tantis
3098 1586 3161 1638 de
3189 1596 3294 1641 toto
3324 1591 3443 1643 orbe

1858 1653 2224 1720 conﬂuentibus
2254 1658 2411 1712 turbis
2435 1660 2697 1715 obruimur
2723 1666 3111 1739 Monachorum,
3142 1687 3196 1728 ut
3222 1695 3311 1731 nec
3338 1697 3439 1733 ctr-

1857 1751 1999 1808 ptum
2032 1760 2160 1813 opus
2189 1748 2451 1815 deserere,
2491 1768 2581 1805 nec
2624 1771 2781 1824 supra
2824 1760 2953 1814 vires
2998 1766 3131 1832 ferre
3159 1767 3432 1823 valeamus.

1859 1831 2007 1888 Unde
2042 1837 2161 1906 quia
2200 1855 2327 1907 pene
2361 1842 2503 1897 nobis
2532 1844 2663 1898 illud
2694 1849 2759 1901 de
2793 1831 3068 1923 Evangelia
3107 1861 3351 1929 contigit,
3384 1874 3438 1915 ut

1856 1926 2042 1994 futura:
2064 1930 2215 1983 turris
2237 1948 2336 1985 non
2358 1944 2475 1987 ante
2490 1948 2879 2007 supputaremus
2896 1961 3163 2014 expensas,
3183 1926 3434 2021 compulsi

1853 2030 2024 2071 sumus
2054 2020 2265 2087 fratrem
2300 2021 2665 2081 Paulinianum
2695 2032 2763 2083 ad
2789 2035 3008 2100 patriam
3034 2039 3247 2105 mittere,
3359 2061 3437 2096 se-

1854 2105 2068 2160 mirutas
2094 2108 2318 2177 villulas,
2346 2129 2459 2181 quis
2487 2115 2817 2174 barbarorum
2844 2122 3131 2194 e/fugerunt
3157 2146 3358 2198 manus,
3391 2144 3437 2185 ct

1853 2207 2119 2265 parentum
2145 2204 2486 2257 communium
2508 2222 2686 2262 census
2707 2213 2960 2277 venderet,
2985 2232 3048 2269 ne
3067 2228 3281 2286 cleptum
3303 2222 3411 2275 San
3426 2252 3440 2263 -

1850 2298 2048 2341 ctorum
2070 2290 2404 2347 ministerium
2421 2295 2723 2363 deserentes,
2738 2303 2897 2355 risum
2915 2293 3173 2362 maledicis
3186 2319 3231 2361 et
3242 2314 3438 2366 crinalis

1851 2378 2183 2447 prtebeamus.
2215 2381 2323 2437 Sed
2352 2382 2466 2440 htcc
2488 2386 2765 2445 hactenus.

1921 2469 2011 2528 III.
2047 2473 2425 2531 Monacborum
2463 2490 2611 2547 erat,
2657 2484 2796 2552 quod
2826 2488 3022 2557 saepius
3049 2489 3107 2545 S.
3138 2491 3252 2561 ipse
3280 2497 3437 2550 Pater

1851 2559 2081 2630 fatetur,
2122 2565 2309 2621 labore
2351 2583 2608 2625 manuum
2640 2575 2737 2627 sibi
2770 2576 2964 2631 victum
3017 2559 3261 2647 quaerere
3294 2603 3307 2637 :
3339 2589 3433 2643 sed

1847 2653 2014 2708 satius
2045 2656 2157 2725 ipse
2181 2658 2305 2723 sibi,
2338 2669 2499 2731 atque
2523 2663 2704 2718 utilius
2734 2670 3000 2725 universa!
3032 2674 3283 2731 Ecclesia:
3303 2694 3435 2733 con-

1846 2744 2043 2798 sultum
2089 2744 2200 2803 fore
2243 2752 2589 2818 existimavit,
2620 2757 2664 2810 si
2697 2775 2948 2816 inauuum
2988 2763 3153 2820 labori
3195 2768 3430 2823 studium

1845 2832 2240 2906 Scripturarum
2271 2845 2646 2901 substitueret.
2678 2848 2847 2921 Magis
2887 2854 3011 2906 urile
3033 2895 3047 2917 ,
3081 2857 3282 2926 inquit,
3312 2862 3434 2927 quid

1846 2942 1909 2979 ea:
1936 2930 2038 2981 otio
2066 2946 2174 2984 meo
2212 2932 2455 2987 Ecclesitv
2481 2936 2673 2991 Christi
2700 2952 2963 2994 venturum
2990 2954 3131 2997 ratus
3151 2988 3164 3008 ,
3195 2964 3344 3014 quam
3372 2966 3436 3003 ex

1847 3022 2063 3074 aliorum
2106 3026 2303 3093 negotio
2351 3025 2543 3095 (Praef.
2576 3029 2631 3081 in
2679 3028 2783 3083 Job
2828 3048 2891 3085 ea:
2935 3033 3129 3103 LXX).
3163 3037 3432 3107 Inprimis

1851 3113 2031 3183 itaque
2058 3128 2117 3169 se
2143 3116 2208 3168 ad
2240 3115 2478 3185 linguam
2515 3118 2834 3175 Hebraicam
2864 3126 3046 3179 retulit
3078 3144 3091 3178 :
3125 3143 3283 3198 quam
3332 3134 3433 3186 etsi

1851 3206 2017 3272 probe
2043 3206 2286 3286 calleret,
2318 3206 2486 3260 voluit
2519 3215 2721 3274 tamen,
2749 3214 2922 3281 quoad
2952 3215 3067 3283 ejus
3096 3216 3209 3271 fieri
3240 3223 3432 3289 potuit,

1853 3298 2083 3365 pcnitius
2130 3282 2371 3373 adsequi.
2406 3299 2743 3370 Praiceptore
2774 3313 2897 3359 tunc
2935 3282 3061 3362 usus
3091 3324 3167 3364 εει
3198 3282 3429 3381 quodam

1849 3388 2125 3451 Barabba,
2174 3390 2287 3445 sive
2338 3391 2598 3446 Baranina
2650 3393 2899 3466 (utroque
2948 3402 3089 3454 enim
3139 3405 3296 3456 modo
3340 3421 3436 3474 ap-

1851 3481 2034 3551 pellat)
2059 3482 2146 3551 qui
2179 3498 2300 3536 cum
2329 3499 2549 3538 suorum
2592 3486 2713 3539 odia
2749 3488 3023 3547 incurrere
3062 3510 3180 3549 eam
3221 3498 3291 3551 ob
3319 3516 3431 3554 rem

1851 3573 2093 3637 timeret,
2135 3584 2293 3629 noctu
2336 3585 2538 3629 tantum
2587 3577 2653 3630 ad
2702 3578 3081 3654 Hieronymum
3116 3590 3428 3657 accedebat,

1848 3664 1989 3721 unde
2037 3674 2093 3719 et
2138 3677 2412 3721 nocturnus
2463 3670 2699 3738 magister
2748 3672 2796 3724 ei
2842 3671 3056 3729 dicitur.
3108 3678 3289 3732 Prodit
3340 3681 3431 3737 diu

1847 3767 1969 3827 post
1993 3758 2060 3813 de
2082 3772 2140 3812 se
2168 3758 2302 3827 ipse,
2344 3758 2485 3827 quod
2515 3759 2652 3811 hanc
2681 3760 2913 3825 linguam
2940 3804 2953 3824 ,
2982 3781 3134 3831 quam
3162 3768 3222 3819 ub
3251 3770 3432 3823 adole-

1848 3851 2039 3904 scentia
2081 3850 2241 3905 multo
2287 3851 2459 3904 labore
2484 3866 2543 3903 ac
2571 3852 2756 3906 sudore
2784 3851 3079 3920 didicerat,
3121 3858 3430 3928 infatigabili

1850 3942 2175 3995 meditatione
2213 3956 2488 4011 numquam
2519 3940 2796 3994 deseruerit
2821 3984 2837 4008 ,
2868 3960 2931 3998 ne
2970 3944 3032 3998 ab
3063 3962 3124 3997 ea
3160 3948 3267 4014 ipse
3295 3950 3435 4003 dese-

1848 4042 2043 4085 reretur
2068 4030 2260 4101 (Epist.
2293 4029 2585 4102 CXVIII).
2626 4032 2709 4086 Ab
2755 4033 2859 4089 hoc
2896 4045 3072 4089 autem
3094 4040 3291 4093 “studio
3316 4081 3332 4106 ,
3366 4044 3432 4096 ad

1848 4124 2243 4193 Scripturarum
2272 4123 2597 4193 [interpretes
2624 4125 2844 4193 gradum
2875 4129 2997 4181 fecit
3020 4170 3034 4193 ,
3066 4147 3293 4200 quoium
3326 4152 3431 4189 non

1849 4230 2013 4269 unum
2069 4224 2231 4284 atque
2282 4215 2545 4278 alterum,
2596 4216 2691 4270 sed
2736 4226 2996 4286 quotquot
3047 4219 3259 4277 fuerunt
3310 4238 3435 4282 ante

1849 4307 2025 4378 ipsum
2050 4347 2068 4373 ,
2112 4307 2299 4362 sedulo
2328 4308 2566 4371 evolvit,
2598 4307 2735 4363 adeo
2776 4319 2832 4364 ut
2872 4327 3032 4366 nemo
3060 4316 3171 4369 5ch
3216 4316 3432 4375 Gril‘cos

1848 4400 1962 4455 sive
1989 4401 2129 4453 inter
2160 4397 2380 4452 Latinos
2410 4398 2599 4454 Patres
2620 4441 2634 4465 ,
2666 4400 2846 4470 plures
2879 4418 3037 4471 quam
3070 4404 3432 4487 lIicronyuius

1847 4493 2112 4547 Auctores
2142 4490 2333 4561 legisse
2362 4490 2630 4546 videatur.
2675 4491 2916 4548 Lectioni
2949 4494 3142 4554 deinde
3184 4503 3430 4572 scriptio.

1850 4599 1971 4638 nem
1998 4583 2194 4652 adjecit
2226 4598 2241 4635 :
2277 4584 2327 4637 in
2356 4598 2456 4653 qua
2486 4582 2697 4638 facilem
2744 4585 2901 4652 adeo,
2934 4597 2989 4642 et
3015 4596 3205 4645 seuSus
3238 4606 3429 4663 sponte

1847 4689 1945 4730 sua
1968 4715 1985 4742 ,
2014 4684 2073 4729 ut
2112 4675 2184 4729 ita
2222 4674 2450 4729 dixerim
2478 4676 2658 4729 stilum
2689 4678 2910 4732 sortitus
2940 4689 3023 4733 est
3055 4695 3086 4734 a
3115 4694 3300 4738 natura
3327 4727 3341 4748 ,
3376 4697 3432 4739 ut

1847 4784 1953 4824 una
1976 4769 2243 4824 interdum
2268 4768 2637 4823 lucubratione
2665 4766 3079 4825 Commentariis
3108 4773 3159 4827 in
3184 4774 3430 4844 Scriptur-

1847 4877 1961 4915 ram
1992 4860 2395 4917 conscribendis
2430 4861 2574 4913 mille
2599 4875 2807 4923 versus,
2851 4876 2944 4913 seu
2975 4861 3143 4914 lineas
3173 4877 3426 4927 exaram.

1846 4962 1903 5009 et
1927 4954 2152 5023 singulis
2170 4952 2362 5006 diebus
2391 4951 2632 5021 singulos
2661 4950 2870 5005 Veteris
2896 4950 3236 5007 Instrumenti
3264 4954 3429 5011 libros

1845 5060 1910 5099 ex
1941 5044 2167 5099 llebneo
2196 5043 2541 5098 converterit.
2570 5040 2831 5094 Assiduus
2868 5040 3003 5093 adeo
3037 5043 3198 5098 etiam
3232 5045 3331 5101 bac
3375 5050 3425 5102 in

1846 5152 1905 5189 re
1927 5134 2026 5188 fuit
2050 5177 2065 5199 ,
2104 5144 2161 5187 ut
2187 5134 2329 5187 nulla
2359 5148 2464 5185 non
2492 5131 2577 5184 die
2605 5144 2877 5182 sacrarum
2903 5129 3093 5183 studiis
3126 5133 3422 5191 Literarnm

1846 5225 2230 5287 distineretur,
2266 5222 2318 5274 id
2345 5218 2485 5288 quod
2540 5214 2913 5272 I‘ostumia'nus
2951 5220 3090 5286 apud
3134 5221 3422 5292 Sulpititun

1846 5318 2103 5370 Severum
2132 5312 2224 5377 (de
2263 5326 2368 5379 quo
2395 5309 2643 5376 superius
2681 5306 2868 5379 multa)
2901 5310 3090 5379 insigni
3124 5312 3299 5383 elogio
3331 5319 3424 5371 illo

1849 5416 2069 5465 testatur
2100 5424 2113 5459 :
2142 5405 2301 5460 Totus
2329 5406 2380 5457 in
2412 5404 2640 5467 lectione,
2675 5413 2806 5457 totus
2832 5406 2883 5459 in
2910 5404 3051 5460 libris
3078 5420 3149 5463 est
3171 5426 3189 5463 :
3215 5429 3314 5466 non
3342 5415 3425 5470 dis

1845 5518 1947 5555 non
1970 5506 2111 5552 nocte
2129 5497 2431 5567 requiescit:
2460 5503 2547 5547 aut
2576 5492 2694 5564 legit
2722 5494 2915 5567 aliquid
2938 5516 3151 5570 semper,
3177 5513 3262 5558 aut
3290 5510 3423 5562 scri-

1846 5593 1914 5647 bit
1941 5589 2105 5659 (Dial.
2139 5587 2246 5661 ll).
