4050 6188
596 237 666 293 67
1851 237 1906 292 S.
1949 235 2203 291 lIIERON
2213 233 2323 288 “Il
2365 232 2549 289 VITA.
3791 243 3860 300 63

663 352 757 409 IV.
784 353 891 411 Sed
922 354 1116 424 scripta
1146 353 1262 423 ejus
1291 352 1571 422 peculiaria
1604 353 1753 420 juxta
1799 351 2034 405 historia:
2069 368 2161 403 or-

598 443 782 499 dinem
824 459 1213 500 recenseamus.
1267 441 1538 496 Petierant
1574 442 1641 493 ab
1685 457 1751 494 eo
1800 441 1958 494 Paula
2010 451 2168 509 atque

594 533 967 594 Eustochium,
998 541 1054 586 ut
1083 534 1133 584 in
1163 531 1311 584 Pauli
1343 529 1632 598 Epistolas,
1659 545 1795 599 quas
1826 547 1982 583 nemo
2011 541 2167 584 antea

591 626 900 681 Latinorum
933 624 1102 678 luerat
1143 625 1547 692 interpretatus,
1573 623 2004 678 Commentarios
2029 626 2166 678 scri-

592 719 762 772 beret.
795 717 993 782 Quibus
1023 715 1113 768 ille
1165 724 1221 768 ut
1265 715 1466 769 laceret
1510 716 1640 768 satis
1664 756 1679 777 ,
1727 731 1757 768 a
1792 715 2038 770 breviore
2060 758 2074 779 ,
2112 725 2168 770 et

591 811 758 875 magis
796 806 1075 875 expedita,
1125 823 1246 875 qu:e
1275 817 1356 860 est
1394 807 1460 860 ad
1506 806 1910 868 Philemonem,
1956 807 2163 859 initium

586 899 730 952 fecit.
759 898 996 967 Sumpsit
1024 909 1137 966 post
1171 897 1363 966 aliquot
1393 899 1500 951 dies
1525 898 1891 966 exponendam
1929 898 2070 951 illam
2097 897 2162 951 ad

584 991 824 1055 Galatas,
853 1005 1009 1060 quam
1044 990 1210 1044 tribus
1242 991 1389 1044 libris
1417 993 1665 1044 absolvit.
1699 991 1753 1043 In
1784 992 1864 1042 his
1896 989 2164 1060 Origenem

581 1093 817 1147 secutus,
861 1099 1050 1137 novam
1080 1085 1146 1135 de
1173 1081 1229 1137 S.
1273 1080 1415 1136 Petri
1458 1098 1579 1136 cum
1613 1083 1776 1135 Paulo
1800 1081 2162 1149 disputatione

579 1175 728 1229 litem
757 1175 1068 1236 commovit,
1100 1173 1167 1228 de
1190 1189 1289 1242 qua
1315 1175 1556 1242 pluribus
1577 1172 1770 1227 deinde
1798 1174 1848 1225 in
1877 1186 2159 1242 utramque

580 1277 786 1334 partem
833 1267 946 1333 ipse
974 1306 989 1325 ,
1022 1275 1179 1334 atque
1208 1266 1535 1334 Augustinus
1585 1265 1839 1334 Epistolis
1864 1265 2158 1319 contende-

577 1367 722 1411 runt.
757 1357 812 1410 In
861 1356 1301 1422 Prmlationibus,
1333 1357 1475 1425 quod
1524 1357 1637 1410 lucc
1684 1372 1915 1424 propere
1960 1357 2161 1410 dictare

575 1456 875 1515 cogeretur,
904 1457 956 1499 et
981 1445 1123 1515 quod
1149 1462 1320 1515 neque
1342 1446 1699 1514 excogitatum
1727 1462 1858 1513 opus
1886 1455 2157 1515 appareat,

577 1549 753 1604 neque
779 1536 1064 1588 admodum
1095 1536 1307 1589 limatus
1333 1552 1531 1595 sermo,
1562 1537 1757 1603 Saepius
1786 1548 2034 1589 excusat."
2057 1537 2162 1590 He-

576 1631 800 1684 colenda
836 1631 887 1682 in
931 1630 1067 1682 hanc
1107 1645 1219 1683 rem
1260 1644 1426 1698 pauca
1471 1628 1712 1697 quaedam
1742 1644 1804 1681 ex
1842 1627 2160 1681 Prtcfaliune

581 1722 739 1772 tertia
775 1738 787 1771 :
821 1720 1054 1783 Omnem,
1086 1719 1294 1787 inquit,
1325 1719 1661 1786 elegantiam,
1691 1728 1736 1769 et
1764 1715 1933 1769 Latini
1972 1719 2159 1787 eloquii

579 1819 887 1861 cenustatem
909 1809 1096 1861 stridor
1113 1809 1343 1860 lectionis
1369 1807 1634 1860 llebraica:
1657 1808 1950 1860 sorditlavit.
1983 1806 2155 1860 Nostis

573 1899 708 1950 enim
734 1909 780 1952 et
800 1899 926 1965 ipsa
951 1899 1134 1966 (Paula
1164 1907 1324 1966 atque
1349 1898 1713 1966 Eustochium)
1735 1901 1868 1966 quod
1889 1900 2153 1967 plusquam

576 1991 863 2059 quindecim
884 1991 1007 2042 anni
1034 1999 1184 2053 sunt,
1215 2006 1277 2041 ea:
1299 2006 1398 2057 quo
1425 1991 1475 2041 in
1507 2007 1686 2042 manus
1716 2006 1851 2042 meas
1881 2006 2155 2059 numquam

571 2081 772 2134 Tullius
797 2123 812 2144 ,
849 2097 1120 2148 numquam
1150 2079 1299 2132 Maro
1324 2121 1339 2144 ,
1372 2097 1645 2149 numquam
1681 2079 1952 2132 Gentilium
1978 2081 2153 2131 litera-

568 2188 682 2223 rum
726 2169 932 2236 quilibet
979 2171 1169 2222 Auctor
1218 2169 1487 2222 ascendit:
1514 2179 1559 2221 et
1603 2170 1645 2222 si
1692 2168 1815 2237 quid
1856 2169 1988 2237 forte
2035 2170 2155 2220 dum

567 2265 819 2334 loquimur
840 2306 855 2329 ,
899 2264 1133 2331 obrepit,
1182 2263 1325 2332 quasi
1356 2263 1548 2332 antiqui
1577 2280 1665 2331 per
1695 2263 1928 2316 nebulam
1972 2263 2155 2314 somnii

567 2357 914 2411 recordamur.
952 2356 1086 2420 Quid
1112 2367 1280 2410 autem
1321 2355 1621 2424 profecerim
1667 2371 1730 2407 ea:
1777 2355 1968 2424 lingua:
2014 2354 2153 2407 illius

568 2448 881 2515 infatigabili
924 2448 1135 2512 studio,
1184 2447 1403 2499 aliorum
1438 2446 1636 2514 judicio
1687 2447 1976 2517 derelinquo
2013 2463 2032 2499 :
2063 2463 2154 2517 ego

565 2537 687 2604 quid
714 2538 766 2590 in
793 2552 904 2590 inca
927 2538 1203 2596 amiserim,
1237 2537 1362 2589 scio.
1396 2536 1598 2589 Accedit
1627 2536 1694 2588 ad
1722 2537 1814 2589 hoc
1839 2579 1855 2604 ,
1887 2538 2005 2606 quia
2029 2554 2121 2606 pro
2144 2570 2149 2575 -

565 2638 676 2698 pter
703 2628 1005 2691 oculorum,
1035 2639 1080 2681 et
1105 2628 1258 2681 totius
1282 2629 1569 2698 corpusculi
1598 2628 1971 2695 infirmitatem,
2002 2646 2154 2681 manu

564 2734 676 2771 mea
704 2719 813 2788 ipse
836 2735 938 2771 non
960 2717 1123 2771 scribo
1147 2759 1161 2783 ,
1196 2733 1286 2770 uec
1327 2717 1498 2770 labore
1539 2726 1586 2769 et
1627 2717 1890 2785 diligentia
1917 2734 2153 2788 compen-

564 2826 677 2864 sare
718 2826 843 2879 queo
873 2809 1062 2879 eloquii
1092 2809 1380 2862 tarditatem
1411 2825 1429 2861 :
1456 2808 1592 2877 quod
1618 2809 1679 2860 de
1718 2806 1929 2878 Virgilio
1955 2825 2154 2878 quoque

563 2902 792 2965 tradunt,
822 2903 940 2970 quia
987 2902 1141 2954 libros
1170 2917 1286 2954 suos
1331 2901 1382 2953 in
1431 2900 1636 2952 modum
1665 2915 1898 2953 ursorum
1942 2901 2150 2971 fletuum

563 2994 828 3050 lambendo
853 2995 1168 3064 ﬁguraverit.
1203 2991 1389 3046 Verum
1408 2993 1570 3046 accito
1601 2989 1836 3055 Notario,
1867 3001 1955 3044 aut
1983 2993 2154 3045 statim

564 3088 700 3141 dicto
723 3087 1073 3157 quodcumque
1124 3087 1178 3140 in
1229 3087 1432 3140 buccam
1453 3086 1640 3139 venerit
1667 3101 1686 3138 :
1715 3096 1801 3137 aut
1823 3085 1865 3137 si
1887 3086 2152 3154 paululum

563 3180 766 3234 uoluero
805 3179 1024 3250 cogitare
1050 3220 1065 3243 ,
1110 3179 1291 3232 melius
1334 3178 1532 3247 aliquid
1576 3176 1887 3247 prolaturus,
1921 3186 2038 3229 tunc
2077 3191 2154 3229 me

563 3273 745 3324 tacitus
772 3270 860 3324 ille
894 3270 1247 3340 reprehendit,
1281 3288 1486 3323 manum
1526 3271 1778 3323 contra/iit
1801 3312 1816 3332 ,
1849 3280 1894 3323 et
1934 3270 2152 3339 frontem

564 3371 715 3433 rugat
741 3401 756 3426 ,
787 3371 832 3414 et
858 3378 911 3415 se
937 3365 1131 3432 [rustra
1157 3361 1334 3414 adesse
1358 3402 1373 3425 ,
1417 3371 1519 3414 toto
1546 3371 1686 3430 gestu
1709 3363 1937 3428 corporis
1978 3369 2149 3413 conte-

564 3463 748 3506 statur.
793 3451 972 3520 Neque
1013 3461 1097 3505 est
1148 3451 1618 3520 pra2tercundutn,
1667 3451 1808 3520 quod
1857 3452 1923 3505 ad
1973 3467 2150 3505 rerum

567 3543 1108 3612 Hieronymianarum
1179 3541 1452 3612 historiam
1537 3550 1788 3610 spectat,
1857 3543 2151 3595 nuntiatum

566 3635 735 3688 fuisse
772 3633 913 3696 sibi,
947 3648 1066 3685 cum
1112 3630 1259 3686 hisce
1286 3611 1609 3685 adoinandis
1651 3633 1702 3684 in
1747 3632 2040 3700 Epistolam
2086 3632 2153 3686 ad

567 3723 786 3779 Galatas
812 3721 1224 3776 Commentariis
1254 3723 1490 3776 animum
1543 3722 1862 3790 adiecisset,
1907 3723 2152 3777 Albinam

566 3813 900 3868 venerabilem
947 3829 1100 3866 anum
1125 3853 1140 3876 ,
1189 3812 1452 3866 Marcella:
1502 3821 1727 3866 matrem
1753 3853 1767 3875 ,
1797 3812 2014 3866 obiisse.
2047 3812 2156 3866 Ad-

569 3905 725 3959 lta-sit
772 3905 895 3959 huic
947 3905 1165 3967 statim,
1219 3905 1404 3956 matris
1450 3903 1805 3956 contubernio
1859 3901 2151 3968 deSIitutm,

568 3995 853 4063 Principia,
876 4010 996 4064 quae
1032 4003 1152 4062 post
1179 3993 1487 4061 Hieronymi
1517 3995 1583 4046 ab
1615 3993 1758 4048 Urbe
1780 3992 2076 4048 discessum
2102 3995 2153 4048 in

569 4085 650 4138 sui
681 4085 857 4138 locum
889 4091 1221 4138 successerat
1245 4099 1258 4136 :
1285 4099 1495 4151 unaque
1515 4085 1686 4138 ambae
1713 4084 1764 4137 in
1792 4084 2154 4139 suburbanum

569 4189 758 4244 agrum
784 4214 799 4240 ,
835 4184 1102 4244 tamquam
1135 4173 1186 4227 in
1235 4173 1574 4228 solitudinem
1633 4189 1753 4228 sese
1818 4184 2154 4245 receperunt.

570 4266 705 4320 Rem
737 4276 918 4320 narrat
943 4266 1002 4320 8.
1035 4265 1148 4332 ipse
1179 4263 1338 4319 Pater
1375 4265 1568 4335 partim
1612 4264 1930 4319 lustratione
1960 4267 2010 4319 in
2044 4266 2155 4336 pri-

573 4371 718 4410 tuum
757 4356 1243 4420 Commentarium,
1291 4356 1482 4426 partim
1522 4355 1694 4425 Epist.
1725 4354 1986 4412 CXXVII.
2015 4355 2155 4426 quod

573 4454 658 4500 est
688 4445 949 4502 Marcella:
980 4447 1349 4518 Epitaphium.

647 4536 814 4591 Porro
847 4546 1022 4590 autem
1058 4539 1346 4608 inemptum
1387 4540 1576 4596 sedulo
1605 4549 1934 4610 persecutus,
1966 4539 2158 4594 subse-

575 4635 826 4698 quentem
864 4627 930 4681 ad
975 4627 1234 4696 Ephesios
1274 4630 1567 4698 Epistulam
1628 4630 1998 4697 exponendam
2031 4671 2045 4694 ,
2099 4637 2160 4684 ut

575 4720 708 4776 alias
734 4717 952 4782 fecerat,
979 4720 1227 4788 sumpsit,
1247 4730 1301 4774 et
1331 4720 1498 4774 tribus
1528 4719 1708 4774 itidem
1739 4719 1885 4774 libris
1909 4721 2154 4774 absolvit.

577 4813 641 4867 Et
664 4811 840 4866 Paula:
860 4810 1074 4882 quidem
1098 4820 1258 4878 atque
1282 4809 1572 4864 Eustochio
1592 4810 1660 4864 de
1689 4824 1838 4864 more
1865 4810 2155 4881 inscripsit,

573 4903 669 4958 sed
691 4913 746 4957 et
768 4901 1094 4966 Marcellam,
1121 4916 1278 4970 quam
1301 4911 1457 4955 vocat
1478 4901 1684 4954 unicum
1714 4901 1975 4954 viduitatis
1998 4917 2160 4955 exem-

576 4991 693 5059 plar
717 5032 733 5058 ,
766 4992 818 5046 in
852 4992 1172 5048 Prmlatione
1202 4993 1382 5062 priore
1410 4992 1669 5055 nominat,
1701 5001 1758 5046 ut
1785 4991 1850 5045 ad
1880 5007 1997 5046 eam
2029 5008 2160 5061 quo-

576 5095 679 5148 que
709 5083 996 5137 transmitti
1025 5098 1162 5153 opus
1191 5085 1290 5138 hnc
1318 5099 1472 5137 suum
1515 5084 1639 5138 velit
1658 5125 1671 5146 ,
1697 5100 1757 5137 ea
1789 5084 2034 5138 cautione
2061 5083 2157 5137 ad-

576 5169 739 5224 hibita
766 5179 819 5222 ttt
848 5187 914 5226 ne
945 5173 1224 5228 maledicis
1251 5185 1412 5244 atque
1443 5175 1635 5229 invidis
1660 5175 1938 5243 legendum
1964 5175 2156 5229 tradat.

575 5262 710 5329 Quin
743 5262 902 5317 etiam
932 5264 986 5317 id
1014 5257 1178 5335 ipsum
1202 5283 1291 5336 per
1322 5266 1578 5336 Epistolas
1606 5268 1865 5336 ﬂagitasse
1890 5267 2034 5320 illam
2065 5267 2159 5322 abs

576 5367 636 5407 se
661 5391 677 5419 ,
710 5351 911 5407 indicat
939 5353 1258 5410 Prmlatioue
1299 5356 1530 5410 secunda
1556 5399 1570 5421 ,
1601 5358 1758 5426 inque
1789 5357 1905 5425 ejus
1933 5359 2156 5426 gratiam

579 5440 694 5493 haec
718 5453 778 5494 se
800 5441 1060 5495 adornare
1082 5444 1368 5512 signiﬁcat,
1399 5463 1527 5499 nova
1553 5446 1778 5501 subinde
1806 5447 2023 5500 Romam
2051 5465 2161 5500 ntu-

581 5525 797 5580 nuscula
827 5529 1226 5586 transmittenda.
1263 5534 1498 5604 Denique
1522 5536 1588 5590 ad
1619 5537 1796 5590 Titum
1823 5552 1941 5607 qua:
1968 5538 2159 5591 inscri-

581 5615 747 5684 bitur,
782 5616 940 5685 paulo
961 5627 1079 5684 post
1106 5621 1356 5690 singulari
1389 5642 1558 5696 coque
1588 5628 1733 5682 brcvi
1761 5627 2159 5684 Commentario

2278 349 2603 418 explanavit.
2648 348 2790 403 Nihil
2817 349 2961 420 quod
3003 352 3330 422 propositum
3371 364 3611 409 nostrum
3655 369 3862 424 spectet

2275 442 2328 494 in
2388 457 2449 495 ea
2500 442 2819 498 Pra'latione
2856 447 3082 498 monuit.
3124 446 3204 499 Ad
3243 446 3444 516 Capitis
3481 461 3658 503 autem
3701 453 3858 520 primi

2272 545 2483 584 versum
2526 531 2864 586 undecimum
2896 547 2954 587 se
2983 537 3091 598 ait,
3140 547 3257 587 ante
3301 553 3490 605 paucos
3530 556 3726 593 menses
3761 543 3860 593 tria

2272 622 2530 674 columina
2576 624 2627 674 in
2669 621 2916 690 Epistoltz
2963 625 3034 676 ad
3080 623 3290 680 Galatas
3329 629 3735 693 etplanationem
3772 633 3857 684 di-

2271 725 2434 767 ctasse
2460 731 2480 768 :
2509 731 2571 768 ex
2601 732 2707 784 quo
2736 716 2849 770 luce
2878 719 3170 771 meridiana
3200 719 3395 773 clarius
3424 731 3527 783 est,
3548 723 3711 776 hosce
3740 724 3862 776 uui-

2274 821 2460 859 versos
2511 808 2562 859 in
2611 820 2838 876 quatuor
2898 809 3046 862 Pauli
3113 809 3378 878 Epistolas
3428 813 3859 867 Commentarios

2270 898 2433 952 fuisse
2456 916 2559 952 non
2589 899 2777 952 eodem
2807 903 2968 954 modo
3007 917 3148 954 anno
3167 944 3181 961 ,
3214 902 3307 956 sed
3337 904 3462 955 anni
3488 905 3648 957 etiam
3680 916 3852 973 parte,

2269 1004 2362 1043 seu
2412 1005 2701 1058 paucorum
2753 993 2925 1059 spatio
2987 994 3247 1047 mensium
3299 993 3622 1048 elaboratos.
3671 995 3856 1065 Neque

2270 1095 2430 1148 porro
2467 1081 2629 1134 alium
2670 1081 2836 1136 videri
2876 1082 3106 1136 diximus
3149 1085 3261 1136 suis
3299 1084 3429 1136 locis
3454 1125 3470 1148 ,
3515 1101 3673 1153 quam
3725 1086 3852 1149 387,

2265 1172 2348 1225 vel
2385 1173 2752 1241 insequentem
2783 1189 2797 1226 :
2828 1173 2877 1226 id
2905 1174 3047 1243 quod
3074 1189 3180 1226 uno
3209 1185 3367 1242 atque
3391 1176 3560 1228 altero
3591 1184 3852 1243 prmterea

2265 1273 2579 1331 argumento
2602 1266 2924 1317 confirmare
2951 1265 3102 1318 libet.
3133 1267 3306 1333 Atque
3346 1265 3438 1318 illo
3466 1282 3588 1318 cum
3624 1266 3810 1335 primis
3833 1309 3850 1331 ,

2265 1353 2405 1420 quod
2451 1369 2510 1406 se
2550 1353 2623 1406 ait
2669 1355 2727 1406 S.
2769 1353 2928 1407 Pater
2968 1354 3031 1407 ab
3071 1355 3219 1406 annis
3258 1359 3524 1423 plusquam
3564 1356 3849 1419 quindecim

2265 1443 2468 1496 nullum
2497 1442 2786 1497 Gentilium
2820 1444 3094 1498 literarum
3123 1446 3407 1500 Auctorem
3429 1448 3480 1499 in
3499 1462 3686 1501 manus
3703 1464 3851 1502 smn-

2266 1534 2437 1601 psisse
2463 1551 2475 1584 :
2509 1534 2577 1587 ab
2613 1550 2680 1588 eo
2707 1535 2930 1600 scilicet,
2965 1545 3021 1588 ut
3051 1535 3180 1588 nihil
3210 1535 3426 1590 dubium
3457 1547 3557 1602 est,
3585 1549 3846 1608 tempore,

2264 1640 2370 1693 quo
2402 1641 2494 1694 per
2519 1627 2785 1679 somnium
2811 1625 3134 1691 admonitus,
3163 1642 3283 1680 cum
3313 1643 3371 1680 sc
3406 1628 3635 1682 Calcidis
3661 1645 3848 1684 eremo

2262 1716 2592 1782 abdidisset,
2623 1718 2965 1787 profanorum
2993 1721 3324 1787 Scriptorum
3368 1721 3581 1775 lectioni
3607 1722 3729 1791 jure
3750 1723 3845 1792 ju-

2262 1809 2430 1860 rando
2461 1811 2801 1862 renuntiavit.
2837 1809 2969 1864 Huic
3007 1820 3183 1865 autem
3218 1815 3474 1880 temporis
3503 1815 3760 1867 notationi
3798 1817 3842 1868 si

2259 1899 2564 1966 quindecim
2597 1899 2716 1953 illos
2742 1915 2912 1953 annos
2947 1901 3110 1954 addas
3136 1943 3149 1964 ,
3177 1901 3244 1955 ad
3285 1901 3426 1954 hunc
3472 1904 3717 1957 nimirum
3744 1904 3845 1958 de-

2259 1990 2464 2051 venies,
2493 2005 2650 2059 quem
2678 1989 2912 2044 diximus
2943 1993 3066 2045 587.
3098 1991 3329 2060 ldipsum
3360 1993 3558 2048 Bullini
3587 2011 3839 2064 compro-

2261 2082 2350 2135 bat
2395 2084 2755 2136 testimonium
2806 2085 2940 2138 libro
2968 2082 3356 2140 Invectivarnm
3397 2088 3631 2142 secundo
3658 2089 3841 2159 (quem

2259 2175 2364 2227 scis
2391 2190 2581 2241 nempe
2604 2177 2863 2244 set-iptum
2902 2192 3045 2230 anno
3075 2178 3228 2244 lOI),
3262 2178 3346 2230 ttbi
3388 2179 3840 2233 Commentarium

2258 2263 2569 2334 Hieronymi
2598 2265 2648 2317 itt
2692 2264 2984 2334 Epistolam
3023 2267 3088 2320 ad
3124 2267 3381 2335 Ephesios
3409 2280 3528 2321 ante
3554 2271 3843 2338 quindecim
3875 2251 3884 2262 ’

2258 2359 2417 2424 ferme
2441 2371 2602 2408 annos
2641 2357 2884 2424 scriptum
2930 2359 3178 2411 afﬁrmat.
3232 2359 3295 2411 Et
3339 2359 3691 2430 Hieronymus
3718 2366 3841 2432 qui-

2257 2444 2378 2499 dem
2422 2455 2640 2500 exactos
2681 2447 2790 2514 jam
2833 2457 3170 2516 supputartt;
3221 2448 3465 2502 Bullinus
3492 2451 3708 2504 vixdum
3759 2453 3843 2506 iu-

2256 2546 2482 2605 cmptos.
2525 2535 2723 2590 Eadem
2771 2535 2999 2606 denique
3047 2538 3310 2592 Chronica
3367 2548 3490 2592 nota
3546 2540 3717 2595 elucet
3772 2559 3840 2597 ex

2255 2625 2578 2682 Prml’atione
2623 2627 3012 2683 Commentarii
3067 2629 3117 2682 in
3169 2629 3586 2696 Ecclesiastem,
3629 2632 3696 2686 de
3737 2651 3839 2702 qua

2255 2718 2356 2771 erit
2399 2719 2641 2787 sequenti
2687 2719 2861 2788 capite
2899 2718 3111 2773 dicendi
3159 2719 3328 2776 locus.
3363 2721 3516 2786 Quod
3560 2722 3724 2792 igitur
3767 2724 3842 2777 ait

2257 2807 2316 2863 S.
2349 2809 2505 2864 Pater
2547 2809 2924 2879 Libroprimo
2969 2821 3151 2864 contra
3183 2811 3455 2866 numnum
3499 2813 3568 2868 de
3615 2815 3840 2882 exposi—

2257 2901 2400 2953 tione
2428 2915 2521 2954 sua
2564 2902 2614 2953 in
2654 2899 2948 2969 Epistolam
2977 2901 3042 2956 ad
3076 2903 3336 2972 Ephesios
3360 2945 3374 2968 ,
3424 2902 3606 2958 Decem
3651 2917 3698 2958 et
3725 2917 3842 2960 octo

2255 2991 2413 3060 ferme
2439 2992 2562 3044 anni
2587 3001 2723 3058 sunt,
2755 3008 2818 3045 ea:
2839 3009 2939 3061 quo
2968 2993 3088 3046 istos
3114 2995 3300 3047 dictavi
3329 2994 3500 3058 libros,
3535 3013 3590 3049 eo
3616 3006 3842 3062 tempore

2255 3099 2353 3153 quo
2397 3083 2630 3154 Origenis
2677 3100 2859 3138 nomen
2906 3085 3117 3154 florebat
3143 3087 3194 3138 in
3235 3087 3458 3154 mundo,
3499 3089 3720 3143 omnino
3750 3101 3842 3144 aut

2256 3191 2444 3231 errore
2496 3178 2932 3247 Antiquariorum
2988 3181 3040 3231 in
3097 3181 3384 3233 numericis
3441 3182 3580 3234 notis
3632 3181 3842 3236 laborat

2257 3267 2538 3336 (siquidem
2569 3269 2700 3322 nihil
2725 3267 2944 3321 dubium
2975 3278 3079 3332 est,
3109 3284 3229 3323 eum
3261 3284 3402 3322 anno
3426 3271 3553 3335 401,
3592 3269 3707 3325 hzec
3747 3273 3843 3326 ad-

2257 3374 2442 3414 versus
2466 3361 2716 3414 aemulum
2743 3376 2895 3415 suum
2923 3361 3224 3430 scripsisse)
3251 3373 3304 3414 ct
3337 3362 3632 3428 Quindecim
3657 3367 3838 3432 (erute,

2256 3449 2369 3503 sive
2393 3449 2508 3503 XV.
2543 3465 2638 3519 pro
2689 3449 2875 3504 Decem
2920 3460 2967 3504 et
3005 3462 3149 3516 octo,
3193 3451 3305 3507 sive
3346 3452 3507 3508 XVIII
3554 3454 3839 3522 legendum

2257 3551 2342 3595 est
2369 3559 2382 3593 :
2413 3550 2505 3594 aut
2529 3541 2670 3610 quod
2714 3553 2902 3611 putare
2950 3543 3169 3609 malim,
3199 3544 3265 3598 de
3303 3560 3369 3598 eo
3407 3557 3646 3613 tempore
3693 3550 3842 3602 acci-

2259 3631 2486 3702 piendus
2533 3641 2614 3685 est
2664 3632 2807 3700 loqui
2861 3632 3254 3705 Hieronymus,
3299 3651 3408 3704 quo
3449 3637 3676 3702 primum
3707 3640 3840 3692 scri-

2258 3720 2527 3790 ptionibns
2555 3720 2799 3791 Origenis
2841 3721 2894 3775 in
2937 3722 3184 3778 Latinum
3235 3724 3576 3780 relundendis
3622 3742 3841 3782 manum

2257 3812 2512 3868 admovit.

2331 3905 2416 3960 IV.
2454 3905 2596 3960 Nihil
2623 3921 2751 3961 vero
2782 3907 2924 3960 aliud
2953 3917 3212 3977 prmterea
3241 3907 3762 3962 Commentariorum
3789 3909 3844 3963 in

2261 3999 2576 4068 Apostolum
2605 3999 2975 4053 clucubratum
3003 4000 3071 4054 ab
3107 4015 3172 4053 eo
3205 4009 3288 4054 est
3317 4018 3329 4053 :
3357 4013 3411 4054 ut
3441 4001 3670 4069 ipsemet
3691 4000 3836 4054 indi-

2261 4100 2347 4146 cat
2374 4092 2427 4145 in
2459 4106 2677 4145 suorum
2707 4091 2966 4162 Catalogo
2995 4108 3216 4162 operum
3240 4134 3255 4158 ,
3284 4093 3372 4146 ubi
3405 4093 3534 4147 istas
3563 4093 3847 4148 dumtaxat

2261 4180 2503 4235 laudatas
2519 4190 2754 4251 quatuor
2771 4183 3036 4250 Epistolas
3056 4184 3151 4236 abs
3172 4199 3231 4238 se
3249 4183 3539 4254 explicatas
3559 4193 3813 4239 recenset
3829 4202 3844 4237 :

2264 4273 2471 4327 tametsi
2502 4273 2645 4326 illam
2684 4272 2750 4327 ad
2781 4272 3148 4328 Philemonem
3172 4315 3187 4340 ,
3214 4290 3244 4329 a
3273 4289 3374 4344 qua
3407 4275 3614 4328 initium
3642 4275 3848 4343 Expla-

2263 4361 2495 4416 uationis
2525 4375 2635 4415 sum
2661 4361 2807 4426 fecit,
2836 4373 3112 4431 postremo
3143 4363 3264 4417 loco
3285 4364 3514 4418 collocat
3544 4404 3559 4428 ,
3593 4365 3845 4422 ordinem

2262 4455 2444 4524 potius
2471 4453 2895 4523 Scripturarum,
2920 4469 3079 4524 quam
3115 4457 3372 4524 temporis
3394 4465 3632 4511 secutus.
3667 4457 3847 4512 Aber-

2262 4553 2384 4598 rant
2423 4544 2600 4613 itaque
2632 4559 2664 4598 a
2691 4558 2819 4598 vero
2848 4544 3160 4614 longissime
3180 4583 3195 4606 ,
3228 4545 3318 4614 qui
3352 4552 3522 4598 totum
3550 4545 3718 4600 fuisse
3749 4549 3850 4602 abs

2264 4633 2586 4706 Hieronymo
2611 4635 2924 4702 Apostolum
2952 4635 3367 4689 Commentariis
3392 4636 3717 4691 illustratum
3733 4638 3848 4708 jam

2263 4727 2388 4783 inde
2417 4743 2446 4782 a
2471 4727 2796 4784 Cassiodorii
2822 4742 2938 4782 :evo
2965 4728 3206 4784 arbitrati
3233 4738 3378 4783 sunt.
3425 4729 3631 4784 Eucum
3665 4771 3680 4794 ,
3714 4731 3805 4800 opi
3824 4751 3868 4773 οΔ

2264 4819 2384 4872 nior
2409 4858 2424 4883 ,
2474 4815 2603 4872 fecit
2630 4817 2886 4872 studiosis
2911 4819 3040 4873 viris
3076 4819 3226 4874 locus
3252 4819 3340 4874 ille
3369 4819 3580 4888 Prologi
3617 4821 3846 4876 alterius

2266 4907 2386 4962 libri
2409 4906 2462 4960 in
2492 4907 2783 4977 Epistulam
2807 4907 2873 4962 ad
2907 4907 3188 4979 Ephesios,
3221 4909 3310 4964 ubi
3337 4911 3496 4970 ἁπλαῖς
3542 4909 3599 4964 8.
3637 4910 3798 4964 Pater
3839 4951 3857 4975 ,

2267 4997 2421 5052 Pauli
2448 5038 2462 5061 ,
2494 4999 2684 5066 inquit,
2716 4998 2977 5068 Epistolas
3001 5015 3250 5052 conamur
3274 5016 3522 5066 exponere
3555 5015 3574 5053 :
3599 5001 3744 5068 quod
3774 4999 3851 5056 de

2266 5089 2534 5142 universis
2559 5089 2758 5144 dictum
2791 5101 3133 5159 acceperunt,
3161 5104 3284 5144 cum
3311 5091 3397 5144 vel
3421 5092 3566 5145 solas
3588 5089 3685 5145 has
3707 5107 3849 5161 qua-

2267 5189 2386 5234 tuor
2407 5187 2649 5248 spectet,
2673 5180 2756 5233 vel
2785 5190 2933 5234 certe
2965 5181 3298 5248 propositum
3330 5180 3492 5235 modo
3518 5180 3722 5235 indicet
3761 5194 3853 5234 at-

2265 5285 2367 5338 que
2387 5269 2659 5334 animum,
2692 5284 2851 5337 quem
2892 5271 2945 5323 in
2982 5271 3218 5340 reliquas
3252 5271 3522 5325 scribendi
3567 5271 3803 5328 habebat
3837 5317 3851 5333 .

2268 5373 2554 5427 numquam
2584 5369 2764 5415 autem
2791 5361 3045 5429 esplevit.
3075 5361 3261 5430 Neque
3283 5361 3384 5416 hac
3410 5363 3516 5416 line
3543 5366 3698 5418 stetit
3728 5380 3853 5418 ma-

2267 5450 2415 5513 lum,
2453 5449 2677 5505 subinde
2720 5451 2864 5506 enim
2909 5452 3148 5506 invenire
3183 5463 3268 5506 est
3316 5456 3368 5506 in
3417 5454 3655 5523 antiquis
3701 5456 3863 5512 libris

2268 5539 2594 5610 Hieronymo
2633 5539 2938 5610 adscriptas
2966 5541 3364 5596 Comttteutarius
3399 5543 3453 5595 in
3487 5559 3665 5598 omnes
3694 5544 3868 5601 Pauli

2275 5628 2556 5700 Epistolas,
2589 5631 2679 5685 illa
2707 5647 2825 5702 qua:
2853 5640 2937 5687 est
2976 5633 3042 5688 ad
3074 5632 3328 5690 Hebraeos
3355 5643 3602 5704 excepta.
3624 5634 3866 5694 Tantam
