  <div class='ocr_page' id='page_1' title='image "/cluster/home/n/w/nwhite01/storage/ocr_20150623/22/uva.x000826587/094.png"; bbox 0 0 4050 6188; ppageno 0'>
   <div class='ocr_carea' id='block_1_1' title="bbox 206 314 2187 381">
    <p class='ocr_par' dir='ltr' id='par_1_1' title="bbox 206 314 2187 381">
     <span class='ocr_line' id='line_1_1' title="bbox 206 314 2187 381; baseline 0.002 -10"><span class='ocrx_word' id='word_1_1' title='bbox 206 317 271 371; x_wconf 81' lang='lat'><strong>69</strong></span> <span class='ocrx_word' id='word_1_2' title='bbox 696 378 697 381; x_wconf 29' lang='grc' dir='ltr'><strong>η</strong></span> <span class='ocrx_word' id='word_1_3' title='bbox 1496 320 1551 374; x_wconf 89' lang='lat' dir='ltr'><strong>S.</strong></span> <span class='ocrx_word' id='word_1_4' title='bbox 1594 314 1967 373; x_wconf 76' lang='lat' dir='ltr'><strong>HIEBONYMI</strong></span> <span class='ocrx_word' id='word_1_5' title='bbox 2010 316 2187 374; x_wconf 72' lang='lat' dir='ltr'><strong>VITA.</strong></span> 
     </span>
    </p>
   </div>
   <div class='ocr_carea' id='block_1_2' title="bbox 202 432 1769 503">
    <p class='ocr_par' dir='ltr' id='par_1_2' title="bbox 202 432 1769 503">
     <span class='ocr_line' id='line_1_2' title="bbox 202 432 1769 503; baseline -0.002 -17"><span class='ocrx_word' id='word_1_6' title='bbox 202 434 324 493; x_wconf 75' lang='lat' dir='ltr'><strong>oiim</strong></span> <span class='ocrx_word' id='word_1_7' title='bbox 355 432 598 488; x_wconf 80' lang='lat' dir='ltr'><strong>fraudem</strong></span> <span class='ocrx_word' id='word_1_8' title='bbox 627 434 825 489; x_wconf 82' lang='lat' dir='ltr'><strong>inferre</strong></span> <span class='ocrx_word' id='word_1_9' title='bbox 854 434 1057 488; x_wconf 76' lang='lat' dir='ltr'><strong>librarii</strong></span> <span class='ocrx_word' id='word_1_10' title='bbox 1088 435 1200 488; x_wconf 82' lang='lat' dir='ltr'><strong>ausi</strong></span> <span class='ocrx_word' id='word_1_11' title='bbox 1228 443 1372 500; x_wconf 91' lang='lat' dir='ltr'><strong>sunt,</strong></span> <span class='ocrx_word' id='word_1_12' title='bbox 1391 441 1625 503; x_wconf 64' lang='lat' dir='ltr'><strong>quaestus</strong></span> <span class='ocrx_word' id='word_1_13' title='bbox 1644 446 1769 500; x_wconf 84' lang='lat' dir='ltr'><strong>gra-</strong></span> 
     </span>
    </p>
   </div>
   <div class='ocr_carea' id='block_1_3' title="bbox 202 523 1769 596">
    <p class='ocr_par' dir='ltr' id='par_1_3' title="bbox 202 523 1769 596">
     <span class='ocr_line' id='line_1_3' title="bbox 202 523 1769 596; baseline -0.003 -17"><span class='ocrx_word' id='word_1_14' title='bbox 202 527 273 579; x_wconf 86' lang='lat' dir='ltr'><strong>tia</strong></span> <span class='ocrx_word' id='word_1_15' title='bbox 299 566 312 588; x_wconf 91' lang='lat'><strong>,</strong></span> <span class='ocrx_word' id='word_1_16' title='bbox 356 534 417 579; x_wconf 91' lang='lat' dir='ltr'><strong>ut</strong></span> <span class='ocrx_word' id='word_1_17' title='bbox 457 540 593 596; x_wconf 91' lang='lat' dir='ltr'><strong>opus</strong></span> <span class='ocrx_word' id='word_1_18' title='bbox 620 541 651 580; x_wconf 84' lang='lat' dir='ltr'><strong>a</strong></span> <span class='ocrx_word' id='word_1_19' title='bbox 696 527 1026 596; x_wconf 90' lang='lat' dir='ltr'><strong>nequissimo</strong></span> <span class='ocrx_word' id='word_1_20' title='bbox 1068 526 1353 589; x_wconf 76' lang='lat' dir='ltr'><strong>hzeretico,</strong></span> <span class='ocrx_word' id='word_1_21' title='bbox 1393 534 1445 579; x_wconf 91' lang='lat' dir='ltr'><strong>et</strong></span> <span class='ocrx_word' id='word_1_22' title='bbox 1471 526 1515 579; x_wconf 91' lang='lat' dir='ltr'><strong>si</strong></span> <span class='ocrx_word' id='word_1_23' title='bbox 1545 523 1769 593; x_wconf 81' lang='lat' dir='ltr'><strong>Superis</strong></span> 
     </span>
    </p>
   </div>
   <div class='ocr_carea' id='block_1_4' title="bbox 198 613 1769 688">
    <p class='ocr_par' dir='ltr' id='par_1_4' title="bbox 198 613 1769 688">
     <span class='ocr_line' id='line_1_4' title="bbox 198 613 1769 688; baseline -0.001 -20"><span class='ocrx_word' id='word_1_24' title='bbox 198 617 384 686; x_wconf 96' lang='lat' dir='ltr'><strong>placet,</strong></span> <span class='ocrx_word' id='word_1_25' title='bbox 411 617 641 671; x_wconf 87' lang='lat' dir='ltr'><strong>nominis</strong></span> <span class='ocrx_word' id='word_1_26' title='bbox 667 616 1062 688; x_wconf 82' lang='lat' dir='ltr'><strong>Hieronymiani</strong></span> <span class='ocrx_word' id='word_1_27' title='bbox 1101 616 1252 669; x_wconf 86' lang='lat' dir='ltr'><strong>heste</strong></span> <span class='ocrx_word' id='word_1_28' title='bbox 1280 613 1634 670; x_wconf 88' lang='lat' dir='ltr'><strong>inl&#39;ensissimo</strong></span> <span class='ocrx_word' id='word_1_29' title='bbox 1656 613 1769 668; x_wconf 88' lang='lat' dir='ltr'><strong>elu-</strong></span> 
     </span>
    </p>
   </div>
   <div class='ocr_carea' id='block_1_5' title="bbox 198 704 1767 779">
    <p class='ocr_par' dir='ltr' id='par_1_5' title="bbox 198 704 1767 779">
     <span class='ocr_line' id='line_1_5' title="bbox 198 704 1767 779; baseline -0.004 -16"><span class='ocrx_word' id='word_1_30' title='bbox 198 710 518 775; x_wconf 88' lang='lat' dir='ltr'><strong>cubratum,</strong></span> <span class='ocrx_word' id='word_1_31' title='bbox 552 710 651 779; x_wconf 89' lang='lat' dir='ltr'><strong>ipsi</strong></span> <span class='ocrx_word' id='word_1_32' title='bbox 702 710 1033 779; x_wconf 86' lang='lat' dir='ltr'><strong>llieronymo</strong></span> <span class='ocrx_word' id='word_1_33' title='bbox 1077 708 1464 762; x_wconf 75' lang='lat' dir='ltr'><strong>adscriberent.</strong></span> <span class='ocrx_word' id='word_1_34' title='bbox 1521 704 1627 759; x_wconf 87' lang='lat' dir='ltr'><strong>Sed</strong></span> <span class='ocrx_word' id='word_1_35' title='bbox 1684 714 1767 758; x_wconf 92' lang='lat' dir='ltr'><strong>est</strong></span> 
     </span>
    </p>
   </div>
   <div class='ocr_carea' id='block_1_6' title="bbox 190 794 1765 869">
    <p class='ocr_par' dir='ltr' id='par_1_6' title="bbox 190 794 1765 869">
     <span class='ocr_line' id='line_1_6' title="bbox 190 794 1765 869; baseline -0.004 -18"><span class='ocrx_word' id='word_1_36' title='bbox 190 799 501 869; x_wconf 78' lang='lat' dir='ltr'><strong>jamdudum</strong></span> <span class='ocrx_word' id='word_1_37' title='bbox 535 800 671 854; x_wconf 90' lang='lat' dir='ltr'><strong>inter</strong></span> <span class='ocrx_word' id='word_1_38' title='bbox 696 799 1033 868; x_wconf 89' lang='lat' dir='ltr'><strong>supposititia</strong></span> <span class='ocrx_word' id='word_1_39' title='bbox 1058 797 1397 852; x_wconf 81' lang='lat' dir='ltr'><strong>amandatum</strong></span> <span class='ocrx_word' id='word_1_40' title='bbox 1421 836 1436 861; x_wconf 93' lang='lat'><strong>,</strong></span> <span class='ocrx_word' id='word_1_41' title='bbox 1485 809 1686 865; x_wconf 90' lang='lat' dir='ltr'><strong>nosque</strong></span> <span class='ocrx_word' id='word_1_42' title='bbox 1714 794 1765 846; x_wconf 91' lang='lat' dir='ltr'><strong>in</strong></span> 
     </span>
    </p>
   </div>
   <div class='ocr_carea' id='block_1_7' title="bbox 196 885 1766 961">
    <p class='ocr_par' dir='ltr' id='par_1_7' title="bbox 196 885 1766 961">
     <span class='ocr_line' id='line_1_7' title="bbox 196 885 1766 961; baseline -0.003 -16"><span class='ocrx_word' id='word_1_43' title='bbox 196 892 339 947; x_wconf 89' lang='lat' dir='ltr'><strong>hunc</strong></span> <span class='ocrx_word' id='word_1_44' title='bbox 370 892 652 961; x_wconf 86' lang='lat' dir='ltr'><strong>rejeclmus</strong></span> <span class='ocrx_word' id='word_1_45' title='bbox 671 891 907 959; x_wconf 80' lang='lat' dir='ltr'><strong>Operam</strong></span> <span class='ocrx_word' id='word_1_46' title='bbox 936 889 985 944; x_wconf 91' lang='lat' dir='ltr'><strong>id</strong></span> <span class='ocrx_word' id='word_1_47' title='bbox 1016 905 1185 959; x_wconf 91' lang='lat' dir='ltr'><strong>genus</strong></span> <span class='ocrx_word' id='word_1_48' title='bbox 1230 899 1428 943; x_wconf 91' lang='lat' dir='ltr'><strong>tomum</strong></span> <span class='ocrx_word' id='word_1_49' title='bbox 1455 928 1469 954; x_wconf 92' lang='lat'><strong>,</strong></span> <span class='ocrx_word' id='word_1_50' title='bbox 1502 900 1672 956; x_wconf 88' lang='lat' dir='ltr'><strong>eaque</strong></span> <span class='ocrx_word' id='word_1_51' title='bbox 1698 885 1766 941; x_wconf 90' lang='lat' dir='ltr'><strong>de</strong></span> 
     </span>
    </p>
   </div>
   <div class='ocr_carea' id='block_1_8' title="bbox 193 980 1411 1050">
    <p class='ocr_par' dir='ltr' id='par_1_8' title="bbox 193 980 1411 1050">
     <span class='ocr_line' id='line_1_8' title="bbox 193 980 1411 1050; baseline -0.002 -16"><span class='ocrx_word' id='word_1_52' title='bbox 193 996 255 1035; x_wconf 88' lang='lat' dir='ltr'><strong>re</strong></span> <span class='ocrx_word' id='word_1_53' title='bbox 280 980 409 1034; x_wconf 89' lang='lat' dir='ltr'><strong>satis</strong></span> <span class='ocrx_word' id='word_1_54' title='bbox 430 982 483 1035; x_wconf 88' lang='lat' dir='ltr'><strong>in</strong></span> <span class='ocrx_word' id='word_1_55' title='bbox 515 982 729 1050; x_wconf 78' lang='lat' dir='ltr'><strong>praeﬁxa</strong></span> <span class='ocrx_word' id='word_1_56' title='bbox 759 980 1138 1035; x_wconf 89' lang='lat' dir='ltr'><strong>Admonitione</strong></span> <span class='ocrx_word' id='word_1_57' title='bbox 1160 980 1411 1033; x_wconf 84' lang='lat' dir='ltr'><strong>diximus.</strong></span> 
     </span>
    </p>
   </div>
   <div class='ocr_carea' id='block_1_9' title="bbox 264 1067 1767 1139">
    <p class='ocr_par' dir='ltr' id='par_1_9' title="bbox 264 1067 1767 1139">
     <span class='ocr_line' id='line_1_9' title="bbox 264 1067 1767 1139; baseline -0.001 -16"><span class='ocrx_word' id='word_1_58' title='bbox 264 1068 329 1123; x_wconf 73' lang='grc' dir='ltr'><strong>ν.</strong></span> <span class='ocrx_word' id='word_1_59' title='bbox 376 1069 483 1124; x_wconf 87' lang='lat' dir='ltr'><strong>Sed</strong></span> <span class='ocrx_word' id='word_1_60' title='bbox 521 1079 647 1123; x_wconf 92' lang='lat' dir='ltr'><strong>sunt</strong></span> <span class='ocrx_word' id='word_1_61' title='bbox 688 1070 931 1139; x_wconf 75' lang='lat' dir='ltr'><strong>quaedam</strong></span> <span class='ocrx_word' id='word_1_62' title='bbox 981 1070 1033 1124; x_wconf 90' lang='lat' dir='ltr'><strong>in</strong></span> <span class='ocrx_word' id='word_1_63' title='bbox 1072 1080 1408 1123; x_wconf 90' lang='lat' dir='ltr'><strong>antecessum</strong></span> <span class='ocrx_word' id='word_1_64' title='bbox 1454 1067 1521 1122; x_wconf 92' lang='lat' dir='ltr'><strong>de</strong></span> <span class='ocrx_word' id='word_1_65' title='bbox 1562 1067 1767 1121; x_wconf 78' lang='lat' dir='ltr'><strong>ratione</strong></span> 
     </span>
    </p>
   </div>
   <div class='ocr_carea' id='block_1_10' title="bbox 184 1158 1764 1228">
    <p class='ocr_par' dir='ltr' id='par_1_10' title="bbox 184 1158 1764 1228">
     <span class='ocr_line' id='line_1_10' title="bbox 184 1158 1764 1228; baseline 0 -16"><span class='ocrx_word' id='word_1_66' title='bbox 184 1174 292 1228; x_wconf 85' lang='lat' dir='ltr'><strong>qua</strong></span> <span class='ocrx_word' id='word_1_67' title='bbox 321 1159 738 1213; x_wconf 90' lang='lat' dir='ltr'><strong>Commentariis</strong></span> <span class='ocrx_word' id='word_1_68' title='bbox 780 1158 1156 1214; x_wconf 89' lang='lat' dir='ltr'><strong>elucubrandis</strong></span> <span class='ocrx_word' id='word_1_69' title='bbox 1195 1173 1323 1213; x_wconf 89' lang='lat' dir='ltr'><strong>usus</strong></span> <span class='ocrx_word' id='word_1_70' title='bbox 1350 1166 1432 1213; x_wconf 89' lang='lat' dir='ltr'><strong>est</strong></span> <span class='ocrx_word' id='word_1_71' title='bbox 1460 1158 1520 1213; x_wconf 90' lang='lat' dir='ltr'><strong>S.</strong></span> <span class='ocrx_word' id='word_1_72' title='bbox 1554 1158 1713 1212; x_wconf 82' lang='lat' dir='ltr'><strong>l’ater</strong></span> <span class='ocrx_word' id='word_1_73' title='bbox 1747 1196 1764 1222; x_wconf 90' lang='lat'><strong>,</strong></span> 
     </span>
    </p>
   </div>
   <div class='ocr_carea' id='block_1_11' title="bbox 179 1247 1762 1319">
    <p class='ocr_par' dir='ltr' id='par_1_11' title="bbox 179 1247 1762 1319">
     <span class='ocr_line' id='line_1_11' title="bbox 179 1247 1762 1319; baseline -0.004 -14"><span class='ocrx_word' id='word_1_74' title='bbox 179 1250 361 1305; x_wconf 88' lang='lat' dir='ltr'><strong>semel</strong></span> <span class='ocrx_word' id='word_1_75' title='bbox 389 1256 487 1304; x_wconf 89' lang='lat' dir='ltr'><strong>hac</strong></span> <span class='ocrx_word' id='word_1_76' title='bbox 512 1250 743 1319; x_wconf 90' lang='lat' dir='ltr'><strong>primum</strong></span> <span class='ocrx_word' id='word_1_77' title='bbox 768 1249 943 1303; x_wconf 85' lang='lat' dir='ltr'><strong>oblata</strong></span> <span class='ocrx_word' id='word_1_78' title='bbox 962 1250 1243 1303; x_wconf 84' lang='lat' dir='ltr'><strong>occasione</strong></span> <span class='ocrx_word' id='word_1_79' title='bbox 1272 1247 1762 1310; x_wconf 87' lang='lat' dir='ltr'><strong>animadvertenda,</strong></span> 
     </span>
    </p>
   </div>
   <div class='ocr_carea' id='block_1_12' title="bbox 177 1336 1766 1407">
    <p class='ocr_par' dir='ltr' id='par_1_12' title="bbox 177 1336 1766 1407">
     <span class='ocr_line' id='line_1_12' title="bbox 177 1336 1766 1407; baseline -0.003 -14"><span class='ocrx_word' id='word_1_80' title='bbox 177 1356 253 1395; x_wconf 89' lang='lat' dir='ltr'><strong>ne</strong></span> <span class='ocrx_word' id='word_1_81' title='bbox 286 1340 482 1395; x_wconf 85' lang='lat' dir='ltr'><strong>eadem</strong></span> <span class='ocrx_word' id='word_1_82' title='bbox 506 1341 704 1407; x_wconf 63' lang='lat' dir='ltr'><strong>saepius</strong></span> <span class='ocrx_word' id='word_1_83' title='bbox 725 1339 1009 1406; x_wconf 87' lang='lat' dir='ltr'><strong>replicare,</strong></span> <span class='ocrx_word' id='word_1_84' title='bbox 1036 1353 1157 1391; x_wconf 92' lang='lat' dir='ltr'><strong>cum</strong></span> <span class='ocrx_word' id='word_1_85' title='bbox 1178 1338 1313 1391; x_wconf 90' lang='lat' dir='ltr'><strong>alios</strong></span> <span class='ocrx_word' id='word_1_86' title='bbox 1339 1338 1593 1405; x_wconf 81' lang='lat' dir='ltr'><strong>deinceps</strong></span> <span class='ocrx_word' id='word_1_87' title='bbox 1612 1336 1678 1390; x_wconf 87' lang='lat' dir='ltr'><strong>ad</strong></span> <span class='ocrx_word' id='word_1_88' title='bbox 1701 1336 1766 1389; x_wconf 84' lang='lat' dir='ltr'><strong>ll-</strong></span> 
     </span>
    </p>
   </div>
   <div class='ocr_carea' id='block_1_13' title="bbox 170 1426 1769 1496">
    <p class='ocr_par' dir='ltr' id='par_1_13' title="bbox 170 1426 1769 1496">
     <span class='ocr_line' id='line_1_13' title="bbox 170 1426 1769 1496; baseline -0.003 -13"><span class='ocrx_word' id='word_1_89' title='bbox 170 1445 313 1483; x_wconf 88' lang='lat' dir='ltr'><strong>nem</strong></span> <span class='ocrx_word' id='word_1_90' title='bbox 346 1443 515 1496; x_wconf 89' lang='lat' dir='ltr'><strong>usque</strong></span> <span class='ocrx_word' id='word_1_91' title='bbox 544 1428 957 1489; x_wconf 81' lang='lat' dir='ltr'><strong>recensebimus,</strong></span> <span class='ocrx_word' id='word_1_92' title='bbox 988 1440 1208 1480; x_wconf 90' lang='lat' dir='ltr'><strong>necesse</strong></span> <span class='ocrx_word' id='word_1_93' title='bbox 1236 1428 1324 1479; x_wconf 90' lang='lat' dir='ltr'><strong>sit.</strong></span> <span class='ocrx_word' id='word_1_94' title='bbox 1360 1426 1452 1480; x_wconf 90' lang='lat' dir='ltr'><strong>Ille</strong></span> <span class='ocrx_word' id='word_1_95' title='bbox 1478 1427 1620 1479; x_wconf 88' lang='lat' dir='ltr'><strong>enim</strong></span> <span class='ocrx_word' id='word_1_96' title='bbox 1648 1440 1769 1479; x_wconf 89' lang='lat' dir='ltr'><strong>cum</strong></span> 
     </span>
    </p>
   </div>
   <div class='ocr_carea' id='block_1_14' title="bbox 174 1514 1769 1588">
    <p class='ocr_par' dir='ltr' id='par_1_14' title="bbox 174 1514 1769 1588">
     <span class='ocr_line' id='line_1_14' title="bbox 174 1514 1769 1588; baseline -0.003 -15"><span class='ocrx_word' id='word_1_97' title='bbox 174 1518 411 1588; x_wconf 78' lang='lat' dir='ltr'><strong>ingenio</strong></span> <span class='ocrx_word' id='word_1_98' title='bbox 436 1532 535 1570; x_wconf 93' lang='lat' dir='ltr'><strong>suo</strong></span> <span class='ocrx_word' id='word_1_99' title='bbox 566 1517 617 1570; x_wconf 94' lang='lat' dir='ltr'><strong>in</strong></span> <span class='ocrx_word' id='word_1_100' title='bbox 645 1516 933 1585; x_wconf 91' lang='lat' dir='ltr'><strong>Scripturis</strong></span> <span class='ocrx_word' id='word_1_101' title='bbox 957 1516 1286 1585; x_wconf 80' lang='lat' dir='ltr'><strong>exponendis</strong></span> <span class='ocrx_word' id='word_1_102' title='bbox 1310 1515 1594 1580; x_wconf 86' lang='lat' dir='ltr'><strong>dillideret,</strong></span> <span class='ocrx_word' id='word_1_103' title='bbox 1628 1514 1769 1584; x_wconf 90' lang='lat' dir='ltr'><strong>quod</strong></span> 
     </span>
    </p>
   </div>
   <div class='ocr_carea' id='block_1_15' title="bbox 176 1605 1765 1673">
    <p class='ocr_par' dir='ltr' id='par_1_15' title="bbox 176 1605 1765 1673">
     <span class='ocr_line' id='line_1_15' title="bbox 176 1605 1765 1673; baseline -0.003 -10"><span class='ocrx_word' id='word_1_104' title='bbox 176 1612 351 1664; x_wconf 84' lang='lat' dir='ltr'><strong>sciret</strong></span> <span class='ocrx_word' id='word_1_105' title='bbox 392 1607 512 1659; x_wconf 88' lang='lat' dir='ltr'><strong>illas</strong></span> <span class='ocrx_word' id='word_1_106' title='bbox 559 1622 666 1658; x_wconf 89' lang='lat' dir='ltr'><strong>non</strong></span> <span class='ocrx_word' id='word_1_107' title='bbox 718 1621 783 1659; x_wconf 79' lang='lat' dir='ltr'><strong>ex</strong></span> <span class='ocrx_word' id='word_1_108' title='bbox 824 1606 1065 1671; x_wconf 88' lang='lat' dir='ltr'><strong>arbitrio,</strong></span> <span class='ocrx_word' id='word_1_109' title='bbox 1096 1605 1190 1660; x_wconf 91' lang='lat' dir='ltr'><strong>sed</strong></span> <span class='ocrx_word' id='word_1_110' title='bbox 1238 1620 1359 1660; x_wconf 91' lang='lat' dir='ltr'><strong>esse</strong></span> <span class='ocrx_word' id='word_1_111' title='bbox 1399 1621 1462 1659; x_wconf 79' lang='lat' dir='ltr'><strong>ex</strong></span> <span class='ocrx_word' id='word_1_112' title='bbox 1507 1605 1765 1673; x_wconf 80' lang='lat' dir='ltr'><strong>majorum</strong></span> 
     </span>
    </p>
   </div>
   <div class='ocr_carea' id='block_1_16' title="bbox 176 1693 1757 1763">
    <p class='ocr_par' dir='ltr' id='par_1_16' title="bbox 176 1693 1757 1763">
     <span class='ocr_line' id='line_1_16' title="bbox 176 1693 1757 1763; baseline -0.006 -9"><span class='ocrx_word' id='word_1_113' title='bbox 176 1696 562 1754; x_wconf 81' lang='lat' dir='ltr'><strong>traditionibus</strong></span> <span class='ocrx_word' id='word_1_114' title='bbox 608 1695 1072 1763; x_wconf 85' lang='lat' dir='ltr'><strong>interpretandas,</strong></span> <span class='ocrx_word' id='word_1_115' title='bbox 1118 1694 1185 1747; x_wconf 88' lang='lat' dir='ltr'><strong>ad</strong></span> <span class='ocrx_word' id='word_1_116' title='bbox 1224 1709 1319 1748; x_wconf 88' lang='lat' dir='ltr'><strong>eos</strong></span> <span class='ocrx_word' id='word_1_117' title='bbox 1368 1693 1710 1762; x_wconf 80' lang='lat' dir='ltr'><strong>confugiebat</strong></span> <span class='ocrx_word' id='word_1_118' title='bbox 1739 1732 1757 1758; x_wconf 92' lang='lat'><strong>,</strong></span> 
     </span>
    </p>
   </div>
   <div class='ocr_carea' id='block_1_17' title="bbox 175 1783 1760 1858">
    <p class='ocr_par' dir='ltr' id='par_1_17' title="bbox 175 1783 1760 1858">
     <span class='ocr_line' id='line_1_17' title="bbox 175 1783 1760 1858; baseline -0.003 -17"><span class='ocrx_word' id='word_1_119' title='bbox 175 1792 279 1858; x_wconf 84' lang='lat' dir='ltr'><strong>qui</strong></span> <span class='ocrx_word' id='word_1_120' title='bbox 306 1790 359 1842; x_wconf 91' lang='lat' dir='ltr'><strong>in</strong></span> <span class='ocrx_word' id='word_1_121' title='bbox 388 1803 506 1841; x_wconf 89' lang='lat' dir='ltr'><strong>eum</strong></span> <span class='ocrx_word' id='word_1_122' title='bbox 534 1785 773 1850; x_wconf 85' lang='lat' dir='ltr'><strong>Librum,</strong></span> <span class='ocrx_word' id='word_1_123' title='bbox 798 1800 953 1853; x_wconf 91' lang='lat' dir='ltr'><strong>quem</strong></span> <span class='ocrx_word' id='word_1_124' title='bbox 977 1785 1077 1839; x_wconf 86' lang='lat' dir='ltr'><strong>sibi</strong></span> <span class='ocrx_word' id='word_1_125' title='bbox 1099 1783 1467 1852; x_wconf 78' lang='lat' dir='ltr'><strong>explicandum</strong></span> <span class='ocrx_word' id='word_1_126' title='bbox 1498 1797 1760 1852; x_wconf 84' lang='lat' dir='ltr'><strong>propone-</strong></span> 
     </span>
    </p>
   </div>
   <div class='ocr_carea' id='block_1_18' title="bbox 182 1874 1758 1944">
    <p class='ocr_par' dir='ltr' id='par_1_18' title="bbox 182 1874 1758 1944">
     <span class='ocr_line' id='line_1_18' title="bbox 182 1874 1758 1944; baseline -0.003 -10"><span class='ocrx_word' id='word_1_127' title='bbox 182 1889 277 1934; x_wconf 86' lang='lat' dir='ltr'><strong>ret</strong></span> <span class='ocrx_word' id='word_1_128' title='bbox 301 1920 315 1941; x_wconf 92' lang='lat'><strong>,</strong></span> <span class='ocrx_word' id='word_1_129' title='bbox 347 1888 499 1931; x_wconf 82' lang='lat' dir='ltr'><strong>antea</strong></span> <span class='ocrx_word' id='word_1_130' title='bbox 531 1876 729 1944; x_wconf 81' lang='lat' dir='ltr'><strong>aliquid</strong></span> <span class='ocrx_word' id='word_1_131' title='bbox 756 1875 1068 1929; x_wconf 86' lang='lat' dir='ltr'><strong>edidissent.</strong></span> <span class='ocrx_word' id='word_1_132' title='bbox 1102 1874 1177 1928; x_wconf 88' lang='lat' dir='ltr'><strong>lta</strong></span> <span class='ocrx_word' id='word_1_133' title='bbox 1204 1890 1332 1929; x_wconf 91' lang='lat' dir='ltr'><strong>vero</strong></span> <span class='ocrx_word' id='word_1_134' title='bbox 1353 1874 1540 1928; x_wconf 90' lang='lat' dir='ltr'><strong>sedulo</strong></span> <span class='ocrx_word' id='word_1_135' title='bbox 1562 1888 1647 1927; x_wconf 90' lang='lat' dir='ltr'><strong>om</strong></span> <span class='ocrx_word' id='word_1_136' title='bbox 1661 1887 1758 1929; x_wconf 87' lang='lat' dir='ltr'><strong>nes</strong></span> 
     </span>
    </p>
   </div>
   <div class='ocr_carea' id='block_1_19' title="bbox 177 1964 1755 2039">
    <p class='ocr_par' dir='ltr' id='par_1_19' title="bbox 177 1964 1755 2039">
     <span class='ocr_line' id='line_1_19' title="bbox 177 1964 1755 2039; baseline -0.003 -16"><span class='ocrx_word' id='word_1_137' title='bbox 177 1968 589 2039; x_wconf 84' lang='lat' dir='ltr'><strong>pervestigabat,</strong></span> <span class='ocrx_word' id='word_1_138' title='bbox 618 1975 674 2020; x_wconf 90' lang='lat' dir='ltr'><strong>ut</strong></span> <span class='ocrx_word' id='word_1_139' title='bbox 702 1982 850 2021; x_wconf 90' lang='lat' dir='ltr'><strong>suam</strong></span> <span class='ocrx_word' id='word_1_140' title='bbox 876 1982 1032 2021; x_wconf 91' lang='lat' dir='ltr'><strong>nemo</strong></span> <span class='ocrx_word' id='word_1_141' title='bbox 1062 1967 1302 2021; x_wconf 86' lang='lat' dir='ltr'><strong>videatur</strong></span> <span class='ocrx_word' id='word_1_142' title='bbox 1319 1966 1647 2034; x_wconf 83' lang='lat' dir='ltr'><strong>diligentiam</strong></span> <span class='ocrx_word' id='word_1_143' title='bbox 1673 1964 1755 2020; x_wconf 83' lang='lat' dir='ltr'><strong>ef-</strong></span> 
     </span>
    </p>
   </div>
   <div class='ocr_carea' id='block_1_20' title="bbox 178 2058 1757 2130">
    <p class='ocr_par' dir='ltr' id='par_1_20' title="bbox 178 2058 1757 2130">
     <span class='ocr_line' id='line_1_20' title="bbox 178 2058 1757 2130; baseline -0.004 -15"><span class='ocrx_word' id='word_1_144' title='bbox 178 2061 427 2130; x_wconf 78' lang='lat' dir='ltr'><strong>fugisse:</strong></span> <span class='ocrx_word' id='word_1_145' title='bbox 458 2060 664 2128; x_wconf 81' lang='lat' dir='ltr'><strong>legebat</strong></span> <span class='ocrx_word' id='word_1_146' title='bbox 691 2058 762 2112; x_wconf 89' lang='lat' dir='ltr'><strong>ita</strong></span> <span class='ocrx_word' id='word_1_147' title='bbox 788 2058 1045 2127; x_wconf 85' lang='lat' dir='ltr'><strong>prepositi</strong></span> <span class='ocrx_word' id='word_1_148' title='bbox 1074 2058 1155 2111; x_wconf 91' lang='lat' dir='ltr'><strong>sui</strong></span> <span class='ocrx_word' id='word_1_149' title='bbox 1183 2066 1384 2111; x_wconf 90' lang='lat' dir='ltr'><strong>attente</strong></span> <span class='ocrx_word' id='word_1_150' title='bbox 1406 2071 1611 2110; x_wconf 89' lang='lat' dir='ltr'><strong>memor</strong></span> <span class='ocrx_word' id='word_1_151' title='bbox 1630 2097 1645 2121; x_wconf 96' lang='lat'><strong>,</strong></span> <span class='ocrx_word' id='word_1_152' title='bbox 1696 2064 1757 2109; x_wconf 86' lang='lat' dir='ltr'><strong>ut</strong></span> 
     </span>
    </p>
   </div>
   <div class='ocr_carea' id='block_1_21' title="bbox 178 2150 1751 2219">
    <p class='ocr_par' dir='ltr' id='par_1_21' title="bbox 178 2150 1751 2219">
     <span class='ocr_line' id='line_1_21' title="bbox 178 2150 1751 2219; baseline -0.004 -10"><span class='ocrx_word' id='word_1_153' title='bbox 178 2154 323 2209; x_wconf 87' lang='lat' dir='ltr'><strong>nihil</strong></span> <span class='ocrx_word' id='word_1_154' title='bbox 344 2168 520 2208; x_wconf 90' lang='lat' dir='ltr'><strong>eorum</strong></span> <span class='ocrx_word' id='word_1_155' title='bbox 549 2168 668 2219; x_wconf 72' lang='lat' dir='ltr'><strong>qua:</strong></span> <span class='ocrx_word' id='word_1_156' title='bbox 690 2151 755 2204; x_wconf 90' lang='lat' dir='ltr'><strong>ad</strong></span> <span class='ocrx_word' id='word_1_157' title='bbox 783 2166 895 2205; x_wconf 89' lang='lat' dir='ltr'><strong>rem</strong></span> <span class='ocrx_word' id='word_1_158' title='bbox 917 2166 1068 2205; x_wconf 87' lang='lat' dir='ltr'><strong>suam</strong></span> <span class='ocrx_word' id='word_1_159' title='bbox 1100 2150 1337 2205; x_wconf 84' lang='lat' dir='ltr'><strong>lacerent</strong></span> <span class='ocrx_word' id='word_1_160' title='bbox 1360 2192 1374 2215; x_wconf 93' lang='lat'><strong>,</strong></span> <span class='ocrx_word' id='word_1_161' title='bbox 1405 2150 1704 2218; x_wconf 72' lang='lat' dir='ltr'><strong>prmteriret</strong></span> <span class='ocrx_word' id='word_1_162' title='bbox 1735 2188 1751 2214; x_wconf 93' lang='lat'><strong>,</strong></span> 
     </span>
    </p>
   </div>
   <div class='ocr_carea' id='block_1_22' title="bbox 177 2240 1754 2309">
    <p class='ocr_par' dir='ltr' id='par_1_22' title="bbox 177 2240 1754 2309">
     <span class='ocr_line' id='line_1_22' title="bbox 177 2240 1754 2309; baseline -0.006 -8"><span class='ocrx_word' id='word_1_163' title='bbox 177 2245 315 2301; x_wconf 85' lang='lat' dir='ltr'><strong>nihil</strong></span> <span class='ocrx_word' id='word_1_164' title='bbox 340 2261 445 2299; x_wconf 87' lang='lat' dir='ltr'><strong>non</strong></span> <span class='ocrx_word' id='word_1_165' title='bbox 471 2242 788 2297; x_wconf 79' lang='lat' dir='ltr'><strong>transferret</strong></span> <span class='ocrx_word' id='word_1_166' title='bbox 819 2243 869 2296; x_wconf 93' lang='lat' dir='ltr'><strong>in</strong></span> <span class='ocrx_word' id='word_1_167' title='bbox 893 2258 1011 2296; x_wconf 84' lang='lat' dir='ltr'><strong>sua.</strong></span> <span class='ocrx_word' id='word_1_168' title='bbox 1041 2242 1109 2295; x_wconf 88' lang='lat' dir='ltr'><strong>Et</strong></span> <span class='ocrx_word' id='word_1_169' title='bbox 1150 2240 1401 2296; x_wconf 84' lang='lat' dir='ltr'><strong>laudabat</strong></span> <span class='ocrx_word' id='word_1_170' title='bbox 1436 2240 1653 2309; x_wconf 88' lang='lat' dir='ltr'><strong>quidem</strong></span> <span class='ocrx_word' id='word_1_171' title='bbox 1701 2240 1754 2293; x_wconf 92' lang='lat' dir='ltr'><strong>in</strong></span> 
     </span>
    </p>
   </div>
   <div class='ocr_carea' id='block_1_23' title="bbox 174 2330 1754 2399">
    <p class='ocr_par' dir='ltr' id='par_1_23' title="bbox 174 2330 1754 2399">
     <span class='ocr_line' id='line_1_23' title="bbox 174 2330 1754 2399; baseline -0.006 -8"><span class='ocrx_word' id='word_1_172' title='bbox 174 2336 698 2392; x_wconf 88' lang='lat' dir='ltr'><strong>Commentariorum</strong></span> <span class='ocrx_word' id='word_1_173' title='bbox 724 2332 965 2386; x_wconf 78' lang='lat' dir='ltr'><strong>exordiis</strong></span> <span class='ocrx_word' id='word_1_174' title='bbox 982 2346 1127 2399; x_wconf 70' lang='lat' dir='ltr'><strong>saepe</strong></span> <span class='ocrx_word' id='word_1_175' title='bbox 1146 2346 1333 2386; x_wconf 90' lang='lat' dir='ltr'><strong>eorum</strong></span> <span class='ocrx_word' id='word_1_176' title='bbox 1358 2330 1594 2394; x_wconf 87' lang='lat' dir='ltr'><strong>nomina,</strong></span> <span class='ocrx_word' id='word_1_177' title='bbox 1613 2342 1754 2398; x_wconf 88' lang='lat' dir='ltr'><strong>quos</strong></span> 
     </span>
    </p>
   </div>
   <div class='ocr_carea' id='block_1_24' title="bbox 174 2421 1751 2499">
    <p class='ocr_par' dir='ltr' id='par_1_24' title="bbox 174 2421 1751 2499">
     <span class='ocr_line' id='line_1_24' title="bbox 174 2421 1751 2499; baseline -0.006 -15"><span class='ocrx_word' id='word_1_178' title='bbox 174 2438 534 2499; x_wconf 84' lang='lat' dir='ltr'><strong>sequeretur;</strong></span> <span class='ocrx_word' id='word_1_179' title='bbox 564 2426 657 2481; x_wconf 84' lang='lat' dir='ltr'><strong>sed</strong></span> <span class='ocrx_word' id='word_1_180' title='bbox 687 2436 743 2481; x_wconf 88' lang='lat' dir='ltr'><strong>et</strong></span> <span class='ocrx_word' id='word_1_181' title='bbox 774 2439 916 2493; x_wconf 78' lang='lat' dir='ltr'><strong>saepe</strong></span> <span class='ocrx_word' id='word_1_182' title='bbox 939 2424 1302 2494; x_wconf 80' lang='lat' dir='ltr'><strong>praetermissa</strong></span> <span class='ocrx_word' id='word_1_183' title='bbox 1327 2421 1557 2476; x_wconf 78' lang='lat' dir='ltr'><strong>iaciebat</strong></span> <span class='ocrx_word' id='word_1_184' title='bbox 1579 2461 1593 2486; x_wconf 91' lang='lat'><strong>,</strong></span> <span class='ocrx_word' id='word_1_185' title='bbox 1628 2436 1751 2476; x_wconf 91' lang='lat' dir='ltr'><strong>cum</strong></span> 
     </span>
    </p>
   </div>
   <div class='ocr_carea' id='block_1_25' title="bbox 176 2517 1742 2591">
    <p class='ocr_par' dir='ltr' id='par_1_25' title="bbox 176 2517 1742 2591">
     <span class='ocr_line' id='line_1_25' title="bbox 176 2517 1742 2591; baseline -0.007 -15"><span class='ocrx_word' id='word_1_186' title='bbox 176 2522 351 2591; x_wconf 89' lang='lat' dir='ltr'><strong>magis</strong></span> <span class='ocrx_word' id='word_1_187' title='bbox 378 2528 736 2589; x_wconf 90' lang='lat' dir='ltr'><strong>opportunum</strong></span> <span class='ocrx_word' id='word_1_188' title='bbox 767 2517 935 2570; x_wconf 90' lang='lat' dir='ltr'><strong>videri</strong></span> <span class='ocrx_word' id='word_1_189' title='bbox 959 2524 1169 2585; x_wconf 86' lang='lat' dir='ltr'><strong>poterat</strong></span> <span class='ocrx_word' id='word_1_190' title='bbox 1193 2555 1209 2581; x_wconf 86' lang='lat'><strong>,</strong></span> <span class='ocrx_word' id='word_1_191' title='bbox 1251 2524 1413 2583; x_wconf 88' lang='lat' dir='ltr'><strong>atque</strong></span> <span class='ocrx_word' id='word_1_192' title='bbox 1439 2527 1624 2567; x_wconf 85' lang='lat' dir='ltr'><strong>eorum</strong></span> <span class='ocrx_word' id='word_1_193' title='bbox 1657 2522 1742 2566; x_wconf 87' lang='lat' dir='ltr'><strong>ta-</strong></span> 
     </span>
    </p>
   </div>
   <div class='ocr_carea' id='block_1_26' title="bbox 174 2603 1747 2681">
    <p class='ocr_par' dir='ltr' id='par_1_26' title="bbox 174 2603 1747 2681">
     <span class='ocr_line' id='line_1_26' title="bbox 174 2603 1747 2681; baseline -0.007 -12"><span class='ocrx_word' id='word_1_194' title='bbox 174 2629 303 2669; x_wconf 90' lang='lat' dir='ltr'><strong>men</strong></span> <span class='ocrx_word' id='word_1_195' title='bbox 332 2612 609 2681; x_wconf 87' lang='lat' dir='ltr'><strong>opiniones</strong></span> <span class='ocrx_word' id='word_1_196' title='bbox 636 2611 829 2663; x_wconf 88' lang='lat' dir='ltr'><strong>suimet</strong></span> <span class='ocrx_word' id='word_1_197' title='bbox 856 2609 1035 2675; x_wconf 87' lang='lat' dir='ltr'><strong>operis</strong></span> <span class='ocrx_word' id='word_1_198' title='bbox 1063 2607 1335 2661; x_wconf 81' lang='lat' dir='ltr'><strong>contextui</strong></span> <span class='ocrx_word' id='word_1_199' title='bbox 1366 2604 1657 2659; x_wconf 89' lang='lat' dir='ltr'><strong>inserebat.</strong></span> <span class='ocrx_word' id='word_1_200' title='bbox 1693 2603 1747 2658; x_wconf 92' lang='lat' dir='ltr'><strong>Id</strong></span> 
     </span>
    </p>
   </div>
   <div class='ocr_carea' id='block_1_27' title="bbox 171 2694 1743 2766">
    <p class='ocr_par' dir='ltr' id='par_1_27' title="bbox 171 2694 1743 2766">
     <span class='ocr_line' id='line_1_27' title="bbox 171 2694 1743 2766; baseline -0.007 -10"><span class='ocrx_word' id='word_1_201' title='bbox 171 2711 355 2757; x_wconf 87' lang='lat' dir='ltr'><strong>autem</strong></span> <span class='ocrx_word' id='word_1_202' title='bbox 381 2702 475 2754; x_wconf 88' lang='lat' dir='ltr'><strong>abs</strong></span> <span class='ocrx_word' id='word_1_203' title='bbox 496 2716 553 2754; x_wconf 93' lang='lat' dir='ltr'><strong>se</strong></span> <span class='ocrx_word' id='word_1_204' title='bbox 580 2700 776 2753; x_wconf 76' lang='lat' dir='ltr'><strong>factum</strong></span> <span class='ocrx_word' id='word_1_205' title='bbox 801 2698 957 2751; x_wconf 80' lang='lat' dir='ltr'><strong>aitex</strong></span> <span class='ocrx_word' id='word_1_206' title='bbox 978 2696 1228 2766; x_wconf 86' lang='lat' dir='ltr'><strong>quadam,</strong></span> <span class='ocrx_word' id='word_1_207' title='bbox 1252 2705 1311 2749; x_wconf 93' lang='lat' dir='ltr'><strong>ut</strong></span> <span class='ocrx_word' id='word_1_208' title='bbox 1339 2694 1453 2763; x_wconf 91' lang='lat' dir='ltr'><strong>ipse</strong></span> <span class='ocrx_word' id='word_1_209' title='bbox 1481 2700 1743 2758; x_wconf 86' lang='lat' dir='ltr'><strong>autumat,</strong></span> 
     </span>
    </p>
   </div>
   <div class='ocr_carea' id='block_1_28' title="bbox 168 2786 1745 2859">
    <p class='ocr_par' dir='ltr' id='par_1_28' title="bbox 168 2786 1745 2859">
     <span class='ocr_line' id='line_1_28' title="bbox 168 2786 1745 2859; baseline -0.008 -10"><span class='ocrx_word' id='word_1_210' title='bbox 168 2791 691 2850; x_wconf 86' lang='lat' dir='ltr'><strong>Commentariorum</strong></span> <span class='ocrx_word' id='word_1_211' title='bbox 737 2791 851 2859; x_wconf 90' lang='lat' dir='ltr'><strong>lege</strong></span> <span class='ocrx_word' id='word_1_212' title='bbox 876 2830 890 2854; x_wconf 90' lang='lat'><strong>,</strong></span> <span class='ocrx_word' id='word_1_213' title='bbox 927 2790 979 2841; x_wconf 89' lang='lat' dir='ltr'><strong>in</strong></span> <span class='ocrx_word' id='word_1_214' title='bbox 1021 2787 1197 2856; x_wconf 97' lang='lat' dir='ltr'><strong>quibus</strong></span> <span class='ocrx_word' id='word_1_215' title='bbox 1225 2786 1399 2839; x_wconf 69' lang='lat' dir='ltr'><strong>multa:</strong></span> <span class='ocrx_word' id='word_1_216' title='bbox 1434 2786 1745 2839; x_wconf 84' lang='lat' dir='ltr'><strong>diversorum</strong></span> 
     </span>
    </p>
   </div>
   <div class='ocr_carea' id='block_1_29' title="bbox 167 2872 1742 2957">
    <p class='ocr_par' dir='ltr' id='par_1_29' title="bbox 167 2872 1742 2957">
     <span class='ocr_line' id='line_1_29' title="bbox 167 2872 1742 2957; baseline -0.007 -19"><span class='ocrx_word' id='word_1_217' title='bbox 167 2893 431 2957; x_wconf 86' lang='lat' dir='ltr'><strong>ponuntur</strong></span> <span class='ocrx_word' id='word_1_218' title='bbox 454 2872 734 2951; x_wconf 86' lang='lat' dir='ltr'><strong>opiniones,</strong></span> <span class='ocrx_word' id='word_1_219' title='bbox 761 2878 839 2932; x_wconf 80' lang='lat' dir='ltr'><strong>vel</strong></span> <span class='ocrx_word' id='word_1_220' title='bbox 867 2879 1051 2941; x_wconf 89' lang='lat' dir='ltr'><strong>tacitis,</strong></span> <span class='ocrx_word' id='word_1_221' title='bbox 1080 2879 1156 2931; x_wconf 81' lang='lat' dir='ltr'><strong>uel</strong></span> <span class='ocrx_word' id='word_1_222' title='bbox 1181 2877 1434 2947; x_wconf 73' lang='lat' dir='ltr'><strong>expressis</strong></span> <span class='ocrx_word' id='word_1_223' title='bbox 1462 2876 1742 2929; x_wconf 78' lang='lat' dir='ltr'><strong>Auctorum</strong></span> 
     </span>
    </p>
   </div>
   <div class='ocr_carea' id='block_1_30' title="bbox 166 2968 1742 3039">
    <p class='ocr_par' dir='ltr' id='par_1_30' title="bbox 166 2968 1742 3039">
     <span class='ocr_line' id='line_1_30' title="bbox 166 2968 1742 3039; baseline -0.006 -10"><span class='ocrx_word' id='word_1_224' title='bbox 166 2975 455 3029; x_wconf 71' lang='lat' dir='ltr'><strong>nominibus</strong></span> <span class='ocrx_word' id='word_1_225' title='bbox 475 3015 490 3039; x_wconf 90' lang='lat'><strong>,</strong></span> <span class='ocrx_word' id='word_1_226' title='bbox 517 2984 572 3026; x_wconf 83' lang='lat' dir='ltr'><strong>ut</strong></span> <span class='ocrx_word' id='word_1_227' title='bbox 596 2971 823 3025; x_wconf 87' lang='lat' dir='ltr'><strong>Lectoris</strong></span> <span class='ocrx_word' id='word_1_228' title='bbox 848 2971 1112 3024; x_wconf 78' lang='lat' dir='ltr'><strong>arbitrium</strong></span> <span class='ocrx_word' id='word_1_229' title='bbox 1135 2970 1199 3023; x_wconf 89' lang='lat' dir='ltr'><strong>sit</strong></span> <span class='ocrx_word' id='word_1_230' title='bbox 1223 3010 1239 3035; x_wconf 91' lang='lat'><strong>,</strong></span> <span class='ocrx_word' id='word_1_231' title='bbox 1265 2969 1387 3038; x_wconf 86' lang='lat' dir='ltr'><strong>quid</strong></span> <span class='ocrx_word' id='word_1_232' title='bbox 1425 2968 1742 3037; x_wconf 81' lang='lat' dir='ltr'><strong>potissimum</strong></span> 
     </span>
    </p>
   </div>
   <div class='ocr_carea' id='block_1_31' title="bbox 164 3058 1741 3137">
    <p class='ocr_par' dir='ltr' id='par_1_31' title="bbox 164 3058 1741 3137">
     <span class='ocr_line' id='line_1_31' title="bbox 164 3058 1741 3137; baseline -0.005 -18"><span class='ocrx_word' id='word_1_233' title='bbox 164 3068 355 3137; x_wconf 77' lang='lat' dir='ltr'><strong>eligere</strong></span> <span class='ocrx_word' id='word_1_234' title='bbox 382 3064 580 3129; x_wconf 79' lang='lat' dir='ltr'><strong>debeat,</strong></span> <span class='ocrx_word' id='word_1_235' title='bbox 604 3065 888 3116; x_wconf 83' lang='lat' dir='ltr'><strong>decernere.</strong></span> <span class='ocrx_word' id='word_1_236' title='bbox 913 3062 1085 3129; x_wconf 85' lang='lat' dir='ltr'><strong>Atque</strong></span> <span class='ocrx_word' id='word_1_237' title='bbox 1113 3060 1236 3114; x_wconf 87' lang='lat' dir='ltr'><strong>hinc</strong></span> <span class='ocrx_word' id='word_1_238' title='bbox 1254 3060 1413 3113; x_wconf 91' lang='lat' dir='ltr'><strong>modo</strong></span> <span class='ocrx_word' id='word_1_239' title='bbox 1439 3074 1554 3121; x_wconf 91' lang='lat' dir='ltr'><strong>sua,</strong></span> <span class='ocrx_word' id='word_1_240' title='bbox 1580 3058 1741 3112; x_wconf 92' lang='lat' dir='ltr'><strong>modo</strong></span> 
     </span>
    </p>
   </div>
   <div class='ocr_carea' id='block_1_32' title="bbox 163 3149 1737 3225">
    <p class='ocr_par' dir='ltr' id='par_1_32' title="bbox 163 3149 1737 3225">
     <span class='ocr_line' id='line_1_32' title="bbox 163 3149 1737 3225; baseline -0.009 -9"><span class='ocrx_word' id='word_1_241' title='bbox 163 3176 223 3216; x_wconf 83' lang='lat' dir='ltr'><strong>se</strong></span> <span class='ocrx_word' id='word_1_242' title='bbox 252 3160 429 3214; x_wconf 89' lang='lat' dir='ltr'><strong>aliena</strong></span> <span class='ocrx_word' id='word_1_243' title='bbox 455 3158 657 3211; x_wconf 88' lang='lat' dir='ltr'><strong>dictare</strong></span> <span class='ocrx_word' id='word_1_244' title='bbox 691 3156 965 3225; x_wconf 87' lang='lat' dir='ltr'><strong>prolitetur</strong></span> <span class='ocrx_word' id='word_1_245' title='bbox 995 3155 1045 3206; x_wconf 91' lang='lat' dir='ltr'><strong>in</strong></span> <span class='ocrx_word' id='word_1_246' title='bbox 1080 3151 1490 3206; x_wconf 69' lang='lat' dir='ltr'><strong>Praefationibus</strong></span> <span class='ocrx_word' id='word_1_247' title='bbox 1509 3190 1523 3214; x_wconf 90' lang='lat'><strong>,</strong></span> <span class='ocrx_word' id='word_1_248' title='bbox 1558 3149 1629 3203; x_wconf 89' lang='lat' dir='ltr'><strong>ita</strong></span> <span class='ocrx_word' id='word_1_249' title='bbox 1658 3159 1737 3203; x_wconf 87' lang='lat' dir='ltr'><strong>ta-</strong></span> 
     </span>
    </p>
   </div>
   <div class='ocr_carea' id='block_1_33' title="bbox 164 3242 1737 3311">
    <p class='ocr_par' dir='ltr' id='par_1_33' title="bbox 164 3242 1737 3311">
     <span class='ocr_line' id='line_1_33' title="bbox 164 3242 1737 3311; baseline -0.008 -5"><span class='ocrx_word' id='word_1_250' title='bbox 164 3267 289 3306; x_wconf 90' lang='lat' dir='ltr'><strong>men</strong></span> <span class='ocrx_word' id='word_1_251' title='bbox 337 3259 396 3303; x_wconf 89' lang='lat' dir='ltr'><strong>ut</strong></span> <span class='ocrx_word' id='word_1_252' title='bbox 435 3249 653 3303; x_wconf 78' lang='lat' dir='ltr'><strong>difﬁcile</strong></span> <span class='ocrx_word' id='word_1_253' title='bbox 705 3246 994 3302; x_wconf 86' lang='lat' dir='ltr'><strong>internosci</strong></span> <span class='ocrx_word' id='word_1_254' title='bbox 1022 3245 1197 3298; x_wconf 88' lang='lat' dir='ltr'><strong>aliena</strong></span> <span class='ocrx_word' id='word_1_255' title='bbox 1235 3243 1304 3297; x_wconf 92' lang='lat' dir='ltr'><strong>ab</strong></span> <span class='ocrx_word' id='word_1_256' title='bbox 1344 3244 1458 3296; x_wconf 85' lang='lat' dir='ltr'><strong>suis</strong></span> <span class='ocrx_word' id='word_1_257' title='bbox 1488 3242 1737 3311; x_wconf 90' lang='lat' dir='ltr'><strong>possint,</strong></span> 
     </span>
    </p>
   </div>
   <div class='ocr_carea' id='block_1_34' title="bbox 163 3334 1737 3411">
    <p class='ocr_par' dir='ltr' id='par_1_34' title="bbox 163 3334 1737 3411">
     <span class='ocr_line' id='line_1_34' title="bbox 163 3334 1737 3411; baseline -0.006 -15"><span class='ocrx_word' id='word_1_258' title='bbox 163 3344 265 3397; x_wconf 87' lang='lat' dir='ltr'><strong>nisi</strong></span> <span class='ocrx_word' id='word_1_259' title='bbox 312 3343 382 3397; x_wconf 86' lang='lat' dir='ltr'><strong>ab</strong></span> <span class='ocrx_word' id='word_1_260' title='bbox 432 3356 521 3407; x_wconf 91' lang='lat' dir='ltr'><strong>eo,</strong></span> <span class='ocrx_word' id='word_1_261' title='bbox 571 3342 662 3411; x_wconf 89' lang='lat' dir='ltr'><strong>qui</strong></span> <span class='ocrx_word' id='word_1_262' title='bbox 692 3342 952 3394; x_wconf 90' lang='lat' dir='ltr'><strong>Auctores</strong></span> <span class='ocrx_word' id='word_1_263' title='bbox 980 3352 1169 3391; x_wconf 92' lang='lat' dir='ltr'><strong>omnes</strong></span> <span class='ocrx_word' id='word_1_264' title='bbox 1189 3376 1204 3401; x_wconf 91' lang='lat'><strong>,</strong></span> <span class='ocrx_word' id='word_1_265' title='bbox 1234 3350 1265 3389; x_wconf 91' lang='lat' dir='ltr'><strong>a</strong></span> <span class='ocrx_word' id='word_1_266' title='bbox 1301 3334 1493 3404; x_wconf 89' lang='lat' dir='ltr'><strong>quibus</strong></span> <span class='ocrx_word' id='word_1_267' title='bbox 1528 3334 1616 3388; x_wconf 91' lang='lat' dir='ltr'><strong>ille</strong></span> <span class='ocrx_word' id='word_1_268' title='bbox 1641 3348 1737 3388; x_wconf 81' lang='lat' dir='ltr'><strong>ex-</strong></span> 
     </span>
    </p>
   </div>
   <div class='ocr_carea' id='block_1_35' title="bbox 161 3426 1732 3502">
    <p class='ocr_par' dir='ltr' id='par_1_35' title="bbox 161 3426 1732 3502">
     <span class='ocr_line' id='line_1_35' title="bbox 161 3426 1732 3502; baseline -0.008 -13"><span class='ocrx_word' id='word_1_269' title='bbox 161 3434 387 3502; x_wconf 89' lang='lat' dir='ltr'><strong>cerpsit,</strong></span> <span class='ocrx_word' id='word_1_270' title='bbox 416 3432 627 3499; x_wconf 82' lang='lat' dir='ltr'><strong>legerit,</strong></span> <span class='ocrx_word' id='word_1_271' title='bbox 659 3444 950 3499; x_wconf 90' lang='lat' dir='ltr'><strong>eorumque</strong></span> <span class='ocrx_word' id='word_1_272' title='bbox 968 3428 1110 3483; x_wconf 90' lang='lat' dir='ltr'><strong>dicta</strong></span> <span class='ocrx_word' id='word_1_273' title='bbox 1139 3441 1204 3482; x_wconf 87' lang='lat' dir='ltr'><strong>ac</strong></span> <span class='ocrx_word' id='word_1_274' title='bbox 1229 3426 1524 3483; x_wconf 87' lang='lat' dir='ltr'><strong>sententias</strong></span> <span class='ocrx_word' id='word_1_275' title='bbox 1547 3426 1599 3479; x_wconf 91' lang='lat' dir='ltr'><strong>in</strong></span> <span class='ocrx_word' id='word_1_276' title='bbox 1633 3440 1732 3478; x_wconf 90' lang='lat' dir='ltr'><strong>nu-</strong></span> 
     </span>
    </p>
   </div>
   <div class='ocr_carea' id='block_1_36' title="bbox 162 3516 1734 3592">
    <p class='ocr_par' dir='ltr' id='par_1_36' title="bbox 162 3516 1734 3592">
     <span class='ocr_line' id='line_1_36' title="bbox 162 3516 1734 3592; baseline -0.006 -13"><span class='ocrx_word' id='word_1_277' title='bbox 162 3535 370 3580; x_wconf 91' lang='lat' dir='ltr'><strong>merato</strong></span> <span class='ocrx_word' id='word_1_278' title='bbox 398 3523 613 3577; x_wconf 88' lang='lat' dir='ltr'><strong>habeat.</strong></span> <span class='ocrx_word' id='word_1_279' title='bbox 653 3523 805 3592; x_wconf 74' lang='lat' dir='ltr'><strong>Saepe</strong></span> <span class='ocrx_word' id='word_1_280' title='bbox 831 3521 965 3576; x_wconf 90' lang='lat' dir='ltr'><strong>adeo</strong></span> <span class='ocrx_word' id='word_1_281' title='bbox 993 3521 1077 3574; x_wconf 92' lang='lat' dir='ltr'><strong>vel</strong></span> <span class='ocrx_word' id='word_1_282' title='bbox 1108 3536 1139 3573; x_wconf 90' lang='lat' dir='ltr'><strong>a</strong></span> <span class='ocrx_word' id='word_1_283' title='bbox 1164 3518 1379 3574; x_wconf 70' lang='lat' dir='ltr'><strong>nulline</strong></span> <span class='ocrx_word' id='word_1_284' title='bbox 1404 3557 1419 3580; x_wconf 85' lang='lat'><strong>.</strong></span> <span class='ocrx_word' id='word_1_285' title='bbox 1451 3518 1541 3587; x_wconf 93' lang='lat' dir='ltr'><strong>qui</strong></span> <span class='ocrx_word' id='word_1_286' title='bbox 1571 3518 1618 3572; x_wconf 91' lang='lat' dir='ltr'><strong>ei</strong></span> <span class='ocrx_word' id='word_1_287' title='bbox 1646 3516 1734 3571; x_wconf 89' lang='lat' dir='ltr'><strong>di-</strong></span> 
     </span>
    </p>
   </div>
   <div class='ocr_carea' id='block_1_37' title="bbox 162 3607 1731 3677">
    <p class='ocr_par' dir='ltr' id='par_1_37' title="bbox 162 3607 1731 3677">
     <span class='ocr_line' id='line_1_37' title="bbox 162 3607 1731 3677; baseline -0.006 -8"><span class='ocrx_word' id='word_1_288' title='bbox 162 3630 281 3669; x_wconf 83' lang='lat' dir='ltr'><strong>cam</strong></span> <span class='ocrx_word' id='word_1_289' title='bbox 305 3629 366 3669; x_wconf 85' lang='lat' dir='ltr'><strong>ea</strong></span> <span class='ocrx_word' id='word_1_290' title='bbox 387 3613 456 3668; x_wconf 89' lang='lat' dir='ltr'><strong>de</strong></span> <span class='ocrx_word' id='word_1_291' title='bbox 477 3628 537 3667; x_wconf 88' lang='lat' dir='ltr'><strong>re</strong></span> <span class='ocrx_word' id='word_1_292' title='bbox 555 3613 774 3668; x_wconf 90' lang='lat' dir='ltr'><strong>multam</strong></span> <span class='ocrx_word' id='word_1_293' title='bbox 794 3612 948 3677; x_wconf 79' lang='lat' dir='ltr'><strong>dixit,</strong></span> <span class='ocrx_word' id='word_1_294' title='bbox 964 3610 1049 3665; x_wconf 88' lang='lat' dir='ltr'><strong>vel</strong></span> <span class='ocrx_word' id='word_1_295' title='bbox 1066 3610 1132 3663; x_wconf 80' lang='lat' dir='ltr'><strong>ab</strong></span> <span class='ocrx_word' id='word_1_296' title='bbox 1149 3610 1284 3673; x_wconf 88' lang='lat' dir='ltr'><strong>aliis,</strong></span> <span class='ocrx_word' id='word_1_297' title='bbox 1302 3608 1371 3663; x_wconf 89' lang='lat' dir='ltr'><strong>de</strong></span> <span class='ocrx_word' id='word_1_298' title='bbox 1396 3607 1731 3677; x_wconf 86' lang='lat' dir='ltr'><strong>opinionum,</strong></span> 
     </span>
    </p>
   </div>
   <div class='ocr_carea' id='block_1_38' title="bbox 162 3698 1723 3773">
    <p class='ocr_par' dir='ltr' id='par_1_38' title="bbox 162 3698 1723 3773">
     <span class='ocr_line' id='line_1_38' title="bbox 162 3698 1723 3773; baseline -0.005 -14"><span class='ocrx_word' id='word_1_299' title='bbox 162 3719 298 3773; x_wconf 85' lang='lat' dir='ltr'><strong>quas</strong></span> <span class='ocrx_word' id='word_1_300' title='bbox 341 3703 679 3759; x_wconf 88' lang='lat' dir='ltr'><strong>dissimulato</strong></span> <span class='ocrx_word' id='word_1_301' title='bbox 724 3704 956 3756; x_wconf 85' lang='lat' dir='ltr'><strong>Auctore</strong></span> <span class='ocrx_word' id='word_1_302' title='bbox 1001 3700 1289 3764; x_wconf 87' lang='lat' dir='ltr'><strong>retulerat,</strong></span> <span class='ocrx_word' id='word_1_303' title='bbox 1317 3698 1533 3753; x_wconf 86' lang='lat' dir='ltr'><strong>levitate</strong></span> <span class='ocrx_word' id='word_1_304' title='bbox 1561 3707 1723 3767; x_wconf 89' lang='lat' dir='ltr'><strong>atque</strong></span> 
     </span>
    </p>
   </div>
   <div class='ocr_carea' id='block_1_39' title="bbox 165 3788 1727 3859">
    <p class='ocr_par' dir='ltr' id='par_1_39' title="bbox 165 3788 1727 3859">
     <span class='ocr_line' id='line_1_39' title="bbox 165 3788 1727 3859; baseline -0.006 -7"><span class='ocrx_word' id='word_1_305' title='bbox 165 3796 503 3852; x_wconf 87' lang='lat' dir='ltr'><strong>incommodo</strong></span> <span class='ocrx_word' id='word_1_306' title='bbox 538 3793 803 3849; x_wconf 88' lang='lat' dir='ltr'><strong>interdum</strong></span> <span class='ocrx_word' id='word_1_307' title='bbox 842 3808 1002 3848; x_wconf 87' lang='lat' dir='ltr'><strong>sensu</strong></span> <span class='ocrx_word' id='word_1_308' title='bbox 1036 3801 1316 3847; x_wconf 89' lang='lat' dir='ltr'><strong>accusatus</strong></span> <span class='ocrx_word' id='word_1_309' title='bbox 1346 3800 1472 3854; x_wconf 90' lang='lat' dir='ltr'><strong>est,</strong></span> <span class='ocrx_word' id='word_1_310' title='bbox 1502 3788 1727 3859; x_wconf 88' lang='lat' dir='ltr'><strong>perinde</strong></span> 
     </span>
    </p>
   </div>
   <div class='ocr_carea' id='block_1_40' title="bbox 169 3881 1732 3959">
    <p class='ocr_par' dir='ltr' id='par_1_40' title="bbox 169 3881 1732 3959">
     <span class='ocr_line' id='line_1_40' title="bbox 169 3881 1732 3959; baseline -0.005 -16"><span class='ocrx_word' id='word_1_311' title='bbox 169 3899 323 3959; x_wconf 86' lang='lat' dir='ltr'><strong>atque</strong></span> <span class='ocrx_word' id='word_1_312' title='bbox 346 3890 416 3943; x_wconf 86' lang='lat' dir='ltr'><strong>de</strong></span> <span class='ocrx_word' id='word_1_313' title='bbox 441 3903 544 3943; x_wconf 91' lang='lat' dir='ltr'><strong>suo</strong></span> <span class='ocrx_word' id='word_1_314' title='bbox 562 3928 578 3952; x_wconf 97' lang='lat'><strong>,</strong></span> <span class='ocrx_word' id='word_1_315' title='bbox 608 3895 699 3940; x_wconf 90' lang='lat' dir='ltr'><strong>aut</strong></span> <span class='ocrx_word' id='word_1_316' title='bbox 745 3896 891 3941; x_wconf 87' lang='lat' dir='ltr'><strong>certe</strong></span> <span class='ocrx_word' id='word_1_317' title='bbox 933 3884 1002 3939; x_wconf 90' lang='lat' dir='ltr'><strong>de</strong></span> <span class='ocrx_word' id='word_1_318' title='bbox 1030 3884 1249 3955; x_wconf 87' lang='lat' dir='ltr'><strong>probata</strong></span> <span class='ocrx_word' id='word_1_319' title='bbox 1278 3884 1376 3937; x_wconf 91' lang='lat' dir='ltr'><strong>sibi</strong></span> <span class='ocrx_word' id='word_1_320' title='bbox 1417 3881 1732 3936; x_wconf 88' lang='lat' dir='ltr'><strong>auctoritate</strong></span> 
     </span>
    </p>
   </div>
   <div class='ocr_carea' id='block_1_41' title="bbox 170 3976 1733 4049">
    <p class='ocr_par' dir='ltr' id='par_1_41' title="bbox 170 3976 1733 4049">
     <span class='ocr_line' id='line_1_41' title="bbox 170 3976 1733 4049; baseline -0.002 -16"><span class='ocrx_word' id='word_1_321' title='bbox 170 3982 462 4049; x_wconf 85' lang='lat' dir='ltr'><strong>protulerit.</strong></span> <span class='ocrx_word' id='word_1_322' title='bbox 498 3977 703 4047; x_wconf 88' lang='lat' dir='ltr'><strong>Quibus</strong></span> <span class='ocrx_word' id='word_1_323' title='bbox 742 3978 843 4032; x_wconf 85' lang='lat' dir='ltr'><strong>hac</strong></span> <span class='ocrx_word' id='word_1_324' title='bbox 884 3992 988 4032; x_wconf 92' lang='lat' dir='ltr'><strong>una</strong></span> <span class='ocrx_word' id='word_1_325' title='bbox 1016 3978 1354 4031; x_wconf 88' lang='lat' dir='ltr'><strong>continenter</strong></span> <span class='ocrx_word' id='word_1_326' title='bbox 1380 3976 1733 4044; x_wconf 86' lang='lat' dir='ltr'><strong>responsione</strong></span> 
     </span>
    </p>
   </div>
   <div class='ocr_carea' id='block_1_42' title="bbox 170 4068 1732 4143">
    <p class='ocr_par' dir='ltr' id='par_1_42' title="bbox 170 4068 1732 4143">
     <span class='ocr_line' id='line_1_42' title="bbox 170 4068 1732 4143; baseline -0.003 -17"><span class='ocrx_word' id='word_1_327' title='bbox 170 4076 291 4128; x_wconf 86' lang='lat' dir='ltr'><strong>satis</strong></span> <span class='ocrx_word' id='word_1_328' title='bbox 336 4074 495 4139; x_wconf 83' lang='lat' dir='ltr'><strong>fecit,</strong></span> <span class='ocrx_word' id='word_1_329' title='bbox 524 4088 627 4143; x_wconf 89' lang='lat' dir='ltr'><strong>qua</strong></span> <span class='ocrx_word' id='word_1_330' title='bbox 668 4082 722 4126; x_wconf 90' lang='lat' dir='ltr'><strong>et</strong></span> <span class='ocrx_word' id='word_1_331' title='bbox 768 4071 836 4125; x_wconf 91' lang='lat' dir='ltr'><strong>ab</strong></span> <span class='ocrx_word' id='word_1_332' title='bbox 882 4069 1165 4140; x_wconf 81' lang='lat' dir='ltr'><strong>Augustini</strong></span> <span class='ocrx_word' id='word_1_333' title='bbox 1197 4084 1259 4125; x_wconf 91' lang='lat' dir='ltr'><strong>se</strong></span> <span class='ocrx_word' id='word_1_334' title='bbox 1285 4068 1732 4137; x_wconf 86' lang='lat' dir='ltr'><strong>postulationibus</strong></span> 
     </span>
    </p>
   </div>
   <div class='ocr_carea' id='block_1_43' title="bbox 170 4157 1733 4232">
    <p class='ocr_par' dir='ltr' id='par_1_43' title="bbox 170 4157 1733 4232">
     <span class='ocr_line' id='line_1_43' title="bbox 170 4157 1733 4232; baseline -0.004 -16"><span class='ocrx_word' id='word_1_335' title='bbox 170 4164 397 4219; x_wconf 74' lang='lat' dir='ltr'><strong>defendit</strong></span> <span class='ocrx_word' id='word_1_336' title='bbox 424 4181 441 4218; x_wconf 76' lang='grc' dir='ltr'><strong><em>τ</em></strong></span> <span class='ocrx_word' id='word_1_337' title='bbox 473 4164 535 4219; x_wconf 89' lang='lat' dir='ltr'><strong>Si</strong></span> <span class='ocrx_word' id='word_1_338' title='bbox 568 4162 692 4232; x_wconf 87' lang='lat' dir='ltr'><strong>quid</strong></span> <span class='ocrx_word' id='word_1_339' title='bbox 724 4161 1111 4231; x_wconf 82' lang='lat' dir='ltr'><strong>reprehensione</strong></span> <span class='ocrx_word' id='word_1_340' title='bbox 1145 4159 1355 4229; x_wconf 87' lang='lat' dir='ltr'><strong>dignum</strong></span> <span class='ocrx_word' id='word_1_341' title='bbox 1386 4168 1651 4227; x_wconf 78' lang='lat' dir='ltr'><strong>putaueras</strong></span> <span class='ocrx_word' id='word_1_342' title='bbox 1678 4157 1733 4210; x_wconf 90' lang='lat' dir='ltr'><strong>in</strong></span> 
     </span>
    </p>
   </div>
   <div class='ocr_carea' id='block_1_44' title="bbox 171 4252 1729 4324">
    <p class='ocr_par' dir='ltr' id='par_1_44' title="bbox 171 4252 1729 4324">
     <span class='ocr_line' id='line_1_44' title="bbox 171 4252 1729 4324; baseline -0.005 -16"><span class='ocrx_word' id='word_1_343' title='bbox 171 4258 515 4324; x_wconf 71' lang='lat' dir='ltr'><strong>explanatione</strong></span> <span class='ocrx_word' id='word_1_344' title='bbox 539 4263 711 4309; x_wconf 88' lang='lat' dir='ltr'><strong>nostra</strong></span> <span class='ocrx_word' id='word_1_345' title='bbox 730 4293 746 4319; x_wconf 92' lang='lat'><strong>,</strong></span> <span class='ocrx_word' id='word_1_346' title='bbox 774 4252 1079 4307; x_wconf 75' lang='lat' dir='ltr'><strong>eruditionis</strong></span> <span class='ocrx_word' id='word_1_347' title='bbox 1120 4259 1223 4304; x_wconf 74' lang='lat' dir='ltr'><strong>tua:</strong></span> <span class='ocrx_word' id='word_1_348' title='bbox 1260 4253 1427 4321; x_wconf 85' lang='lat' dir='ltr'><strong>fuerat</strong></span> <span class='ocrx_word' id='word_1_349' title='bbox 1462 4263 1687 4318; x_wconf 67' lang='lat' dir='ltr'><strong>quaerere</strong></span> <span class='ocrx_word' id='word_1_350' title='bbox 1712 4287 1729 4313; x_wconf 94' lang='lat'><strong>,</strong></span> 
     </span>
    </p>
   </div>
   <div class='ocr_carea' id='block_1_45' title="bbox 171 4339 1733 4414">
    <p class='ocr_par' dir='ltr' id='par_1_45' title="bbox 171 4339 1733 4414">
     <span class='ocr_line' id='line_1_45' title="bbox 171 4339 1733 4414; baseline -0.003 -17"><span class='ocrx_word' id='word_1_351' title='bbox 171 4357 329 4400; x_wconf 80' lang='lat' dir='ltr'><strong>utrum</strong></span> <span class='ocrx_word' id='word_1_352' title='bbox 357 4364 413 4401; x_wconf 89' lang='lat' dir='ltr'><strong>ea</strong></span> <span class='ocrx_word' id='word_1_353' title='bbox 437 4362 553 4414; x_wconf 64' lang='lat' dir='ltr'><strong>qui:</strong></span> <span class='ocrx_word' id='word_1_354' title='bbox 577 4346 875 4414; x_wconf 85' lang='lat' dir='ltr'><strong>scripsimus</strong></span> <span class='ocrx_word' id='word_1_355' title='bbox 911 4344 1212 4397; x_wconf 81' lang='lat' dir='ltr'><strong>haberentur</strong></span> <span class='ocrx_word' id='word_1_356' title='bbox 1248 4343 1302 4396; x_wconf 91' lang='lat' dir='ltr'><strong>in</strong></span> <span class='ocrx_word' id='word_1_357' title='bbox 1338 4339 1528 4395; x_wconf 64' lang='lat' dir='ltr'><strong>Graecis</strong></span> <span class='ocrx_word' id='word_1_358' title='bbox 1550 4379 1568 4406; x_wconf 90' lang='lat'><strong>,</strong></span> <span class='ocrx_word' id='word_1_359' title='bbox 1605 4349 1661 4393; x_wconf 89' lang='lat' dir='ltr'><strong>ut</strong></span> <span class='ocrx_word' id='word_1_360' title='bbox 1688 4340 1733 4393; x_wconf 90' lang='lat' dir='ltr'><strong>si</strong></span> 
     </span>
    </p>
   </div>
   <div class='ocr_carea' id='block_1_46' title="bbox 173 4433 1731 4504">
    <p class='ocr_par' dir='ltr' id='par_1_46' title="bbox 173 4433 1731 4504">
     <span class='ocr_line' id='line_1_46' title="bbox 173 4433 1731 4504; baseline -0.002 -17"><span class='ocrx_word' id='word_1_361' title='bbox 173 4436 243 4488; x_wconf 82' lang='lat' dir='ltr'><strong>illi</strong></span> <span class='ocrx_word' id='word_1_362' title='bbox 267 4454 361 4490; x_wconf 88' lang='lat' dir='ltr'><strong>non</strong></span> <span class='ocrx_word' id='word_1_363' title='bbox 387 4438 637 4491; x_wconf 70' lang='lat' dir='ltr'><strong>dixissent</strong></span> <span class='ocrx_word' id='word_1_364' title='bbox 661 4476 677 4502; x_wconf 92' lang='lat'><strong>,</strong></span> <span class='ocrx_word' id='word_1_365' title='bbox 719 4446 839 4489; x_wconf 89' lang='lat' dir='ltr'><strong>tunc</strong></span> <span class='ocrx_word' id='word_1_366' title='bbox 862 4450 1023 4489; x_wconf 87' lang='lat' dir='ltr'><strong>meam</strong></span> <span class='ocrx_word' id='word_1_367' title='bbox 1052 4433 1253 4504; x_wconf 83' lang='lat' dir='ltr'><strong>praprie</strong></span> <span class='ocrx_word' id='word_1_368' title='bbox 1288 4433 1583 4486; x_wconf 88' lang='lat' dir='ltr'><strong>sententiam</strong></span> <span class='ocrx_word' id='word_1_369' title='bbox 1607 4447 1731 4485; x_wconf 85' lang='lat' dir='ltr'><strong>con-</strong></span> 
     </span>
    </p>
   </div>
   <div class='ocr_carea' id='block_1_47' title="bbox 175 4522 1732 4599">
    <p class='ocr_par' dir='ltr' id='par_1_47' title="bbox 175 4522 1732 4599">
     <span class='ocr_line' id='line_1_47' title="bbox 175 4522 1732 4599; baseline -0.005 -18"><span class='ocrx_word' id='word_1_370' title='bbox 175 4529 437 4594; x_wconf 80' lang='lat' dir='ltr'><strong>demnares,</strong></span> <span class='ocrx_word' id='word_1_371' title='bbox 473 4528 752 4599; x_wconf 70' lang='lat' dir='ltr'><strong>praesertim</strong></span> <span class='ocrx_word' id='word_1_372' title='bbox 788 4542 899 4579; x_wconf 86' lang='lat' dir='ltr'><strong>cum</strong></span> <span class='ocrx_word' id='word_1_373' title='bbox 935 4526 1087 4578; x_wconf 86' lang='lat' dir='ltr'><strong>libere</strong></span> <span class='ocrx_word' id='word_1_374' title='bbox 1120 4526 1174 4576; x_wconf 90' lang='lat' dir='ltr'><strong>in</strong></span> <span class='ocrx_word' id='word_1_375' title='bbox 1201 4522 1511 4593; x_wconf 70' lang='lat' dir='ltr'><strong>Prcfatione</strong></span> <span class='ocrx_word' id='word_1_376' title='bbox 1533 4524 1732 4591; x_wconf 80' lang='lat' dir='ltr'><strong>confes-</strong></span> 
     </span>
    </p>
   </div>
   <div class='ocr_carea' id='block_1_48' title="bbox 174 4613 1733 4687">
    <p class='ocr_par' dir='ltr' id='par_1_48' title="bbox 174 4613 1733 4687">
     <span class='ocr_line' id='line_1_48' title="bbox 174 4613 1733 4687; baseline -0.004 -14"><span class='ocrx_word' id='word_1_377' title='bbox 174 4637 247 4676; x_wconf 84' lang='lat' dir='ltr'><strong>sus</strong></span> <span class='ocrx_word' id='word_1_378' title='bbox 268 4625 453 4680; x_wconf 88' lang='lat' dir='ltr'><strong>sim....</strong></span> <span class='ocrx_word' id='word_1_379' title='bbox 485 4624 563 4677; x_wconf 76' lang='lat' dir='ltr'><strong>vel</strong></span> <span class='ocrx_word' id='word_1_380' title='bbox 585 4638 714 4687; x_wconf 89' lang='lat' dir='ltr'><strong>mea,</strong></span> <span class='ocrx_word' id='word_1_381' title='bbox 744 4622 822 4676; x_wconf 78' lang='lat' dir='ltr'><strong>vel</strong></span> <span class='ocrx_word' id='word_1_382' title='bbox 842 4621 1013 4675; x_wconf 88' lang='lat' dir='ltr'><strong>aliena</strong></span> <span class='ocrx_word' id='word_1_383' title='bbox 1042 4620 1278 4672; x_wconf 85' lang='lat' dir='ltr'><strong>dictasse.</strong></span> <span class='ocrx_word' id='word_1_384' title='bbox 1310 4616 1462 4671; x_wconf 88' lang='lat' dir='ltr'><strong>Paria</strong></span> <span class='ocrx_word' id='word_1_385' title='bbox 1497 4613 1579 4668; x_wconf 89' lang='lat' dir='ltr'><strong>his</strong></span> <span class='ocrx_word' id='word_1_386' title='bbox 1606 4620 1733 4668; x_wconf 84' lang='lat' dir='ltr'><strong>sunt</strong></span> 
     </span>
    </p>
   </div>
   <div class='ocr_carea' id='block_1_49' title="bbox 174 4708 1729 4783">
    <p class='ocr_par' dir='ltr' id='par_1_49' title="bbox 174 4708 1729 4783">
     <span class='ocr_line' id='line_1_49' title="bbox 174 4708 1729 4783; baseline -0.006 -14"><span class='ocrx_word' id='word_1_387' title='bbox 174 4728 278 4781; x_wconf 75' lang='lat' dir='ltr'><strong>qua:</strong></span> <span class='ocrx_word' id='word_1_388' title='bbox 302 4716 518 4769; x_wconf 74' lang='lat' dir='ltr'><strong>Rullino</strong></span> <span class='ocrx_word' id='word_1_389' title='bbox 546 4713 778 4783; x_wconf 89' lang='lat' dir='ltr'><strong>reponit,</strong></span> <span class='ocrx_word' id='word_1_390' title='bbox 809 4720 863 4768; x_wconf 88' lang='lat' dir='ltr'><strong>et</strong></span> <span class='ocrx_word' id='word_1_391' title='bbox 885 4726 1003 4782; x_wconf 76' lang='lat' dir='ltr'><strong>qua:</strong></span> <span class='ocrx_word' id='word_1_392' title='bbox 1033 4718 1091 4763; x_wconf 92' lang='lat' dir='ltr'><strong>ut</strong></span> <span class='ocrx_word' id='word_1_393' title='bbox 1117 4708 1321 4763; x_wconf 87' lang='lat' dir='ltr'><strong>recolas</strong></span> <span class='ocrx_word' id='word_1_394' title='bbox 1346 4715 1531 4762; x_wconf 86' lang='lat' dir='ltr'><strong>auctor</strong></span> <span class='ocrx_word' id='word_1_395' title='bbox 1558 4719 1676 4760; x_wconf 91' lang='lat' dir='ltr'><strong>sum</strong></span> <span class='ocrx_word' id='word_1_396' title='bbox 1710 4719 1729 4760; x_wconf 89' lang='lat'><strong>:</strong></span> 
     </span>
    </p>
   </div>
   <div class='ocr_carea' id='block_1_50' title="bbox 176 4801 1730 4876">
    <p class='ocr_par' dir='ltr' id='par_1_50' title="bbox 176 4801 1730 4876">
     <span class='ocr_line' id='line_1_50' title="bbox 176 4801 1730 4876; baseline -0.005 -18"><span class='ocrx_word' id='word_1_397' title='bbox 176 4821 330 4876; x_wconf 87' lang='lat' dir='ltr'><strong>neque</strong></span> <span class='ocrx_word' id='word_1_398' title='bbox 351 4809 495 4863; x_wconf 91' lang='lat' dir='ltr'><strong>enim</strong></span> <span class='ocrx_word' id='word_1_399' title='bbox 527 4816 584 4860; x_wconf 88' lang='lat' dir='ltr'><strong>ut</strong></span> <span class='ocrx_word' id='word_1_400' title='bbox 607 4806 713 4860; x_wconf 90' lang='lat' dir='ltr'><strong>huc</strong></span> <span class='ocrx_word' id='word_1_401' title='bbox 738 4821 769 4860; x_wconf 86' lang='lat' dir='ltr'><strong>a</strong></span> <span class='ocrx_word' id='word_1_402' title='bbox 794 4804 951 4859; x_wconf 90' lang='lat' dir='ltr'><strong>nobis</strong></span> <span class='ocrx_word' id='word_1_403' title='bbox 979 4801 1299 4867; x_wconf 81' lang='lat' dir='ltr'><strong>referantur,</strong></span> <span class='ocrx_word' id='word_1_404' title='bbox 1330 4801 1581 4854; x_wconf 76' lang='lat' dir='ltr'><strong>instituta:</strong></span> <span class='ocrx_word' id='word_1_405' title='bbox 1606 4812 1730 4851; x_wconf 86' lang='lat' dir='ltr'><strong>nar-</strong></span> 
     </span>
    </p>
   </div>
   <div class='ocr_carea' id='block_1_51' title="bbox 172 4890 1731 4965">
    <p class='ocr_par' dir='ltr' id='par_1_51' title="bbox 172 4890 1731 4965">
     <span class='ocr_line' id='line_1_51' title="bbox 172 4890 1731 4965; baseline -0.005 -18"><span class='ocrx_word' id='word_1_406' title='bbox 172 4897 378 4950; x_wconf 84' lang='lat' dir='ltr'><strong>rationis</strong></span> <span class='ocrx_word' id='word_1_407' title='bbox 403 4896 538 4950; x_wconf 91' lang='lat' dir='ltr'><strong>ordo</strong></span> <span class='ocrx_word' id='word_1_408' title='bbox 567 4895 847 4965; x_wconf 89' lang='lat' dir='ltr'><strong>permittit.</strong></span> <span class='ocrx_word' id='word_1_409' title='bbox 891 4896 967 4947; x_wconf 88' lang='lat' dir='ltr'><strong>Ac</strong></span> <span class='ocrx_word' id='word_1_410' title='bbox 1007 4906 1137 4946; x_wconf 91' lang='lat' dir='ltr'><strong>sane</strong></span> <span class='ocrx_word' id='word_1_411' title='bbox 1181 4890 1469 4959; x_wconf 87' lang='lat' dir='ltr'><strong>plurimum</strong></span> <span class='ocrx_word' id='word_1_412' title='bbox 1499 4901 1593 4940; x_wconf 87' lang='lat' dir='ltr'><strong>sua</strong></span> <span class='ocrx_word' id='word_1_413' title='bbox 1619 4924 1635 4950; x_wconf 92' lang='lat'><strong>,</strong></span> <span class='ocrx_word' id='word_1_414' title='bbox 1675 4894 1731 4939; x_wconf 85' lang='lat' dir='ltr'><strong>et</strong></span> 
     </span>
    </p>
   </div>
   <div class='ocr_carea' id='block_1_52' title="bbox 174 4979 1726 5055">
    <p class='ocr_par' dir='ltr' id='par_1_52' title="bbox 174 4979 1726 5055">
     <span class='ocr_line' id='line_1_52' title="bbox 174 4979 1726 5055; baseline -0.002 -20"><span class='ocrx_word' id='word_1_415' title='bbox 174 4997 338 5039; x_wconf 84' lang='lat' dir='ltr'><strong>nostra</strong></span> <span class='ocrx_word' id='word_1_416' title='bbox 391 4987 458 5039; x_wconf 88' lang='lat' dir='ltr'><strong>ad</strong></span> <span class='ocrx_word' id='word_1_417' title='bbox 509 4985 903 5055; x_wconf 83' lang='lat' dir='ltr'><strong>Scripturarum</strong></span> <span class='ocrx_word' id='word_1_418' title='bbox 951 4984 1252 5038; x_wconf 91' lang='lat' dir='ltr'><strong>doctrinam</strong></span> <span class='ocrx_word' id='word_1_419' title='bbox 1305 4980 1655 5042; x_wconf 85' lang='lat' dir='ltr'><strong>interfuisset,</strong></span> <span class='ocrx_word' id='word_1_420' title='bbox 1682 4979 1726 5033; x_wconf 87' lang='lat' dir='ltr'><strong>si</strong></span> 
     </span>
    </p>
   </div>
   <div class='ocr_carea' id='block_1_53' title="bbox 170 5070 1729 5147">
    <p class='ocr_par' dir='ltr' id='par_1_53' title="bbox 170 5070 1729 5147">
     <span class='ocr_line' id='line_1_53' title="bbox 170 5070 1729 5147; baseline -0.003 -21"><span class='ocrx_word' id='word_1_421' title='bbox 170 5077 584 5147; x_wconf 80' lang='lat' dir='ltr'><strong>uniuscujusque</strong></span> <span class='ocrx_word' id='word_1_422' title='bbox 619 5077 878 5131; x_wconf 86' lang='lat' dir='ltr'><strong>Auctores</strong></span> <span class='ocrx_word' id='word_1_423' title='bbox 921 5074 1203 5131; x_wconf 60' lang='lat' dir='ltr'><strong>sententiae</strong></span> <span class='ocrx_word' id='word_1_424' title='bbox 1248 5072 1317 5126; x_wconf 91' lang='lat' dir='ltr'><strong>de</strong></span> <span class='ocrx_word' id='word_1_425' title='bbox 1360 5070 1575 5125; x_wconf 91' lang='lat' dir='ltr'><strong>nomine</strong></span> <span class='ocrx_word' id='word_1_426' title='bbox 1615 5070 1729 5124; x_wconf 84' lang='lat' dir='ltr'><strong>lau-</strong></span> 
     </span>
    </p>
   </div>
   <div class='ocr_carea' id='block_1_54' title="bbox 168 5163 1727 5236">
    <p class='ocr_par' dir='ltr' id='par_1_54' title="bbox 168 5163 1727 5236">
     <span class='ocr_line' id='line_1_54' title="bbox 168 5163 1727 5236; baseline -0.003 -18"><span class='ocrx_word' id='word_1_427' title='bbox 168 5167 364 5236; x_wconf 69' lang='lat' dir='ltr'><strong>dasset,</strong></span> <span class='ocrx_word' id='word_1_428' title='bbox 388 5169 475 5224; x_wconf 91' lang='lat' dir='ltr'><strong>vel</strong></span> <span class='ocrx_word' id='word_1_429' title='bbox 501 5184 568 5223; x_wconf 79' lang='lat' dir='ltr'><strong>ex</strong></span> <span class='ocrx_word' id='word_1_430' title='bbox 595 5168 660 5222; x_wconf 90' lang='lat' dir='ltr'><strong>iis</strong></span> <span class='ocrx_word' id='word_1_431' title='bbox 690 5177 893 5222; x_wconf 90' lang='lat' dir='ltr'><strong>tantum</strong></span> <span class='ocrx_word' id='word_1_432' title='bbox 925 5167 977 5220; x_wconf 92' lang='lat' dir='ltr'><strong>in</strong></span> <span class='ocrx_word' id='word_1_433' title='bbox 1008 5163 1400 5220; x_wconf 77' lang='lat' dir='ltr'><strong>Commentaria</strong></span> <span class='ocrx_word' id='word_1_434' title='bbox 1430 5176 1521 5215; x_wconf 89' lang='lat' dir='ltr'><strong>sua</strong></span> <span class='ocrx_word' id='word_1_435' title='bbox 1553 5170 1727 5215; x_wconf 87' lang='lat' dir='ltr'><strong>trans-</strong></span> 
     </span>
    </p>
   </div>
   <div class='ocr_carea' id='block_1_55' title="bbox 169 5254 1729 5333">
    <p class='ocr_par' dir='ltr' id='par_1_55' title="bbox 169 5254 1729 5333">
     <span class='ocr_line' id='line_1_55' title="bbox 169 5254 1729 5333; baseline -0.004 -24"><span class='ocrx_word' id='word_1_436' title='bbox 169 5261 357 5316; x_wconf 83' lang='lat' dir='ltr'><strong>tulisset</strong></span> <span class='ocrx_word' id='word_1_437' title='bbox 382 5262 843 5333; x_wconf 84' lang='lat' dir='ltr'><strong>probabilissimas</strong></span> <span class='ocrx_word' id='word_1_438' title='bbox 869 5259 1149 5329; x_wconf 91' lang='lat' dir='ltr'><strong>opiniones</strong></span> <span class='ocrx_word' id='word_1_439' title='bbox 1186 5256 1269 5310; x_wconf 87' lang='lat' dir='ltr'><strong>vel</strong></span> <span class='ocrx_word' id='word_1_440' title='bbox 1314 5254 1543 5323; x_wconf 87' lang='lat' dir='ltr'><strong>denique</strong></span> <span class='ocrx_word' id='word_1_441' title='bbox 1572 5267 1729 5319; x_wconf 86' lang='lat' dir='ltr'><strong>regu-</strong></span> 
     </span>
    </p>
   </div>
   <div class='ocr_carea' id='block_1_56' title="bbox 170 5346 1728 5420">
    <p class='ocr_par' dir='ltr' id='par_1_56' title="bbox 170 5346 1728 5420">
     <span class='ocr_line' id='line_1_56' title="bbox 170 5346 1728 5420; baseline -0.006 -16"><span class='ocrx_word' id='word_1_442' title='bbox 170 5347 263 5403; x_wconf 88' lang='lat' dir='ltr'><strong>lam</strong></span> <span class='ocrx_word' id='word_1_443' title='bbox 290 5391 304 5413; x_wconf 94' lang='lat'><strong>,</strong></span> <span class='ocrx_word' id='word_1_444' title='bbox 357 5367 514 5420; x_wconf 85' lang='lat' dir='ltr'><strong>quam</strong></span> <span class='ocrx_word' id='word_1_445' title='bbox 565 5350 667 5404; x_wconf 86' lang='lat' dir='ltr'><strong>sibi</strong></span> <span class='ocrx_word' id='word_1_446' title='bbox 718 5359 948 5405; x_wconf 88' lang='lat' dir='ltr'><strong>testatur</strong></span> <span class='ocrx_word' id='word_1_447' title='bbox 1000 5346 1344 5417; x_wconf 89' lang='lat' dir='ltr'><strong>pr0posuisse</strong></span> <span class='ocrx_word' id='word_1_448' title='bbox 1373 5386 1388 5410; x_wconf 95' lang='lat'><strong>,</strong></span> <span class='ocrx_word' id='word_1_449' title='bbox 1444 5353 1500 5396; x_wconf 90' lang='lat' dir='ltr'><strong>ut</strong></span> <span class='ocrx_word' id='word_1_450' title='bbox 1555 5350 1728 5410; x_wconf 83' lang='lat' dir='ltr'><strong>aperte</strong></span> 
     </span>
    </p>
   </div>
   <div class='ocr_carea' id='block_1_57' title="bbox 165 5432 1725 5510">
    <p class='ocr_par' dir='ltr' id='par_1_57' title="bbox 165 5432 1725 5510">
     <span class='ocr_line' id='line_1_57' title="bbox 165 5432 1725 5510; baseline -0.005 -18"><span class='ocrx_word' id='word_1_451' title='bbox 165 5442 469 5505; x_wconf 79' lang='lat' dir='ltr'><strong>confiteretur</strong></span> <span class='ocrx_word' id='word_1_452' title='bbox 486 5457 602 5510; x_wconf 70' lang='lat' dir='ltr'><strong>qua:</strong></span> <span class='ocrx_word' id='word_1_453' title='bbox 621 5448 738 5494; x_wconf 89' lang='lat' dir='ltr'><strong>sunt</strong></span> <span class='ocrx_word' id='word_1_454' title='bbox 764 5439 1019 5503; x_wconf 79' lang='lat' dir='ltr'><strong>lneretica,</strong></span> <span class='ocrx_word' id='word_1_455' title='bbox 1053 5447 1099 5491; x_wconf 90' lang='lat' dir='ltr'><strong>et</strong></span> <span class='ocrx_word' id='word_1_456' title='bbox 1124 5452 1237 5506; x_wconf 79' lang='lat' dir='ltr'><strong>qua:</strong></span> <span class='ocrx_word' id='word_1_457' title='bbox 1263 5442 1382 5489; x_wconf 86' lang='lat' dir='ltr'><strong>sunt</strong></span> <span class='ocrx_word' id='word_1_458' title='bbox 1422 5432 1685 5487; x_wconf 84' lang='lat' dir='ltr'><strong>Catholica</strong></span> <span class='ocrx_word' id='word_1_459' title='bbox 1709 5471 1725 5496; x_wconf 94' lang='lat'><strong>,</strong></span> 
     </span>
    </p>
   </div>
   <div class='ocr_carea' id='block_1_58' title="bbox 176 5522 1728 5596">
    <p class='ocr_par' dir='ltr' id='par_1_58' title="bbox 176 5522 1728 5596">
     <span class='ocr_line' id='line_1_58' title="bbox 176 5522 1728 5596; baseline -0.005 -14"><span class='ocrx_word' id='word_1_460' title='bbox 176 5542 344 5587; x_wconf 79' lang='lat' dir='ltr'><strong>sancte</strong></span> <span class='ocrx_word' id='word_1_461' title='bbox 386 5532 647 5588; x_wconf 91' lang='lat' dir='ltr'><strong>continuo</strong></span> <span class='ocrx_word' id='word_1_462' title='bbox 687 5531 1048 5585; x_wconf 66' lang='lat' dir='ltr'><strong>observas-set.</strong></span> <span class='ocrx_word' id='word_1_463' title='bbox 1100 5529 1205 5583; x_wconf 92' lang='lat' dir='ltr'><strong>Sed</strong></span> <span class='ocrx_word' id='word_1_464' title='bbox 1251 5525 1466 5596; x_wconf 86' lang='lat' dir='ltr'><strong>quando</strong></span> <span class='ocrx_word' id='word_1_465' title='bbox 1504 5524 1623 5577; x_wconf 89' lang='lat' dir='ltr'><strong>aliis</strong></span> <span class='ocrx_word' id='word_1_466' title='bbox 1659 5522 1728 5575; x_wconf 90' lang='lat' dir='ltr'><strong>de</strong></span> 
     </span>
    </p>
   </div>
   <div class='ocr_carea' id='block_1_59' title="bbox 167 5614 1728 5693">
    <p class='ocr_par' dir='ltr' id='par_1_59' title="bbox 167 5614 1728 5693">
     <span class='ocr_line' id='line_1_59' title="bbox 167 5614 1728 5693; baseline -0.006 -18"><span class='ocrx_word' id='word_1_467' title='bbox 167 5624 324 5678; x_wconf 85' lang='lat' dir='ltr'><strong>causis</strong></span> <span class='ocrx_word' id='word_1_468' title='bbox 368 5626 538 5682; x_wconf 89' lang='lat' dir='ltr'><strong>satius</strong></span> <span class='ocrx_word' id='word_1_469' title='bbox 591 5623 707 5693; x_wconf 86' lang='lat' dir='ltr'><strong>ipse</strong></span> <span class='ocrx_word' id='word_1_470' title='bbox 757 5622 1058 5692; x_wconf 74' lang='lat' dir='ltr'><strong>judicavit,</strong></span> <span class='ocrx_word' id='word_1_471' title='bbox 1104 5622 1391 5675; x_wconf 90' lang='lat' dir='ltr'><strong>Auctorum</strong></span> <span class='ocrx_word' id='word_1_472' title='bbox 1423 5614 1728 5671; x_wconf 88' lang='lat' dir='ltr'><strong>nominibus</strong></span> 
     </span>
    </p>
   </div>
   <div class='ocr_carea' id='block_1_60' title="bbox 170 5705 1729 5787">
    <p class='ocr_par' dir='ltr' id='par_1_60' title="bbox 170 5705 1729 5787">
     <span class='ocr_line' id='line_1_60' title="bbox 170 5705 1729 5787; baseline -0.014 -8"><span class='ocrx_word' id='word_1_473' title='bbox 170 5725 366 5778; x_wconf 63' lang='lat' dir='ltr'><strong>Were</strong></span> <span class='ocrx_word' id='word_1_474' title='bbox 392 5758 408 5787; x_wconf 86' lang='lat'><strong>,</strong></span> <span class='ocrx_word' id='word_1_475' title='bbox 452 5732 522 5772; x_wconf 84' lang='lat' dir='ltr'><strong>ne</strong></span> <span class='ocrx_word' id='word_1_476' title='bbox 548 5705 785 5783; x_wconf 71' lang='lat' dir='ltr'><strong>aliq&#39;uem</strong></span> <span class='ocrx_word' id='word_1_477' title='bbox 814 5713 1085 5767; x_wconf 85' lang='lat' dir='ltr'><strong>videretur</strong></span> <span class='ocrx_word' id='word_1_478' title='bbox 1113 5712 1352 5767; x_wconf 89' lang='lat' dir='ltr'><strong>lacerare</strong></span> <span class='ocrx_word' id='word_1_479' title='bbox 1384 5727 1397 5764; x_wconf 86' lang='lat'><strong>:</strong></span> <span class='ocrx_word' id='word_1_480' title='bbox 1430 5708 1481 5763; x_wconf 93' lang='lat' dir='ltr'><strong>in</strong></span> <span class='ocrx_word' id='word_1_481' title='bbox 1504 5706 1605 5761; x_wconf 90' lang='lat' dir='ltr'><strong>hoc</strong></span> <span class='ocrx_word' id='word_1_482' title='bbox 1631 5716 1729 5758; x_wconf 88' lang='lat' dir='ltr'><strong>nos</strong></span> 
     </span>
    </p>
   </div>
   <div class='ocr_carea' id='block_1_61' title="bbox 545 5808 1146 5869">
    <p class='ocr_par' dir='ltr' id='par_1_61' title="bbox 545 5808 1146 5869">
     <span class='ocr_line' id='line_1_61' title="bbox 545 5808 1146 5869; baseline -0.005 0"><span class='ocrx_word' id='word_1_483' title='bbox 545 5808 609 5869; x_wconf 89' lang='lat' dir='ltr'><strong>S.</strong></span> <span class='ocrx_word' id='word_1_484' title='bbox 657 5809 1050 5869; x_wconf 67' lang='lat' dir='ltr'><strong>Htenoxvm.</strong></span> <span class='ocrx_word' id='word_1_485' title='bbox 1099 5808 1146 5866; x_wconf 86' lang='grc' dir='ltr'><strong>ι.</strong></span> 
     </span>
    </p>
   </div>
   <div class='ocr_carea' id='block_1_62' title="bbox 3391 338 3461 397">
    <p class='ocr_par' dir='ltr' id='par_1_62' title="bbox 3391 338 3461 397">
     <span class='ocr_line' id='line_1_62' title="bbox 3391 338 3461 397; baseline 0 -4"><span class='ocrx_word' id='word_1_486' title='bbox 3391 338 3461 397; x_wconf 60' lang='grc' dir='ltr'><strong>το</strong></span> 
     </span>
    </p>
   </div>
   <div class='ocr_carea' id='block_1_63' title="bbox 1882 431 3443 515">
    <p class='ocr_par' dir='ltr' id='par_1_63' title="bbox 1882 431 3443 515">
     <span class='ocr_line' id='line_1_63' title="bbox 1882 431 3443 515; baseline 0.015 -31"><span class='ocrx_word' id='word_1_487' title='bbox 1882 432 2219 485; x_wconf 87' lang='lat' dir='ltr'><strong>commodum</strong></span> <span class='ocrx_word' id='word_1_488' title='bbox 2269 431 2561 487; x_wconf 88' lang='lat' dir='ltr'><strong>Lectorum</strong></span> <span class='ocrx_word' id='word_1_489' title='bbox 2606 436 2971 505; x_wconf 85' lang='lat' dir='ltr'><strong>incubuimus,</strong></span> <span class='ocrx_word' id='word_1_490' title='bbox 3004 454 3058 498; x_wconf 92' lang='lat' dir='ltr'><strong>ut</strong></span> <span class='ocrx_word' id='word_1_491' title='bbox 3087 461 3204 515; x_wconf 83' lang='lat' dir='ltr'><strong>qua:</strong></span> <span class='ocrx_word' id='word_1_492' title='bbox 3238 448 3351 504; x_wconf 87' lang='lat' dir='ltr'><strong>loca</strong></span> <span class='ocrx_word' id='word_1_493' title='bbox 3378 468 3443 509; x_wconf 78' lang='lat' dir='ltr'><strong>cs</strong></span> 
     </span>
    </p>
   </div>
   <div class='ocr_carea' id='block_1_64' title="bbox 1878 521 3453 597">
    <p class='ocr_par' dir='ltr' id='par_1_64' title="bbox 1878 521 3453 597">
     <span class='ocr_line' id='line_1_64' title="bbox 1878 521 3453 597; baseline 0.014 -24"><span class='ocrx_word' id='word_1_494' title='bbox 1878 521 1999 574; x_wconf 86' lang='lat' dir='ltr'><strong>aliis</strong></span> <span class='ocrx_word' id='word_1_495' title='bbox 2021 561 2036 586; x_wconf 92' lang='lat'><strong>,</strong></span> <span class='ocrx_word' id='word_1_496' title='bbox 2062 521 2292 591; x_wconf 86' lang='lat' dir='ltr'><strong>Origene</strong></span> <span class='ocrx_word' id='word_1_497' title='bbox 2318 527 2623 593; x_wconf 65' lang='lat' dir='ltr'><strong>praesertim</strong></span> <span class='ocrx_word' id='word_1_498' title='bbox 2656 538 2817 596; x_wconf 89' lang='lat' dir='ltr'><strong>atque</strong></span> <span class='ocrx_word' id='word_1_499' title='bbox 2845 532 3071 587; x_wconf 80' lang='lat' dir='ltr'><strong>Eusebio</strong></span> <span class='ocrx_word' id='word_1_500' title='bbox 3094 537 3150 591; x_wconf 88' lang='lat' dir='ltr'><strong>S.</strong></span> <span class='ocrx_word' id='word_1_501' title='bbox 3183 538 3341 595; x_wconf 87' lang='lat' dir='ltr'><strong>Pater</strong></span> <span class='ocrx_word' id='word_1_502' title='bbox 3360 560 3453 597; x_wconf 74' lang='lat' dir='ltr'><strong>ex-</strong></span> 
     </span>
    </p>
   </div>
   <div class='ocr_carea' id='block_1_65' title="bbox 1880 614 3442 698">
    <p class='ocr_par' dir='ltr' id='par_1_65' title="bbox 1880 614 3442 698">
     <span class='ocr_line' id='line_1_65' title="bbox 1880 614 3442 698; baseline 0.017 -36"><span class='ocrx_word' id='word_1_503' title='bbox 1880 614 2116 679; x_wconf 79' lang='lat' dir='ltr'><strong>pressit,</strong></span> <span class='ocrx_word' id='word_1_504' title='bbox 2162 614 2275 666; x_wconf 90' lang='lat' dir='ltr'><strong>suis</strong></span> <span class='ocrx_word' id='word_1_505' title='bbox 2323 616 2653 671; x_wconf 83' lang='lat' dir='ltr'><strong>Auctoribus</strong></span> <span class='ocrx_word' id='word_1_506' title='bbox 2681 619 3028 677; x_wconf 86' lang='lat' dir='ltr'><strong>redderemus</strong></span> <span class='ocrx_word' id='word_1_507' title='bbox 3069 626 3117 679; x_wconf 93' lang='lat' dir='ltr'><strong>in</strong></span> <span class='ocrx_word' id='word_1_508' title='bbox 3150 628 3330 698; x_wconf 85' lang='lat' dir='ltr'><strong>Notis,</strong></span> <span class='ocrx_word' id='word_1_509' title='bbox 3359 636 3442 688; x_wconf 81' lang='lat' dir='ltr'><strong>vel</strong></span> 
     </span>
    </p>
   </div>
   <div class='ocr_carea' id='block_1_66' title="bbox 1876 703 3441 782">
    <p class='ocr_par' dir='ltr' id='par_1_66' title="bbox 1876 703 3441 782">
     <span class='ocr_line' id='line_1_66' title="bbox 1876 703 3441 782; baseline 0.019 -31"><span class='ocrx_word' id='word_1_510' title='bbox 1876 703 2010 769; x_wconf 77' lang='lat' dir='ltr'><strong>ipso,</strong></span> <span class='ocrx_word' id='word_1_511' title='bbox 2040 720 2161 757; x_wconf 89' lang='lat' dir='ltr'><strong>cum</strong></span> <span class='ocrx_word' id='word_1_512' title='bbox 2195 704 2370 770; x_wconf 91' lang='lat' dir='ltr'><strong>licuit,</strong></span> <span class='ocrx_word' id='word_1_513' title='bbox 2402 710 2648 776; x_wconf 88' lang='lat' dir='ltr'><strong>apposito</strong></span> <span class='ocrx_word' id='word_1_514' title='bbox 2678 710 2866 765; x_wconf 73' lang='lat' dir='ltr'><strong>Grzeco</strong></span> <span class='ocrx_word' id='word_1_515' title='bbox 2900 723 3044 769; x_wconf 78' lang='lat' dir='ltr'><strong>textu</strong></span> <span class='ocrx_word' id='word_1_516' title='bbox 3062 756 3078 782; x_wconf 87' lang='lat'><strong>,</strong></span> <span class='ocrx_word' id='word_1_517' title='bbox 3105 720 3186 773; x_wconf 89' lang='lat' dir='ltr'><strong>vel</strong></span> <span class='ocrx_word' id='word_1_518' title='bbox 3226 726 3441 781; x_wconf 90' lang='lat' dir='ltr'><strong>nomine</strong></span> 
     </span>
    </p>
   </div>
   <div class='ocr_carea' id='block_1_67' title="bbox 1874 792 2907 867">
    <p class='ocr_par' dir='ltr' id='par_1_67' title="bbox 1874 792 2907 867">
     <span class='ocr_line' id='line_1_67' title="bbox 1874 792 2907 867; baseline 0.013 -23"><span class='ocrx_word' id='word_1_519' title='bbox 1874 792 2058 847; x_wconf 85' lang='lat' dir='ltr'><strong>saltem</strong></span> <span class='ocrx_word' id='word_1_520' title='bbox 2083 804 2133 848; x_wconf 93' lang='lat' dir='ltr'><strong>et</strong></span> <span class='ocrx_word' id='word_1_521' title='bbox 2166 794 2304 849; x_wconf 87' lang='lat' dir='ltr'><strong>libro</strong></span> <span class='ocrx_word' id='word_1_522' title='bbox 2330 797 2620 867; x_wconf 90' lang='lat' dir='ltr'><strong>Scriptoris</strong></span> <span class='ocrx_word' id='word_1_523' title='bbox 2652 801 2907 857; x_wconf 87' lang='lat' dir='ltr'><strong>indicato.</strong></span> 
     </span>
    </p>
   </div>
   <div class='ocr_carea' id='block_1_68' title="bbox 2453 908 2875 969">
    <p class='ocr_par' dir='ltr' id='par_1_68' title="bbox 2453 908 2875 969">
     <span class='ocr_line' id='line_1_68' title="bbox 2453 908 2875 969; baseline 0.012 -5"><span class='ocrx_word' id='word_1_524' title='bbox 2453 908 2677 969; x_wconf 82' lang='lat' dir='ltr'><strong>CAPUT</strong></span> <span class='ocrx_word' id='word_1_525' title='bbox 2732 914 2875 969; x_wconf 79' lang='lat' dir='ltr'><strong>XIX.</strong></span> 
     </span>
    </p>
   </div>
   <div class='ocr_carea' id='block_1_69' title="bbox 1876 1014 3449 1099">
    <p class='ocr_par' dir='ltr' id='par_1_69' title="bbox 1876 1014 3449 1099">
     <span class='ocr_line' id='line_1_69' title="bbox 1876 1014 3449 1099; baseline 0.018 -32"><span class='ocrx_word' id='word_1_526' title='bbox 1876 1014 1891 1066; x_wconf 84' lang='grc' dir='ltr'><strong>Ι</strong></span> <span class='ocrx_word' id='word_1_527' title='bbox 1940 1015 2123 1071; x_wconf 87' lang='lat' dir='ltr'><strong>Scribit</strong></span> <span class='ocrx_word' id='word_1_528' title='bbox 2134 1020 2184 1072; x_wconf 89' lang='lat' dir='ltr'><strong>in</strong></span> <span class='ocrx_word' id='word_1_529' title='bbox 2204 1016 2559 1077; x_wconf 68' lang='lat' dir='ltr'><strong>Ecclesiasten:</strong></span> <span class='ocrx_word' id='word_1_530' title='bbox 2576 1024 2991 1085; x_wconf 82' lang='lat' dir='ltr'><strong>Commentarios.</strong></span> <span class='ocrx_word' id='word_1_531' title='bbox 3024 1029 3082 1087; x_wconf 86' lang='lat' dir='ltr'><strong>ll.</strong></span> <span class='ocrx_word' id='word_1_532' title='bbox 3107 1033 3449 1099; x_wconf 61' lang='lat' dir='ltr'><strong>Quintianum</strong></span> 
     </span>
    </p>
   </div>
   <div class='ocr_carea' id='block_1_70' title="bbox 1941 1107 3451 1194">
    <p class='ocr_par' dir='ltr' id='par_1_70' title="bbox 1941 1107 3451 1194">
     <span class='ocr_line' id='line_1_70' title="bbox 1941 1107 3451 1194; baseline 0.019 -37"><span class='ocrx_word' id='word_1_533' title='bbox 1941 1123 2134 1175; x_wconf 87' lang='lat' dir='ltr'><strong>quoque</strong></span> <span class='ocrx_word' id='word_1_534' title='bbox 2160 1107 2525 1165; x_wconf 82' lang='lat' dir='ltr'><strong>Hebraicarum</strong></span> <span class='ocrx_word' id='word_1_535' title='bbox 2556 1115 2607 1168; x_wconf 90' lang='lat' dir='ltr'><strong>in</strong></span> <span class='ocrx_word' id='word_1_536' title='bbox 2631 1115 2859 1171; x_wconf 83' lang='lat' dir='ltr'><strong>Genesim</strong></span> <span class='ocrx_word' id='word_1_537' title='bbox 2887 1134 2908 1173; x_wconf 87' lang='lat'><strong><em>:</em></strong></span> <span class='ocrx_word' id='word_1_538' title='bbox 2933 1119 2996 1174; x_wconf 84' lang='lat' dir='ltr'><strong>de</strong></span> <span class='ocrx_word' id='word_1_539' title='bbox 3023 1122 3147 1178; x_wconf 88' lang='lat' dir='ltr'><strong>locis</strong></span> <span class='ocrx_word' id='word_1_540' title='bbox 3171 1128 3290 1181; x_wconf 84' lang='lat' dir='ltr'><strong>item</strong></span> <span class='ocrx_word' id='word_1_541' title='bbox 3314 1172 3328 1194; x_wconf 96' lang='lat'><strong>,</strong></span> <span class='ocrx_word' id='word_1_542' title='bbox 3362 1133 3451 1185; x_wconf 85' lang='lat' dir='ltr'><strong>de-</strong></span> 
     </span>
    </p>
   </div>
   <div class='ocr_carea' id='block_1_71' title="bbox 1942 1197 3450 1294">
    <p class='ocr_par' dir='ltr' id='par_1_71' title="bbox 1942 1197 3450 1294">
     <span class='ocr_line' id='line_1_71' title="bbox 1942 1197 3450 1294; baseline 0.018 -44"><span class='ocrx_word' id='word_1_543' title='bbox 1942 1214 2037 1294; x_wconf 75' lang='lat' dir='ltr'><strong>que</strong></span> <span class='ocrx_word' id='word_1_544' title='bbox 2056 1197 2317 1294; x_wconf 68' lang='lat' dir='ltr'><strong>llebraicis</strong></span> <span class='ocrx_word' id='word_1_545' title='bbox 2344 1202 2627 1259; x_wconf 84' lang='lat' dir='ltr'><strong>nominibus</strong></span> <span class='ocrx_word' id='word_1_546' title='bbox 2648 1208 2799 1263; x_wconf 89' lang='lat' dir='ltr'><strong>libros</strong></span> <span class='ocrx_word' id='word_1_547' title='bbox 2835 1211 3134 1281; x_wconf 78' lang='lat' dir='ltr'><strong>singulares.</strong></span> <span class='ocrx_word' id='word_1_548' title='bbox 3165 1216 3254 1273; x_wconf 86' lang='lat' dir='ltr'><strong>Ill.</strong></span> <span class='ocrx_word' id='word_1_549' title='bbox 3282 1220 3450 1294; x_wconf 79' lang='lat' dir='ltr'><strong>Didy-</strong></span> 
     </span>
    </p>
   </div>
   <div class='ocr_carea' id='block_1_72' title="bbox 1945 1288 3447 1382">
    <p class='ocr_par' dir='ltr' id='par_1_72' title="bbox 1945 1288 3447 1382">
     <span class='ocr_line' id='line_1_72' title="bbox 1945 1288 3447 1382; baseline 0.019 -43"><span class='ocrx_word' id='word_1_550' title='bbox 2049 1288 2238 1382; x_wconf 75' lang='lat' dir='ltr'><strong>librum</strong></span> <span class='ocrx_word' id='word_1_551' title='bbox 2261 1295 2323 1346; x_wconf 88' lang='lat' dir='ltr'><strong>de</strong></span> <span class='ocrx_word' id='word_1_552' title='bbox 2359 1294 2557 1362; x_wconf 86' lang='lat' dir='ltr'><strong>Spiritu</strong></span> <span class='ocrx_word' id='word_1_553' title='bbox 2586 1295 2776 1352; x_wconf 88' lang='lat' dir='ltr'><strong>Sancto</strong></span> <span class='ocrx_word' id='word_1_554' title='bbox 2812 1301 2864 1354; x_wconf 88' lang='lat' dir='ltr'><strong>in</strong></span> <span class='ocrx_word' id='word_1_555' title='bbox 2904 1300 3145 1359; x_wconf 86' lang='lat' dir='ltr'><strong>Latinum</strong></span> <span class='ocrx_word' id='word_1_556' title='bbox 3185 1288 3447 1382; x_wconf 69' lang='lat' dir='ltr'><strong>transfert.</strong></span> 
     </span>
    </p>
   </div>
   <div class='ocr_carea' id='block_1_73' title="bbox 1946 1376 3445 1465">
    <p class='ocr_par' dir='ltr' id='par_1_73' title="bbox 1946 1376 3445 1465">
     <span class='ocr_line' id='line_1_73' title="bbox 1946 1376 3445 1465; baseline 0.017 -34"><span class='ocrx_word' id='word_1_557' title='bbox 1946 1376 2032 1431; x_wconf 83' lang='lat' dir='ltr'><strong>IV.</strong></span> <span class='ocrx_word' id='word_1_558' title='bbox 2067 1378 2317 1435; x_wconf 83' lang='lat' dir='ltr'><strong>Homilias</strong></span> <span class='ocrx_word' id='word_1_559' title='bbox 2340 1399 2534 1451; x_wconf 79' lang='lat' dir='ltr'><strong>quoque</strong></span> <span class='ocrx_word' id='word_1_560' title='bbox 2554 1386 2759 1456; x_wconf 88' lang='lat' dir='ltr'><strong>triginta</strong></span> <span class='ocrx_word' id='word_1_561' title='bbox 2788 1406 2960 1445; x_wconf 83' lang='lat' dir='ltr'><strong>novem</strong></span> <span class='ocrx_word' id='word_1_562' title='bbox 2985 1393 3217 1465; x_wconf 78' lang='lat' dir='ltr'><strong>Origenis</strong></span> <span class='ocrx_word' id='word_1_563' title='bbox 3243 1401 3295 1454; x_wconf 92' lang='lat' dir='ltr'><strong>in</strong></span> <span class='ocrx_word' id='word_1_564' title='bbox 3328 1376 3445 1457; x_wconf 33' lang='lat' dir='ltr'><strong>&#39;Lu-</strong></span> 
     </span>
    </p>
   </div>
   <div class='ocr_carea' id='block_1_74' title="bbox 1945 1466 3449 1555">
    <p class='ocr_par' dir='ltr' id='par_1_74' title="bbox 1945 1466 3449 1555">
     <span class='ocr_line' id='line_1_74' title="bbox 1945 1466 3449 1555; baseline 0.019 -35"><span class='ocrx_word' id='word_1_565' title='bbox 1945 1485 2075 1522; x_wconf 86' lang='lat' dir='ltr'><strong>cam.</strong></span> <span class='ocrx_word' id='word_1_566' title='bbox 2109 1466 2171 1523; x_wconf 83' lang='lat' dir='ltr'><strong>V.</strong></span> <span class='ocrx_word' id='word_1_567' title='bbox 2206 1469 2396 1525; x_wconf 82' lang='lat' dir='ltr'><strong>Scribit</strong></span> <span class='ocrx_word' id='word_1_568' title='bbox 2425 1476 2477 1527; x_wconf 92' lang='lat' dir='ltr'><strong>in</strong></span> <span class='ocrx_word' id='word_1_569' title='bbox 2506 1473 2740 1533; x_wconf 86' lang='lat' dir='ltr'><strong>Psalmos</strong></span> <span class='ocrx_word' id='word_1_570' title='bbox 2764 1498 2795 1533; x_wconf 92' lang='lat' dir='ltr'><strong>a</strong></span> <span class='ocrx_word' id='word_1_571' title='bbox 2821 1478 3013 1538; x_wconf 86' lang='lat' dir='ltr'><strong>decimo</strong></span> <span class='ocrx_word' id='word_1_572' title='bbox 3042 1504 3197 1555; x_wconf 84' lang='lat' dir='ltr'><strong>usque</strong></span> <span class='ocrx_word' id='word_1_573' title='bbox 3218 1493 3287 1545; x_wconf 87' lang='lat' dir='ltr'><strong>ad</strong></span> <span class='ocrx_word' id='word_1_574' title='bbox 3311 1494 3449 1548; x_wconf 83' lang='lat' dir='ltr'><strong>deci-</strong></span> 
     </span>
    </p>
   </div>
   <div class='ocr_carea' id='block_1_75' title="bbox 1943 1559 3447 1647">
    <p class='ocr_par' dir='ltr' id='par_1_75' title="bbox 1943 1559 3447 1647">
     <span class='ocr_line' id='line_1_75' title="bbox 1943 1559 3447 1647; baseline 0.021 -40"><span class='ocrx_word' id='word_1_575' title='bbox 1943 1574 2076 1609; x_wconf 88' lang='lat' dir='ltr'><strong>mum</strong></span> <span class='ocrx_word' id='word_1_576' title='bbox 2113 1570 2307 1612; x_wconf 77' lang='lat' dir='ltr'><strong>sextum</strong></span> <span class='ocrx_word' id='word_1_577' title='bbox 2338 1559 2607 1618; x_wconf 84' lang='lat' dir='ltr'><strong>Tractatus</strong></span> <span class='ocrx_word' id='word_1_578' title='bbox 2633 1579 2839 1636; x_wconf 84' lang='lat' dir='ltr'><strong>septem.</strong></span> <span class='ocrx_word' id='word_1_579' title='bbox 2869 1572 2955 1627; x_wconf 85' lang='lat' dir='ltr'><strong>Vl.</strong></span> <span class='ocrx_word' id='word_1_580' title='bbox 2988 1575 3211 1647; x_wconf 81' lang='lat' dir='ltr'><strong>Denique</strong></span> <span class='ocrx_word' id='word_1_581' title='bbox 3252 1581 3447 1639; x_wconf 76' lang='lat' dir='ltr'><strong>Male/ii</strong></span> 
     </span>
    </p>
   </div>
   <div class='ocr_carea' id='block_1_76' title="bbox 1938 1648 3156 1723">
    <p class='ocr_par' dir='ltr' id='par_1_76' title="bbox 1938 1648 3156 1723">
     <span class='ocr_line' id='line_1_76' title="bbox 1938 1648 3156 1723; baseline 0.021 -26"><span class='ocrx_word' id='word_1_582' title='bbox 1938 1648 2121 1714; x_wconf 83' lang='lat' dir='ltr'><strong>captivi</strong></span> <span class='ocrx_word' id='word_1_583' title='bbox 2146 1650 2380 1705; x_wconf 80' lang='lat' dir='ltr'><strong>monac/ti</strong></span> <span class='ocrx_word' id='word_1_584' title='bbox 2404 1655 2571 1721; x_wconf 87' lang='lat' dir='ltr'><strong>vitam,</strong></span> <span class='ocrx_word' id='word_1_585' title='bbox 2602 1667 2649 1710; x_wconf 87' lang='lat' dir='ltr'><strong>et</strong></span> <span class='ocrx_word' id='word_1_586' title='bbox 2677 1656 2822 1713; x_wconf 88' lang='lat' dir='ltr'><strong>Beati</strong></span> <span class='ocrx_word' id='word_1_587' title='bbox 2851 1661 3156 1723; x_wconf 83' lang='lat' dir='ltr'><strong>Hilarionis.</strong></span> 
     </span>
    </p>
   </div>
   <div class='ocr_carea' id='block_1_77' title="bbox 1934 1801 3438 1891">
    <p class='ocr_par' dir='ltr' id='par_1_77' title="bbox 1934 1801 3438 1891">
     <span class='ocr_line' id='line_1_77' title="bbox 1934 1801 3438 1891; baseline 0.017 -31"><span class='ocrx_word' id='word_1_588' title='bbox 1934 1801 1975 1860; x_wconf 84' lang='grc' dir='ltr'><strong>Ι.</strong></span> <span class='ocrx_word' id='word_1_589' title='bbox 2024 1806 2090 1859; x_wconf 86' lang='grc' dir='ltr'><strong>Ει</strong></span> <span class='ocrx_word' id='word_1_590' title='bbox 2110 1807 2362 1863; x_wconf 71' lang='lat' dir='ltr'><strong>solitaria:</strong></span> <span class='ocrx_word' id='word_1_591' title='bbox 2387 1810 2508 1865; x_wconf 64' lang='lat' dir='ltr'><strong>vitae</strong></span> <span class='ocrx_word' id='word_1_592' title='bbox 2536 1816 2938 1884; x_wconf 84' lang='lat' dir='ltr'><strong>tranquillitate,</strong></span> <span class='ocrx_word' id='word_1_593' title='bbox 2971 1836 3073 1891; x_wconf 88' lang='lat' dir='ltr'><strong>qua</strong></span> <span class='ocrx_word' id='word_1_594' title='bbox 3104 1824 3233 1880; x_wconf 86' lang='lat' dir='ltr'><strong>nihil</strong></span> <span class='ocrx_word' id='word_1_595' title='bbox 3261 1838 3343 1883; x_wconf 88' lang='lat' dir='ltr'><strong>est</strong></span> <span class='ocrx_word' id='word_1_596' title='bbox 3371 1832 3438 1886; x_wconf 88' lang='lat' dir='ltr'><strong>ad</strong></span> 
     </span>
    </p>
   </div>
   <div class='ocr_carea' id='block_1_78' title="bbox 1863 1896 3437 1975">
    <p class='ocr_par' dir='ltr' id='par_1_78' title="bbox 1863 1896 3437 1975">
     <span class='ocr_line' id='line_1_78' title="bbox 1863 1896 3437 1975; baseline 0.017 -25"><span class='ocrx_word' id='word_1_597' title='bbox 1863 1896 2035 1951; x_wconf 86' lang='lat' dir='ltr'><strong>studia</strong></span> <span class='ocrx_word' id='word_1_598' title='bbox 2068 1898 2365 1954; x_wconf 87' lang='lat' dir='ltr'><strong>litterarum</strong></span> <span class='ocrx_word' id='word_1_599' title='bbox 2394 1903 2571 1972; x_wconf 87' lang='lat' dir='ltr'><strong>aptius</strong></span> <span class='ocrx_word' id='word_1_600' title='bbox 2596 1945 2610 1969; x_wconf 92' lang='lat'><strong>,</strong></span> <span class='ocrx_word' id='word_1_601' title='bbox 2644 1915 2695 1959; x_wconf 94' lang='lat' dir='ltr'><strong>et</strong></span> <span class='ocrx_word' id='word_1_602' title='bbox 2718 1908 2895 1963; x_wconf 74' lang='lat' dir='ltr'><strong>Paula:</strong></span> <span class='ocrx_word' id='word_1_603' title='bbox 2922 1916 3107 1969; x_wconf 89' lang='lat' dir='ltr'><strong>matris</strong></span> <span class='ocrx_word' id='word_1_604' title='bbox 3134 1916 3437 1975; x_wconf 76' lang='lat' dir='ltr'><strong>beneficen-</strong></span> 
     </span>
    </p>
   </div>
   <div class='ocr_carea' id='block_1_79' title="bbox 1864 1986 3433 2079">
    <p class='ocr_par' dir='ltr' id='par_1_79' title="bbox 1864 1986 3433 2079">
     <span class='ocr_line' id='line_1_79' title="bbox 1864 1986 3433 2079; baseline 0.018 -41"><span class='ocrx_word' id='word_1_605' title='bbox 1864 1986 2082 2079; x_wconf 53' lang='lat' dir='ltr'><strong>tissitna:</strong></span> <span class='ocrx_word' id='word_1_606' title='bbox 2126 1989 2444 2047; x_wconf 86' lang='lat' dir='ltr'><strong>liberalitate</strong></span> <span class='ocrx_word' id='word_1_607' title='bbox 2484 2009 2613 2048; x_wconf 90' lang='lat' dir='ltr'><strong>usus</strong></span> <span class='ocrx_word' id='word_1_608' title='bbox 2653 1996 3043 2071; x_wconf 82' lang='lat' dir='ltr'><strong>Hieronymus,</strong></span> <span class='ocrx_word' id='word_1_609' title='bbox 3087 2022 3208 2075; x_wconf 64' lang='lat' dir='ltr'><strong>qua:</strong></span> <span class='ocrx_word' id='word_1_610' title='bbox 3242 2010 3351 2079; x_wconf 88' lang='lat' dir='ltr'><strong>jam</strong></span> <span class='ocrx_word' id='word_1_611' title='bbox 3383 2014 3433 2067; x_wconf 89' lang='lat' dir='ltr'><strong>in</strong></span> 
     </span>
    </p>
   </div>
   <div class='ocr_carea' id='block_1_80' title="bbox 1862 2076 3433 2159">
    <p class='ocr_par' dir='ltr' id='par_1_80' title="bbox 1862 2076 3433 2159">
     <span class='ocr_line' id='line_1_80' title="bbox 1862 2076 3433 2159; baseline 0.016 -29"><span class='ocrx_word' id='word_1_612' title='bbox 1862 2076 2225 2134; x_wconf 84' lang='lat' dir='ltr'><strong>Ecclesiarum</strong></span> <span class='ocrx_word' id='word_1_613' title='bbox 2254 2083 2537 2138; x_wconf 87' lang='lat' dir='ltr'><strong>utilitatem</strong></span> <span class='ocrx_word' id='word_1_614' title='bbox 2564 2087 2759 2141; x_wconf 89' lang='lat' dir='ltr'><strong>cedere</strong></span> <span class='ocrx_word' id='word_1_615' title='bbox 2787 2090 2980 2159; x_wconf 81' lang='lat' dir='ltr'><strong>ingenii</strong></span> <span class='ocrx_word' id='word_1_616' title='bbox 3004 2095 3087 2148; x_wconf 89' lang='lat' dir='ltr'><strong>sui</strong></span> <span class='ocrx_word' id='word_1_617' title='bbox 3110 2076 3433 2157; x_wconf 79' lang='lat' dir='ltr'><strong>monimenta</strong></span> 
     </span>
    </p>
   </div>
   <div class='ocr_carea' id='block_1_81' title="bbox 1862 2171 3432 2255">
    <p class='ocr_par' dir='ltr' id='par_1_81' title="bbox 1862 2171 3432 2255">
     <span class='ocr_line' id='line_1_81' title="bbox 1862 2171 3432 2255; baseline 0.017 -35"><span class='ocrx_word' id='word_1_618' title='bbox 1862 2180 2215 2238; x_wconf 89' lang='lat' dir='ltr'><strong>percoeperat,</strong></span> <span class='ocrx_word' id='word_1_619' title='bbox 2240 2171 2427 2225; x_wconf 88' lang='lat' dir='ltr'><strong>iisdem</strong></span> <span class='ocrx_word' id='word_1_620' title='bbox 2450 2174 2825 2232; x_wconf 89' lang='lat' dir='ltr'><strong>elucubrandis</strong></span> <span class='ocrx_word' id='word_1_621' title='bbox 2852 2180 2903 2232; x_wconf 91' lang='lat' dir='ltr'><strong>in</strong></span> <span class='ocrx_word' id='word_1_622' title='bbox 2931 2182 3044 2237; x_wconf 84' lang='lat' dir='ltr'><strong>dies</strong></span> <span class='ocrx_word' id='word_1_623' title='bbox 3072 2188 3239 2255; x_wconf 85' lang='lat' dir='ltr'><strong>magis</strong></span> <span class='ocrx_word' id='word_1_624' title='bbox 3268 2198 3432 2246; x_wconf 89' lang='lat' dir='ltr'><strong>totum</strong></span> 
     </span>
    </p>
   </div>
   <div class='ocr_carea' id='block_1_82' title="bbox 1859 2261 3426 2344">
    <p class='ocr_par' dir='ltr' id='par_1_82' title="bbox 1859 2261 3426 2344">
     <span class='ocr_line' id='line_1_82' title="bbox 1859 2261 3426 2344; baseline 0.016 -33"><span class='ocrx_word' id='word_1_625' title='bbox 1859 2274 1920 2312; x_wconf 89' lang='lat' dir='ltr'><strong>se</strong></span> <span class='ocrx_word' id='word_1_626' title='bbox 1946 2261 2124 2313; x_wconf 89' lang='lat' dir='ltr'><strong>animo</strong></span> <span class='ocrx_word' id='word_1_627' title='bbox 2152 2270 2207 2315; x_wconf 90' lang='lat' dir='ltr'><strong>et</strong></span> <span class='ocrx_word' id='word_1_628' title='bbox 2234 2262 2438 2317; x_wconf 87' lang='lat' dir='ltr'><strong>viribus</strong></span> <span class='ocrx_word' id='word_1_629' title='bbox 2482 2263 2719 2318; x_wconf 90' lang='lat' dir='ltr'><strong>devovit.</strong></span> <span class='ocrx_word' id='word_1_630' title='bbox 2773 2268 2962 2323; x_wconf 89' lang='lat' dir='ltr'><strong>Statim</strong></span> <span class='ocrx_word' id='word_1_631' title='bbox 3006 2272 3074 2327; x_wconf 91' lang='lat' dir='ltr'><strong>ab</strong></span> <span class='ocrx_word' id='word_1_632' title='bbox 3104 2275 3339 2344; x_wconf 87' lang='lat' dir='ltr'><strong>Epistola</strong></span> <span class='ocrx_word' id='word_1_633' title='bbox 3362 2284 3426 2336; x_wconf 85' lang='lat' dir='ltr'><strong>ad</strong></span> 
     </span>
    </p>
   </div>
   <div class='ocr_carea' id='block_1_83' title="bbox 1861 2346 3430 2433">
    <p class='ocr_par' dir='ltr' id='par_1_83' title="bbox 1861 2346 3430 2433">
     <span class='ocr_line' id='line_1_83' title="bbox 1861 2346 3430 2433; baseline 0.017 -33"><span class='ocrx_word' id='word_1_634' title='bbox 1861 2346 2415 2416; x_wconf 84' lang='lat' dir='ltr'><strong>Epltesios,scribcre</strong></span> <span class='ocrx_word' id='word_1_635' title='bbox 2461 2352 2514 2407; x_wconf 91' lang='lat' dir='ltr'><strong>in</strong></span> <span class='ocrx_word' id='word_1_636' title='bbox 2559 2354 2935 2412; x_wconf 81' lang='lat' dir='ltr'><strong>Ecclesiastem</strong></span> <span class='ocrx_word' id='word_1_637' title='bbox 2976 2377 3257 2433; x_wconf 85' lang='lat' dir='ltr'><strong>aggressus</strong></span> <span class='ocrx_word' id='word_1_638' title='bbox 3302 2382 3430 2426; x_wconf 89' lang='lat' dir='ltr'><strong>est:</strong></span> 
     </span>
    </p>
   </div>
   <div class='ocr_carea' id='block_1_84' title="bbox 1860 2440 3433 2531">
    <p class='ocr_par' dir='ltr' id='par_1_84' title="bbox 1860 2440 3433 2531">
     <span class='ocr_line' id='line_1_84' title="bbox 1860 2440 3433 2531; baseline 0.017 -40"><span class='ocrx_word' id='word_1_639' title='bbox 1860 2447 1966 2531; x_wconf 87' lang='lat' dir='ltr'><strong>tam</strong></span> <span class='ocrx_word' id='word_1_640' title='bbox 1989 2454 2118 2493; x_wconf 86' lang='lat' dir='ltr'><strong>sane</strong></span> <span class='ocrx_word' id='word_1_641' title='bbox 2144 2440 2290 2494; x_wconf 87' lang='lat' dir='ltr'><strong>brevi</strong></span> <span class='ocrx_word' id='word_1_642' title='bbox 2313 2452 2472 2513; x_wconf 89' lang='lat' dir='ltr'><strong>atque</strong></span> <span class='ocrx_word' id='word_1_643' title='bbox 2492 2445 2686 2514; x_wconf 79' lang='lat' dir='ltr'><strong>exiguo</strong></span> <span class='ocrx_word' id='word_1_644' title='bbox 2717 2451 2974 2517; x_wconf 87' lang='lat' dir='ltr'><strong>temporis</strong></span> <span class='ocrx_word' id='word_1_645' title='bbox 3004 2453 3285 2525; x_wconf 89' lang='lat' dir='ltr'><strong>interjccto</strong></span> <span class='ocrx_word' id='word_1_646' title='bbox 3310 2476 3433 2531; x_wconf 87' lang='lat' dir='ltr'><strong>spa-</strong></span> 
     </span>
    </p>
   </div>
   <div class='ocr_carea' id='block_1_85' title="bbox 1856 2529 3429 2607">
    <p class='ocr_par' dir='ltr' id='par_1_85' title="bbox 1856 2529 3429 2607">
     <span class='ocr_line' id='line_1_85' title="bbox 1856 2529 3429 2607; baseline 0.016 -25"><span class='ocrx_word' id='word_1_647' title='bbox 1856 2529 1950 2594; x_wconf 88' lang='lat' dir='ltr'><strong>tio,</strong></span> <span class='ocrx_word' id='word_1_648' title='bbox 1984 2538 2041 2584; x_wconf 92' lang='lat' dir='ltr'><strong>ut</strong></span> <span class='ocrx_word' id='word_1_649' title='bbox 2060 2545 2194 2601; x_wconf 91' lang='lat' dir='ltr'><strong>opus</strong></span> <span class='ocrx_word' id='word_1_650' title='bbox 2225 2542 2507 2603; x_wconf 90' lang='lat' dir='ltr'><strong>utrumque</strong></span> <span class='ocrx_word' id='word_1_651' title='bbox 2540 2535 2764 2604; x_wconf 81' lang='lat' dir='ltr'><strong>ipsemet</strong></span> <span class='ocrx_word' id='word_1_652' title='bbox 2786 2538 2924 2594; x_wconf 92' lang='lat' dir='ltr'><strong>libro</strong></span> <span class='ocrx_word' id='word_1_653' title='bbox 2950 2553 3134 2599; x_wconf 88' lang='lat' dir='ltr'><strong>contra</strong></span> <span class='ocrx_word' id='word_1_654' title='bbox 3158 2546 3244 2604; x_wconf 82' lang='lat' dir='ltr'><strong>Jo.</strong></span> <span class='ocrx_word' id='word_1_655' title='bbox 3272 2529 3429 2607; x_wconf 81' lang='lat' dir='ltr'><strong>Jero-</strong></span> 
     </span>
    </p>
   </div>
   <div class='ocr_carea' id='block_1_86' title="bbox 1853 2621 3419 2711">
    <p class='ocr_par' dir='ltr' id='par_1_86' title="bbox 1853 2621 3419 2711">
     <span class='ocr_line' id='line_1_86' title="bbox 1853 2621 3419 2711; baseline 0.016 -39"><span class='ocrx_word' id='word_1_656' title='bbox 1853 2621 2229 2711; x_wconf 77' lang='lat' dir='ltr'><strong>selymitanum</strong></span> <span class='ocrx_word' id='word_1_657' title='bbox 2254 2623 2355 2676; x_wconf 91' lang='lat' dir='ltr'><strong>sub</strong></span> <span class='ocrx_word' id='word_1_658' title='bbox 2382 2624 2633 2680; x_wconf 83' lang='lat' dir='ltr'><strong>chronica</strong></span> <span class='ocrx_word' id='word_1_659' title='bbox 2669 2643 2770 2682; x_wconf 89' lang='lat' dir='ltr'><strong>una</strong></span> <span class='ocrx_word' id='word_1_660' title='bbox 2800 2632 3075 2688; x_wconf 88' lang='lat' dir='ltr'><strong>notatione</strong></span> <span class='ocrx_word' id='word_1_661' title='bbox 3111 2638 3419 2711; x_wconf 87' lang='lat' dir='ltr'><strong>conjungat.</strong></span> 
     </span>
    </p>
   </div>
   <div class='ocr_carea' id='block_1_87' title="bbox 1849 2708 3427 2793">
    <p class='ocr_par' dir='ltr' id='par_1_87' title="bbox 1849 2708 3427 2793">
     <span class='ocr_line' id='line_1_87' title="bbox 1849 2708 3427 2793; baseline 0.016 -32"><span class='ocrx_word' id='word_1_662' title='bbox 1849 2708 1985 2776; x_wconf 84' lang='lat' dir='ltr'><strong>Quin</strong></span> <span class='ocrx_word' id='word_1_663' title='bbox 2014 2712 2171 2765; x_wconf 90' lang='lat' dir='ltr'><strong>etiam</strong></span> <span class='ocrx_word' id='word_1_664' title='bbox 2206 2723 2531 2783; x_wconf 62' lang='lat' dir='ltr'><strong>praepostero</strong></span> <span class='ocrx_word' id='word_1_665' title='bbox 2558 2717 2747 2773; x_wconf 88' lang='lat' dir='ltr'><strong>ordine</strong></span> <span class='ocrx_word' id='word_1_666' title='bbox 2772 2720 2873 2774; x_wconf 90' lang='lat' dir='ltr'><strong>hoc</strong></span> <span class='ocrx_word' id='word_1_667' title='bbox 2899 2720 2977 2776; x_wconf 89' lang='lat' dir='ltr'><strong>illi</strong></span> <span class='ocrx_word' id='word_1_668' title='bbox 3005 2726 3254 2793; x_wconf 73' lang='lat' dir='ltr'><strong>pmlerre</strong></span> <span class='ocrx_word' id='word_1_669' title='bbox 3276 2708 3427 2788; x_wconf 70' lang='lat' dir='ltr'><strong>video</strong></span> 
     </span>
    </p>
   </div>
   <div class='ocr_carea' id='block_1_88' title="bbox 1850 2805 3425 2882">
    <p class='ocr_par' dir='ltr' id='par_1_88' title="bbox 1850 2805 3425 2882">
     <span class='ocr_line' id='line_1_88' title="bbox 1850 2805 3425 2882; baseline 0.013 -26"><span class='ocrx_word' id='word_1_670' title='bbox 1850 2812 1969 2856; x_wconf 92' lang='lat' dir='ltr'><strong>tur:</strong></span> <span class='ocrx_word' id='word_1_671' title='bbox 2004 2805 2131 2857; x_wconf 82' lang='lat' dir='ltr'><strong>Ante</strong></span> <span class='ocrx_word' id='word_1_672' title='bbox 2152 2821 2313 2860; x_wconf 89' lang='lat' dir='ltr'><strong>annos</strong></span> <span class='ocrx_word' id='word_1_673' title='bbox 2336 2847 2351 2873; x_wconf 89' lang='lat'><strong>,</strong></span> <span class='ocrx_word' id='word_1_674' title='bbox 2382 2808 2626 2878; x_wconf 87' lang='lat' dir='ltr'><strong>inquiens</strong></span> <span class='ocrx_word' id='word_1_675' title='bbox 2646 2851 2661 2875; x_wconf 86' lang='lat'><strong>,</strong></span> <span class='ocrx_word' id='word_1_676' title='bbox 2691 2815 2852 2882; x_wconf 89' lang='lat' dir='ltr'><strong>ferme</strong></span> <span class='ocrx_word' id='word_1_677' title='bbox 2880 2813 3050 2869; x_wconf 87' lang='lat' dir='ltr'><strong>decem</strong></span> <span class='ocrx_word' id='word_1_678' title='bbox 3078 2818 3130 2870; x_wconf 90' lang='lat' dir='ltr'><strong>in</strong></span> <span class='ocrx_word' id='word_1_679' title='bbox 3159 2820 3425 2875; x_wconf 80' lang='lat' dir='ltr'><strong>Commen-</strong></span> 
     </span>
    </p>
   </div>
   <div class='ocr_carea' id='block_1_89' title="bbox 1846 2894 3423 2978">
    <p class='ocr_par' dir='ltr' id='par_1_89' title="bbox 1846 2894 3423 2978">
     <span class='ocr_line' id='line_1_89' title="bbox 1846 2894 3423 2978; baseline 0.01 -31"><span class='ocrx_word' id='word_1_680' title='bbox 1846 2895 1989 2948; x_wconf 90' lang='lat' dir='ltr'><strong>tariis</strong></span> <span class='ocrx_word' id='word_1_681' title='bbox 2011 2894 2351 2961; x_wconf 66' lang='lat' dir='ltr'><strong>Ecclesiaste,</strong></span> <span class='ocrx_word' id='word_1_682' title='bbox 2369 2910 2417 2954; x_wconf 89' lang='lat' dir='ltr'><strong>et</strong></span> <span class='ocrx_word' id='word_1_683' title='bbox 2437 2901 2490 2952; x_wconf 91' lang='lat' dir='ltr'><strong>in</strong></span> <span class='ocrx_word' id='word_1_684' title='bbox 2520 2901 2879 2970; x_wconf 75' lang='lat' dir='ltr'><strong>explanatione</strong></span> <span class='ocrx_word' id='word_1_685' title='bbox 2902 2903 3148 2973; x_wconf 76' lang='lat' dir='ltr'><strong>Epistula:</strong></span> <span class='ocrx_word' id='word_1_686' title='bbox 3162 2911 3229 2960; x_wconf 84' lang='lat' dir='ltr'><strong>ad</strong></span> <span class='ocrx_word' id='word_1_687' title='bbox 3254 2910 3423 2978; x_wconf 80' lang='lat' dir='ltr'><strong>Ephe-</strong></span> 
     </span>
    </p>
   </div>
   <div class='ocr_carea' id='block_1_90' title="bbox 1842 2987 3417 3063">
    <p class='ocr_par' dir='ltr' id='par_1_90' title="bbox 1842 2987 3417 3063">
     <span class='ocr_line' id='line_1_90' title="bbox 1842 2987 3417 3063; baseline 0.009 -24"><span class='ocrx_word' id='word_1_688' title='bbox 1842 2987 1968 3049; x_wconf 83' lang='lat' dir='ltr'><strong>sios,</strong></span> <span class='ocrx_word' id='word_1_689' title='bbox 1987 2988 2203 3041; x_wconf 87' lang='lat' dir='ltr'><strong>arbitror</strong></span> <span class='ocrx_word' id='word_1_690' title='bbox 2225 3005 2427 3041; x_wconf 88' lang='lat' dir='ltr'><strong>sensum</strong></span> <span class='ocrx_word' id='word_1_691' title='bbox 2449 2991 2606 3042; x_wconf 90' lang='lat' dir='ltr'><strong>animi</strong></span> <span class='ocrx_word' id='word_1_692' title='bbox 2627 2992 2724 3043; x_wconf 88' lang='lat' dir='ltr'><strong>mei</strong></span> <span class='ocrx_word' id='word_1_693' title='bbox 2742 2991 3070 3057; x_wconf 83' lang='lat' dir='ltr'><strong>prudentibus</strong></span> <span class='ocrx_word' id='word_1_694' title='bbox 3091 2998 3417 3063; x_wconf 77' lang='lat' dir='ltr'><strong>explicatum.</strong></span> 
     </span>
    </p>
   </div>
   <div class='ocr_carea' id='block_1_91' title="bbox 1846 3074 3415 3153">
    <p class='ocr_par' dir='ltr' id='par_1_91' title="bbox 1846 3074 3415 3153">
     <span class='ocr_line' id='line_1_91' title="bbox 1846 3074 3415 3153; baseline 0.008 -23"><span class='ocrx_word' id='word_1_695' title='bbox 1846 3074 2029 3130; x_wconf 89' lang='lat' dir='ltr'><strong>Series</strong></span> <span class='ocrx_word' id='word_1_696' title='bbox 2057 3085 2235 3130; x_wconf 88' lang='lat' dir='ltr'><strong>autem</strong></span> <span class='ocrx_word' id='word_1_697' title='bbox 2265 3092 2444 3131; x_wconf 90' lang='lat' dir='ltr'><strong>rerum</strong></span> <span class='ocrx_word' id='word_1_698' title='bbox 2475 3085 2531 3131; x_wconf 88' lang='lat' dir='ltr'><strong>et</strong></span> <span class='ocrx_word' id='word_1_699' title='bbox 2559 3094 2679 3147; x_wconf 64' lang='lat' dir='ltr'><strong>quas</strong></span> <span class='ocrx_word' id='word_1_700' title='bbox 2706 3080 2954 3147; x_wconf 87' lang='lat' dir='ltr'><strong>superius</strong></span> <span class='ocrx_word' id='word_1_701' title='bbox 2972 3082 3238 3151; x_wconf 86' lang='lat' dir='ltr'><strong>disputata</strong></span> <span class='ocrx_word' id='word_1_702' title='bbox 3270 3100 3415 3153; x_wconf 90' lang='lat' dir='ltr'><strong>sunt,</strong></span> 
     </span>
    </p>
   </div>
   <div class='ocr_carea' id='block_1_92' title="bbox 1845 3166 3413 3233">
    <p class='ocr_par' dir='ltr' id='par_1_92' title="bbox 1845 3166 3413 3233">
     <span class='ocr_line' id='line_1_92' title="bbox 1845 3166 3413 3233; baseline 0.009 -14"><span class='ocrx_word' id='word_1_703' title='bbox 1845 3166 1977 3220; x_wconf 88' lang='lat' dir='ltr'><strong>satis</strong></span> <span class='ocrx_word' id='word_1_704' title='bbox 2024 3166 2308 3220; x_wconf 77' lang='lat' dir='ltr'><strong>manifesto</strong></span> <span class='ocrx_word' id='word_1_705' title='bbox 2369 3166 2667 3232; x_wconf 92' lang='lat' dir='ltr'><strong>evincunt,</strong></span> <span class='ocrx_word' id='word_1_706' title='bbox 2716 3166 3145 3228; x_wconf 89' lang='lat' dir='ltr'><strong>Commentarios</strong></span> <span class='ocrx_word' id='word_1_707' title='bbox 3194 3177 3245 3229; x_wconf 92' lang='lat' dir='ltr'><strong>in</strong></span> <span class='ocrx_word' id='word_1_708' title='bbox 3296 3194 3413 3233; x_wconf 86' lang='lat' dir='ltr'><strong>eam</strong></span> 
     </span>
    </p>
   </div>
   <div class='ocr_carea' id='block_1_93' title="bbox 1843 3256 3415 3333">
    <p class='ocr_par' dir='ltr' id='par_1_93' title="bbox 1843 3256 3415 3333">
     <span class='ocr_line' id='line_1_93' title="bbox 1843 3256 3415 3333; baseline 0.009 -24"><span class='ocrx_word' id='word_1_709' title='bbox 1843 3256 2089 3326; x_wconf 88' lang='lat' dir='ltr'><strong>Apostoli</strong></span> <span class='ocrx_word' id='word_1_710' title='bbox 2116 3256 2432 3326; x_wconf 89' lang='lat' dir='ltr'><strong>Epistolam,</strong></span> <span class='ocrx_word' id='word_1_711' title='bbox 2468 3257 2586 3312; x_wconf 88' lang='lat' dir='ltr'><strong>istis</strong></span> <span class='ocrx_word' id='word_1_712' title='bbox 2614 3260 2665 3312; x_wconf 88' lang='lat' dir='ltr'><strong>in</strong></span> <span class='ocrx_word' id='word_1_713' title='bbox 2698 3258 3074 3316; x_wconf 84' lang='lat' dir='ltr'><strong>Ecclesiastem</strong></span> <span class='ocrx_word' id='word_1_714' title='bbox 3106 3269 3415 3333; x_wconf 79' lang='lat' dir='ltr'><strong>praecessis—</strong></span> 
     </span>
    </p>
   </div>
   <div class='ocr_carea' id='block_1_94' title="bbox 1844 3348 3415 3429">
    <p class='ocr_par' dir='ltr' id='par_1_94' title="bbox 1844 3348 3415 3429">
     <span class='ocr_line' id='line_1_94' title="bbox 1844 3348 3415 3429; baseline 0.01 -27"><span class='ocrx_word' id='word_1_715' title='bbox 1844 3362 1904 3407; x_wconf 88' lang='lat' dir='ltr'><strong>se</strong></span> <span class='ocrx_word' id='word_1_716' title='bbox 1935 3364 1950 3401; x_wconf 90' lang='lat'><strong>:</strong></span> <span class='ocrx_word' id='word_1_717' title='bbox 1982 3357 2140 3419; x_wconf 89' lang='lat' dir='ltr'><strong>atque</strong></span> <span class='ocrx_word' id='word_1_718' title='bbox 2166 3348 2521 3419; x_wconf 85' lang='lat' dir='ltr'><strong>illosquidem</strong></span> <span class='ocrx_word' id='word_1_719' title='bbox 2546 3364 2685 3405; x_wconf 89' lang='lat' dir='ltr'><strong>anno</strong></span> <span class='ocrx_word' id='word_1_720' title='bbox 2718 3351 2843 3416; x_wconf 76' lang='lat'><strong>388,</strong></span> <span class='ocrx_word' id='word_1_721' title='bbox 2875 3352 2940 3407; x_wconf 90' lang='lat' dir='ltr'><strong>ad</strong></span> <span class='ocrx_word' id='word_1_722' title='bbox 2970 3353 3131 3411; x_wconf 84' lang='lat' dir='ltr'><strong>linem</strong></span> <span class='ocrx_word' id='word_1_723' title='bbox 3159 3371 3415 3429; x_wconf 78' lang='lat' dir='ltr'><strong>vergente</strong></span> 
     </span>
    </p>
   </div>
   <div class='ocr_carea' id='block_1_95' title="bbox 1841 3435 3413 3510">
    <p class='ocr_par' dir='ltr' id='par_1_95' title="bbox 1841 3435 3413 3510">
     <span class='ocr_line' id='line_1_95' title="bbox 1841 3435 3413 3510; baseline 0.008 -18"><span class='ocrx_word' id='word_1_724' title='bbox 1841 3435 2131 3495; x_wconf 84' lang='lat' dir='ltr'><strong>adornatos</strong></span> <span class='ocrx_word' id='word_1_725' title='bbox 2159 3480 2174 3503; x_wconf 90' lang='lat'><strong>,</strong></span> <span class='ocrx_word' id='word_1_726' title='bbox 2217 3440 2350 3495; x_wconf 87' lang='lat' dir='ltr'><strong>istos</strong></span> <span class='ocrx_word' id='word_1_727' title='bbox 2398 3455 2524 3494; x_wconf 89' lang='lat' dir='ltr'><strong>vero</strong></span> <span class='ocrx_word' id='word_1_728' title='bbox 2566 3441 2944 3510; x_wconf 88' lang='lat' dir='ltr'><strong>subsequentis</strong></span> <span class='ocrx_word' id='word_1_729' title='bbox 2986 3445 3091 3502; x_wconf 79' lang='lat'><strong>589</strong></span> <span class='ocrx_word' id='word_1_730' title='bbox 3119 3447 3269 3503; x_wconf 91' lang='lat' dir='ltr'><strong>initio</strong></span> <span class='ocrx_word' id='word_1_731' title='bbox 3318 3452 3413 3505; x_wconf 81' lang='lat' dir='ltr'><strong>ad-</strong></span> 
     </span>
    </p>
   </div>
   <div class='ocr_carea' id='block_1_96' title="bbox 1840 3530 3413 3610">
    <p class='ocr_par' dir='ltr' id='par_1_96' title="bbox 1840 3530 3413 3610">
     <span class='ocr_line' id='line_1_96' title="bbox 1840 3530 3413 3610; baseline 0.006 -25"><span class='ocrx_word' id='word_1_732' title='bbox 1840 3530 2176 3586; x_wconf 85' lang='lat' dir='ltr'><strong>scribendos.</strong></span> <span class='ocrx_word' id='word_1_733' title='bbox 2222 3530 2455 3600; x_wconf 88' lang='lat' dir='ltr'><strong>ldipsum</strong></span> <span class='ocrx_word' id='word_1_734' title='bbox 2496 3532 2807 3600; x_wconf 89' lang='lat' dir='ltr'><strong>scriptionis</strong></span> <span class='ocrx_word' id='word_1_735' title='bbox 2850 3532 3105 3602; x_wconf 82' lang='lat' dir='ltr'><strong>historia,</strong></span> <span class='ocrx_word' id='word_1_736' title='bbox 3140 3538 3413 3610; x_wconf 87' lang='lat' dir='ltr'><strong>ipsiusque</strong></span> 
     </span>
    </p>
   </div>
   <div class='ocr_carea' id='block_1_97' title="bbox 1840 3618 3501 3693">
    <p class='ocr_par' dir='ltr' id='par_1_97' title="bbox 1840 3618 3501 3693">
     <span class='ocr_line' id='line_1_97' title="bbox 1840 3618 3501 3693; baseline 0.005 -15"><span class='ocrx_word' id='word_1_737' title='bbox 1840 3621 1899 3678; x_wconf 89' lang='lat' dir='ltr'><strong>S.</strong></span> <span class='ocrx_word' id='word_1_738' title='bbox 1942 3623 2189 3677; x_wconf 88' lang='lat' dir='ltr'><strong>Auctoris</strong></span> <span class='ocrx_word' id='word_1_739' title='bbox 2214 3618 2665 3693; x_wconf 87' lang='lat' dir='ltr'><strong>locupletissimus</strong></span> <span class='ocrx_word' id='word_1_740' title='bbox 2704 3625 2756 3678; x_wconf 91' lang='lat' dir='ltr'><strong>in</strong></span> <span class='ocrx_word' id='word_1_741' title='bbox 2806 3624 3125 3684; x_wconf 63' lang='lat' dir='ltr'><strong>Prtel‘atione</strong></span> <span class='ocrx_word' id='word_1_742' title='bbox 3150 3631 3301 3686; x_wconf 89' lang='lat' dir='ltr'><strong>locus</strong></span> <span class='ocrx_word' id='word_1_743' title='bbox 3332 3643 3414 3688; x_wconf 82' lang='lat' dir='ltr'><strong>te-</strong></span> <span class='ocrx_word' id='word_1_744' title='bbox 3488 3648 3501 3659; x_wconf 71' lang='lat'>‘</span> 
     </span>
    </p>
   </div>
   <div class='ocr_carea' id='block_1_98' title="bbox 1838 3715 3409 3791">
    <p class='ocr_par' dir='ltr' id='par_1_98' title="bbox 1838 3715 3409 3791">
     <span class='ocr_line' id='line_1_98' title="bbox 1838 3715 3409 3791; baseline 0.005 -22"><span class='ocrx_word' id='word_1_745' title='bbox 1838 3722 2066 3769; x_wconf 87' lang='lat' dir='ltr'><strong>stantur.</strong></span> <span class='ocrx_word' id='word_1_746' title='bbox 2094 3715 2319 3777; x_wconf 82' lang='lat' dir='ltr'><strong>Memini,</strong></span> <span class='ocrx_word' id='word_1_747' title='bbox 2352 3716 2447 3778; x_wconf 86' lang='lat' dir='ltr'><strong>ait,</strong></span> <span class='ocrx_word' id='word_1_748' title='bbox 2470 3731 2549 3768; x_wconf 90' lang='lat' dir='ltr'><strong>me</strong></span> <span class='ocrx_word' id='word_1_749' title='bbox 2576 3726 2692 3768; x_wconf 88' lang='lat' dir='ltr'><strong>ante</strong></span> <span class='ocrx_word' id='word_1_750' title='bbox 2711 3719 2807 3767; x_wconf 83' lang='lat' dir='ltr'><strong>hoc</strong></span> <span class='ocrx_word' id='word_1_751' title='bbox 2822 3720 2979 3785; x_wconf 82' lang='lat' dir='ltr'><strong>ferme</strong></span> <span class='ocrx_word' id='word_1_752' title='bbox 2997 3720 3409 3791; x_wconf 79' lang='lat' dir='ltr'><strong>quinquennium,</strong></span> 
     </span>
    </p>
   </div>
   <div class='ocr_carea' id='block_1_99' title="bbox 1839 3802 3411 3867">
    <p class='ocr_par' dir='ltr' id='par_1_99' title="bbox 1839 3802 3411 3867">
     <span class='ocr_line' id='line_1_99' title="bbox 1839 3802 3411 3867; baseline 0.004 -7"><span class='ocrx_word' id='word_1_753' title='bbox 1839 3822 1954 3861; x_wconf 87' lang='lat' dir='ltr'><strong>cum</strong></span> <span class='ocrx_word' id='word_1_754' title='bbox 1982 3805 2162 3860; x_wconf 68' lang='lat' dir='ltr'><strong>Roma</strong></span> <span class='ocrx_word' id='word_1_755' title='bbox 2186 3806 2353 3858; x_wconf 80' lang='lat' dir='ltr'><strong>adhuc</strong></span> <span class='ocrx_word' id='word_1_756' title='bbox 2381 3820 2539 3858; x_wconf 82' lang='lat' dir='ltr'><strong>essent</strong></span> <span class='ocrx_word' id='word_1_757' title='bbox 2560 3846 2573 3867; x_wconf 95' lang='lat'><strong>,</strong></span> <span class='ocrx_word' id='word_1_758' title='bbox 2606 3814 2652 3857; x_wconf 89' lang='lat' dir='ltr'><strong>et</strong></span> <span class='ocrx_word' id='word_1_759' title='bbox 2684 3802 3041 3860; x_wconf 87' lang='lat' dir='ltr'><strong>Ecclesiastem</strong></span> <span class='ocrx_word' id='word_1_760' title='bbox 3073 3807 3135 3861; x_wconf 89' lang='lat' dir='ltr'><strong>S.</strong></span> <span class='ocrx_word' id='word_1_761' title='bbox 3170 3809 3411 3866; x_wconf 75' lang='lat' dir='ltr'><strong>Bltesillte</strong></span> 
     </span>
    </p>
   </div>
   <div class='ocr_carea' id='block_1_100' title="bbox 1839 3894 3412 3967">
    <p class='ocr_par' dir='ltr' id='par_1_100' title="bbox 1839 3894 3412 3967">
     <span class='ocr_line' id='line_1_100' title="bbox 1839 3894 3412 3967; baseline 0.002 -17"><span class='ocrx_word' id='word_1_762' title='bbox 1839 3897 2146 3967; x_wconf 65' lang='lat' dir='ltr'><strong>legerem...</strong></span> <span class='ocrx_word' id='word_1_763' title='bbox 2174 3904 2405 3965; x_wconf 85' lang='lat' dir='ltr'><strong>rogatum</strong></span> <span class='ocrx_word' id='word_1_764' title='bbox 2430 3894 2492 3946; x_wconf 91' lang='lat' dir='ltr'><strong>ab</strong></span> <span class='ocrx_word' id='word_1_765' title='bbox 2518 3910 2596 3955; x_wconf 86' lang='lat' dir='ltr'><strong>ea,</strong></span> <span class='ocrx_word' id='word_1_766' title='bbox 2630 3895 2758 3946; x_wconf 77' lang='lat' dir='ltr'><strong>utin</strong></span> <span class='ocrx_word' id='word_1_767' title='bbox 2783 3909 2973 3947; x_wconf 90' lang='lat' dir='ltr'><strong>morem</strong></span> <span class='ocrx_word' id='word_1_768' title='bbox 2999 3894 3412 3954; x_wconf 85' lang='lat' dir='ltr'><strong>Commentarioli</strong></span> 
     </span>
    </p>
   </div>
   <div class='ocr_carea' id='block_1_101' title="bbox 1838 3984 3413 4056">
    <p class='ocr_par' dir='ltr' id='par_1_101' title="bbox 1838 3984 3413 4056">
     <span class='ocr_line' id='line_1_101' title="bbox 1838 3984 3413 4056; baseline 0.001 -15"><span class='ocrx_word' id='word_1_769' title='bbox 1838 3987 2050 4041; x_wconf 89' lang='lat' dir='ltr'><strong>obscura</strong></span> <span class='ocrx_word' id='word_1_770' title='bbox 2076 4002 2283 4056; x_wconf 71' lang='lat' dir='ltr'><strong>quicque</strong></span> <span class='ocrx_word' id='word_1_771' title='bbox 2306 3986 2619 4047; x_wconf 88' lang='lat' dir='ltr'><strong>dissererem,</strong></span> <span class='ocrx_word' id='word_1_772' title='bbox 2639 3993 2695 4038; x_wconf 85' lang='lat' dir='ltr'><strong>ut</strong></span> <span class='ocrx_word' id='word_1_773' title='bbox 2718 3984 2904 4054; x_wconf 79' lang='lat' dir='ltr'><strong>absque</strong></span> <span class='ocrx_word' id='word_1_774' title='bbox 2924 4001 3003 4039; x_wconf 85' lang='lat' dir='ltr'><strong>me</strong></span> <span class='ocrx_word' id='word_1_775' title='bbox 3025 3996 3199 4056; x_wconf 89' lang='lat' dir='ltr'><strong>postea</strong></span> <span class='ocrx_word' id='word_1_776' title='bbox 3223 3990 3413 4043; x_wconf 86' lang='lat' dir='ltr'><strong>intelli-</strong></span> 
     </span>
    </p>
   </div>
   <div class='ocr_carea' id='block_1_102' title="bbox 1838 4072 3410 4147">
    <p class='ocr_par' dir='ltr' id='par_1_102' title="bbox 1838 4072 3410 4147">
     <span class='ocr_line' id='line_1_102' title="bbox 1838 4072 3410 4147; baseline 0.002 -18"><span class='ocrx_word' id='word_1_777' title='bbox 1838 4085 1972 4147; x_wconf 89' lang='lat' dir='ltr'><strong>geret</strong></span> <span class='ocrx_word' id='word_1_778' title='bbox 1997 4091 2111 4145; x_wconf 74' lang='lat' dir='ltr'><strong>qua</strong></span> <span class='ocrx_word' id='word_1_779' title='bbox 2148 4075 2355 4144; x_wconf 88' lang='lat' dir='ltr'><strong>legebat.</strong></span> <span class='ocrx_word' id='word_1_780' title='bbox 2391 4072 2569 4142; x_wconf 80' lang='lat' dir='ltr'><strong>Itaque</strong></span> <span class='ocrx_word' id='word_1_781' title='bbox 2597 4075 2834 4143; x_wconf 86' lang='lat' dir='ltr'><strong>quoniam</strong></span> <span class='ocrx_word' id='word_1_782' title='bbox 2870 4075 2923 4127; x_wconf 90' lang='lat' dir='ltr'><strong>in</strong></span> <span class='ocrx_word' id='word_1_783' title='bbox 2954 4075 3218 4143; x_wconf 83' lang='lat' dir='ltr'><strong>procinctu</strong></span> <span class='ocrx_word' id='word_1_784' title='bbox 3244 4080 3410 4147; x_wconf 78' lang='lat' dir='ltr'><strong>aperis</strong></span> 
     </span>
    </p>
   </div>
   <div class='ocr_carea' id='block_1_103' title="bbox 1839 4163 3411 4235">
    <p class='ocr_par' dir='ltr' id='par_1_103' title="bbox 1839 4163 3411 4235">
     <span class='ocr_line' id='line_1_103' title="bbox 1839 4163 3411 4235; baseline 0.001 -15"><span class='ocrx_word' id='word_1_785' title='bbox 1839 4166 1998 4220; x_wconf 87' lang='lat' dir='ltr'><strong>nostri</strong></span> <span class='ocrx_word' id='word_1_786' title='bbox 2025 4205 2039 4229; x_wconf 95' lang='lat'><strong>,</strong></span> <span class='ocrx_word' id='word_1_787' title='bbox 2069 4163 2234 4217; x_wconf 87' lang='lat' dir='ltr'><strong>subita</strong></span> <span class='ocrx_word' id='word_1_788' title='bbox 2260 4170 2419 4215; x_wconf 86' lang='lat' dir='ltr'><strong>morte</strong></span> <span class='ocrx_word' id='word_1_789' title='bbox 2444 4164 2699 4215; x_wconf 86' lang='lat' dir='ltr'><strong>subtracta</strong></span> <span class='ocrx_word' id='word_1_790' title='bbox 2748 4172 2885 4216; x_wconf 89' lang='lat' dir='ltr'><strong>est...</strong></span> <span class='ocrx_word' id='word_1_791' title='bbox 2935 4172 3175 4235; x_wconf 89' lang='lat' dir='ltr'><strong>tantoque</strong></span> <span class='ocrx_word' id='word_1_792' title='bbox 3202 4168 3411 4221; x_wconf 76' lang='lat' dir='ltr'><strong>uulnere</strong></span> 
     </span>
    </p>
   </div>
   <div class='ocr_carea' id='block_1_104' title="bbox 1840 4251 3410 4324">
    <p class='ocr_par' dir='ltr' id='par_1_104' title="bbox 1840 4251 3410 4324">
     <span class='ocr_line' id='line_1_104' title="bbox 1840 4251 3410 4324; baseline 0 -14"><span class='ocrx_word' id='word_1_793' title='bbox 1840 4266 1957 4310; x_wconf 89' lang='lat' dir='ltr'><strong>tunc</strong></span> <span class='ocrx_word' id='word_1_794' title='bbox 1987 4253 2243 4323; x_wconf 86' lang='lat' dir='ltr'><strong>perculsus</strong></span> <span class='ocrx_word' id='word_1_795' title='bbox 2268 4252 2494 4305; x_wconf 86' lang='lat' dir='ltr'><strong>obmutui</strong></span> <span class='ocrx_word' id='word_1_796' title='bbox 2523 4267 2542 4305; x_wconf 91' lang='lat'><strong><em>:</em></strong></span> <span class='ocrx_word' id='word_1_797' title='bbox 2570 4253 2775 4305; x_wconf 82' lang='lat' dir='ltr'><strong>nuncin</strong></span> <span class='ocrx_word' id='word_1_798' title='bbox 2805 4251 3056 4307; x_wconf 75' lang='lat' dir='ltr'><strong>Bethleem</strong></span> <span class='ocrx_word' id='word_1_799' title='bbox 3084 4258 3297 4324; x_wconf 83' lang='lat' dir='ltr'><strong>positus,</strong></span> <span class='ocrx_word' id='word_1_800' title='bbox 3313 4274 3410 4310; x_wconf 86' lang='lat' dir='ltr'><strong>au-</strong></span> 
     </span>
    </p>
   </div>
   <div class='ocr_carea' id='block_1_105' title="bbox 1837 4342 3407 4418">
    <p class='ocr_par' dir='ltr' id='par_1_105' title="bbox 1837 4342 3407 4418">
     <span class='ocr_line' id='line_1_105' title="bbox 1837 4342 3407 4418; baseline 0.003 -19"><span class='ocrx_word' id='word_1_801' title='bbox 1837 4346 2051 4418; x_wconf 88' lang='lat' dir='ltr'><strong>gustiori</strong></span> <span class='ocrx_word' id='word_1_802' title='bbox 2076 4345 2301 4398; x_wconf 79' lang='lat' dir='ltr'><strong>videlicet</strong></span> <span class='ocrx_word' id='word_1_803' title='bbox 2327 4342 2526 4396; x_wconf 84' lang='lat' dir='ltr'><strong>civitate</strong></span> <span class='ocrx_word' id='word_1_804' title='bbox 2548 4383 2563 4408; x_wconf 98' lang='lat'><strong>,</strong></span> <span class='ocrx_word' id='word_1_805' title='bbox 2605 4351 2649 4396; x_wconf 87' lang='lat' dir='ltr'><strong>et</strong></span> <span class='ocrx_word' id='word_1_806' title='bbox 2686 4342 2827 4397; x_wconf 87' lang='lat' dir='ltr'><strong>illius</strong></span> <span class='ocrx_word' id='word_1_807' title='bbox 2857 4345 3112 4400; x_wconf 67' lang='lat' dir='ltr'><strong>memorie</strong></span> <span class='ocrx_word' id='word_1_808' title='bbox 3141 4386 3157 4411; x_wconf 90' lang='lat'><strong>,</strong></span> <span class='ocrx_word' id='word_1_809' title='bbox 3190 4357 3236 4400; x_wconf 90' lang='lat' dir='ltr'><strong>et</strong></span> <span class='ocrx_word' id='word_1_810' title='bbox 3272 4350 3407 4404; x_wconf 84' lang='lat' dir='ltr'><strong>vobis</strong></span> 
     </span>
    </p>
   </div>
   <div class='ocr_carea' id='block_1_106' title="bbox 1838 4432 3397 4509">
    <p class='ocr_par' dir='ltr' id='par_1_106' title="bbox 1838 4432 3397 4509">
     <span class='ocr_line' id='line_1_106' title="bbox 1838 4432 3397 4509; baseline 0.004 -19"><span class='ocrx_word' id='word_1_811' title='bbox 1838 4437 2024 4506; x_wconf 84' lang='lat' dir='ltr'><strong>(Paula</strong></span> <span class='ocrx_word' id='word_1_812' title='bbox 2049 4445 2105 4490; x_wconf 90' lang='lat' dir='ltr'><strong>et</strong></span> <span class='ocrx_word' id='word_1_813' title='bbox 2132 4432 2502 4503; x_wconf 83' lang='lat' dir='ltr'><strong>Eustochium)</strong></span> <span class='ocrx_word' id='word_1_814' title='bbox 2525 4433 2680 4487; x_wconf 87' lang='lat' dir='ltr'><strong>reddo</strong></span> <span class='ocrx_word' id='word_1_815' title='bbox 2700 4435 2835 4503; x_wconf 86' lang='lat' dir='ltr'><strong>quod</strong></span> <span class='ocrx_word' id='word_1_816' title='bbox 2854 4433 3029 4491; x_wconf 85' lang='lat' dir='ltr'><strong>debeo.</strong></span> <span class='ocrx_word' id='word_1_817' title='bbox 3063 4440 3236 4509; x_wconf 88' lang='lat' dir='ltr'><strong>Atque</strong></span> <span class='ocrx_word' id='word_1_818' title='bbox 3255 4455 3397 4496; x_wconf 92' lang='lat' dir='ltr'><strong>anno</strong></span> 
     </span>
    </p>
   </div>
   <div class='ocr_carea' id='block_1_107' title="bbox 1837 4524 3407 4596">
    <p class='ocr_par' dir='ltr' id='par_1_107' title="bbox 1837 4524 3407 4596">
     <span class='ocr_line' id='line_1_107' title="bbox 1837 4524 3407 4596; baseline 0.005 -16"><span class='ocrx_word' id='word_1_819' title='bbox 1837 4525 2052 4596; x_wconf 88' lang='lat' dir='ltr'><strong>quidem</strong></span> <span class='ocrx_word' id='word_1_820' title='bbox 2090 4524 2195 4580; x_wconf 76' lang='grc'><strong>584</strong></span> <span class='ocrx_word' id='word_1_821' title='bbox 2235 4533 2463 4579; x_wconf 83' lang='lat' dir='ltr'><strong>exeunte</strong></span> <span class='ocrx_word' id='word_1_822' title='bbox 2490 4564 2507 4588; x_wconf 92' lang='lat'><strong>,</strong></span> <span class='ocrx_word' id='word_1_823' title='bbox 2537 4538 2657 4578; x_wconf 91' lang='lat' dir='ltr'><strong>cum</strong></span> <span class='ocrx_word' id='word_1_824' title='bbox 2706 4533 2816 4578; x_wconf 91' lang='lat' dir='ltr'><strong>tres</strong></span> <span class='ocrx_word' id='word_1_825' title='bbox 2841 4524 2953 4580; x_wconf 78' lang='lat' dir='ltr'><strong>fere</strong></span> <span class='ocrx_word' id='word_1_826' title='bbox 2977 4540 3189 4586; x_wconf 86' lang='lat' dir='ltr'><strong>menses</strong></span> <span class='ocrx_word' id='word_1_827' title='bbox 3216 4530 3407 4587; x_wconf 80' lang='lat' dir='ltr'><strong>fuisset</strong></span> 
     </span>
    </p>
   </div>
   <div class='ocr_carea' id='block_1_108' title="bbox 1836 4615 3405 4690">
    <p class='ocr_par' dir='ltr' id='par_1_108' title="bbox 1836 4615 3405 4690">
     <span class='ocr_line' id='line_1_108' title="bbox 1836 4615 3405 4690; baseline 0.004 -17"><span class='ocrx_word' id='word_1_828' title='bbox 1836 4618 1891 4673; x_wconf 90' lang='lat' dir='ltr'><strong>in</strong></span> <span class='ocrx_word' id='word_1_829' title='bbox 1925 4618 2230 4688; x_wconf 87' lang='lat' dir='ltr'><strong>Hieronymi</strong></span> <span class='ocrx_word' id='word_1_830' title='bbox 2260 4615 2562 4685; x_wconf 87' lang='lat' dir='ltr'><strong>disciplina,</strong></span> <span class='ocrx_word' id='word_1_831' title='bbox 2582 4616 2723 4671; x_wconf 91' lang='lat' dir='ltr'><strong>diem</strong></span> <span class='ocrx_word' id='word_1_832' title='bbox 2744 4617 2942 4674; x_wconf 88' lang='lat' dir='ltr'><strong>obiisse</strong></span> <span class='ocrx_word' id='word_1_833' title='bbox 2969 4618 3276 4690; x_wconf 67' lang='lat' dir='ltr'><strong>Blaasillam,</strong></span> <span class='ocrx_word' id='word_1_834' title='bbox 3306 4639 3405 4679; x_wconf 91' lang='lat' dir='ltr'><strong>suo</strong></span> 
     </span>
    </p>
   </div>
   <div class='ocr_carea' id='block_1_109' title="bbox 1835 4707 3402 4780">
    <p class='ocr_par' dir='ltr' id='par_1_109' title="bbox 1835 4707 3402 4780">
     <span class='ocr_line' id='line_1_109' title="bbox 1835 4707 3402 4780; baseline 0.001 -14"><span class='ocrx_word' id='word_1_835' title='bbox 1835 4711 1955 4766; x_wconf 93' lang='lat' dir='ltr'><strong>loco</strong></span> <span class='ocrx_word' id='word_1_836' title='bbox 1983 4709 2315 4764; x_wconf 88' lang='lat' dir='ltr'><strong>ostendimus</strong></span> <span class='ocrx_word' id='word_1_837' title='bbox 2342 4725 2357 4762; x_wconf 93' lang='lat'><strong>:</strong></span> <span class='ocrx_word' id='word_1_838' title='bbox 2384 4707 2469 4762; x_wconf 90' lang='lat' dir='ltr'><strong>cui</strong></span> <span class='ocrx_word' id='word_1_839' title='bbox 2496 4708 2539 4762; x_wconf 92' lang='lat' dir='ltr'><strong>si</strong></span> <span class='ocrx_word' id='word_1_840' title='bbox 2570 4707 2795 4763; x_wconf 89' lang='lat' dir='ltr'><strong>alterum</strong></span> <span class='ocrx_word' id='word_1_841' title='bbox 2822 4712 2980 4776; x_wconf 82' lang='lat' dir='ltr'><strong>ferme</strong></span> <span class='ocrx_word' id='word_1_842' title='bbox 3003 4712 3402 4780; x_wconf 82' lang='lat' dir='ltr'><strong>quinquennium</strong></span> 
     </span>
    </p>
   </div>
   <div class='ocr_carea' id='block_1_110' title="bbox 1835 4800 3401 4872">
    <p class='ocr_par' dir='ltr' id='par_1_110' title="bbox 1835 4800 3401 4872">
     <span class='ocr_line' id='line_1_110' title="bbox 1835 4800 3401 4872; baseline 0 -15"><span class='ocrx_word' id='word_1_843' title='bbox 1835 4802 2184 4872; x_wconf 86' lang='lat' dir='ltr'><strong>superaddas,</strong></span> <span class='ocrx_word' id='word_1_844' title='bbox 2214 4800 2280 4855; x_wconf 88' lang='lat' dir='ltr'><strong>ad</strong></span> <span class='ocrx_word' id='word_1_845' title='bbox 2304 4800 2445 4855; x_wconf 90' lang='lat' dir='ltr'><strong>hunc</strong></span> <span class='ocrx_word' id='word_1_846' title='bbox 2487 4800 2733 4854; x_wconf 91' lang='lat' dir='ltr'><strong>nimirum</strong></span> <span class='ocrx_word' id='word_1_847' title='bbox 2781 4800 3039 4855; x_wconf 87' lang='lat' dir='ltr'><strong>devenies</strong></span> <span class='ocrx_word' id='word_1_848' title='bbox 3068 4816 3264 4856; x_wconf 88' lang='lat' dir='ltr'><strong>annum</strong></span> <span class='ocrx_word' id='word_1_849' title='bbox 3295 4803 3401 4859; x_wconf 75' lang='lat'><strong>389</strong></span> 
     </span>
    </p>
   </div>
   <div class='ocr_carea' id='block_1_111' title="bbox 1836 4889 3405 4962">
    <p class='ocr_par' dir='ltr' id='par_1_111' title="bbox 1836 4889 3405 4962">
     <span class='ocr_line' id='line_1_111' title="bbox 1836 4889 3405 4962; baseline -0.003 -13"><span class='ocrx_word' id='word_1_850' title='bbox 1836 4895 2024 4949; x_wconf 85' lang='lat' dir='ltr'><strong>saltem</strong></span> <span class='ocrx_word' id='word_1_851' title='bbox 2046 4894 2477 4962; x_wconf 79' lang='lat' dir='ltr'><strong>incteptum,qno</strong></span> <span class='ocrx_word' id='word_1_852' title='bbox 2502 4892 2633 4945; x_wconf 91' lang='lat' dir='ltr'><strong>istos</strong></span> <span class='ocrx_word' id='word_1_853' title='bbox 2664 4890 2923 4944; x_wconf 88' lang='lat' dir='ltr'><strong>sentimus</strong></span> <span class='ocrx_word' id='word_1_854' title='bbox 2949 4889 3276 4956; x_wconf 87' lang='lat' dir='ltr'><strong>lucubratos,</strong></span> <span class='ocrx_word' id='word_1_855' title='bbox 3306 4893 3405 4947; x_wconf 87' lang='lat' dir='ltr'><strong>abs</strong></span> 
     </span>
    </p>
   </div>
   <div class='ocr_carea' id='block_1_112' title="bbox 1834 4979 3399 5056">
    <p class='ocr_par' dir='ltr' id='par_1_112' title="bbox 1834 4979 3399 5056">
     <span class='ocr_line' id='line_1_112' title="bbox 1834 4979 3399 5056; baseline -0.001 -16"><span class='ocrx_word' id='word_1_856' title='bbox 1834 4985 2162 5056; x_wconf 84' lang='lat' dir='ltr'><strong>Hieronymo</strong></span> <span class='ocrx_word' id='word_1_857' title='bbox 2199 4983 2650 5038; x_wconf 89' lang='lat' dir='ltr'><strong>Commentarios.</strong></span> <span class='ocrx_word' id='word_1_858' title='bbox 2688 4982 2818 5046; x_wconf 73' lang='lat' dir='ltr'><strong>Qua:</strong></span> <span class='ocrx_word' id='word_1_859' title='bbox 2851 4979 3256 5048; x_wconf 82' lang='lat' dir='ltr'><strong>Esplanationis</strong></span> <span class='ocrx_word' id='word_1_860' title='bbox 3281 4983 3399 5051; x_wconf 90' lang='lat' dir='ltr'><strong>ejus</strong></span> 
     </span>
    </p>
   </div>
   <div class='ocr_carea' id='block_1_113' title="bbox 1834 5070 3403 5143">
    <p class='ocr_par' dir='ltr' id='par_1_113' title="bbox 1834 5070 3403 5143">
     <span class='ocr_line' id='line_1_113' title="bbox 1834 5070 3403 5143; baseline -0.003 -13"><span class='ocrx_word' id='word_1_861' title='bbox 1834 5087 2097 5143; x_wconf 88' lang='lat' dir='ltr'><strong>naturam,</strong></span> <span class='ocrx_word' id='word_1_862' title='bbox 2114 5084 2171 5130; x_wconf 87' lang='lat' dir='ltr'><strong>ut</strong></span> <span class='ocrx_word' id='word_1_863' title='bbox 2198 5075 2269 5129; x_wconf 87' lang='lat' dir='ltr'><strong>ita</strong></span> <span class='ocrx_word' id='word_1_864' title='bbox 2295 5074 2491 5138; x_wconf 91' lang='lat' dir='ltr'><strong>dicam,</strong></span> <span class='ocrx_word' id='word_1_865' title='bbox 2513 5083 2671 5142; x_wconf 85' lang='lat' dir='ltr'><strong>atque</strong></span> <span class='ocrx_word' id='word_1_866' title='bbox 2692 5070 2961 5140; x_wconf 86' lang='lat' dir='ltr'><strong>ingenium</strong></span> <span class='ocrx_word' id='word_1_867' title='bbox 2982 5080 3246 5137; x_wconf 89' lang='lat' dir='ltr'><strong>spectant,</strong></span> <span class='ocrx_word' id='word_1_868' title='bbox 3276 5088 3403 5142; x_wconf 81' lang='lat' dir='ltr'><strong>par-</strong></span> 
     </span>
    </p>
   </div>
   <div class='ocr_carea' id='block_1_114' title="bbox 1835 5159 3403 5236">
    <p class='ocr_par' dir='ltr' id='par_1_114' title="bbox 1835 5159 3403 5236">
     <span class='ocr_line' id='line_1_114' title="bbox 1835 5159 3403 5236; baseline -0.004 -14"><span class='ocrx_word' id='word_1_869' title='bbox 1835 5169 1927 5222; x_wconf 88' lang='lat' dir='ltr'><strong>tim</strong></span> <span class='ocrx_word' id='word_1_870' title='bbox 1957 5168 2230 5236; x_wconf 84' lang='lat' dir='ltr'><strong>attigimus</strong></span> <span class='ocrx_word' id='word_1_871' title='bbox 2261 5165 2420 5233; x_wconf 91' lang='lat' dir='ltr'><strong>paulo</strong></span> <span class='ocrx_word' id='word_1_872' title='bbox 2460 5163 2707 5230; x_wconf 89' lang='lat' dir='ltr'><strong>superius</strong></span> <span class='ocrx_word' id='word_1_873' title='bbox 2734 5201 2750 5226; x_wconf 97' lang='lat'><strong>,</strong></span> <span class='ocrx_word' id='word_1_874' title='bbox 2798 5159 2988 5229; x_wconf 90' lang='lat' dir='ltr'><strong>partim</strong></span> <span class='ocrx_word' id='word_1_875' title='bbox 3032 5166 3159 5213; x_wconf 88' lang='lat' dir='ltr'><strong>sunt</strong></span> <span class='ocrx_word' id='word_1_876' title='bbox 3188 5174 3252 5214; x_wconf 81' lang='lat' dir='ltr'><strong>ex</strong></span> <span class='ocrx_word' id='word_1_877' title='bbox 3289 5161 3403 5229; x_wconf 84' lang='lat' dir='ltr'><strong>ipsa</strong></span> 
     </span>
    </p>
   </div>
   <div class='ocr_carea' id='block_1_115' title="bbox 1834 5248 3183 5321">
    <p class='ocr_par' dir='ltr' id='par_1_115' title="bbox 1834 5248 3183 5321">
     <span class='ocr_line' id='line_1_115' title="bbox 1834 5248 3183 5321; baseline -0.009 -7"><span class='ocrx_word' id='word_1_878' title='bbox 1834 5257 2171 5317; x_wconf 76' lang='lat' dir='ltr'><strong>PrzelatiOne,</strong></span> <span class='ocrx_word' id='word_1_879' title='bbox 2201 5264 2361 5321; x_wconf 88' lang='lat' dir='ltr'><strong>atque</strong></span> <span class='ocrx_word' id='word_1_880' title='bbox 2387 5252 2566 5319; x_wconf 91' lang='lat' dir='ltr'><strong>operis</strong></span> <span class='ocrx_word' id='word_1_881' title='bbox 2588 5257 2841 5303; x_wconf 81' lang='lat' dir='ltr'><strong>contextu</strong></span> <span class='ocrx_word' id='word_1_882' title='bbox 2869 5248 3183 5317; x_wconf 88' lang='lat' dir='ltr'><strong>repetenda.</strong></span> 
     </span>
    </p>
   </div>
   <div class='ocr_carea' id='block_1_116' title="bbox 1911 5337 3402 5413">
    <p class='ocr_par' dir='ltr' id='par_1_116' title="bbox 1911 5337 3402 5413">
     <span class='ocr_line' id='line_1_116' title="bbox 1911 5337 3402 5413; baseline -0.002 -14"><span class='ocrx_word' id='word_1_883' title='bbox 1911 5347 1973 5399; x_wconf 93' lang='lat' dir='ltr'><strong>ll.</strong></span> <span class='ocrx_word' id='word_1_884' title='bbox 2006 5343 2253 5413; x_wconf 82' lang='lat' dir='ltr'><strong>Ejusdem</strong></span> <span class='ocrx_word' id='word_1_885' title='bbox 2279 5340 2501 5408; x_wconf 82' lang='lat' dir='ltr'><strong>hujusce</strong></span> <span class='ocrx_word' id='word_1_886' title='bbox 2526 5338 2651 5391; x_wconf 90' lang='lat' dir='ltr'><strong>anni</strong></span> <span class='ocrx_word' id='word_1_887' title='bbox 2678 5337 2910 5391; x_wconf 89' lang='lat' dir='ltr'><strong>decursu</strong></span> <span class='ocrx_word' id='word_1_888' title='bbox 2935 5378 2950 5404; x_wconf 97' lang='lat'><strong>,</strong></span> <span class='ocrx_word' id='word_1_889' title='bbox 2990 5345 3084 5391; x_wconf 88' lang='lat' dir='ltr'><strong>aut</strong></span> <span class='ocrx_word' id='word_1_890' title='bbox 3108 5337 3154 5392; x_wconf 87' lang='lat' dir='ltr'><strong>sl</strong></span> <span class='ocrx_word' id='word_1_891' title='bbox 3184 5338 3310 5395; x_wconf 88' lang='lat' dir='ltr'><strong>libet</strong></span> <span class='ocrx_word' id='word_1_892' title='bbox 3334 5342 3402 5397; x_wconf 87' lang='lat' dir='ltr'><strong>ad</strong></span> 
     </span>
    </p>
   </div>
   <div class='ocr_carea' id='block_1_117' title="bbox 1836 5425 3405 5503">
    <p class='ocr_par' dir='ltr' id='par_1_117' title="bbox 1836 5425 3405 5503">
     <span class='ocr_line' id='line_1_117' title="bbox 1836 5425 3405 5503; baseline -0.004 -12"><span class='ocrx_word' id='word_1_893' title='bbox 1836 5430 2209 5503; x_wconf 89' lang='lat' dir='ltr'><strong>subsequentis</strong></span> <span class='ocrx_word' id='word_1_894' title='bbox 2232 5442 2399 5498; x_wconf 90' lang='lat' dir='ltr'><strong>usque</strong></span> <span class='ocrx_word' id='word_1_895' title='bbox 2428 5427 2576 5481; x_wconf 87' lang='lat' dir='ltr'><strong>initia</strong></span> <span class='ocrx_word' id='word_1_896' title='bbox 2598 5469 2613 5493; x_wconf 94' lang='lat'><strong>,</strong></span> <span class='ocrx_word' id='word_1_897' title='bbox 2641 5425 2851 5480; x_wconf 88' lang='lat' dir='ltr'><strong>videtur</strong></span> <span class='ocrx_word' id='word_1_898' title='bbox 2871 5426 2930 5482; x_wconf 88' lang='lat' dir='ltr'><strong>S.</strong></span> <span class='ocrx_word' id='word_1_899' title='bbox 2958 5426 3116 5481; x_wconf 86' lang='lat' dir='ltr'><strong>Pater</strong></span> <span class='ocrx_word' id='word_1_900' title='bbox 3144 5437 3252 5482; x_wconf 89' lang='lat' dir='ltr'><strong>tres</strong></span> <span class='ocrx_word' id='word_1_901' title='bbox 3271 5430 3405 5486; x_wconf 89' lang='lat' dir='ltr'><strong>alios</strong></span> 
     </span>
    </p>
   </div>
   <div class='ocr_carea' id='block_1_118' title="bbox 1834 5515 3405 5592">
    <p class='ocr_par' dir='ltr' id='par_1_118' title="bbox 1834 5515 3405 5592">
     <span class='ocr_line' id='line_1_118' title="bbox 1834 5515 3405 5592; baseline -0.004 -11"><span class='ocrx_word' id='word_1_902' title='bbox 1834 5525 2033 5581; x_wconf 85' lang='lat' dir='ltr'><strong>diversi</strong></span> <span class='ocrx_word' id='word_1_903' title='bbox 2061 5535 2247 5592; x_wconf 90' lang='lat' dir='ltr'><strong>parum</strong></span> <span class='ocrx_word' id='word_1_904' title='bbox 2282 5519 2423 5573; x_wconf 89' lang='lat' dir='ltr'><strong>inter</strong></span> <span class='ocrx_word' id='word_1_905' title='bbox 2450 5530 2511 5572; x_wconf 87' lang='lat' dir='ltr'><strong>se</strong></span> <span class='ocrx_word' id='word_1_906' title='bbox 2548 5516 2846 5585; x_wconf 87' lang='lat' dir='ltr'><strong>argumenti</strong></span> <span class='ocrx_word' id='word_1_907' title='bbox 2890 5515 3080 5571; x_wconf 87' lang='lat' dir='ltr'><strong>Libros</strong></span> <span class='ocrx_word' id='word_1_908' title='bbox 3106 5518 3405 5587; x_wconf 86' lang='lat' dir='ltr'><strong>singulares</strong></span> 
     </span>
    </p>
   </div>
   <div class='ocr_carea' id='block_1_119' title="bbox 1834 5605 3405 5681">
    <p class='ocr_par' dir='ltr' id='par_1_119' title="bbox 1834 5605 3405 5681">
     <span class='ocr_line' id='line_1_119' title="bbox 1834 5605 3405 5681; baseline -0.006 -10"><span class='ocrx_word' id='word_1_909' title='bbox 1834 5616 2067 5671; x_wconf 87' lang='lat' dir='ltr'><strong>edidisse</strong></span> <span class='ocrx_word' id='word_1_910' title='bbox 2087 5653 2100 5677; x_wconf 91' lang='lat'><strong>,</strong></span> <span class='ocrx_word' id='word_1_911' title='bbox 2130 5624 2265 5681; x_wconf 89' lang='lat' dir='ltr'><strong>quos</strong></span> <span class='ocrx_word' id='word_1_912' title='bbox 2296 5609 2398 5664; x_wconf 90' lang='lat' dir='ltr'><strong>hoc</strong></span> <span class='ocrx_word' id='word_1_913' title='bbox 2440 5608 2668 5678; x_wconf 88' lang='lat' dir='ltr'><strong>ipsemet</strong></span> <span class='ocrx_word' id='word_1_914' title='bbox 2706 5605 2895 5664; x_wconf 85' lang='lat' dir='ltr'><strong>ordine</strong></span> <span class='ocrx_word' id='word_1_915' title='bbox 2920 5607 2971 5663; x_wconf 91' lang='lat' dir='ltr'><strong>in</strong></span> <span class='ocrx_word' id='word_1_916' title='bbox 3001 5622 3218 5663; x_wconf 88' lang='lat' dir='ltr'><strong>suorum</strong></span> <span class='ocrx_word' id='word_1_917' title='bbox 3244 5607 3405 5664; x_wconf 82' lang='lat' dir='ltr'><strong>Cata-</strong></span> 
     </span>
    </p>
   </div>
   <div class='ocr_carea' id='block_1_120' title="bbox 1836 5699 3405 5778">
    <p class='ocr_par' dir='ltr' id='par_1_120' title="bbox 1836 5699 3405 5778">
     <span class='ocr_line' id='line_1_120' title="bbox 1836 5699 3405 5778; baseline -0.006 -15"><span class='ocrx_word' id='word_1_918' title='bbox 1836 5711 1958 5778; x_wconf 79' lang='lat' dir='ltr'><strong>logo</strong></span> <span class='ocrx_word' id='word_1_919' title='bbox 1997 5719 2218 5778; x_wconf 88' lang='lat' dir='ltr'><strong>operum</strong></span> <span class='ocrx_word' id='word_1_920' title='bbox 2259 5711 2502 5758; x_wconf 87' lang='lat' dir='ltr'><strong>recenset</strong></span> <span class='ocrx_word' id='word_1_921' title='bbox 2532 5718 2545 5757; x_wconf 91' lang='lat'><strong>:</strong></span> <span class='ocrx_word' id='word_1_922' title='bbox 2583 5700 2933 5769; x_wconf 78' lang='lat' dir='ltr'><strong>Qumtionum</strong></span> <span class='ocrx_word' id='word_1_923' title='bbox 2965 5699 3326 5756; x_wconf 83' lang='lat' dir='ltr'><strong>Hebraicarum</strong></span> <span class='ocrx_word' id='word_1_924' title='bbox 3352 5701 3405 5753; x_wconf 79' lang='lat' dir='ltr'><strong>in</strong></span> 
     </span>
    </p>
   </div>
   <div class='ocr_carea' id='block_1_121' title="bbox 2864 5791 3115 5870">
    <p class='ocr_par' dir='ltr' id='par_1_121' title="bbox 2864 5791 3115 5870">
     <span class='ocr_line' id='line_1_121' title="bbox 2864 5791 3115 5870; baseline -0.012 -18"><span class='ocrx_word' id='word_1_925' title='bbox 2864 5791 3115 5870; x_wconf 52' lang='lat' dir='ltr'><strong>(Troia)</strong></span> 
     </span>
    </p>
   </div>
  </div>
