4050 6188
603 297 661 352 τ,
1888 279 1944 333 s.
1989 276 2193 333 meno

2301 274 2369 331 Ml
2412 275 2594 332 VITA.
3805 295 3870 348 τι
3915 258 3918 260 ⁷

601 411 834 465 Genesim
859 407 1038 463 librum
1063 419 1234 458 unum.
1267 399 1341 452 De
1369 397 1517 451 Locis
1544 397 1724 450 librum
1750 409 1925 447 unum.
1959 390 2176 446 Hebrai-

599 502 776 556 corunt
818 497 1094 553 Nominum
1123 494 1307 547 librant
1336 506 1513 544 unum.
1556 489 1614 544 In
1655 487 1829 559 primo
1855 485 2080 541 alterum
2113 499 2177 538 ex

604 593 688 646 his
713 597 991 648 memorat.
1027 588 1077 640 in
1105 583 1278 638 altero
1305 583 1533 652 primum
1557 595 1619 636 ac
1649 580 1865 634 tertium
1887 620 1902 645 ,
1935 587 2096 647 atque
2126 576 2178 630 in

603 687 709 740 hoc
744 684 880 737 duos
924 680 1130 749 priores
1160 693 1174 734 :
1207 687 1264 731 ut
1293 677 1416 731 illos
1453 689 1561 730 uno
1602 672 1902 742 eodemque
1941 680 2182 740 tempore

599 790 719 828 eum
749 788 858 841 prae
882 769 1128 824 manibus
1155 767 1407 822 habuisse
1432 808 1448 831 ,
1485 767 1596 835 ipsa
1625 764 1725 818 hac
1760 763 2075 820 recensione
2097 761 2181 815 in-

601 864 830 932 telligas.
861 860 1004 928 Quin
1032 859 1194 915 etiam
1225 859 1397 928 primo
1426 858 1479 911 in
1511 857 1684 911 lucem
1709 854 1896 917 edidit,
1925 867 2084 920 quem
2108 851 2180 905 ibi

599 951 789 1008 ordine
817 961 1150 1020 postremum
1183 947 1367 1016 ponit;
1400 945 1515 999 sive
1540 960 1661 999 cum
1691 943 1869 997 adhuc
1903 940 2182 996 Hebraicis

597 1040 985 1112 quaestionibus
1015 1037 1292 1092 insudarct
1314 1075 1330 1102 ,
1377 1043 1432 1088 et
1471 1033 1706 1088 nondum
1737 1031 1934 1086 librum
1964 1030 2030 1084 de
2071 1028 2178 1083 He-

598 1136 796 1192 braicis
821 1134 974 1190 Locis
1000 1131 1278 1196 edidisset,
1314 1131 1526 1184 tertium
1555 1126 1624 1183 de
1653 1125 1967 1180 Nominibus
1996 1121 2180 1195 vulga-

600 1231 694 1283 vit.
712 1226 1009 1283 Ferebatur
1039 1224 1127 1278 hic
1152 1223 1287 1277 liber
1311 1220 1515 1292 jamdiu
1547 1219 1672 1274 olim
1695 1217 1881 1274 Grtcce
1907 1231 1937 1271 a
1959 1215 2184 1271 Philone

604 1323 834 1392 primum
857 1317 1184 1372 deformatus
1205 1355 1221 1380 ,
1255 1311 1448 1368 deinde
1476 1309 1728 1380 Origenis
1752 1308 1932 1362 studio
1959 1314 2168 1370 auctus,

556 1392 562 1401 ’
601 1411 695 1467 sed
727 1408 1067 1482 perturbatus
1094 1406 1230 1460 adeo
1271 1415 1325 1458 et
1365 1402 1643 1464 confusus,
1678 1409 1735 1454 ut
1772 1397 1969 1454 debita:
2003 1412 2067 1452 ex
2115 1411 2182 1448 eo

603 1501 803 1573 percipi
823 1498 1037 1553 utilitati
1056 1512 1242 1568 parum
1266 1493 1566 1550 consultum
1591 1490 1785 1560 putarit
1804 1489 2181 1556 Hieronymus,

603 1594 647 1648 si
683 1603 884 1648 tantum
907 1590 1101 1644 Latine
1128 1596 1383 1652 verteret,
1411 1574 1518 1639 non
1546 1594 1722 1638 autem
1755 1596 1949 1636 novum
1981 1579 2095 1634 fere
2119 1594 2183 1633 ex

607 1686 817 1753 integro
844 1688 1140 1752 repararet.
1163 1677 1460 1742 Profectus,
1478 1689 1635 1744 quem
1664 1674 1716 1728 in
1745 1671 2019 1727 Hebraicis
2047 1671 2188 1725 litte-

608 1778 682 1832 ris
710 1777 930 1836 feccrat,
962 1785 1233 1840 specimen
1262 1778 1423 1838 atque
1449 1765 1883 1836 experimentum
1915 1761 2016 1817 hoc
2041 1760 2141 1815 fuit
2168 1801 2184 1828 ,

605 1865 749 1936 quod
786 1866 886 1918 hac
921 1863 1170 1921 nimirum
1201 1860 1270 1915 de
1321 1873 1481 1914 causa
1528 1858 1732 1911 hortatu
1757 1855 1976 1924 fratrum
2017 1852 2188 1923 Lupu-

609 1958 732 2012 liani
763 1956 872 2023 (vel
894 1953 1084 2024 Lupuli
1108 1993 1123 2016 ,
1152 1960 1209 2006 ut
1237 1951 1357 2006 libri
1385 1949 1479 2004 alii
1511 1947 1823 2018 praeferunt)
1850 1955 1897 2000 et
1935 1943 2190 2000 Valeriani

607 2046 947 2104 scribendum
975 2043 1236 2112 suscepit,
1262 2041 1336 2096 rei
1365 2041 1526 2110 ipsius
1551 2039 1772 2093 utilitate
1791 2045 2072 2091 commotus
2093 2076 2108 2099 ,
2137 2045 2191 2089 et

607 2155 716 2211 quo
737 2137 928 2192 fecisse
954 2150 1014 2190 se
1039 2133 1238 2204 aliquid
1259 2132 1538 2202 gloriatur,
1567 2129 1704 2200 quod
1723 2145 1756 2182 a
1782 2127 1972 2182 Graecis
1997 2142 2192 2197 quoque

606 2229 946 2302 appetendum
981 2235 1144 2281 esset.
1179 2223 1248 2280 Ut
1276 2223 1419 2278 enim
1462 2221 1750 2291 plerasque
1775 2235 1964 2273 omnes
1988 2232 2108 2288 qua:
2137 2218 2188 2270 in

608 2322 796 2378 Grzeco
825 2316 1115 2388 exemplari
1160 2313 1495 2369 habebantur
1525 2310 1874 2381 etymologias
1917 2308 2191 2364 nominum

609 2411 912 2473 retinuerit,
943 2422 1011 2462 ne
1047 2405 1250 2461 Graecis
1279 2402 1494 2475 quidem
1525 2401 1766 2471 exceptis
1794 2401 1997 2471 aliquot
2021 2401 2192 2454 nomi-

610 2503 790 2566 nibus,
821 2508 1148 2572 prchostera
1175 2497 1304 2552 olim
1326 2510 1454 2552 cura
1485 2494 1705 2548 intrusis
1736 2509 1749 2544 :
1781 2495 1980 2564 sacpius
2007 2499 2191 2546 tamen

611 2594 679 2650 de
703 2608 802 2648 suo
820 2591 951 2646 alias
976 2588 1200 2655 addidit,
1226 2596 1282 2643 et
1301 2601 1393 2641 eas
1417 2600 1538 2655 qua:
1567 2583 1918 2639 subabsurda:
1943 2583 2192 2638 videren-

613 2695 736 2750 tur,
779 2693 835 2740 et
857 2689 1045 2737 contra
1077 2680 1272 2748 lingua:
1298 2675 1574 2732 Hebraicze
1610 2675 1932 2746 ingenium,
1976 2675 2196 2729 uiolenta

609 2773 1024 2844 interpretatione
1051 2767 1306 2838 explicari
1337 2806 1352 2833 ,
1393 2764 1672 2838 professus
1697 2775 1800 2820 est.
1832 2764 2054 2820 Librum
2095 2764 2198 2818 ita-

609 2882 716 2939 que
740 2879 884 2921 nunc
905 2878 1061 2919 suum
1089 2869 1248 2916 vocat
1268 2899 1285 2927 ,
1316 2873 1458 2914 nunc
1484 2857 1726 2913 Philonis
1750 2897 1766 2922 ,
1791 2858 1874 2912 vel
1901 2856 2191 2930 Origenisj,

610 2967 666 3012 et
694 2953 939 3028 qumdam
969 2968 1029 3009 se
1054 2949 1250 3007 alicubi
1285 2950 1361 3004 ait
1386 2950 1440 3004 in
1469 2949 1609 3003 libro
1643 2948 1930 3004 Nominum
1974 2947 2196 3003 Hebrai-

609 3062 796 3103 corum
825 3043 1113 3114 reperisse,
1137 3056 1258 3112 quae
1287 3040 1510 3096 minime
1535 3039 1588 3094 in
1610 3039 1712 3094 hoc
1733 3053 1832 3094 suo
1858 3039 2126 3110 leguntur.

605 3168 612 3173 -
681 3135 945 3192 Editionis
988 3132 1246 3188 honorem
1299 3131 1605 3186 subsecutae
1672 3137 1794 3185 sunt
1856 3129 2200 3196 Qumstiones

610 3227 885 3285 Hebraicze
903 3227 955 3281 in
981 3205 1256 3289 Genesim,
1277 3239 1458 3277 nouum
1488 3222 1644 3293 plane
1671 3237 1821 3292 Opus,
1851 3230 1898 3276 et
1927 3229 2032 3277 tam
2051 3220 2197 3277 (ἔναιε

610 3321 683 3374 cis
701 3334 854 3389 quant
887 3316 1082 3370 Latinis
1106 3329 1328 3385 prorsus
1357 3324 1514 3368 antea
1542 3315 1851 3378 inauditum,
1880 3328 1987 3384 quo
2014 3314 2067 3370 id
2097 3315 2199 3368 sibi

612 3408 910 3481 proposuit,
941 3415 1000 3460 ut
1026 3405 1111 3460 vel
1139 3420 1351 3471 eorum,
1391 3405 1482 3474 qui
1508 3405 1577 3460 de
1601 3405 1754 3460 libris
1792 3405 2075 3462 Hebraicis
2107 3421 2200 3460 va-

612 3499 692 3554 ria
720 3495 1149 3566 suspicabantur,
1173 3507 1388 3549 errores
1427 3492 1724 3556 refelleret,
1760 3494 1846 3549 vel
1908 3510 1970 3550 ea
1999 3510 2119 3564 quae
2147 3496 2200 3550 in

614 3589 820 3648 Grecis
843 3596 898 3642 et
921 3585 1123 3640 Latinis
1148 3581 1428 3638 codicibus
1447 3591 1657 3638 scatere
1682 3583 1826 3638 vitiis
1853 3584 2198 3649 videbantur,

614 3678 917 3737 auctoritati
967 3691 1081 3733 stne
1132 3673 1400 3732 redderet.
1449 3673 1724 3744 Ejusmodi
1768 3677 2095 3744 quiestioncs
2148 3679 2200 3732 in

614 3780 840 3828 cancros
877 3781 1090 3839 quoque
1117 3766 1280 3822 libros
1306 3764 1602 3834 Scriptura:
1644 3764 1910 3820 adortlare
1939 3768 1990 3821 in
2021 3768 2202 3823 animo

615 3863 821 3929 habuit,
866 3861 1094 3916 fortasse
1120 3860 1282 3914 etiam
1319 3856 1548 3912 adorsus
1572 3867 1656 3912 est
1682 3874 1696 3910 :
1728 3857 1781 3912 id
1807 3857 1948 3928 quod
1978 3859 2203 3915 subinde

616 3955 788 4011 innuit
814 3955 949 4024 ipse,
979 3960 1038 4006 ut
1061 3965 1223 4019 quum
1251 3949 1319 4004 de
1346 3964 1406 4004 re
1433 3948 1661 4018 quadam
1693 3949 1996 4006 locuturum
2023 3965 2083 4007 se
2113 3967 2201 4006 re-

615 4044 765 4115 cipit,
796 4057 918 4097 cum
946 4039 1260 4108 Quacstiones
1280 4039 1332 4092 in
1348 4036 1384 4090 J
1389 4055 1510 4092 osue
1539 4040 1846 4107 explicabit.
1877 4039 1986 4096 Sed
2007 4056 2200 4112 quem-

616 4130 907 4189 admodum
947 4130 1001 4185 in
1053 4129 1302 4185 Generali
1350 4127 1670 4183 Prtefatiane
1723 4130 2079 4198 ostendimus,
2111 4141 2204 4186 ant

620 4234 956 4293 nequaquam
1003 4227 1188 4290 postea
1237 4217 1458 4287 perfecit
1503 4233 1622 4286 qua:
1673 4217 1742 4274 ad
1777 4219 1964 4276 rudem
2016 4236 2201 4276 earum

621 4322 929 4367 contextum
956 4309 1358 4375 informaverat,
1389 4309 1642 4379 autquod
1685 4311 1907 4378 pr0pius
1944 4309 2010 4365 ad
2040 4309 2203 4365 fidem

622 4402 851 4466 videtur,
880 4411 1084 4456 mutato
1107 4401 1354 4466 consilio,
1381 4415 1502 4456 cum
1530 4401 1725 4458 deinde
1769 4399 2202 4460 Commentarios

623 4491 950 4557 elaboraret,
982 4491 1120 4546 liciis
1167 4492 1273 4546 illis
1319 4507 1438 4560 quae
1471 4493 1812 4549 tumultuario
1835 4506 2200 4565 congesserat,

623 4585 827 4640 utiliter
855 4595 984 4636 usus
1027 4591 1154 4635 est:
1194 4583 1279 4636 vel
1320 4581 1550 4652 denique
1598 4584 1855 4654 quidquid
1913 4585 2042 4641 illud
2085 4600 2200 4643 erat

622 4675 824 4746 operis,
853 4672 992 4728 intra
1017 4668 1340 4726 domesticos
1370 4672 1600 4740 parietes
1621 4673 1881 4730 cohibuit.
1909 4675 2070 4734 Certe
2097 4695 2202 4734 non

621 4768 754 4823 alias
781 4772 1042 4834 praeterea
1081 4760 1419 4828 Quaestiones
1463 4761 1750 4818 Hebraicas
1775 4764 1827 4819 in
1859 4781 2076 4822 suorum
2102 4769 2205 4825 Ca-

623 4856 799 4926 talogo
824 4867 1047 4924 cperam
1073 4890 1089 4914 ,
1121 4863 1282 4920 quem
1311 4859 1431 4919 post
1454 4847 1623 4906 ferine
1667 4851 1937 4908 biennium
1967 4857 2202 4928 scripsit,

623 4959 784 5015 quam
807 4945 937 5000 istas
962 4943 1018 4997 in
1037 4939 1289 4998 Genesim
1310 4949 1575 5007 recenset,
1597 4955 1662 4996 ac
1687 4942 1879 5014 recipit
1903 4947 1956 5000 in
1977 4946 2200 5005 fetuum

623 5047 842 5088 suorum
891 5045 1135 5089 censum.
1177 5029 1457 5086 Postremo
1499 5029 1619 5086 loco
1660 5030 1879 5089 Librum
1926 5035 1993 5092 de
2047 5037 2205 5095 Locis

625 5123 884 5195 vulgavit,
930 5138 1090 5195 quem
1135 5120 1323 5178 Grzece
1363 5123 1732 5193 praescriptum
1776 5125 1846 5181 ab
1888 5125 2120 5184 Eusebio
2150 5130 2202 5186 in

626 5216 875 5273 Latinum
898 5215 1190 5280 transtulit,
1209 5213 1403 5270 alicubi
1425 5216 1584 5271 etiam
1614 5216 1859 5284 mutavit,
1883 5226 1939 5274 et
1959 5221 2200 5278 nonnilnl

623 5304 792 5371 auxit,
844 5313 904 5359 ut
943 5319 1012 5359 ex
1059 5304 1234 5360 Graeci
1283 5313 1430 5362 textu
1454 5347 1470 5372 ,
1511 5321 1668 5376 quem
1703 5321 1735 5362 e
1774 5307 2203 5382 Hieronymianae

626 5394 1085 5462 lnterpretationis
1126 5397 1346 5464 regione
1399 5397 1704 5466 edidimus,
1729 5399 2017 5458 collatione
2069 5420 2195 5473 per-

627 5484 874 5552 spicuum
893 5489 998 5536 est.
1018 5482 1168 5540 Hanc
1186 5485 1484 5542 libertatem
1507 5489 1578 5543 ita
1600 5490 1715 5559 ipse
1739 5501 1964 5549 excusat
1981 5494 2032 5548 in
2057 5495 2204 5550 Prze-

629 5571 851 5636 fatione,
867 5568 1039 5623 Semel
1056 5571 1188 5624 enim
1209 5581 1254 5625 et
1273 5576 1322 5629 in
1343 5576 1647 5647 Temporum
1663 5579 1791 5634 libro
1807 5585 2054 5653 prwfatus
2065 5600 2199 5650 sum,

628 5673 710 5710 tne
741 5657 819 5712 vel
857 5658 1178 5726 interpretem
1219 5676 1343 5727 esse,
1389 5666 1466 5718 vel
1511 5667 1624 5720 noui
1649 5671 1816 5737 operis
1869 5673 2199 5732 conditorent.

2287 391 2551 462 Opposuit
2599 408 2727 449 vero
2778 396 3274 464 interpretationem
3321 396 3460 454 hanc
3505 413 3654 456 suam
3689 401 3862 470 alteri,

2285 498 2444 550 quam
2471 479 2676 553 quidam
2705 486 2788 539 vix
2817 485 2994 555 primis
3043 487 3262 540 imbutus
3290 488 3469 543 litteris
3510 490 3672 547 edere
3705 507 3866 550 ausus

2287 572 2481 639 fuerat,
2531 583 2585 627 ut
2628 591 2692 629 ea:
2711 577 3088 646 comparatione
3131 579 3396 648 utriusque
3419 581 3644 650 prudens
3687 583 3866 640 Lector

2281 663 2536 732 judicium
2571 665 2784 720 laceret.

2358 755 2447 810 lll.
2500 755 2594 810 His
2645 757 2852 830 Didymi
2905 758 3099 814 librum
3151 759 3205 814 in
3260 760 3514 832 Catalogo
3558 764 3865 831 subnectit,

2287 863 2448 919 quem
2468 846 2521 903 in
2550 864 2748 905 annum
2764 850 2876 920 jam
2904 852 3145 922 quintum
3175 855 3471 922 premebat,
3493 871 3557 910 ex
3579 872 3685 927 quo
3715 859 3866 913 illum

2287 938 2494 1006 Romae,
2538 954 2656 994 cum
2697 940 2957 998 Damasus
2999 943 3174 999 adhuc
3215 944 3267 998 in
3321 945 3457 999 vivis
3501 958 3704 1016 ageret,
3755 949 3870 1004 sive

2289 1045 2430 1086 anno
2457 1032 2582 1094 584.
2608 1042 2664 1086 ut
2689 1047 2788 1088 suo
2815 1036 2933 1089 loco
2962 1035 3287 1099 monuimus,
3321 1036 3386 1090 ad
3416 1036 3574 1092 linem
3604 1049 3861 1107 vergente

2287 1132 2526 1192 caeperat
2555 1123 2914 1194 interpretari.
2943 1124 3188 1180 Resumit
3227 1141 3352 1181 eum
3381 1127 3566 1196 itaque
3596 1129 3647 1182 in
3673 1146 3864 1184 manus

2287 1224 2342 1268 et
2369 1215 2483 1270 sive
2511 1215 2760 1269 secundis
2789 1216 2932 1271 curis
2961 1225 3130 1271 totum
3165 1219 3559 1287 reettgnoverit,
3599 1221 3712 1275 sive
3740 1222 3870 1276 reli-

2287 1320 2446 1374 quam
2478 1304 2639 1359 modo
2670 1316 2900 1375 partem,
2929 1323 3088 1378 quam
3133 1311 3553 1378 praetermiserat
3579 1353 3594 1375 ,
3625 1312 3677 1366 in
3721 1312 3870 1368 Lati-

2289 1395 2455 1450 tinum
2489 1397 2748 1458 verterit,
2778 1411 2902 1452 eum
2947 1413 3079 1454 sane
3119 1399 3320 1453 diutius
3368 1399 3537 1455 latere
3568 1401 3706 1455 intra
3751 1403 3866 1457 cel-

2287 1485 2410 1540 lu|:e
2436 1499 2548 1540 suat
2590 1486 2822 1557 parietes
2848 1488 3069 1544 minime
3094 1503 3282 1559 passus
3308 1500 3390 1544 est
3407 1530 3424 1557 ,
3457 1490 3550 1545 sed
3579 1490 3795 1555 honori,
3815 1505 3872 1546 ut

2291 1577 2405 1647 ipse
2434 1578 2575 1648 loqui
2612 1588 2775 1643 amat,
2825 1580 3101 1646 editionis,
3137 1582 3238 1636 hoc
3264 1582 3473 1637 scilicet
3512 1583 3615 1638 589
3639 1598 3780 1638 anno
3805 1584 3872 1638 ad

2292 1671 2450 1724 finem
2479 1681 2824 1741 properante,
2855 1675 3135 1742 permisit,
3167 1684 3222 1729 et
3251 1675 3564 1729 Pauliniano
3592 1673 3743 1730 fratri
3775 1691 3874 1729 suo

2291 1758 2578 1814 dedicavit.
2621 1759 2754 1816 Rem
2786 1771 2950 1816 totam
2996 1773 3178 1818 narrat
3228 1764 3343 1834 ipse
3393 1767 3444 1819 in
3499 1765 3872 1821 Prwfatione:

2293 1848 2419 1904 Cum
2455 1851 2506 1904 in
2547 1849 2824 1922 Babylone,
2873 1854 3136 1925 inquiens,
3184 1872 3431 1922 versarer,
3487 1867 3533 1910 et
3577 1871 3876 1927 purpurata

2283 1920 2566 1997 meretricis
2619 1959 2777 1998 essent
2821 1944 3053 2010 colonus,
3104 1955 3152 1999 et
3179 1947 3300 2016 jure
3330 1946 3586 2013 Quiritum
3636 1949 3872 2012 viverem,

2294 2032 2429 2085 volui
2470 2033 2666 2102 garrire
2711 2035 2908 2105 aliquid
2946 2035 3010 2090 de
3055 2036 3258 2107 Spiritu
3312 2038 3524 2102 Sancto,
3577 2049 3626 2092 et
3656 2050 3878 2110 captum

2293 2123 2595 2194 apusculum
2645 2127 2870 2197 ejusdem
2923 2127 3075 2184 Urbis
3131 2129 3378 2200 Ponti/ici
3424 2133 3676 2187 dedicare.
3737 2133 3874 2189 Tum

2296 2216 2478 2285 paucis
2504 2215 2798 2286 interjectis
2823 2218 2891 2273 de
2919 2219 3044 2274 odio
3062 2261 3078 2287 ,
3124 2236 3232 2291 quo
3259 2222 3399 2292 apud
3433 2222 3704 2280 Romanos
3731 2225 3878 2278 Iaho-

2294 2307 2454 2370 ravit,
2479 2304 2628 2360 Illico
2649 2322 2762 2377 ego,
2788 2307 2986 2373 subdit,
3012 2312 3146 2365 velut
3171 2313 3480 2381 postliminio
3501 2313 3879 2385 Jerosolymant

2294 2412 2406 2450 sum
2431 2412 2680 2460 reversus.
2699 2406 2744 2452 et
2785 2410 2896 2470 post
2921 2401 3129 2456 Romuli
3181 2419 3354 2457 casam
3386 2414 3432 2457 et
3463 2403 3726 2460 Ludorunt
3773 2406 3880 2460 Lu-

2299 2487 2539 2556 percalia,
2595 2488 2926 2544 diversorium
2966 2490 3149 2546 Mariae
3191 2502 3238 2547 et
3269 2493 3552 2550 Saluatoris
3583 2497 3881 2566 speluncam

2299 2576 2530 2645 adspexi.
2563 2576 2769 2648 Itaque,
2814 2581 2883 2633 nti
2911 2579 3222 2636 Pauliniane
3266 2583 3594 2654 frater,quia
3639 2589 3884 2654 supradi-

2299 2676 2409 2720 ctus
2429 2666 2674 2738 Pontifex
2699 2668 2970 2735 Damasus,
2988 2674 3075 2741 qui
3101 2689 3180 2729 me
3207 2675 3389 2728 adhoc
3409 2691 3538 2745 opus
3567 2677 3759 2747 primus
3787 2679 3886 2732 int-

2303 2759 2522 2826 pulerat,
2553 2757 2852 2815 obdormivit
2888 2765 2942 2817 in
2975 2761 3199 2832 Christo,
3232 2775 3334 2820 tam
3358 2775 3464 2831 tuo,
3495 2784 3650 2838 quam.
3673 2784 3884 2824 venera-

2303 2849 2480 2903 bilium
2521 2851 2646 2905 mihi
2690 2854 2994 2907 ancillarum
3045 2855 3255 2924 Christi,
3304 2857 3485 2913 Paula:
3519 2869 3566 2913 et
3616 2858 3888 2916 Eustachii

2304 2957 2437 2995 nunc
2475 2942 2682 3013 adjutus
2711 2955 2892 3011 oratu;
2919 2949 3170 3002 canticum
3204 2949 3341 3018 quod
3370 2962 3580 3006 cantare
3602 2969 3703 3006 non
3745 2956 3888 3023 potui

2301 3033 2356 3085 in
2388 3043 2520 3086 terra
2562 3035 2750 3098 aliena,
2782 3037 2863 3090 hic
2901 3055 2934 3091 a
2979 3038 3116 3093 vobis
3156 3041 3206 3094 in
3249 3040 3433 3097 ludam
3460 3053 3755 3112 prouocatus
3785 3047 3888 3100 int-

2305 3141 2628 3178 nturnturo...
2657 3122 2724 3180 Et
2754 3137 2808 3180 ut
2837 3127 3106 3184 Auctorem
3127 3131 3274 3186 titulo
3317 3137 3500 3203 fatear,
3537 3135 3695 3189 malui
3724 3136 3891 3191 alieni

2305 3216 2470 3285 aperis
2509 3217 2758 3286 interpres
2805 3221 3034 3288 existere,
3087 3241 3240 3293 quant
3287 3224 3364 3295 (ut
3394 3227 3599 3296 quidam
3644 3229 3891 3298 faciunt)

2310 3308 2547 3380 informis
2577 3311 2858 3378 cornicula,
2887 3314 3066 3369 alienis
3088 3332 3166 3370 me
3179 3318 3433 3373 coloribus
3452 3319 3723 3375 adornare.
3753 3322 3894 3389 Qui-

2307 3398 2406 3453 bus
2429 3401 2712 3468 postremis
2757 3403 2934 3457 verbis
2957 3445 2972 3470 ,
3007 3407 3238 3462 maxime
3281 3423 3410 3464 vero
3439 3410 3522 3464 his
3548 3427 3665 3481 quae
3693 3411 3896 3468 subse-

2306 3497 2558 3556 quuntur,
2588 3489 2645 3544 S.
2668 3490 3004 3548 Ambrosium
3027 3496 3295 3567 suggillari
3319 3499 3594 3554 contendit
3617 3499 3897 3567 Bullinus,

2306 3595 2476 3650 eaque
2503 3579 2572 3636 de
2596 3597 2786 3639 caussa
2804 3587 3231 3643 criminationem
3263 3590 3315 3644 in
3344 3590 3722 3662 Hieronymum
3768 3608 3899 3664 gra-

2308 3670 2577 3727 vissimam
2609 3672 2855 3730 intentat.
2896 3677 3105 3733 Dictum
3149 3679 3268 3736 aliis
3297 3666 3360 3736 ea
3399 3681 3467 3737 de
3495 3697 3576 3747 re,
3626 3693 3683 3738 et
3731 3684 3902 3741 nobis

2306 3780 2406 3820 suo
2430 3763 2568 3822 loco.

2378 3855 2466 3910 IV.
2496 3856 2800 3915 Succedunt
2825 3859 3069 3917 Homilize
3113 3863 3521 3933 trigintanovem
3548 3867 3803 3938 Origenis
3841 3871 3900 3926 in

2308 3945 2528 4011 Lucam,
2558 3963 2691 4018 quas
2717 3966 3026 4019 persuasum
3061 3963 3144 4009 est
3172 3955 3344 4011 doctis
3391 3956 3519 4011 viris
3559 3956 3724 4014 fuisse
3767 3968 3909 4014 ante

2307 4037 2376 4090 ab
2399 4051 2464 4091 eo
2512 4036 2748 4113 redditas
2785 4039 3010 4108 Latine,
3043 4058 3202 4113 quam
3236 4044 3524 4101 llebraicas
3553 4047 3604 4100 in
3631 4046 3905 4104 Genesim

2307 4110 2661 4193 Quaestiones,
2680 4141 2733 4184 et
2761 4129 2979 4184 Librum
3004 4110 3079 4187 de
3099 4133 3258 4189 Locis
3286 4133 3488 4201 ederet,
3516 4150 3688 4205 eoque
3715 4140 3908 4206 magis

2307 4229 2431 4274 ante
2455 4234 2578 4274 eum
2603 4235 2757 4290 quem
2784 4222 2945 4277 modo
2976 4225 3346 4280 recensuimus
3368 4265 3382 4287 ,
3412 4225 3641 4295 Dyolimi
3671 4227 3742 4282 de
3765 4228 3908 4296 Spi-

2309 4310 2413 4364 ritu
2438 4309 2634 4365 Sancto
2656 4309 2982 4368 Tmetatum.
3011 4314 3069 4369 In
3096 4329 3254 4384 quam
3295 4316 3614 4370 sententiam
3643 4317 3913 4387 locuples

2309 4398 2523 4469 quidem
2551 4414 2646 4454 eos
2664 4400 2882 4457 adduxit
2905 4402 2963 4458 S.
2987 4404 3266 4474 ipsiusmet
3291 4405 3466 4459 Patris
3485 4405 3535 4459 in
3567 4406 3916 4464 Przel'atione

2309 4491 2375 4545 ad
2421 4489 2678 4546 Homilias
2734 4493 2853 4550 illas
2890 4495 3038 4551 locus
3079 4513 3092 4549 :
3141 4495 3449 4552 Pralermist'
3477 4498 3745 4569 paululum
3785 4500 3919 4556 He-

2310 4581 2593 4636 braicarunt
2623 4581 2966 4650 Quintianum
2988 4585 3175 4652 libros,
3206 4598 3262 4641 ut
3287 4589 3356 4641 ad
3378 4589 3640 4643 arbitrium
3669 4601 3922 4646 vestrum

2310 4671 2566 4727 lucrativis
2591 4675 2756 4744 aperis
2783 4675 2890 4730 [nec
2916 4676 3304 4747 qualiacumque
3333 4687 3470 4742 sunt,
3520 4695 3623 4734 non
3663 4696 3784 4736 mea
3818 4685 3925 4738 sed

2311 4760 2479 4816 aliena
2520 4761 2781 4818 dictarem.
2835 4765 3028 4820 Verum
3071 4767 3225 4822 valde
3263 4779 3363 4839 ego
3409 4768 3566 4823 aliter
3606 4771 3824 4838 sentio,
3864 4785 3930 4828 et

2312 4868 2589 4923 perperam
2611 4857 2882 4926 accepisse
2902 4872 2996 4912 eos
3021 4867 3253 4914 mentem
3272 4859 3329 4914 S.
3358 4859 3619 4926 Doetoris,
3643 4875 3932 4920 sensum-

2311 4961 2415 5016 que
2457 4945 2574 5015 ejns
2602 4947 2906 5014 verborum,
2936 4957 3175 5003 autumo.
3226 4950 3409 5020 Neque
3443 4949 3584 5006 enim
3625 4951 3933 5019 Qumstio-

2312 5053 2437 5092 num
2468 5037 2522 5092 in
2546 5037 2814 5102 Genesim,
2862 5038 2958 5094 sed
2987 5043 3148 5102 ἅπλῶς
3177 5041 3521 5106 Quaestionum
3549 5040 3701 5096 libros
3732 5058 3811 5100 se
3844 5049 3938 5103 ait

2311 5127 2664 5183 intermisisse
2693 5145 2706 5180 :
2741 5128 3017 5198 multoque
3061 5130 3388 5200 probabilius
3417 5141 3532 5196 est,
3562 5140 3616 5186 et
3644 5147 3747 5200 par
3782 5152 3931 5193 (ιι-ε-

2309 5220 2457 5284 dere,
2481 5218 2550 5273 de
2575 5219 2694 5272 aliis
2718 5234 2838 5273 eum
2871 5220 3014 5290 loqui
3037 5263 3054 5287 ,
3081 5238 3212 5291 quas
3241 5223 3291 5276 in
3335 5224 3570 5294 reliquos
3595 5225 3935 5296 Scriptum

2312 5310 2478 5364 libros
2495 5307 2713 5378 parabat
2741 5307 2818 5380 (et
2844 5313 3013 5366 semel
3055 5321 3180 5366 tunc
3205 5313 3529 5384 interceptas
3549 5355 3563 5379 ,
3593 5325 3832 5385 postea,
3868 5331 3936 5377 ut

2309 5401 2562 5466 diximus,
2606 5400 2826 5456 omnino
2854 5402 3229 5471 praetermisit)
3255 5418 3415 5473 quam
3457 5404 3525 5460 de
3550 5405 3839 5476 singulari
3875 5413 3938 5468 in

2310 5493 2561 5550 Genesim
2613 5491 2770 5555 libro,
2806 5506 2964 5562 quem
3019 5501 3128 5546 tota
3181 5507 3360 5547 rerum
3404 5497 3594 5558 series,
3640 5505 3695 5554 et
3743 5515 3942 5571 quem

2313 5594 2460 5641 tenet
2487 5584 2622 5640 ordo
2644 5584 2695 5638 in
2722 5582 3000 5654 Catalogo,
3030 5583 3320 5652 perlectum
3344 5586 3456 5663 jam
3481 5595 3666 5656 antea,
3699 5605 3786 5651 ac
3822 5613 3942 5669 μυ.

2310 5675 2432 5730 blici
2455 5674 2595 5745 juris
2620 5673 2840 5739 factum,
2871 5671 3208 5744 persuadent.
3241 5671 3398 5740 Quod
3419 5676 3465 5730 si
3495 5691 3686 5736 verum
3708 5694 3844 5755 est,
3879 5700 3948 5744 tu
