4050 6188
220 320 285 375 75
718 378 720 380 ν
1504 316 1564 369 s.
1606 310 1982 371 HIERONYMI
2019 313 2247 375 VITA..
3422 324 3482 379 7t

219 434 324 490 veri
352 431 589 502 speciem
630 444 843 487 omnem
880 428 1043 485 habet
1070 447 1085 483 :
1116 430 1212 485 has
1255 444 1398 485 anno
1424 430 1639 486 demum
1686 428 1794 485 390

218 543 281 582 ex
304 526 495 582 Grtrco
522 526 574 580 in
612 520 857 581 Latinum
884 522 1273 579 convertenda:
1307 523 1564 579 Homilias
1604 538 1793 579 susce-

219 620 368 690 perit.
385 618 440 672 In
476 616 795 672 Praefatione
815 616 882 669 ad
909 617 1125 671 Paulam
1152 626 1208 670 et
1235 615 1577 670 Eustochium
1600 631 1793 685 quem-

218 712 332 765 dam
362 726 519 779 quem
556 709 673 764 istze
710 708 975 778 legerant,
1014 722 1114 762 nec
1159 707 1291 762 satis
1323 716 1500 760 tamen
1529 706 1788 775 probave-

218 810 370 863 rant,
403 798 563 853 Luem
594 799 942 868 interpretem
972 795 1032 852 S.
1060 796 1219 851 Pater
1243 796 1489 866 suggillat
1514 813 1527 847 :
1560 810 1791 863 euntque

216 890 268 947 S.
315 892 659 945 Ambrosium
714 905 880 955 esse,
940 889 1031 959 qui
1087 898 1213 943 ante
1269 887 1437 943 ferme
1504 888 1793 957 quadrien-

216 985 354 1037 nium
382 998 509 1038 suos
561 983 805 1037 ediderat
849 982 1275 1037 Commentarios
1331 981 1383 1036 in
1414 979 1612 1035 Lucam
1658 978 1792 1052 (ln-

212 1083 335 1128 rect.
374 1073 466 1143 ll)
488 1114 503 1137 ,
526 1072 776 1127 Rnflinus
800 1071 1095 1129 contendit.
1125 1071 1194 1125 Et
1223 1071 1452 1141 probare
1490 1072 1653 1125 etiam
1681 1080 1790 1123 tum

211 1181 271 1219 ex
317 1182 386 1220 eo
414 1166 624 1232 nititur,
668 1166 811 1235 quod
858 1165 1034 1219 nullus
1069 1179 1137 1218 ex
1179 1163 1386 1218 Latinis
1428 1163 1493 1217 ad
1525 1163 1578 1217 id
1627 1177 1793 1232 usque

212 1259 475 1329 temporis
520 1268 715 1327 pra-ter
757 1259 1093 1313 Ambrosium
1142 1256 1195 1312 in
1233 1258 1431 1311 Lucam
1461 1258 1792 1326 scripsisset,

208 1358 323 1402 tum
364 1349 510 1419 quod
554 1349 832 1417 ipsiusmet
876 1348 1166 1418 Epistulam
1199 1349 1509 1418 llieronymi
1559 1349 1797 1417 proferre

203 1451 417 1510 posset,
466 1441 519 1493 in
565 1456 667 1509 qua
694 1440 788 1493 hoc
817 1440 984 1508 ipsum
1010 1440 1074 1492 de
1100 1440 1217 1493 aliis
1256 1456 1531 1503 excusans,
1566 1442 1618 1491 in
1652 1440 1797 1491 illum

208 1531 453 1584 convertit
499 1531 859 1597 suspicionem.
908 1528 1012 1583 Sed
1063 1544 1239 1597 neque
1294 1529 1431 1583 hanc
1477 1529 1790 1597 Epistulam,

210 1619 349 1688 quod
381 1619 656 1672 secretiora
701 1620 934 1688 quadam
975 1618 1076 1671 alia
1107 1619 1405 1672 contineret
1426 1658 1439 1679 ,
1472 1617 1714 1671 Bullinus
1742 1618 1791 1669 iu

211 1712 397 1781 vulgus
425 1710 611 1774 edidit,
647 1718 739 1762 aut
758 1712 1035 1778 quisquam
1064 1709 1215 1769 vidit,
1251 1718 1308 1761 ut
1334 1724 1397 1761 ex
1426 1724 1487 1761 ea
1515 1709 1788 1775 disputare

209 1799 367 1855 liceat
410 1817 425 1853 :
474 1814 652 1869 neque
695 1799 895 1851 homini
948 1798 1229 1867 plusquam
1278 1798 1553 1850 Vatiniana
1585 1797 1702 1849 odia
1734 1798 1787 1850 in

210 1890 588 1961 Hieronymum
633 1889 900 1944 exercenti
922 1931 936 1951 ,
965 1887 1120 1942 facile
1146 1888 1247 1940 erit
1294 1888 1383 1956 qui
1417 1888 1514 1940 hac
1561 1887 1613 1940 in
1644 1904 1701 1941 re
1727 1885 1783 1939 ll~

207 1982 328 2036 dem
356 1981 629 2035 adhibeat.
662 1980 869 2033 Cretera
896 1994 1014 2045 qum
1041 1978 1281 2046 ejusdem
1327 1977 1623 2031 calumnias
1658 1991 1786 2042 spe-

207 2082 375 2137 ctant,
421 2086 553 2140 quas
597 2072 649 2125 in
702 2072 837 2125 hanc
888 2070 1101 2125 instruit
1145 2069 1491 2123 llomiliarnm
1540 2067 1787 2138 Origenis

208 2163 450 2216 Latinam
483 2163 1000 2232 interpretationem,
1029 2164 1158 2214 satis
1184 2161 1395 2215 abunde
1419 2161 1699 2229 dispuncta
1728 2170 1786 2214 et

208 2252 434 2309 refutatu
487 2240 612 2307 sunt
642 2253 795 2308 nobis
840 2253 890 2306 in
922 2253 1241 2306 Praelatione
1271 2252 1337 2305 ad
1366 2251 1594 2306 Tomum
1624 2252 1789 2321 septi-

208 2360 348 2398 mum
371 2386 386 2409 ,
414 2360 533 2413 qua:
562 2345 607 2398 si
635 2345 762 2398 tanti
815 2352 975 2407 sunt,
1010 2344 1237 2398 recolas.

278 2435 343 2490 ν.
370 2436 536 2489 Paulo
556 2445 697 2504 post,
726 2434 828 2489 hoc
856 2444 1055 2500 tamen,
1084 2442 1141 2487 ut
1168 2433 1404 2498 videtur,
1437 2446 1579 2486 anno
1609 2431 1791 2486 elucu-

207 2527 381 2580 bravii
409 2525 468 2581 8.
503 2524 661 2580 Pater
684 2540 779 2578 eos
802 2525 961 2579 etiam
989 2538 1128 2593 quos
1171 2537 1311 2593 pone
1338 2522 1521 2577 subdit
1546 2522 1599 2575 in
1631 2520 1786 2574 Psal-

204 2634 315 2671 mos
347 2634 381 2670 a
430 2616 625 2670 decimo
660 2631 819 2685 usque
870 2615 938 2667 ad
983 2614 1233 2667 decimum
1276 2623 1473 2666 sextum
1516 2611 1786 2665 Tractatus

202 2718 414 2777 septem.
448 2708 597 2762 Docti
625 2706 744 2771 viri,
775 2705 843 2760 de
865 2720 1089 2775 quorum
1120 2718 1344 2758 numero
1376 2703 1554 2758 Sixtus
1575 2702 1784 2757 Senen-

204 2802 279 2854 sis
299 2810 354 2856 et
391 2799 573 2853 Daniel
601 2797 844 2861 ﬂuetius,
878 2812 981 2851 non
1014 2796 1147 2849 alias
1175 2803 1430 2865 przcterea
1475 2795 1785 2849 existimant

205 2891 395 2957 fuisse,
444 2905 603 2959 quam
657 2889 874 2941 totidctn
917 2887 1163 2956 Origeuis
1213 2885 1488 2948 Hmnilias,
1536 2899 1669 2955 quas
1716 2885 1785 2940 de

204 2982 396 3038 Graeco
423 2982 480 3034 in
508 2978 752 3032 Latinum
788 2977 1138 3032 transtulerit.
1162 2974 1329 3029 Nobis
1353 2976 1449 3029 hac
1471 2974 1539 3029 de
1569 2990 1627 3035 re
1652 2974 1784 3028 nihil

201 3090 303 3145 pro
334 3085 487 3127 certo
513 3071 779 3124 afﬁrmare
806 3071 980 3141 placet
1006 3111 1019 3134 ,
1053 3068 1285 3123 maxime
1312 3084 1430 3121 cum
1465 3077 1570 3121 tota
1599 3067 1786 3122 elucu-

202 3165 378 3219 bratio
398 3162 489 3217 illa
514 3161 866 3222 desideretur,
899 3176 964 3213 ex
996 3175 1097 3228 qua
1147 3173 1361 3213 sumere
1388 3159 1441 3211 in
1469 3158 1785 3212 alterutram

202 3268 413 3327 partem
441 3264 811 3324 argumentum
840 3252 1046 3306 liceret.
1070 3250 1207 3316 Quin
1241 3251 1416 3319 potius
1438 3250 1482 3303 si
1503 3249 1631 3319 quid
1659 3264 1789 3303 con-

198 3350 369 3417 jicere
397 3361 466 3401 ex
494 3344 673 3410 modo,
711 3358 817 3413 quo
843 3343 909 3397 ab
936 3343 1055 3410 ipso
1083 3351 1431 3396 recensentur
1454 3379 1469 3406 ,
1497 3341 1644 3405 licet,
1672 3354 1786 3392 ma~

206 3441 298 3494 lim
327 3452 429 3509 ego
460 3433 843 3507 primogenitos
873 3431 1033 3487 fanus
1059 3431 1116 3486 8.
1146 3432 1388 3485 Doctoris
1431 3431 1742 3485 existimare
1772 3448 1784 3483 :

204 3530 421 3587 tametsi
480 3525 764 3581 maximam
810 3534 1013 3593 partem
1056 3538 1122 3578 ex
1181 3523 1370 3592 graecis
1430 3521 1789 3590 Scriptorihus

204 3634 368 3693 atque
394 3619 627 3689 Origene
658 3616 949 3687 prxesertim
973 3656 987 3678 ,
1018 3625 1074 3669 ut
1114 3615 1167 3669 in
1214 3630 1364 3669 more
1388 3615 1622 3684 positum
1664 3624 1790 3668 tunc

205 3714 285 3768 illi
328 3720 444 3768 erat
466 3752 483 3778 ,
519 3709 856 3778 desumptos,
888 3706 1031 3761 ultro
1060 3707 1220 3761 etiam
1265 3704 1453 3760 fatear.
1486 3706 1653 3759 Porro
1695 3719 1793 3758 cur

206 3802 599 3867 interciderint,
624 3811 716 3854 aut
736 3811 882 3854 certe
904 3813 1077 3869 neque
1105 3797 1296 3866 integri
1318 3806 1591 3865 superent,
1614 3810 1789 3866 neque

205 3913 276 3952 eo
300 3897 469 3959 cultu,
504 3904 558 3947 ut
600 3894 669 3947 ab
696 3891 922 3946 aliorum
970 3888 1470 3959 interpolatiouibns
1500 3887 1791 3941 internosci

208 3998 428 4058 queant,
460 4001 708 4041 caussam
750 3984 1055 4038 addidimus
1084 3982 1136 4036 in
1165 3981 1543 4035 Admonitione
1569 3981 1634 4033 ad
1666 3978 1792 4032 Bre-

206 4082 423 4134 ciart'um
448 4081 505 4133 in
537 4077 774 4132 Psalmos
798 4118 813 4143 ,
840 4075 981 4146 quod
1003 4074 1243 4144 Septimo
1271 4072 1440 4127 Turno
1466 4071 1792 4141 Appendicis

211 4171 328 4226 loco
357 4172 751 4225 snhueCtimns.

286 4262 372 4315 VI.
410 4259 659 4323 Videtur,
707 4258 791 4311 bis
826 4255 1085 4311 absolutis
1113 4253 1517 4325 scriptionibus,
1547 4255 1794 4324 aliquan-

209 4355 297 4409 diu
336 4354 437 4409 sibi
457 4351 731 4407 silentium
753 4349 1071 4419 imposuisse
1089 4346 1147 4401 S.
1178 4348 1336 4403 Pater
1365 4364 1379 4402 :
1405 4346 1569 4401 Silere
1588 4346 1794 4417 quippe,
1854 4374 1861 4379 -

210 4446 304 4509 ait,
349 4462 430 4499 me
472 4444 616 4514 fecit,
649 4442 731 4495 cui
760 4458 899 4495 meus
923 4456 1087 4494 sermo
1115 4438 1423 4509 supplicium
1452 4446 1523 4492 est
1551 4436 1791 4506 (Prolog.

208 4539 283 4593 ﬂ
308 4535 412 4591 ru.
442 4533 689 4600 Halani).
720 4531 822 4587 Sed
854 4530 1155 4601 graviorem
1188 4528 1424 4594 interim,
1455 4542 1518 4582 ac
1544 4526 1797 4596 longioris

210 4628 381 4680 multo
420 4640 607 4694 opera:
646 4623 989 4694 sciptionem
1035 4620 1213 4675 animo
1250 4618 1360 4697 jam
1405 4618 1646 4689 parabat,
1676 4618 1796 4672 uni-

208 4732 441 4779 versam,
472 4714 750 4777 videlicet,
784 4729 969 4771 rem
993 4712 1309 4769 Christiana:
1339 4710 1639 4776 historiam,
1674 4709 1795 4763 lite~

211 4809 285 4861 ris
326 4808 670 4875 consignare.
703 4803 937 4859 Scribere
961 4804 1123 4869 enim,
1148 4802 1339 4871 inquit,
1373 4800 1599 4869 disposui
1631 4801 1697 4869 (si
1721 4809 1799 4852 ta-

208 4916 322 4950 men
353 4902 507 4951 vitam
539 4896 792 4949 Dominus
833 4895 1027 4948 dederit
1068 4912 1088 4948 :
1134 4904 1182 4947 et
1222 4894 1658 4963 si’ttintperulores
1700 4893 1799 4947 mei

205 4990 393 5041 saltem
444 4990 712 5057 fugientem
759 5004 858 5051 me,
904 4996 950 5040 et
997 4985 1249 5039 inclusum
1278 4986 1512 5056 persequi
1535 4985 1797 5056 desierint)

204 5079 265 5131 ab
298 5079 527 5131 adventu
558 5077 837 5132 Saluatoris
868 5093 1023 5147 usque
1050 5077 1117 5130 ad
1144 5086 1368 5129 nostram
1411 5086 1628 5142 (etatem,
1653 5076 1709 5129 id
1727 5086 1803 5132 est

205 5171 266 5223 ab
300 5174 338 5224 Α
345 5171 561 5241 postalis
582 5186 739 5240 usque
758 5170 825 5220 ad
844 5170 1000 5221 nostri
1024 5169 1261 5233 temporis
1276 5171 1455 5240 recent,
1480 5168 1732 5234 quomodo
1754 5178 1800 5222 et

204 5280 295 5322 per
316 5280 440 5332 quos
457 5263 648 5315 Christi
669 5260 898 5314 Ecclesia
915 5270 1035 5313 nata
1055 5261 1139 5326 sit,
1156 5270 1201 5314 et
1216 5262 1414 5325 adulta,
1436 5261 1799 5331 persecutioni-

194 5342 297 5406 ibus
328 5356 563 5415 creverit,
596 5363 644 5407 et
673 5352 938 5423 martyriis
964 5361 1204 5406 coronata
1229 5354 1294 5407 sit
1322 5368 1340 5407 :
1366 5363 1413 5406 et
1443 5362 1706 5424 postquam
1731 5352 1799 5405 ad

200 5444 523 5502 Christianos
574 5445 846 5516 Principes
885 5445 1094 5511 venerit,
1127 5447 1349 5516 potentia
1376 5445 1577 5513 quidem
1598 5454 1646 5497 et
1673 5445 1801 5498 diri-

201 5538 283 5592 tiis
311 5538 496 5609 major,
518 5536 612 5593 sed
630 5537 903 5591 virtutibus
920 5536 1085 5590 minor
1096 5540 1237 5607 facta
1251 5538 1315 5591 sit
1338 5534 1608 5604 (Ibidem).
1636 5534 1801 5587 Porro

199 5628 534 5684 elucnlirarit
580 5641 687 5682 nec
736 5644 803 5681 nc
847 5638 1033 5697 postea
1084 5627 1221 5681 istud
1263 5627 1463 5697 Operis,
1498 5625 1798 5679 dubitatum

200 5728 285 5771 est
316 5720 457 5774 inter
480 5718 751 5783 eruditos,
785 5716 884 5770 ctsi
917 5718 1056 5769 enim
1102 5717 1165 5769 ad
1214 5732 1310 5771 nos
1354 5717 1481 5771 nihil
1529 5713 1795 5784 ejusmodi

1904 428 2231 497 pervenerit,
2278 443 2455 497 neque
2493 429 2597 483 ulla
2645 443 2877 499 unquam
2923 433 3039 502 ejus
3066 434 3205 504 apud
3230 438 3479 509 antiquos

1903 520 2023 575 vola
2050 520 2120 575 sit
2145 530 2237 575 aut
2270 520 2573 591 vestigium,
2600 519 2875 576 afﬁrmare
2904 530 3079 579 tamen
3105 527 3316 583 videtur
3340 529 3489 600 ipse-

1900 620 2031 676 met,
2056 611 2214 681 idque
2235 620 2357 681 post
2377 627 2545 666 annos
2566 611 2859 666 admodum
2879 613 3085 681 decem,
3107 615 3266 673 Libro
3288 617 3327 673 l.
3351 635 3481 676 con-

1901 711 1979 756 tra
2007 702 2305 768 numnum,
2340 704 2428 758 ubi
2460 719 2516 759 se
2544 706 2622 759 ait
2652 704 3085 761 Ecclesiasticam
3131 709 3346 766 Eusebii
3392 714 3475 769 bi-

1899 796 2116 848 storiam
2165 794 2186 868 (
2209 811 2370 865 quam
2398 811 2509 851 sua:
2537 795 2799 867 potuisset
2828 797 3106 869 inserere)
3156 802 3208 855 in
3238 801 3481 859 Latinum

1900 888 2258 943 transtulisse.
2307 880 2555 956 Laudari,
2605 889 2802 959 inquit,
2851 889 3126 945 Eusebium
3169 893 3223 947 in
3255 893 3484 950 Historia

1903 977 2277 1047 lz'cclesiastica,
2309 983 2361 1035 in
2392 982 2671 1052 digestione
2694 980 3004 1053 Temporum
3035 983 3175 1057 (btec
3200 997 3283 1041 est
3307 987 3481 1043 Chro-

1899 1068 2003 1121 nici
2048 1069 2248 1141 versio)
2293 1071 2344 1125 in
2374 1071 2712 1141 descriptione
2740 1070 2917 1127 Τειτω
2940 1074 3147 1129 Sancta:
3172 1076 3313 1147 (haec
3342 1077 3485 1133 Libri

1901 1156 1968 1211 de
1996 1157 2152 1213 Locis
2176 1160 2282 1230 est)
2309 1171 2355 1215 et
2382 1162 2489 1215 lucc
2513 1163 2624 1231 ipsa
2657 1161 2920 1232 Opuscula
2949 1164 2999 1217 in
3026 1163 3267 1220 Latinum
3290 1178 3484 1223 vertens

1902 1264 2027 1301 mete
2054 1248 2242 1319 lingua:
2264 1252 2547 1305 hominibus
2572 1252 2709 1305 dedi.
2743 1251 2942 1308 Verum
2973 1255 3129 1309 aliam
3151 1272 3250 1311 nos
3270 1258 3337 1313 ad
3362 1274 3484 1315 eum

1906 1340 2080 1395 locum
2124 1344 2395 1400 innuimus
2442 1344 2607 1401 fuisse
2648 1345 2709 1400 S.
2761 1346 3003 1403 Doctoris
3030 1359 3287 1417 mentem,
3320 1367 3478 1421 quam

1904 1432 2066 1501 vulgo
2102 1433 2433 1504 intelligitur,
2486 1451 2549 1491 ac
2589 1436 2760 1505 primo
2788 1439 2967 1491 statim
2994 1440 3181 1495 obtutu
3211 1452 3435 1511 apparet
3468 1465 3481 1501 :

1903 1534 2063 1593 atque
2111 1529 2180 1578 ita
2229 1524 2344 1579 haec
2387 1527 2618 1582 diximus
2661 1528 2972 1598 accipienda
3017 1531 3200 1599 verba,
3246 1541 3305 1587 ut
3350 1532 3483 1588 illud

1904 1616 2057 1667 unice
2080 1615 2145 1668 ad
2170 1616 2600 1671 Ecclesiasﬁcam
2624 1617 2904 1672 historiam
2930 1620 3209 1687 referatur,
3225 1622 3368 1692 quod
3385 1624 3479 1685 ait.

1899 1706 2105 1759 laudavi
2134 1720 2154 1760 :
2182 1708 2248 1760 ad
2290 1709 2491 1778 reliqua
2536 1717 2715 1763 autem
2764 1710 2871 1764 duo
2913 1714 3171 1781 opuscula
3223 1714 3478 1782 alterum,

1895 1795 2036 1865 quod
2083 1811 2195 1851 suae
2241 1797 2436 1867 lingua:
2482 1798 2788 1854 hominibus
2829 1800 3056 1868 dederit,
3088 1814 3315 1873 spectet.
3347 1806 3479 1873 Qua:

1893 1886 2110 1954 quidem
2151 1889 2376 1958 genuina
2404 1890 2696 1945 etiamnum
2723 1906 2915 1946 sensus
2943 1893 3061 1963 ejus
3089 1894 3375 1964 explicatio
3398 1898 3478 1950 vi-

1894 1976 2075 2042 detur,
2103 1987 2156 2032 et
2182 1995 2301 2048 φινκε
2341 1982 2460 2034 aliis
2486 1981 2750 2049 ejusmodi
2778 1983 2918 2051 apud
2948 1999 3070 2038 eum
3102 1986 3387 2056 exemplis,
3433 1988 3477 2041 si

1895 2082 1981 2121 res
2008 2066 2164 2133 ferat,
2194 2070 2534 2137 comprobari
2567 2071 2724 2127 facile
2755 2073 2945 2143 possit.
2975 2072 3028 2129 Si
3056 2075 3141 2129 cui
3173 2084 3351 2130 tamen
3374 2077 3477 2130 mi-

1898 2174 1997 2211 nus
2027 2160 2282 2223 arrideat,
2324 2160 2395 2215 ita
2423 2162 2583 2217 etiam
2612 2164 2927 2218 existimare
2965 2164 3145 2228 liceat,
3172 2180 3291 2220 eam
3331 2167 3478 2221 innui

1897 2247 2216 2302 Eusebianze
2242 2248 2483 2304 historia:
2512 2260 2740 2320 partem,
2770 2251 2912 2306 haud
2934 2253 3185 2322 equidem
3205 2269 3477 2324 magnam,

1896 2338 1991 2392 sed
2026 2347 2200 2393 tamen
2232 2339 2449 2394 Eusebii
2480 2347 2605 2395 κατά
2630 2350 2778 2408 λέξιν,
2809 2358 2928 2411 qua:
2956 2343 3256 2413 Scriptores
3284 2345 3476 2402 Eccle-

1896 2430 2143 2484 siasticos
2174 2442 2437 2498 recenset,
2468 2442 2523 2487 et
2552 2433 2743 2488 Noster
2770 2448 2871 2488 suo
2896 2434 2964 2489 de
2998 2434 3137 2489 Viris
3174 2434 3476 2493 lllustribns

1897 2521 2033 2575 libro
2058 2520 2249 2576 Latine
2275 2523 2537 2577 redditam
2570 2524 2638 2579 de
2668 2524 2832 2579 verbo
2861 2525 2927 2579 ad
2961 2525 3180 2581 verbum
3226 2528 3470 2585 inseruit.

1894 2612 2053 2667 Certe
2099 2612 2187 2682 qui
2234 2613 2597 2669 elucubratam
2633 2632 2814 2671 revera
2844 2618 2913 2673 ab
2942 2633 3008 2673 eo
3036 2618 3317 2677 historiam
3352 2624 3473 2677 uni-

1894 2719 2101 2759 versam
2132 2705 2559 2762 Ecclesiasticam
2612 2718 2823 2779 putant,
2856 2711 3066 2783 longius
3094 2728 3123 2767 a
3151 2714 3262 2769 veri
3293 2716 3476 2784 specie

1892 2796 2036 2849 omni
2067 2797 2336 2852 aberrant.

1964 2886 2069 2942 VII.
2105 2888 2210 2943 Sed
2244 2891 2425 2959 utique
2453 2907 2572 2944 cum
2605 2892 2835 2961 primunt
2866 2894 3025 2947 silere
3046 2894 3225 2959 desiit,
3250 2910 3392 2950 anno
3422 2908 3479 2951 ut.

1892 2977 2103 3030 videtur
2146 2978 2271 3043 591,
2322 2980 2519 3032 Male/ti
2565 2982 2762 3047 Captivi
2791 2980 3056 3047 Monac/ii,
3088 2993 3133 3034 et
3160 2982 3303 3038 Beati
3328 2984 3478 3039 Hila-

1893 3066 2052 3117 rionis
2110 3064 2249 3119 Vitas
2295 3068 2637 3135 conscripsit,
2683 3082 2817 3137 quas
2868 3068 2919 3120 in
2949 3067 3230 3140 Catalogo,
3263 3088 3388 3136 uno,
3424 3085 3479 3129 ut

1897 3156 1967 3207 ita
1996 3154 2250 3219 dixerim,
2280 3156 2468 3223 spiritu
2498 3171 2806 3222 recensens,
2836 3158 2905 3211 ita
2932 3162 3221 3216 connectit.
3249 3163 3311 3217 Et
3337 3166 3479 3233 prio-

1898 3260 2009 3298 rem
2037 3244 2251 3314 quidem
2285 3245 2582 3309 historiam,
2613 3256 2668 3300 ut
2688 3262 2788 3301 suo
2809 3247 2927 3303 loco
2948 3248 3200 3316 diximus,
3226 3253 3477 3309 Maronia:

1898 3339 1949 3391 in
1980 3337 2133 3407 Syria
2161 3337 2228 3391 ab
2257 3337 2425 3405 ipsius
2453 3337 2643 3391 Malchi
2670 3352 2767 3393 ore
2796 3350 3081 3409 exceperat
3112 3358 3126 3396 :
3158 3344 3381 3399 alteram
3412 3348 3479 3401 ab

1898 3428 2163 3499 Egyptiis
2214 3429 2489 3483 monachis
2534 3440 2837 3484 enarratam
2887 3432 3128 3502 digessit.
3179 3435 3342 3491 Addit
3385 3440 3475 3508 qui

1908 3520 2037 3575 Vita:
2062 3520 2277 3574 Patrum
2293 3520 2452 3575 Liber
2478 3521 2806 3588 inscribitur,
2834 3524 3029 3579 Asella:
3054 3524 3218 3581 fuisse
3244 3530 3479 3583 Auctore

1898 3611 1966 3665 ab
1994 3612 2108 3680 ipso
2137 3623 2497 3681 nuncupatam
2525 3629 2538 3666 ;
2571 3611 2722 3682 cujus
2754 3622 2929 3667 tamen
2954 3616 3054 3681 rei,
3085 3632 3259 3687 neque
3284 3618 3336 3672 in
3364 3618 3480 3673 edi-

1899 3704 1967 3757 tis
2014 3704 2066 3757 in
2114 3719 2273 3757 manu
2325 3704 2559 3757 exaratis
2603 3704 3034 3775 llieronymianis
3060 3709 3335 3764 codicibus
3360 3713 3475 3765 vola

1899 3805 1982 3849 est
2009 3803 2100 3848 aut
2125 3794 2428 3863 vestigium.
2461 3794 2612 3860 Quod
2640 3812 2801 3848 unum
2834 3796 3013 3865 prodit
3037 3798 3094 3851 S.
3127 3800 3353 3869 ipsemet
3382 3804 3480 3857 Pa-

1902 3897 2001 3950 ter,
2050 3887 2187 3941 hanc
2225 3887 2561 3956 Sophronius
2610 3887 2660 3939 in
2712 3884 2949 3940 ercum
2989 3887 3206 3959 eleganti
3252 3908 3482 3949 sermone

1903 3979 2161 4039 transtulit
2206 3993 2225 4031 :
2268 3993 2333 4031 ex
2362 3992 2531 4045 coque
2567 3977 2810 4031 Vossiqu
2846 3976 2973 4042 falli,
3004 3980 3348 4049 perspicuum
3375 3995 3479 4051 est,

1903 4069 1993 4136 qui
2041 4070 2091 4120 in
2119 4066 2294 4136 Opere
2326 4069 2391 4120 de
2422 4067 2690 4122 historicis
2715 4068 2940 4134 Graecis,
2968 4070 3331 4141 Sopltronium
3360 4077 3480 4132 vit-.o

1905 4158 2193 4211 llilariouis
2222 4158 2527 4220 Auctorem,
2559 4175 2663 4212 non
2694 4160 3041 4229 interpretem
3072 4163 3214 4218 facit.

2500 4288 2725 4344 CAPUT
2774 4288 2893 4344 XX.

1907 4405 1946 4460 l.
1988 4404 2327 4459 Recensentur
2367 4418 2479 4472 quae
2530 4400 2867 4474 Hieronymus
2897 4419 2960 4457 ea:
2992 4416 3084 4459 τῶν
3111 4406 3281 4466 LXX.
3315 4429 3484 4469 eum.

1976 4496 2110 4568 plari
2147 4496 2198 4549 in
2228 4492 2409 4547 Latina
2435 4502 2554 4547 tunc
2580 4492 2782 4564 vulgata
2809 4493 3051 4551 Editione
3087 4502 3386 4559 emendavit.
3420 4506 3481 4560 ΙΙ.

1977 4589 2119 4643 Libri
2140 4589 2226 4658 qui
2252 4602 2315 4641 ea:
2336 4602 2393 4640 eo
2422 4586 2591 4640 labore
2613 4602 2748 4639 nunc
2774 4599 3033 4658 superant.

1980 4703 2019 4758 Ι.
2061 4702 2269 4758 Nullam
2316 4700 2528 4757 videtur
2570 4699 2628 4756 S.
2676 4700 2836 4759 Pater
2876 4703 2930 4758 in
2973 4703 3255 4777 Catalogo,
3287 4710 3486 4765 laboris

1910 4797 2027 4866 ejus
2058 4809 2316 4865 perquam
2347 4793 2513 4857 utilis,
2547 4807 2610 4847 ac
2643 4792 2968 4858 diiticillimi,
2996 4810 3104 4864 quo
3136 4796 3314 4850 Sacrae
3340 4796 3487 4852 Scri-

1908 4899 2075 4960 ptura:
2119 4888 2285 4942 libros
2336 4901 2402 4940 ex
2448 4884 2638 4938 Latina
2680 4893 2863 4939 vetere
2914 4883 3353 4951 interpretatione
3414 4890 3482 4943 ad

1908 4975 2345 5033 emcndatissima
2376 4986 2466 5027 τῶν
2502 4971 2665 5027 LXX.
2699 4968 3028 5038 exemplaria
3060 4975 3346 5038 recensuit,
3391 4991 3483 5032 re.

1910 5070 2188 5137 stituitqne
2216 5064 2511 5119 innumeris
2543 5062 2692 5123 locis,
2714 5061 2972 5113 rationem
3006 5059 3275 5127 habuisse,
3291 5065 3480 5122 saltem

1908 5177 2031 5230 qua:
2074 5167 2374 5228 temporum
2418 5154 2746 5206 notationem
2793 5158 3020 5218 spectet.
3049 5149 3159 5205 Nec
3184 5166 3314 5209 sane
3345 5166 3482 5210 tam-

1908 5264 2068 5318 quam
2110 5244 2409 5302 elucubrati
2457 5241 2526 5294 ab
2554 5256 2615 5293 se
2640 5239 2818 5307 operis
2846 5240 3173 5295 mentionem
3218 5244 3288 5299 ibi
3321 5245 3480 5301 ullam
3548 5270 3549 5273 η

1910 5340 2054 5402 facit,
2086 5337 2175 5390 ubi
2198 5336 2301 5388 alia
2326 5330 2525 5391 omnia.
2551 5330 2774 5381 minoris
2794 5328 2954 5383 etiam
2978 5329 3021 5381 si
3051 5329 3180 5385 libet
3201 5338 3481 5402 momenti,

1909 5434 1962 5487 in
1991 5443 2208 5485 censum
2239 5437 2456 5479 suorum
2484 5421 2673 5491 recipit
2704 5439 2716 5475 :
2749 5429 2800 5475 et
2824 5420 3023 5489 liquido
3049 5431 3222 5480 tamen
3247 5437 3479 5489 constat,

1910 5539 2015 5594 quo
2056 5532 2297 5590 tempore
2327 5514 2636 5585 Caudogum
2666 5514 2837 5578 illum,
2866 5528 2958 5567 seu
2992 5514 3209 5572 Librum
3242 5518 3309 5574 de
3336 5518 3477 5575 Viris

1908 5614 2205 5672 lllustribus
2246 5606 2481 5677 scripsit,
2524 5622 2663 5661 anno
2708 5606 2957 5662 videlicet
2999 5608 3125 5675 592,
3177 5612 3485 5682 pleramque

1914 5710 2029 5778 ejus
2061 5705 2256 5761 laboris
2288 5708 2491 5771 partem
2524 5699 2632 5768 jam
2662 5699 2983 5760 exantlasse,
3016 5716 3113 5756 nec
3139 5716 3268 5757 sane
3310 5701 3481 5754 modi-
