4050 6188
535 295 603 347 75

1751 357 1782 379 ο

539 447 658 486 eam
710 424 1021 500 permisisse
1059 423 1168 492 jam
1196 419 1248 472 in
1280 413 1545 486 publicum
1576 419 1631 464 ιιι
1663 405 1918 480 prodiret.
1948 401 2109 457 Libro

538 496 776 578 secundo
817 519 869 572 in
917 513 1208 572 Bullinum,
1242 507 1438 578 Egone,
1467 503 1659 573 inquit,
1686 509 1862 554 contra
1891 496 2112 564 Septua-

538 616 679 686 ginta
709 610 1012 673 Interpretes
1039 599 1233 672 aliquid
1260 615 1373 652 sum
1403 597 1620 657 locutus,
1653 607 1779 661 quos
1804 597 1920 642 ante
1953 600 2114 639 annos

539 674 782 774 plurimos
807 693 1186 767 diligentissime
1209 688 1498 744 emendatos
1522 701 1645 740 mea:
1665 683 1854 752 lingua:
1878 674 2113 733 studiosis

539 767 699 849 dedi?
729 791 897 858 Atque
928 784 1114 840 iisdem
1143 781 1255 836 fere
1276 780 1455 834 verbis
1474 776 1636 831 Libro
1658 773 1744 828 Ill.
1775 767 2115 840 Septuaginta

543 856 829 936 Editioneni
855 871 1241 944 diligentissime
1279 867 1594 923 entendatam
1631 873 1748 917 ante
1769 875 1929 914 annos
1955 856 2116 927 pluri-

540 988 648 1026 mos
677 983 802 1023 mea:
827 967 1013 1036 lingute
1043 960 1328 1015 hominibus
1369 956 1508 1010 dedi.
1538 955 1670 1009 Item
1699 953 1752 1006 in
1784 948 2010 1015 Prologo
2049 944 2115 998 ad

540 1065 705 1118 libros
732 1056 1035 1114 Salomonis
1063 1069 1128 1108 ex
1156 1051 1406 1113 Ilebrazo,
1439 1047 1500 1101 Si
1526 1045 1609 1099 cui
1635 1058 1757 1098 sane
1783 1037 2119 1108 Septuaginta

538 1156 880 1222 lnterpretum
907 1147 1065 1216 ntagis
1113 1144 1282 1196 Editio
1327 1140 1509 1210 placet,
1557 1136 1706 1190 habet
1746 1145 1859 1187 eam
1901 1147 1934 1184 a
1976 1129 2117 1182 nobis

542 1221 878 1301 emendatam.
917 1236 1176 1304 Denique,
1230 1241 1288 1286 ut
1332 1230 1434 1284 alia
1482 1227 1649 1282 multa
1689 1221 2114 1294 praetermittam,

541 1337 714 1406 Epist.
748 1330 935 1388 LXXI.
968 1328 1032 1381 ad
1064 1323 1342 1380 Lucinium
1363 1359 1378 1383 ,
1413 1317 1746 1386 Septuaginta
1776 1311 2117 1379 Interpretum

542 1398 828 1481 Editionem
855 1431 899 1474 et
923 1431 968 1474 te
998 1419 1178 1471 habere
1206 1429 1306 1467 non
1337 1409 1532 1475 dubito,
1559 1416 1606 1461 et
1629 1413 1746 1459 ante
1771 1417 1932 1456 annos
1959 1398 2117 1468 pluri-

539 1534 649 1572 mos
686 1511 1068 1585 diligentissime
1107 1504 1427 1560 emendatum
1469 1497 1707 1553 studiosis
1753 1492 1963 1547 tradidi.
1995 1490 2120 1544 Ilaec

539 1609 671 1662 satis
694 1579 907 1660 abunde
929 1601 986 1655 S.
1013 1599 1293 1668 ipsiusmet
1313 1587 1624 1658 [interpretis
1646 1581 1950 1640 testimonia
1971 1579 2090 1634 evin
2106 1608 2119 1617 -

547 1706 698 1762 cunt,
731 1695 896 1748 fuisse
925 1690 992 1744 ab
1013 1703 1078 1742 eo
1097 1685 1236 1740 istud
1256 1680 1448 1752 Operis
1472 1693 1576 1731 non
1598 1675 1913 1729 adornatum
1935 1669 2116 1734 modo,

544 1787 639 1842 sed
669 1761 723 1840 et
751 1779 1015 1838 Editionis
1043 1775 1256 1840 honori,
1285 1783 1343 1826 ut
1372 1772 1487 1840 ipse
1519 1767 1650 1823 alias
1694 1764 1948 1835 loquitur,
1982 1761 2117 1816 bona

546 1878 733 1930 saltem
765 1887 830 1927 ex
858 1878 1008 1941 parte
1041 1865 1380 1936 permissum.

617 1964 683 2020 II.
716 1940 870 2018 Salis,
897 1971 1111 2030 quoque
1140 1971 1204 2009 ex
1247 1953 1313 2007 iis
1342 1957 1573 2015 constat,
1602 1955 1786 2002 contra
1813 1952 1970 2013 atque
1998 1940 2118 1996 Cri-

547 2055 635 2109 tici
666 2052 919 2123 quidam,
959 2059 1153 2101 caetera
1201 2058 1309 2097 non
1361 2039 1582 2103 indocti,
1619 2035 1968 2096 arbitrantur,
2015 2046 2118 2084 nou

549 2145 670 2200 illos
715 2140 874 2197 modo
917 2138 1207 2206 Scriptura:
1255 2131 1440 2196 libros,
1495 2143 1594 2183 nec
1643 2135 1900 2196 praetcrea
1949 2124 2117 2186 alios,

547 2237 711 2290 fuisse
739 2242 835 2287 aus
863 2231 1187 2298 Hieronymo
1217 2223 1279 2278 ad
1302 2223 1546 2279 Graecum
1575 2216 1851 2287 exemplar
1874 2215 2122 2284 recogni-

545 2336 650 2391 tos,
698 2325 785 2394 qui
832 2322 916 2376 vel
960 2326 1212 2389 superant
1257 2315 1572 2378 etiamnum,
1605 2309 1688 2366 vel
1716 2308 1784 2362 de
1813 2306 2027 2361 nomine
2056 2305 2123 2359 ab

544 2419 662 2486 ipso
708 2413 1012 2469 laudantur.
1063 2409 1194 2463 Cum
1221 2407 1362 2461 enim
1388 2408 1547 2464 ἁπλῶς
1576 2400 1867 2454 Editionem
1898 2397 2122 2466 Septua-

546 2509 688 2579 ginta
717 2506 812 2559 abs
840 2519 897 2558 se
926 2503 1067 2556 dicat
1109 2502 1162 2554 iu
1214 2499 1404 2552 Latino
1454 2494 1522 2549 ad
1566 2493 1752 2549 Graeca
1800 2489 2123 2560 exemplaria

549 2597 907 2658 emendatam,
937 2607 1161 2660 eamque
1189 2587 1345 2642 alteri
1371 2591 1647 2655 comparet
1670 2580 2027 2637 Translatinni
2058 2595 2127 2634 ex

552 2692 803 2755 llebrseo,
831 2685 1170 2742 manifestum
1203 2689 1306 2744 est,
1337 2694 1443 2733 non
1468 2674 1727 2748 quosdam
1755 2669 2126 2727 tantummodo

553 2783 784 2845 libellos,
833 2788 888 2834 et
914 2778 979 2832 ad
1010 2788 1277 2830 summum
1305 2785 1427 2835 sex,
1459 2777 1518 2824 ut
1547 2767 1752 2830 volunt,
1785 2763 1880 2818 sed
1910 2763 2126 2817 univer-

551 2891 670 2930 sum
695 2873 968 2927 Canonern
996 2881 1090 2922 sua
1118 2865 1207 2918 illa
1229 2877 1358 2917 cura
1382 2858 1674 2930 expolitum
1702 2855 1981 2910 denotare.
2024 2851 2130 2904 Cu-

546 2967 636 3034 jus
677 2961 892 3034 quidem
935 2959 1010 3012 rei
1051 2954 1154 3010 alia
1195 2958 1508 3026 argumenta
1553 2955 1698 3011 sunt,
1741 2958 1862 3015 quae
1891 2941 2046 2996 latius
2077 2941 2130 2994 in

554 3033 872 3113 PraefatiOue
917 3058 1096 3104 nostra
1141 3045 1206 3100 ad
1239 3043 1504 3099 decimum
1536 3039 1763 3094 Tomum
1789 3033 2128 3107 protulimus,

555 3155 610 3202 et
634 3160 774 3216 quae,
806 3143 849 3196 si
879 3139 1008 3195 tanti
1040 3136 1309 3200 videntur,
1333 3130 1583 3188 consulas
1608 3127 1782 3184 denuo
1807 3142 1823 3186 :
1849 3135 2008 3194 atque
2031 3123 2134 3177 huc

556 3213 784 3291 referas.
813 3225 1322 3286 Luculeutissimum
1352 3220 1593 3292 profecto
1620 3227 1702 3272 est
1727 3215 1856 3270 illud
1882 3213 1938 3270 S.
1969 3213 2133 3283 ipsius

557 3322 868 3392 Iuterpretis
901 3315 1264 3372 testimonium
1293 3303 1853 3379 Epist.CXXXlV.ad
1880 3301 2135 3373 Augusti-

561 3431 711 3477 num,
729 3412 815 3466 ubi
839 3411 944 3479 jam
970 3418 1078 3461 tum
1107 3403 1267 3458 fuisse
1286 3400 1594 3470 pleramque
1615 3397 1730 3465 ejus
1749 3392 2139 3449 emendationis

564 3514 769 3575 partem
796 3515 823 3553 a
851 3497 1031 3552 nescio
1064 3510 1170 3565 quo
1196 3490 1561 3559 compilatam,
1590 3485 1755 3540 dolet.
1788 3483 1852 3537 In
1881 3482 2135 3545 Editione,

566 3570 738 3662 inquit
761 3633 776 3657 ,
808 3586 1238 3658 Septuaginta....
1269 3580 1508 3651 pleraque
1534 3575 1720 3648 prioris
1749 3573 1934 3627 laboris
1961 3570 2144 3642 fraude

568 3682 833 3756 cujusdam
861 3677 1141 3731 amisimus.
1173 3671 1335 3726 Multa
1365 3668 1524 3739 igitur
1549 3665 1653 3719 alia
1677 3671 1829 3719 erant
1858 3671 2054 3730 prater
2081 3674 2142 3714 ea

569 3789 690 3846 qua:
728 3771 884 3839 vulgo
930 3765 1243 3838 prostabant
1282 3771 1407 3816 tunc
1449 3755 1727 3827 temporis,
1770 3769 1833 3808 ac
1861 3759 2148 3821 supersunt

572 3842 883 3924 Iiudienutu,
910 3873 1029 3927 qua:
1070 3855 1308 3925 pleraque
1344 3850 1508 3921 aperis
1553 3863 1672 3916 pars
1709 3844 1814 3899 dici
1861 3842 2053 3914 potuit,
2094 3848 2149 3895 et

575 3955 731 4010 facile
761 3951 1072 4006 universum
1101 3943 1376 3998 Cononem
1408 3938 1806 4008 Scripturarum
1841 3931 2146 4001 explebant.

573 4045 738 4114 Cujus
787 4038 1016 4106 denique
1075 4033 1150 4088 rei
1202 4030 1402 4086 certior
1451 4029 1565 4098 ipse
1599 4028 1769 4080 iactus
1823 4022 2152 4092 Augustinus

577 4131 811 4204 Epistula
839 4129 979 4183 inter
1004 4122 1447 4194 Ilierouytnianas
1490 4116 1676 4174 CXVI.
1705 4117 1962 4185 integram
1993 4113 2061 4169 ab
2088 4127 2154 4167 eo

577 4221 948 4281 recensionem
976 4231 1094 4272 eam
1123 4214 1376 4284 postulat.
1400 4210 1596 4276 Mittas,
1616 4208 1708 4274 ait,
1742 4208 1968 4272 obsecro,
1999 4207 2155 4259 inter-

580 4313 906 4385 pretationem
936 4319 1074 4363 tuam
1103 4306 1164 4360 de
1188 4304 1544 4376 Septuaginta,
1576 4317 1726 4372 quant
1756 4310 1802 4354 te
1826 4299 2046 4354 edidisse
2068 4313 2155 4351 ne-

581 4399 817 4452 sciebam.

661 4485 748 4540 lII.
794 4485 978 4548 Porro,
1011 4482 1193 4550 quanti
1220 4479 1373 4534 labor
1400 4478 1486 4532 hic
1514 4477 1574 4532 S.
1605 4475 1818 4531 Doctori
1845 4473 2074 4537 steterit,
2105 4481 2158 4528 et

587 4575 715 4647 quid
765 4573 978 4643 proprie
1019 4573 1094 4624 rei
1137 4571 1207 4624 sit
1242 4579 1400 4638 atque
1428 4568 1631 4635 operis,
1677 4564 2024 4635 aperiendum
2054 4571 2158 4619 est.

593 4667 721 4723 Erat
763 4663 970 4719 Veteris
1013 4659 1354 4713 Instrumenti
1407 4657 1628 4726 Vulgata
1661 4665 1814 4711 vetus
1843 4657 2161 4726 interpreta-

590 4761 684 4825 tiu,
713 4773 832 4828 qua:
856 4766 980 4809 tunc
1003 4751 1259 4819 temporis
1287 4748 1485 4818 passim
1507 4747 1560 4801 in
1590 4746 1843 4800 Ecclesiis
1865 4747 2160 4814 obtinebat,

589 4864 656 4903 ex
682 4847 867 4902 Graeca
895 4843 995 4897 alia
1023 4851 1113 4897 τῶν
1140 4836 1303 4894 LXX.
1335 4839 1582 4891 versione
1607 4836 1659 4890 iu
1689 4835 1934 4891 Latinum
1965 4836 2162 4903 retusa,

592 4938 687 4993 sed
713 4938 785 4991 ita
813 4932 1044 4990 librariis
1069 4944 1230 4985 omne
1257 4942 1425 4998 genus
1455 4927 1619 4991 vitiis,
1647 4926 1869 4991 lacunis,
1899 4924 2166 4996 traiectio-

598 5030 775 5095 nibus,
793 5025 1114 5082 assumentis
1132 5021 1450 5086 deformata,
1469 5028 1525 5072 ut
1545 5017 1808 5072 interdum
1826 5018 1984 5072 etiam
2006 5018 2166 5072 alium

600 5136 629 5174 a
655 5134 786 5174 vero
807 5132 1022 5173 sensum
1050 5115 1347 5186 prtclerret,
1371 5120 1426 5166 et
1443 5111 1636 5166 divinae
1657 5112 1984 5166 auctoritatis
2007 5114 2166 5168 verba

597 5219 652 5263 et
690 5206 981 5263 sententias
1021 5204 1270 5260 redderet
1309 5204 1598 5258 lectionum
1631 5202 1888 5256 varietate
1915 5203 2164 5257 incertas.

605 5300 873 5368 Praacipua
919 5311 1160 5352 errormn
1203 5311 1412 5361 caussa,
1443 5293 1583 5365 quod
1629 5309 1657 5348 a
1693 5293 1878 5350 Graaca
1926 5293 2172 5351 Editione

600 5397 777 5459 lima,
795 5387 846 5439 id
875 5394 979 5450 est,
1006 5385 1293 5447 Communi,
1322 5385 1558 5440 derivata
1585 5385 1710 5439 olim
1735 5387 1913 5452 fuerit,
1940 5401 2057 5454 qum
2087 5388 2169 5441 in-

609 5476 847 5528 numeris
892 5474 1156 5541 ejusmodi
1207 5476 1350 5529 vitiis
1397 5477 1651 5531 scatebat.
1713 5477 1794 5532 Ad
1849 5477 2175 5531 difﬁcultatis

610 5571 787 5615 autem
817 5559 1086 5613 cumulum
1109 5561 1411 5626 accedebat,
1437 5565 1575 5633 quod
1605 5565 1724 5618 alia:
1751 5574 2005 5634 prmterea
2026 5565 2176 5622 Cra:-

616 5666 696 5705 cte
736 5648 1017 5711 editiones,
1045 5663 1163 5718 qua:
1203 5649 1523 5718 ferebantur,
1571 5655 1793 5708 multum
1824 5655 1963 5710 inter
2001 5672 2058 5712 se
2082 5672 2176 5726 pro

1805 269 1863 324 S.
1905 260 2136 320 IilEROl

2243 257 2288 313 ll
2328 257 2508 314 VITA.
3731 253 3799 308 76

2222 375 2500 444 regionum
2525 372 2785 428 varietate
2800 379 2961 443 atque
2981 384 3080 426 usu
3107 367 3466 426 Ecclesiarum
3495 365 3795 421 din‘errem.

2220 465 2549 527 Alexandria,
2583 465 2776 534 inquit,
2823 473 2869 517 et
2911 461 3173 533 zEgyptus
3212 460 3266 512 in
3312 458 3648 527 Septuaginta
3692 457 3800 509 suis

2222 555 2536 626 Ilesychium
2577 555 2754 608 laudat
2799 562 3101 608 auctorem:
3152 547 3613 616 Constantinopolis
3645 562 3801 616 usque

2220 647 2539 701 Antiochiam
2562 644 2776 699 Luciani
2800 643 3038 713 martyris
3059 640 3366 711 exemplaria
3393 637 3589 708 probat.
3619 635 3802 689 Media!

2219 739 2348 792 inter
2374 739 2465 791 has
2493 737 2763 805 prouincia:
2787 733 3094 787 Palwstinos
3123 732 3321 784 codices
3351 729 3542 800 legunt,
3586 743 3710 796 quos
3735 726 3798 778 ab

2223 829 2444 899 Origene
2469 827 2753 881 elaboratas
2777 824 3025 878 Eusebius
3042 831 3088 875 et
3105 819 3409 890 Pamphilus
3430 818 3756 886 vulgaverant
3780 830 3800 867 :

2220 930 2447 990 totusque
2473 920 2606 973 orbis
2633 918 2726 972 hac
2751 917 2882 971 inter
2905 932 2958 971 se
2983 914 3184 986 trifaria
3209 913 3448 966 varietate
3472 917 3798 978 compugnat.

2222 1009 2290 1062 Et
2311 1019 2441 1063 certe
2461 1009 2703 1079 Origenes
2727 1024 2828 1061 non
2854 1007 3018 1060 solum
3039 1004 3350 1074 exemplaria
3377 1002 3655 1069 composuit
3675 1015 3801 1068 qua-

2223 1111 2336 1154 tuor
2375 1101 2673 1166 editionum,
2697 1115 2724 1153 e
2751 1099 2952 1168 regione
2995 1095 3195 1166 singula
3235 1092 3380 1148 verba
3414 1089 3714 1153 describens,
3747 1098 3800 1140 ut

2221 1208 2352 1245 unus
2396 1190 2692 1245 dissentiens
2736 1189 2908 1243 statim
2935 1187 3125 1241 ca'teris
3152 1187 3281 1238 inter
3307 1200 3361 1238 se
3385 1179 3801 1236 consentientibus

2221 1291 2482 1351 arguatur,
2536 1280 2626 1335 sed
2668 1280 2802 1349 quod
2845 1278 3054 1348 majoris
3099 1275 3327 1328 audaciae
3363 1282 3454 1338 est,
3504 1272 3555 1324 in
3585 1271 3802 1324 editione

2223 1371 2558 1441 Septuaginta
2599 1356 2962 1424 Theodotionis
3008 1367 3274 1422 editionem
3304 1363 3521 1427 miscuit,
3550 1359 3802 1414 asteriscis

2222 1465 2511 1534 designans,
2544 1479 2656 1533 qua:
2693 1463 2858 1515 minus
2889 1469 3004 1514 ante
3045 1464 3264 1528 fuerant,
3293 1466 3337 1509 et
3367 1454 3572 1524 virgulis
3600 1466 3714 1522 qua:
3740 1466 3804 1503 ea:

2222 1556 2480 1623 super/luo
2507 1553 2802 1606 ridebantur
2828 1551 3064 1621 apposita
3091 1547 3279 1618 (Prazf.
3312 1547 3362 1598 in
3401 1543 3543 1597 Libb.
3569 1541 3805 1610 Paralip~

2224 1662 2286 1700 ea:
2314 1645 2528 1714 Hebr.).
2552 1645 2910 1698 Praetermitto
2950 1657 3069 1712 qua:
3093 1641 3226 1692 alias
3253 1637 3376 1692 alibi
3407 1644 3664 1689 memorat
3691 1633 3804 1687 edi-

2225 1738 2398 1790 tiones
2437 1745 2596 1804 atque
2624 1733 2973 1802 exemplaria.
3008 1730 3172 1786 Unice
3199 1728 3264 1782 ad
3293 1741 3500 1790 verum,
3534 1731 3624 1777 aut
3658 1732 3805 1777 certe

2224 1829 2434 1894 caeteris
2478 1827 2634 1893 longe
2678 1825 2924 1880 omnibus
2968 1822 3187 1893 propius
3231 1817 3518 1874 accedebat
3544 1815 3652 1878 illa,
3686 1827 3806 1883 qua:

2226 1918 2396 1972 fuerat
2425 1917 2548 1971 olim
2578 1915 2820 1984 Origenis
2865 1913 3124 1968 industria
3164 1911 3215 1964 in
3248 1902 3794 1974 ﬁguntouelaborata

2226 2023 2349 2062 cum
2378 2008 2547 2061 obelis
2580 2015 2738 2076 atque
2761 2005 3033 2058 asteriscis
3065 2022 3078 2057 :
3109 2017 3278 2070 eaque
3310 1999 3557 2054 nimirum
3584 1997 3634 2050 in
3660 2004 3803 2048 tanta

2226 2098 2519 2153 editionum
2551 2097 2811 2150 varietate
2836 2093 3028 2149 Noster
3055 2107 3181 2147 usus
3211 2099 3318 2156 est,
3353 2088 3505 2156 cujus
3533 2083 3807 2153 exemplar

2227 2204 2481 2260 perquam
2525 2188 2864 2241 emendatum
2908 2187 2960 2238 in
2990 2181 3319 2238 Caesareensi
3351 2176 3683 2234 Bibliotheca
3720 2190 3808 2229 re—

2229 2288 2456 2349 pererat.
2479 2278 2779 2345 Quinetiam
2807 2275 3048 2331 eamdem
3081 2274 3222 2327 illam
3251 2272 3509 2325 rationem
3535 2276 3806 2328 notarum,

2228 2372 2388 2435 obeli,
2439 2371 2674 2439 inquam,
2715 2380 2874 2437 atque
2916 2365 3158 2421 asterisci
3186 2363 3236 2416 in
3267 2361 3454 2416 Latina
3477 2354 3810 2413 restituenda

2229 2460 2488 2515 Versioue
2529 2460 2730 2514 habuit.
2778 2457 2930 2514 Unde
2957 2456 3129 2526 Epist.
3158 2451 3313 2509 CXII.
3341 2450 3408 2506 ad
3436 2448 3808 2518 Augustinum,

2238 2552 2389 2618 Quod
2417 2554 2622 2622 quaeris,
2656 2553 2852 2623 inquit,
2885 2568 2974 2605 cur
3000 2550 3139 2620 prior
3166 2563 3275 2600 mea
3300 2546 3352 2598 in
3381 2542 3519 2597 libris
3545 2539 3813 2594 Canonicis

2232 2648 2583 2721 interpretatio
2618 2646 2883 2700 asteriscos
2912 2643 3090 2697 habeat
3116 2648 3160 2694 et
3187 2640 3408 2709 virgulas
3433 2643 3810 2707 praenotatos...

2230 2745 2322 2800 illa
2349 2741 2696 2812 interpretatio
2724 2736 3060 2806 Septuaginta
3087 2733 3415 2802 interpretum
3459 2735 3568 2790 est;
3609 2733 3656 2779 et
3695 2722 3814 2776 ubi-

2232 2851 2445 2904 cumque
2487 2832 2715 2904 virgulae,
2744 2830 2800 2883 id
2833 2837 2928 2892 est,
2960 2825 3087 2881 obeli
3133 2833 3266 2888 sunt,
3302 2819 3635 2891 signiﬁcatur,
3678 2815 3817 2885 quod

2236 2929 2572 2999 Septuaginta
2614 2923 2728 2995 plus
2772 2921 3010 2984 dixerint,
3052 2932 3204 2989 quant
3247 2913 3454 2967 habetur
3483 2912 3534 2964 in
3577 2908 3814 2962 Hebraeo.

2241 3021 2338 3077 Ubi
2381 3030 2545 3073 autem
2591 3014 2838 3080 asterisci,
2867 3011 2921 3066 id
2965 3019 3059 3074 est,
3090 3008 3306 3062 stellulaz
3356 3005 3702 3076 prwlucentes,
3753 3015 3819 3054 ea:

2240 3095 2597 3167 Theodotionis
2635 3106 2854 3162 editione
2895 3103 2957 3157 ab
3009 3102 3226 3172 Origene
3268 3098 3499 3152 additum
3530 3103 3646 3148 est:
3676 3102 3722 3146 et
3747 3091 3822 3146 ibi

2241 3202 2418 3258 Grieca
2447 3198 2817 3263 transtulimus,
2858 3197 2939 3250 hic
2968 3195 3030 3248 de
3055 3194 3163 3264 ipso
3192 3189 3444 3246 Hebraico
3471 3186 3604 3258 quod
3626 3184 3821 3239 intelli-

2241 3295 2497 3366 gebanms,
2549 3291 2906 3359 expressimus.
2959 3287 3027 3342 Et
3069 3285 3170 3339 alia
3215 3281 3281 3336 ad
3308 3278 3554 3336 eumdem
3586 3275 3822 3345 Epistula

2241 3383 2525 3442 CXXXlV.
2580 3381 2854 3451 Praeceptis
2901 3378 2998 3432 tuis
3026 3390 3204 3447 parere
3227 3389 3326 3427 non
3353 3386 3577 3443 possum,
3603 3366 3827 3451 maxime

2243 3478 2296 3530 in
2328 3475 2561 3530 Editione
2590 3447 2946 3542 Septuaginta,
2969 3482 3082 3538 qua:
3106 3463 3357 3521 asteriscis
3385 3447 3690 3528 verubusquc
3712 3455 3829 3511 disc

2249 3567 2403 3620 tincta
2445 3574 2536 3618 est.
2570 3563 2805 3632 Denique
2849 3561 3088 3616 omnium
3122 3555 3543 3612 luculentissime
3584 3547 3826 3620 Epistola

2248 3657 2380 3712 CVI.
2423 3655 2489 3710 ad
2536 3653 2793 3710 Sunniam
2847 3661 2901 3707 et
2943 3650 3234 3713 Fretelam,
3267 3647 3356 3702 ubi
3383 3645 3541 3700 etiam
3567 3649 3828 3712 quantum

2252 3749 2460 3806 intersit
2485 3748 2837 3803 Communem
2879 3743 3018 3799 inter
3045 3750 3207 3812 atque
3235 3737 3585 3808 Iiexaplarem
3621 3732 3831 3787 Editio-

2254 3857 2375 3897 nem
2401 3839 2576 3899 docet.
2602 3847 2762 3908 atque
2795 3836 2934 3890 hanc
2966 3849 2998 3889 a
3019 3848 3079 3887 se
3106 3840 3348 3892 testatur,
3375 3830 3427 3882 in
3461 3826 3692 3880 Latinum
3717 3839 3836 3878 ser-

2255 3947 2452 3986 monent
2479 3929 2694 3992 ﬁdeliter
2718 3943 2931 3982 versam.
2973 3924 3040 3979 Et
3063 3923 3222 3994 paulo
3247 3929 3367 3992 post
3391 3937 3404 3972 :
3431 3917 3511 3971 Ea
3535 3924 3720 3981 autem,
3753 3914 3838 3968 in-

2256 4023 2389 4094 quit,
2423 4037 2534 4091 quae
2571 4019 2781 4074 habetur
2823 4019 2877 4072 in
2912 4008 3150 4082 ἑξαπλοῖς
3190 4022 3236 4068 et
3275 4027 3426 4082 quant
3456 4025 3547 4062 nos
3574 4005 3835 4070 vertimus,

2258 4115 2371 4183 ipsa
2401 4121 2472 4166 est
2499 4115 2612 4180 qua:
2653 4111 2708 4164 in
2745 4109 3056 4165 eruditorum
3082 4107 3222 4160 libris
3245 4104 3558 4169 incorrupta,
3584 4109 3629 4152 et
3654 4097 3842 4150 imma-

2261 4202 2432 4257 culata
2462 4201 2798 4272 Septuaginta
2821 4200 3149 4268 interpretum
3171 4193 3435 4249 translatio
3462 4197 3766 4246 reservatur.

2335 4292 2423 4346 IV.
2464 4291 2695 4361 Tempus
2710 4289 2850 4360 quod
2868 4296 3091 4358 spectat,
3109 4300 3229 4340 cum
3248 4297 3421 4354 neque
3436 4297 3571 4336 unus
3589 4279 3845 4347 idemque

2265 4384 2334 4437 sit
2355 4395 2525 4436 anuus
2545 4380 2961 4449 uniuscujusque
2981 4376 3123 4443 libri,
3145 4389 3316 4445 neque
3342 4382 3490 4428 certo
3519 4369 3683 4441 possit
3708 4383 3847 4422 suus

2265 4473 2458 4542 cuique
2482 4471 2771 4541 adsignari,
2799 4483 2925 4524 vero
2963 4466 3292 4523 simillimum
3325 4473 3499 4518 tamen
3527 4470 3627 4523 est,
3671 4457 3845 4513 fuisse

2268 4579 2454 4620 onmes
2478 4571 2603 4617 ante
2633 4576 2828 4616 annum
2884 4559 2982 4615 39!
3034 4557 3342 4621 adornatos,
3375 4568 3546 4623 neque
3575 4549 3716 4605 enim
3749 4564 3851 4619 par

2268 4654 2488 4708 credere
2520 4662 2621 4716 εει,
2644 4666 2763 4706 cum
2788 4651 2854 4706 ab
2885 4649 2986 4704 hoc
3013 4658 3249 4716 tempore
3285 4658 3475 4700 novam
3517 4657 3580 4696 ex
3620 4639 3854 4694 Hebraeo

2273 4753 2416 4799 textu
2460 4742 2954 4813 interpretationem
2985 4739 3208 4794 adorsus
3248 4741 3389 4792 e‘sset
3419 4733 3477 4789 S.
3506 4732 3682 4794 Pater,
3719 4743 3853 4783 eum

2273 4838 2500 4909 amplius
2539 4837 2606 4891 de
2634 4837 2814 4907 priore
2851 4832 3198 4890 Correctione
3241 4830 3332 4884 illa
3379 4825 3661 4895 cogitasse.
3696 4821 3857 4876 Adeo

2273 4932 2525 5004 quidquid
2549 4931 2687 4985 istuc
2711 4929 2888 5000 operis
2909 4927 3088 4993 fuerit,
3115 4922 3408 4994 perlectum
3427 4920 3534 4990 jam
3561 4916 3726 4972 fuisse
3759 4931 3860 4986 ap-

2275 5029 2446 5091 paret,
2479 5029 2636 5090 atque
2664 5020 2801 5074 intra
2826 5016 3033 5072 cellulae
3055 5016 3287 5084 parietes
3311 5011 3377 5066 ad
3409 5009 3644 5080 privatos
3665 5020 3862 5060 mona-

2277 5112 2425 5167 sterii
2456 5125 2581 5164 usus
2608 5124 2797 5178 magna
2839 5123 2902 5162 ex
2933 5116 3083 5176 parte
3111 5103 3425 5173 repositum,
3453 5108 3544 5154 aut
3567 5105 3711 5152 certe
3745 5097 3863 5150 Au-

2279 5202 2413 5257 ctori
2456 5215 2563 5255 non
2615 5199 2896 5268 probatum
2950 5211 3120 5266 usque
3164 5194 3336 5259 adeo,
3384 5199 3446 5246 ut
3495 5187 3861 5245 Ecclesiarum

2281 5291 2694 5348 necessitatibus,
2726 5290 2855 5344 satis
2899 5297 3107 5359 putaret
3147 5299 3266 5340 esse
3306 5281 3630 5338 consultum.
3672 5276 3880 5347 Neque.

2283 5383 2426 5438 enim
2458 5396 2648 5436 novam
2679 5396 2746 5436 ex
2775 5381 2982 5452 integro
3021 5390 3302 5448 aggressus
3331 5381 3474 5430 esset
3509 5388 3576 5427 ex
3605 5370 3864 5434 Hebraeo,

2283 5475 2329 5528 si
2373 5472 2439 5528 ad
2485 5471 2791 5528 Graecorum
2830 5481 3015 5526 exacta
3057 5465 3299 5521 codicum
3349 5462 3506 5517 tidem
3543 5459 3723 5516 Editio
3772 5458 3867 5513 illa

2285 5561 2599 5617 suffecisset.
2631 5559 2986 5628 Quinquennii
3014 5564 3191 5611 autem
3221 5553 3338 5622 plus
3367 5551 3544 5606 minus
3572 5549 3749 5618 Spatio
3779 5557 3869 5602 ιυ-

2290 5664 2374 5710 tus
2401 5654 2550 5708 labor
2573 5653 2662 5706 ille
2689 5651 2962 5706 absolutus
2999 5657 3108 5712 est;
3144 5631 3262 5700 nam
3293 5642 3398 5699 392
3444 5655 3587 5698 anno
3629 5655 3737 5712 quo
3766 5639 3875 5696 Ca-
