4050 6188
183 302 240 355 77
710 362 713 363 ί
1435 293 1489 348 s.
1532 286 1909 346 lllERUNl’lll
1952 286 2134 340 vna.
3371 258 3439 340 τέ

186 418 408 486 talogum
460 432 675 470 suorum
727 414 959 482 Operum
1007 410 1240 471 texebat,
1278 407 1385 476 jam
1438 406 1643 473 aliquot
1682 419 1747 457 ex

189 508 403 563 llebrmo
441 508 605 563 libros
641 515 856 576 ceperat
901 503 1238 573 interpretari
1266 519 1278 554 :
1308 500 1446 569 quod
1490 496 1741 552 indicium

188 609 289 663 est,
333 613 363 652 a
408 598 611 653 Grzecis
648 598 754 665 jam
792 596 1099 651 destitisse:
1128 593 1244 647 haec
1282 600 1456 645 autem
1495 604 1599 643 non
1647 584 1747 639 nisi

188 702 315 741 anno
345 688 562 742 demum
586 687 708 750 587,
738 694 1018 754 postquam
1052 698 1110 739 se
1135 682 1406 737 Bethleem
1441 677 1745 746 recepisset,

191 780 531 849 interpretari,
565 780 676 833 sive
703 778 769 832 ad
804 792 990 831 eorum
1016 774 1270 829 amussim
1297 772 1482 827 Latina
1508 770 1747 837 exigere,

189 884 459 939 aggressus
516 877 617 923 est.
668 868 734 922 Et
788 867 1103 937 przeluserat
1156 874 1331 919 tamen
1386 870 1544 917 tanta:
1598 858 1754 911 molis

190 961 325 1029 operi
370 961 686 1015 recensione
723 959 810 1014 illa
839 957 1170 1011 Psalmorum
1212 969 1376 1023 prepe
1406 951 1632 1007 dixerim
1673 957 1757 1002 tu-

190 1050 486 1113 multuaria,
522 1065 681 1119 quam
708 1056 765 1102 ut
793 1049 910 1117 ipse
951 1048 1044 1113 ait,
1072 1045 1249 1099 Romae
1275 1044 1464 1114 positus
1494 1040 1680 1095 cursim
1709 1047 1756 1090 et

186 1156 363 1209 magna
402 1155 469 1194 ea:
496 1148 636 1208 parte
663 1136 1037 1191 adornaverat.
1068 1134 1217 1203 Quod
1247 1133 1604 1187 rudimentum
1634 1142 1757 1182 cum

185 1230 315 1285 bene
340 1230 620 1294 ceSsisset,
650 1237 704 1283 et
738 1228 995 1281 Romana:
1024 1225 1333 1294 cumprimis
1358 1221 1615 1277 Ecclesiae
1638 1234 1761 1287 pro-

183 1321 403 1375 baretur
430 1336 531 1373 usu
561 1319 871 1387 (etiamnum
903 1317 1097 1385 quippe
1127 1314 1412 1367 Romanum
1454 1309 1763 1364 Psalterium

178 1410 354 1477 audit)
393 1410 604 1463 animos
646 1407 719 1461 illi
759 1406 985 1472 addidit,
1028 1419 1146 1459 eum
1177 1418 1235 1457 se
1265 1402 1424 1471 paulo
1461 1408 1579 1465 post
1606 1396 1767 1451 Belli.

181 1504 316 1557 leem
364 1500 751 1565 transtulisset,
782 1510 833 1553 et
862 1498 1203 1566 Septuaginta
1230 1494 1521 1549 editionem
1563 1492 1613 1545 in
1637 1506 1765 1545 cou-

183 1603 341 1649 ventu
368 1594 595 1648 fratrum
621 1591 860 1661 quotidie
898 1591 1240 1653 edissereret,
1282 1587 1349 1641 ad
1386 1587 1531 1640 illam
1562 1583 1764 1638 versio-

185 1699 303 1739 nem
350 1698 416 1738 ex
459 1683 668 1749 integro
690 1680 842 1750 juxta
878 1678 1121 1733 Grteeum
1167 1685 1388 1739 textum,
1432 1684 1590 1742 atque
1636 1686 1757 1725 eum

184 1775 398 1844 quidem
448 1772 802 1842 llexaplarem
853 1769 1363 1831 emendatissimum,
1411 1764 1755 1834 religendam.

185 1862 293 1922 Neé
314 1880 446 1920 sane
476 1863 695 1919 dubium
725 1861 952 1923 videtur,
994 1858 1119 1929 quin
1143 1860 1448 1912 universum
1485 1854 1757 1908 Canonem

186 1957 478 2012 continenti
505 1955 592 2009 illa
620 1952 1021 2022 comparatione
1049 1950 1114 2005 ad
1136 1950 1378 2005 Grzecum
1411 1948 1754 2016 expoliverit:

185 2063 288 2117 qua
306 2047 378 2102 de
398 2062 458 2101 re
487 2046 724 2115 pluribus
746 2046 798 2097 in
822 2042 1137 2097 Prmfatione
1161 2040 1227 2095 ad
1246 2039 1513 2095 decimum
1532 2038 1758 2092 Tomum

186 2139 588 2201 edisseruimus,
619 2152 737 2206 qua:
773 2135 876 2190 huc
900 2134 1123 2191 referas.

257 2229 321 2284 Υ.
364 2228 563 2283 Verum
600 2227 706 2281 duo
745 2240 889 2281 nunc
917 2225 1019 2280 soli
1056 2240 1123 2279 ex
1165 2224 1414 2279 universa
1447 2222 1763 2278 recensione

189 2321 278 2374 illa
312 2318 435 2373 libri
476 2318 669 2386 integri
707 2324 976 2385 superant,
1005 2315 1127 2380 .lob,
1180 2324 1233 2369 et
1264 2314 1604 2375 Psalterium,
1638 2312 1762 2365 toti-

187 2410 309 2464 dem
348 2408 557 2477 Prologi
586 2408 637 2462 in
676 2406 977 2462 Salomonis
1012 2414 1067 2459 et
1092 2404 1533 2472 Paralipomenon
1575 2401 1764 2464 libros,

187 2517 308 2569 qua:
339 2500 471 2554 tanti
501 2499 679 2568 operis
704 2500 786 2551 vix
816 2497 1057 2567 quaedam
1098 2495 1291 2549 indicia
1335 2502 1478 2557 sunt,
1507 2504 1561 2548 et
1600 2494 1766 2562 magis

188 2593 499 2647 desiderare
535 2606 597 2645 ac
636 2590 833 2645 dellere
876 2588 1019 2659 quod
1064 2588 1242 2658 periit,
1288 2602 1448 2655 quam
1487 2585 1627 2654 quod
1677 2598 1768 2637 su-

190 2692 390 2752 perest,
420 2681 523 2735 frui
550 2680 700 2735 nobis
731 2678 987 2748 prtebent.
1017 2679 1347 2745 Quamquam
1388 2686 1609 2745 possunt
1635 2675 1766 2729 Pro-

191 2774 475 2841 phetarum
500 2785 714 2842 quoque
739 2768 977 2823 omnium
1006 2769 1125 2823 libri
1155 2770 1301 2838 (qua:
1331 2765 1471 2820 haud
1501 2780 1631 2820 sane
1654 2765 1765 2819 exi-

188 2882 294 2936 gua
340 2865 735 2933 Scripturarum
778 2877 899 2932 pars
940 2863 1045 2929 est)
1084 2861 1369 2915 instaurari
1410 2875 1477 2914 ex
1519 2858 1765 2913 versione

189 2956 307 3019 illa,
335 2956 447 3010 sive
470 2953 865 3017 emendatione,
889 2966 1044 3022 quam
1074 2951 1125 3005 in
1152 2949 1562 3005 Commentariis
1590 2947 1649 3002 S.
1676 2948 1763 3000 Pa-

190 3059 281 3103 ter
307 3063 418 3103 suae
460 3062 527 3102 ex
562 3046 786 3100 Hebraeo
819 3045 1050 3099 versioni
1087 3044 1264 3098 statim
1314 3042 1583 3096 subnectit
1618 3039 1765 3108 juxta

188 3139 558 3208 Septuaginta.
599 3136 793 3190 Verum
827 3134 963 3188 haud
994 3135 1127 3198 scio,
1162 3148 1287 3186 num
1332 3132 1400 3184 ita
1430 3130 1552 3183 inde
1578 3129 1766 3183 excudi

190 3232 399 3300 integra
441 3229 786 3284 continenter
821 3227 1003 3297 possit,
1042 3234 1120 3289 ut,
1164 3223 1305 3293 quod
1346 3223 1421 3275 rei
1469 3228 1627 3288 caput
1665 3228 1769 3284 est,

190 3336 400 3374 summa
428 3326 688 3388 appareat
723 3318 780 3371 S.
818 3317 1063 3371 Doctoris
1092 3313 1365 3382 diligentia
1398 3312 1451 3364 in
1494 3310 1773 3364 ohelorum

190 3421 358 3479 atque
382 3411 766 3463 asteriseorum
795 3409 951 3468 notis,
982 3420 1100 3475 quae
1131 3404 1283 3458 facile
1318 3418 1413 3472 per
1442 3399 1775 3469 Autiquario-

192 3515 320 3554 rum
369 3499 731 3560 oscitantiam,
774 3505 828 3552 et
864 3497 993 3550 locis
1044 3491 1440 3564 quodammodo
1482 3490 1774 3560 peregrinis

192 3590 450 3647 excidere
496 3598 814 3659 potuerunt,
866 3603 927 3642 ac
979 3602 1039 3641 re
1086 3589 1197 3655 ipsa
1247 3584 1510 3639 excidisse
1556 3580 1772 3645 alicubi,

192 3693 535 3753 compertum
563 3690 665 3735 est.
695 3680 917 3748 Reliqua
940 3677 1145 3747 jamdiu
1182 3675 1329 3735 olim.
1356 3684 1513 3743 atque
1539 3672 1654 3742 ipso
1683 3670 1775 3725 ad-

193 3778 416 3831 vivente
464 3773 523 3829 S.
559 3773 870 3840 lnterprele,
902 3783 1023 3838 pars
1051 3767 1228 3836 operis
1266 3767 1382 3834 ejus
1428 3764 1653 3818 maxima
1687 3777 1778 3831 pe-

191 3870 295 3923 riit.
326 3886 340 3921 :
371 3865 514 3935 quod
562 3872 801 3918 notatum
860 3860 1014 3913 nobis
1057 3868 1138 3912 est
1184 3866 1339 3910 antea
1383 3871 1446 3909 ex
1494 3854 1609 3922 ejus
1654 3853 1780 3921 Epi-

193 3962 337 4016 stola
362 3956 650 4015 CXXXIV.
678 3956 744 4009 ad
764 3953 1113 4022 Augustinum
1136 3950 1187 4002 in
1213 3948 1336 4009 line,
1371 3946 1479 4005 ubi,
1504 3944 1780 4013 Prazceptis

195 4054 322 4117 tuis,
366 4052 561 4121 inquit,
594 4062 771 4116 parere
814 4061 915 4098 non
952 4058 1175 4113 possunt,
1220 4039 1437 4092 maxime
1483 4038 1536 4089 in
1568 4037 1782 4090 editione

195 4142 566 4212 Septuaginta.
619 4151 734 4207 qua:
771 4134 1018 4188 asteriscis
1062 4130 1373 4199 verubusque
1410 4128 1647 4180 distincta
1688 4136 1780 4189 est,

197 4237 446 4303 pleraque
491 4232 626 4285 enim
653 4228 835 4298 prioris
874 4224 1059 4279 laboris
1095 4222 1275 4293 fraude
1317 4218 1585 4289 cujusdam
1614 4217 1786 4269 amisi-

193 4343 341 4380 mus.
384 4326 457 4380 De
486 4323 589 4378 hac
629 4334 730 4375 nos
764 4319 991 4387 jactura,
1032 4315 1204 4382 deque
1254 4314 1335 4366 his
1363 4312 1451 4382 qui
1500 4317 1787 4379 supersunt

193 4418 417 4473 duobus
460 4413 637 4479 libris,
685 4412 741 4466 in
782 4406 1097 4463 Prail'atione
1142 4403 1209 4458 ad
1249 4402 1513 4458 decimum
1561 4401 1785 4454 'l'omum

192 4509 337 4563 satis
358 4506 546 4561 multa.

793 4632 1017 4689 CAPUT
1058 4630 1200 4686 XXI.

192 4759 232 4812 ι.
281 4757 442 4812 Vetus
458 4740 909 4809 Testamentuntea:
933 4746 1145 4801 Hebraeo
1162 4745 1536 4811 interpretatur.
1562 4738 1623 4793 ll.
1651 4737 1792 4791 Prat-

270 4856 487 4918 postero
531 4844 733 4908 ordine,
762 4839 1090 4907 atque-initio
1134 4853 1165 4887 a
1213 4835 1408 4905 Regum
1445 4832 1586 4886 libris
1635 4831 1789 4901 facta,

262 4940 564 4993 niaximum
613 4943 731 4987 ante
773 4946 962 4984 annum
1002 4927 1106 4982 59?.
1147 4929 1254 4996 ejus
1312 4925 1549 4979 versionis
1601 4932 1793 4991 partem

261 5030 467 5089 edidit.
502 5027 590 5081 lll.
618 5025 901 5093 Quamdam
936 5024 1083 5076 etiam
1110 5018 1249 5085 apud
1287 5034 1339 5072 se
1362 5017 1655 5083 aliquandiu
1684 5016 1795 5068 reti-

262 5122 413 5175 nuit.
442 5117 530 5172 lV.
562 5114 831 5185 Reliquum
861 5111 1064 5166 Ilebrwi
1091 5108 1311 5163 Cononis
1347 5106 1479 5175 quod
1512 5114 1791 5175 supererat,

260 5217 463 5271 secutis
491 5208 803 5279 temporibus
831 5205 1062 5259 absolvit.

261 5350 307 5403 Ι.
364 5346 564 5400 Verum
592 5340 915 5397 recensione
954 5336 1040 5390 illa
1070 5342 1229 5402 atque
1256 5332 1629 5388 emendatione
1662 5329 1801 5385 Seri-

182 5455 487 5513 pturarum
516 5452 626 5492 non
659 5448 832 5504 usque
857 5429 991 5483 adeo
1021 5436 1301 5482 contentus
1325 5427 1700 5495 Hieronymus,
1730 5422 1801 5477 ad

182 5546 404 5590 novam
432 5544 497 5586 ex
527 5530 743 5597 integro
770 5523 1018 5578 Latinam
1061 5518 1553 5589 interpretationem
1588 5513 1657 5568 de
1695 5513 1800 5568 He-

183 5628 395 5684 lvraicd
430 5623 548 5693 ipso
602 5614 902 5686 exemplari
947 5621 1130 5682 utpote
1172 5612 1380 5667 eteteris
1431 5604 1800 5678 praestantiore

179 5720 479 5779 omnibus,
510 5724 559 5769 et
598 5710 845 5767 fideliore
881 5702 1267 5765 adornandum,
1300 5702 1532 5755 animum
1574 5695 1793 5765 appulit.

1865 418 1930 472 Et
1952 420 2235 471 maximam
2267 432 2397 471 sane
2422 416 2537 482 ejus
2564 424 2761 482 partem
2797 417 2905 484 jam
2936 435 3079 473 anno
3118 421 3223 475 592
3253 422 3433 477 absol-

1863 518 2033 571 verat,
2069 507 2332 576 siquidem
2375 522 2497 560 vere
2528 515 2686 575 atque
2726 510 2885 568 ἁπλῶς
2922 524 2986 562 eo
3030 519 3266 579 tempore
3307 528 3433 567 suo-

1864 615 1980 653 rum
2030 599 2340 667 Catalogum
2385 614 2605 667 Operam
2644 608 2973 665 contexens,
3016 600 3331 669 affirmavit,
3377 624 3435 662 se

1874 689 2026 745 Vetus
2048 689 2445 745 Instrumentum
2459 690 2609 758 juxta
2632 689 2938 743 Hebraicum
2962 694 3290 749 transtulisse.
3309 696 3436 762 Quae

1864 782 2075 851 quidem
2120 796 2309 836 caussa
2353 790 2454 847 est,
2497 797 2592 835 cur
2632 780 2735 834 huc
2777 781 2945 836 semel
2988 780 3176 836 referri
3208 784 3435 840 laborem

1866 874 2172 927 universum
2197 888 2373 935 rerum
2404 886 2617 942 quoque
2648 870 3179 941 llieronymianarum
3207 872 3439 929 historia:

1867 958 2286 1018 consentaneum
2338 962 2506 1031 magis
2550 961 2792 1015 videatur
2847 978 2861 1015 :
2920 963 3130 1016 tametsi
3179 964 3439 1035 reliquum

1867 1054 2006 1122 quod
2037 1064 2151 1108 erat
2178 1054 2292 1123 ejus
2321 1054 2499 1123 operis
2543 1054 2784 1122 sequutis
2812 1055 3162 1123 temporibus,
3210 1067 3264 1111 et
3293 1074 3440 1127 qum-

1870 1148 1992 1197 dam
2016 1154 2135 1213 post
2163 1145 2328 1199 I'erme
2352 1144 2646 1208 biennium,
2678 1144 2919 1213 quaedam
2949 1148 3106 1199 etiam
3132 1156 3251 1215 post
3277 1148 3444 1201 multo

1872 1238 2242 1302 transtulerit,
2282 1247 2340 1290 ut
2379 1253 2483 1290 non
2531 1236 2632 1290 nisi
2663 1246 2781 1305 post
2828 1253 2998 1292 annos
3042 1239 3109 1293 ab
3149 1255 3214 1293 eo
3250 1240 3441 1294 admo-

1874 1327 2001 1382 dum
2038 1328 2318 1382 duodecim
2367 1338 2475 1382 tota
2523 1329 2610 1383 illa
2656 1331 2803 1396 juxta
2850 1330 3131 1384 Hebraeum
3174 1332 3443 1385 Canonem

1876 1418 2249 1484 interpretatio
2303 1418 2541 1472 absoluta
2592 1420 2685 1474 sit.
2752 1418 2856 1474 Sed
2900 1420 3043 1475 enim
3090 1421 3231 1489 quod
3285 1422 3448 1477 fuerit

1846 1570 1849 1575 Α
1875 1508 2288 1575 uniuscujusque
2312 1507 2429 1560 libri
2460 1517 2686 1575 tempus,
2705 1509 2895 1576 quisve
2919 1510 3073 1573 ordo,
3094 1510 3441 1579 explicemus.

1944 1594 2005 1646 ll.
2048 1594 2229 1660 Neque
2250 1595 2390 1647 enim
2413 1594 2560 1662 juxta
2585 1595 2982 1665 Scripturarum
3013 1598 3276 1663 ordinem,
3314 1611 3370 1654 ut
3393 1602 3442 1654 in

1872 1683 2095 1737 Hebraeo
2116 1684 2333 1738 Canone
2360 1686 2682 1749 continetur,
2712 1701 2741 1738 a
2770 1686 2942 1755 primo
2973 1687 3040 1741 ad
3067 1690 3440 1753 novissimum,

1868 1774 1961 1827 sed
1993 1784 2049 1827 ut
2090 1775 2278 1842 potuit,
2309 1784 2628 1845 rogatusque
2656 1784 2740 1830 est
2778 1791 2807 1829 a
2840 1775 3118 1832 Fratribus
3150 1779 3444 1835 vertendos

1869 1865 1967 1918 sibi
2001 1864 2166 1920 libros
2196 1866 2315 1919 illos
2358 1868 2655 1935 proposuit.
2687 1866 2898 1921 lnitiutu
2932 1867 3060 1924 fecit
3088 1884 3119 1924 a
3149 1869 3299 1925 libris
3329 1872 3439 1927 Re—

1868 1970 1991 2023 gum
2018 1997 2032 2019 ,
2060 1970 2193 2025 quos
2227 1954 2433 2009 Hebraei
2468 1957 2520 2010 in
2551 1956 2657 2010 duo
2684 1966 2888 2011 tantum
2918 1959 3189 2013 volumina
3236 1960 3444 2031 disper-

1872 2047 2091 2107 tiuntur,
2114 2061 2232 2115 qua:
2256 2046 2470 2100 Samuel
2495 2055 2549 2100 et
2569 2046 2847 2100 Malaehim
2876 2057 3089 2103 vocant.
3123 2048 3189 2102 Et
3217 2050 3446 2119 primum

1871 2135 2084 2205 quidem
2129 2146 2377 2189 conatum
2421 2136 2563 2191 hunc
2602 2152 2758 2191 suum
2789 2139 2972 2203 luisse,
3018 2139 3305 2194 manifesto
3336 2142 3448 2209 ipso

1876 2224 2036 2280 tradit
2065 2224 2116 2278 in
2148 2224 2396 2294 Prologo,
2426 2241 2585 2294 quem
2614 2226 2833 2293 idcirco,
2857 2229 3004 2297 quasi
3027 2229 3278 2298 galeatum
3302 2232 3448 2299 prin-

1875 2317 2061 2384 cipiunt
2090 2326 2253 2381 vocat,
2295 2328 2340 2370 et
2368 2318 2629 2372 convenire
2665 2319 2737 2371 ait
2773 2318 3003 2372 omnibus
3036 2319 3197 2384 libris,
3230 2337 3352 2390 quos
3390 2324 3451 2376 de

1880 2405 2093 2461 Hebrum
2123 2410 2174 2461 in
2214 2407 2451 2461 Latinum
2480 2419 2688 2464 vertere
2716 2410 2768 2463 in
2817 2410 2996 2464 animo
3024 2410 3272 2465 habebat.
3320 2412 3447 2466 Ete-

1877 2499 1985 2550 nim
2020 2513 2203 2565 parare
2228 2497 2593 2553 defensionem
2639 2500 2739 2555 sibi
2785 2502 2953 2554 Voluit
2996 2501 3258 2556 adversus
3299 2502 3447 2565 illos.

1877 2602 2011 2657 quos
2037 2603 2135 2640 suo
2163 2587 2341 2641 studio
2368 2603 2435 2643 eo
2464 2588 2784 2644 infensiores
2814 2590 3019 2646 futuros
3051 2592 3449 2659 prmsentiebat,

1876 2692 1981 2747 quo
2010 2677 2225 2747 majoris
2256 2679 2357 2732 hoc
2395 2689 2507 2732 erat
2552 2695 2739 2733 ausum
2770 2682 3029 2735 momenti
3060 2692 3219 2751 atque
3248 2696 3449 2750 operte,

1875 2785 2033 2839 quam
2059 2769 2201 2839 quod
2241 2779 2396 2822 antea
2445 2769 2495 2823 in
2541 2770 2868 2825 recensenda
2916 2780 3075 2840 atque
3119 2770 3451 2825 emendanda

1876 2861 2123 2915 versione
2145 2872 2233 2915 τῶν
2286 2859 2447 2915 LXX.
2494 2863 2836 2930 przestiterat.
2870 2861 3000 2913 Erat
3045 2861 3322 2913 enimvero
3352 2859 3453 2911 ho-

1880 2952 2040 3007 minis
2079 2952 2255 3005 divina
2285 2951 2511 3019 quadam
2550 2950 2757 3019 praediti
2789 2957 2989 3011 mente,
3026 2958 3186 3015 atque
3217 2949 3284 3002 ab
3310 2952 3453 3003 omni

1879 3042 2244 3097 doctrinarum
2274 3055 2471 3108 genere
2503 3039 2612 3091 fere
2652 3053 2811 3106 supra
2855 3037 3159 3090 mortalium
3190 3036 3457 3091 conditio-

1880 3146 2003 3185 nem
2032 3128 2253 3192 exeulti,
2284 3128 2585 3181 inaccessos
2628 3126 2831 3196 pridem
2872 3125 3119 3180 omnibus
3158 3126 3459 3197 Scriptura-

1882 3237 1998 3277 rum
2030 3222 2203 3274 fontes
2231 3220 2511 3287 attingere,
2557 3234 2618 3273 ac
2664 3218 2799 3273 velle
2830 3234 2934 3272 non
2968 3220 3115 3287 prius
3156 3218 3364 3273 auditos
3392 3233 3454 3273 ex

1883 3312 1948 3365 iis
1972 3324 2162 3365 sensus
2188 3318 2241 3363 et
2268 3308 2428 3362 verba
2462 3308 2729 3363 Ecclesias
2758 3307 2972 3362 docere.
3003 3307 3184 3377 Itaque
3215 3307 3313 3363 hos
3354 3310 3459 3377 pri-

1884 3416 2020 3452 mum
2051 3398 2214 3451 libros
2240 3398 2390 3467 quasi
2422 3397 2737 3452 eruditionis
2763 3413 2873 3452 sua:
2895 3399 3166 3467 specimen
3200 3398 3424 3468 prmbitn
3445 3428 3457 3437 -

1885 3505 1996 3553 rus,
2025 3504 2092 3542 ne
2113 3488 2213 3543 sibi
2236 3490 2454 3542 nimium
2486 3490 2719 3544 tribuere
2740 3488 3031 3553 videretur,
3065 3489 3164 3559 legi
3190 3491 3421 3560 postulat
3445 3510 3456 3545 :

1886 3598 2057 3650 eoque
2098 3583 2213 3651 ipso
2254 3581 2421 3636 fuisse
2463 3584 2701 3650 primum,
2753 3584 2865 3637 sive
2909 3594 3035 3639 ante
3083 3584 3238 3649 alios,
3292 3584 3359 3638 ab
3401 3599 3461 3638 so

1887 3674 2171 3727 translatos
2213 3687 2277 3726 ex
2323 3671 2567 3739 llehrzeo,
2613 3682 2784 3727 notat.
2812 3673 2955 3727 Misit
2994 3674 3187 3728 deinde
3229 3689 3324 3729 eos
3355 3675 3462 3729 Ro-

1887 3780 2026 3819 mam
2060 3764 2207 3817 Patri
2240 3762 2533 3826 Domnioni,
2563 3771 2621 3815 ut
2647 3762 2701 3815 in
2726 3762 2964 3829 Epistola
2995 3762 3179 3815 XLIX.
3209 3763 3275 3817 ad
3302 3764 3461 3816 Pant-
3494 3748 3497 3749 ν

1888 3854 2178 3918 machium,
2210 3869 2328 3922 quae
2358 3865 2498 3906 anno
2526 3851 2723 3919 scripta
2770 3859 2851 3903 est
2883 3850 3007 3915 593,
3034 3851 3227 3919 prodit.
3275 3850 3380 3905 Sed
3412 3861 3465 3905 et

1890 3946 2055 3999 libros
2096 3944 2309 3998 sedecim
2356 3942 2730 4011 Prophetarum
2754 3940 2865 4009 jam
2912 3956 2971 3995 se
3013 3942 3065 3994 in
3117 3940 3357 3995 Latinum
3406 3942 3468 3995 de

1897 4036 2109 4089 Hebra'o
2147 4049 2373 4088 sermone
2418 4042 2541 4086 tunc
2567 4031 2815 4094 vertisse,
2858 4047 2979 4086 cum
3023 4048 3139 4087 eam
3171 4032 3462 4101 Epistolam

1893 4126 2170 4188 scriberet,
2214 4131 2441 4177 testatus
2479 4132 2561 4175 est
2594 4141 2608 4175 :
2637 4112 2764 4191 quin
2807 4129 2863 4174 et
2898 4121 3241 4176 Pammachio
3287 4121 3361 4175 ait
3397 4119 3464 4173 ad

1893 4214 2172 4285 legendum
2195 4212 2355 4265 fuisse
2382 4212 2433 4265 in
2461 4221 2730 4280 promptu.
2756 4210 2991 4271 Addit,si
3026 4211 3123 4264 ista
3154 4210 3466 4280 placuerint,

1895 4316 1949 4361 et
1972 4303 2225 4359 delectari
2256 4317 2378 4355 eum
2408 4302 2509 4356 hoc
2533 4316 2695 4370 opere
2723 4302 3064 4370 compererit,
3094 4300 3209 4356 fore
3252 4310 3309 4356 ut
3338 4317 3469 4372 pro-

1894 4406 2116 4452 vocetur
2136 4397 2284 4450 ctiam
2308 4393 2499 4448 Cretera
2527 4393 2701 4447 clausa
2736 4393 2956 4447 armario
2986 4409 3085 4447 non
3113 4401 3292 4449 tenere.
3324 4393 3469 4449 Con-

1900 4490 2048 4544 tinuo
2076 4497 2194 4556 post
2216 4484 2334 4540 Jobi
2358 4484 2654 4539 versionem
2680 4483 2937 4549 nominat,
2959 4482 3067 4552 jant
3090 4484 3231 4539 enim
3262 4484 3469 4539 animos

1899 4580 2000 4634 sibi
2037 4586 2336 4647 sumpserat
2363 4575 2427 4630 ad
2459 4575 2625 4630 multo
2648 4573 3020 4629 difﬁcillimum
3043 4575 3256 4640 librum,
3277 4589 3381 4629 non
3403 4590 3467 4628 ex

1902 4670 2127 4725 Hebrmo
2172 4677 2395 4733 tantum,
2427 4666 2520 4722 sed
2559 4676 2614 4721 et
2650 4682 2715 4721 ex
2747 4667 2926 4722 Arabo
2953 4666 3193 4738 Syroque
3220 4680 3470 4721 sermone

1900 4758 2354 4829 interpretandum
2391 4775 2405 4811 :
2446 4759 2497 4813 in
2529 4772 2687 4827 quam
2723 4773 2835 4812 rem
2864 4758 2965 4811 sibi
2995 4758 3153 4810 etiam
3184 4770 3251 4808 ex
3288 4753 3469 4824 Lydda

1902 4861 2284 4922 prmceptorcm
2315 4849 2553 4904 Judaeum
2594 4849 2721 4903 olim
2765 4848 3082 4902 adsciverat.
3126 4843 3318 4897 Narrat
3357 4844 3473 4898 hzee

1903 4946 2014 5014 ipse
2042 4944 2199 4997 latius
2241 4942 2293 4995 in
2322 4940 2635 4995 Prtefalione
2668 4957 2680 4992 :
2714 4949 2922 5008 tempus
2951 4944 3129 4989 autem
3173 4935 3225 4987 in
3265 4934 3472 4988 laudata

1902 5035 2061 5089 modo
2093 5032 2327 5103 Epistula
2376 5030 2442 5085 ad
2475 5028 2872 5083 Pammachium
2904 5027 2987 5079 his
3031 5025 3208 5080 verbis
3256 5024 3472 5079 indicat.

1905 5124 2165 5178 Transtuli
2193 5136 2353 5188 nuper
2376 5117 2474 5171 Job
2502 5119 2555 5170 in
2592 5118 2819 5185 linguam
2856 5123 3100 5177 nostram,
3132 5114 3278 5181 cujus
3306 5129 3475 5166 exem-

1906 5216 2019 5282 plar
2042 5230 2074 5265 a
2096 5212 2158 5265 S.
2186 5208 2434 5263 Marcella
2459 5204 2761 5259 consobrina
2780 5212 2866 5255 tua
2887 5203 3072 5272 poteris
3096 5201 3335 5255 mutuari.
3360 5201 3476 5257 Non

1907 5310 2076 5363 solum
2106 5303 2265 5373 igitur
2289 5299 2542 5353 adornata
2564 5294 2767 5350 dudum
2794 5308 2854 5348 ea
2884 5294 3055 5348 fuerat
3083 5294 3472 5363 interpretatio,

1905 5410 2091 5452 verum
2120 5392 2280 5448 etiam
2309 5389 2363 5442 in
2386 5388 2575 5457 vulgus
2596 5383 2763 5449 edita,
2791 5392 2844 5437 et
2870 5383 3093 5437 Romam
3127 5385 3475 5440 transmissa:

1911 5499 1967 5543 ut
2000 5503 2104 5541 non
2138 5486 2207 5538 ita
2251 5479 2518 5537 modicum
2559 5474 2899 5549 praecessisse
2927 5477 3182 5547 temporis
3221 5478 3473 5546 Spatium,

1907 5596 1970 5635 ex
2000 5575 2258 5632 adverbio
2287 5572 2379 5628 illo
2417 5588 2576 5641 nuper
2600 5566 2876 5637 conjicias.
2908 5567 3068 5638 Urget
3093 5584 3159 5625 eo
3197 5569 3363 5640 magis
3394 5587 3473 5625 ra.

1910 5672 2000 5735 tio,
2022 5668 2065 5722 si
2096 5664 2234 5737 quod
2262 5673 2342 5720 est
2360 5665 2517 5721 etiam
2542 5659 3021 5725 verosimillimum,
3054 5660 3265 5715 flk'l‘lllll
3296 5660 3477 5714 isthae
