4050 6188
579 286 647 342 79
1849 271 1905 322 S.
1947 265 2196 323 [HERON
2207 264 2321 319 YMI
2364 265 2545 321 VITA.
3784 279 3853 333 so

573 400 849 456 volumina
886 398 1064 453 omnia
1111 391 1373 450 continuis
1422 385 1817 458 quodammodo
1866 383 2044 452 operis
2095 382 2148 435 in

582 491 829 546 Latinum
871 501 1148 550 conversa,
1194 491 1250 537 et
1290 480 1476 536 eadem
1523 478 1682 532 missa
1726 475 2009 529 occasione
2049 473 2156 526 Ro-

585 599 749 638 mam.
779 581 912 636 Nam
945 578 1110 632 multo
1152 589 1213 629 ea
1254 573 1434 637 citius,
1467 579 1521 625 et
1550 580 1674 624 ante
1701 583 1788 622 an.
1821 566 1926 620 592
1984 566 2159 619 lucem

583 677 877 746 aspexisse,
916 687 980 726 ex
1031 669 1167 723 libro
1209 667 1278 721 de
1329 665 1468 719 Viris
1501 661 1820 725 lllustribus,
1855 674 2013 730 quem
2062 657 2162 711 hoc

585 769 700 836 ipso
729 777 870 819 anno
897 760 1234 817 elucubravit
1281 758 1339 813 S.
1368 757 1550 822 Pater,
1585 753 1922 825 perspicuum
1951 761 2052 804 est.
2085 749 2161 802 Ex

583 873 690 928 quo
720 857 845 910 item
884 852 1251 921 intelligimus,
1294 848 1612 904 Psalterium
1645 859 1857 916 quoque
1887 841 2051 896 fuisse
2095 841 2163 893 ah

582 963 648 1003 eo
674 946 782 1016 jam
813 943 1019 1014 pridem
1058 957 1167 996 sua:
1192 940 1386 1008 linguae
1428 936 1732 990 hominibus
1759 934 1960 996 datum,
2004 939 2164 999 atque

585 1040 687 1094 hoc
719 1039 891 1108 ipsum
937 1045 1223 1104 antequam
1256 1030 1572 1101 Prophetas,
1606 1042 1741 1097 quos
1785 1023 2022 1080 secundo
2049 1023 2165 1077 loco

586 1127 979 1190 rccensuimus,
1009 1125 1474 1192 interpretaretur.
1499 1119 1718 1174 Scilicet
1742 1118 1881 1172 inter
1906 1115 2010 1169 alia
2032 1128 2165 1183 opu-

489 1265 491 1267 .
587 1220 736 1274 scula
787 1232 905 1282 sua,
955 1230 1074 1287 quae
1112 1214 1184 1268 ibi
1231 1212 1405 1281 capite
1451 1209 1725 1279 trigesimo
1768 1218 1960 1276 quarto
2007 1217 2167 1272 supra

586 1311 939 1368 centesimum
969 1306 1156 1374 refert,
1189 1304 1352 1359 fuisse
1391 1303 1443 1356 in
1488 1301 1734 1357 Griecum
1763 1299 1830 1352 ab
1857 1296 2032 1350 amico
2069 1294 2171 1348 So-

588 1403 817 1474 phronio
868 1400 1158 1462 translata,
1210 1395 1520 1451 Psalterium
1560 1407 1757 1463 quoque
1800 1400 1846 1443 et
1889 1388 2172 1458 Pmphetas

587 1501 836 1548 recenset
868 1509 882 1548 ε
911 1507 1058 1562 quos,
1087 1490 1183 1556 ait,
1213 1504 1304 1542 nos
1334 1486 1396 1540 de
1422 1484 1638 1539 Ilebrteo
1678 1483 1730 1536 in
1768 1479 2008 1533 Latinum
2046 1494 2170 1531 con-

589 1584 848 1637 vertimus.
897 1581 967 1636 Et
1012 1595 1143 1635 sane
1185 1588 1310 1632 ante
1353 1575 1582 1645 spatium
1627 1571 1885 1639 temporis
1930 1568 2068 1622 haud
2101 1568 2171 1620 ita

591 1676 863 1744 exiguum,
892 1683 950 1728 ut
975 1682 1030 1727 et
1055 1674 1106 1726 in
1132 1671 1378 1726 Graecum
1403 1666 1612 1722 refundi
1643 1665 1710 1718 ab
1737 1665 1827 1717 illo
1855 1671 2090 1730 possent,
2121 1667 2175 1714 et

593 1777 623 1816 a
644 1760 870 1828 Nostro,
902 1771 1086 1832 utpote
1128 1759 1360 1830 perfecta
1383 1758 1492 1828 jam
1532 1766 1692 1826 atque
1719 1753 1861 1808 edita
1896 1751 2173 1822 Opuscula,

596 1853 888 1907 recenseri.

669 1943 756 2001 Ill.
783 1943 1015 1999 Omnino
1038 1943 1212 2013 itaque
1241 1949 1366 1996 ante
1406 1954 1604 1994 annum
1642 1936 1767 2001 392,
1797 1935 1912 1990 haec
1937 1947 2055 2002 quae
2084 1947 2179 1986 no-

597 2036 836 2090 minatim
894 2035 1258 2089 recensuimus
1303 2031 1614 2096 volumina,
1664 2027 1856 2099 quibus
1915 2026 2179 2080 universa:

604 2125 890 2195 Scriptura:
922 2138 1044 2194 pars
1070 2125 1241 2177 altero
1263 2131 1411 2176 tanto
1441 2121 1612 2190 major
1636 2120 1974 2184 continetur,
2003 2117 2178 2186 perfe-

596 2227 744 2271 cerat
781 2215 840 2270 S.
885 2216 1060 2270 Pater.
1096 2214 1320 2284 Reliqua
1351 2211 1650 2266 subsecutis
1675 2208 1890 2280 quidem
1921 2205 2178 2276 tempori-

598 2310 697 2361 hus
727 2307 778 2362 in
827 2307 997 2360 lucem
1039 2306 1254 2369 emisit;
1283 2319 1465 2358 verum
1509 2317 1574 2357 ex
1623 2301 1706 2355 his
1744 2300 1905 2354 etiam
1935 2295 2178 2369 quaedam

603 2412 729 2454 tunc
776 2398 1025 2452 habuisse
1079 2412 1201 2451 eum
1252 2396 1305 2450 in
1337 2403 1547 2465 promtu
1573 2436 1587 2457 ,
1620 2392 1776 2447 facile
1830 2407 1897 2448 ex
1936 2389 2182 2459 superius

603 2489 819 2544 laudato
858 2489 977 2543 loco
1005 2488 1241 2542 adducor
1273 2494 1332 2540 ut
1366 2485 1605 2550 credam,
1637 2483 1725 2538 tibi
1756 2497 1814 2536 se
1857 2481 1967 2546 ait,
2001 2489 2183 2533 caetera

603 2586 778 2637 clausa
802 2582 1024 2635 armario
1044 2581 1276 2634 retinere.
1313 2577 1450 2632 Num
1475 2576 1633 2632 fuerit
1654 2575 1722 2629 de
1744 2574 1936 2628 horum
1961 2585 2184 2626 numero

609 2674 828 2740 Daniel,
859 2688 928 2728 an
981 2679 1204 2742 quartus
1248 2669 1528 2738 PrOphetis
1573 2666 1865 2736 majoribus
1912 2662 2186 2718 accenseri

605 2763 994 2818 existimandus
1021 2762 1109 2826 sit,
1151 2760 1317 2831 quasri
1363 2773 1474 2814 non
1512 2759 1803 2826 incongrue
1831 2763 2025 2824 potest.
2056 2753 2185 2807 Nam

605 2854 834 2909 Sanctus
858 2852 1075 2922 quidem
1105 2851 1220 2920 ipse
1250 2849 1522 2918 lnterprcs
1547 2846 1673 2900 dum
1699 2845 1907 2899 laudata
1937 2843 2004 2898 ad
2036 2843 2190 2898 Pam-

607 2947 874 3002 machiutn
915 2943 1153 3016 Epistola
1209 2942 1425 2996 sedecim
1451 2939 1738 3010 Prophetas
1767 2940 1834 2993 ab
1859 2952 1918 2992 se
1957 2937 2190 2992 affirmat

607 3041 676 3096 tle
703 3039 966 3096 llebraico
1009 3040 1062 3091 in
1087 3035 1333 3090 Latinum
1361 3047 1671 3097 conversos,
1706 3030 1976 3086 Danielem
2008 3030 2190 3099 utique

611 3136 662 3186 in
691 3132 772 3186 bis
793 3137 1096 3199 computat;
1119 3142 1275 3184 secus
1296 3126 1438 3181 enim
1464 3125 1608 3180 Solos
1633 3137 1946 3179 numerasse
1966 3121 2193 3192 quinde-

609 3225 716 3278 cim
736 3221 1030 3277 debuisset.
1054 3218 1259 3274 Revera
1280 3217 1440 3272 etiam
1463 3216 1531 3270 ab
1549 3215 1698 3281 alibi,
1720 3223 1776 3269 ut
1799 3213 2035 3284 Epistola
2054 3213 2189 3269 Llll.

611 3313 680 3368 ad
728 3313 1040 3378 Paulinum,
1093 3310 1365 3364 Danielem
1399 3309 1451 3361 in
1497 3306 1882 3376 Prophetarum
1928 3307 2191 3376 majorum

613 3420 838 3460 censum
899 3402 1126 3471 recipit,
1175 3401 1450 3467 tribusque
1491 3399 1612 3453 aliis
1655 3399 1913 3468 adjungit.
1963 3399 2080 3453 Alia
2126 3413 2193 3454 ex

618 3507 770 3568 parte
800 3495 933 3550 liber
978 3494 1067 3548 ille
1104 3493 1157 3547 in
1203 3491 1431 3547 Hebrteo
1458 3489 1678 3545 Canone
1723 3492 1861 3544 inter
1901 3491 2195 3561 Prophetas

619 3604 726 3642 non
774 3593 1151 3654 computatur,
1215 3582 1308 3637 sed
1369 3582 1508 3636 inter
1568 3581 1903 3652 Agiographa
1953 3600 1967 3636 z
2024 3597 2195 3653 neque

616 3680 779 3734 alium
810 3679 862 3732 in
910 3678 1022 3747 ipsa
1050 3674 1460 3747 ltieronymiana
1491 3675 1736 3728 versione
1778 3673 1952 3727 locum
1999 3673 2192 3741 habet,

611 3773 762 3840 juxta
791 3779 1026 3825 veterum
1061 3767 1445 3838 exemplarium
1486 3763 1667 3821 fidem.
1715 3762 1771 3819 ιη
1813 3764 2040 3834 Prologo
2068 3781 2199 3834 quo-

616 3881 721 3934 que
762 3863 982 3921 Galeato
1028 3871 1188 3933 atque
1230 3861 1356 3916 alibi
1409 3859 1466 3916 S.
1519 3861 1632 3930 ipse
1680 3860 1875 3914 Doctor
1925 3860 2194 3916 Danielun

617 3955 971 4027 Agiograpliis
995 3953 1248 4008 adcenset
1277 3969 1292 4006 :
1322 3967 1495 4022 neque
1528 3965 1658 4006 sane
1686 3951 1896 4006 videtur
1935 3953 2046 4020 ipse
2078 3967 2199 4021 pro-

620 4049 779 4119 positi
805 4047 906 4102 sibi
938 4045 1170 4102 Canonis
1198 4044 1442 4099 ordinem
1469 4043 1523 4098 in
1547 4057 1640 4098 sua
1675 4042 1984 4098 adornanda
2029 4045 2196 4098 inter-

620 4140 917 4210 pretatione
960 4138 1227 4193 invertere
1257 4135 1505 4191 voluisse.
1541 4134 1780 4206 Denique
1807 4151 1866 4191 se
1893 4149 2029 4205 opus
2055 4135 2194 4190 istud

622 4249 650 4282 ει
693 4229 1001 4299 Proplietali
1043 4227 1204 4298 longo
1251 4215 1535 4284 intervallo
1559 4226 1871 4282 distinxisse
1911 4226 2106 4281 indicat
2145 4226 2196 4280 in

618 4320 938 4378 PrtefatiOne
985 4320 1050 4376 iis
1090 4319 1322 4374 maxime
1368 4317 1575 4384 verbis,
1607 4316 1808 4388 lmpegi
1852 4318 2118 4372 novissime
2144 4320 2200 4372 in

622 4410 909 4476 Danielem,
941 4421 989 4464 et
1017 4419 1155 4464 tanto
1179 4409 1330 4464 ttedio
1355 4407 1569 4476 affectus
1595 4424 1728 4474 sum,
1759 4417 1814 4462 ut
1850 4409 2202 4478 desperatione

620 4503 806 4565 subita,
836 4517 1039 4554 omnem
1073 4512 1283 4556 veterem
1329 4501 1552 4554 laborem
1595 4499 1838 4554 voluerim
1862 4510 2196 4554 contemnere.

633 4592 815 4647 Verum
844 4592 1147 4645 adhortante
1172 4607 1250 4645 me
1272 4590 1494 4659 quodam
1543 4588 1756 4644 Hebreo
1783 4632 1798 4658 ,
1827 4601 1876 4644 et
1916 4593 2048 4645 illud
2077 4592 2200 4645 mihi

621 4683 844 4740 rrebrius
865 4685 920 4737 in
961 4698 1056 4737 sua
1103 4682 1276 4752 lingua
1302 4682 1556 4751 ingerente
1579 4721 1594 4744 ,
1627 4681 1804 4736 Labor
1831 4683 2008 4736 omnia
2039 4683 2200 4737 vincit

619 4773 920 4844 Improbus,
942 4773 1028 4842 qui
1070 4772 1194 4824 mihi
1216 4771 1419 4824 videbar
1433 4772 1617 4826 sciolus
1637 4772 1766 4825 inter
1785 4770 2050 4839 Hebrteos,
2073 4775 2201 4844 ccepi

619 4881 822 4919 rursunt
846 4861 1130 4934 discipulus
1156 4878 1262 4918 esse
1283 4861 1613 4917 Chaldaicus.
1645 4861 1714 4916 Et
1739 4873 1792 4916 ut
1818 4879 1988 4917 verum
2013 4869 2196 4936 fatear,

620 4971 777 5025 usque
818 4955 887 5009 ad
931 4965 1230 5022 prementem
1281 4954 1413 5008 diem
1463 4953 1625 5024 magis
1670 4969 1874 5025 possum
1921 4970 2199 5010 sermonem

621 5045 952 5100 Chaldaicum
991 5047 1176 5117 legere,
1218 5054 1264 5100 et
1291 5043 1592 5116 intelligere,
1633 5061 1786 5116 quam
1813 5061 2015 5101 sonare.
2046 5046 2114 5103 Ut
2144 5059 2202 5102 ut

621 5151 752 5192 vero
778 5151 837 5191 se
858 5151 945 5192 res
973 5137 1234 5202 habuerit,
1262 5151 1384 5194 nam
1410 5135 1670 5206 disputari
1700 5136 1816 5192 hasc
1841 5151 1998 5206 posse
2017 5138 2200 5193 viden.

619 5239 706 5282 tur
736 5228 788 5281 in
821 5237 1099 5298 utramque
1127 5239 1351 5297 partem,
1385 5239 1572 5298 putare
1599 5229 1781 5298 utique
1816 5229 1998 5283 malim
2035 5229 2199 5284 fuisse

622 5317 894 5372 Danielem
950 5319 1018 5373 ab
1066 5318 1390 5390 Hieronymo
1438 5329 1562 5374 ante
1606 5334 1802 5374 annum
1855 5320 2045 5374 saltent
2088 5320 2195 5375 593

617 5405 886 5460 redditum
915 5407 1104 5462 Latine
1127 5423 1194 5463 ex
1225 5409 1453 5465 llehrteo
1481 5429 1495 5464 :
1519 5409 1800 5480 nullusque
1826 5411 2031 5474 dubito.
2069 5412 2196 5480 quin

619 5495 690 5546 ab
711 5508 777 5546 eo
798 5503 1040 5563 tempore
1067 5505 1268 5552 tantam
1293 5500 1384 5555 ille
1411 5500 1569 5555 fuerit
1597 5501 1712 5569 ejus
1739 5502 1931 5571 lingua:
1952 5504 2195 5571 peritiant

619 5591 934 5648 assecutus,
983 5595 1177 5652 quanta
1245 5588 1344 5642 sibi
1395 5590 1460 5644 ad
1517 5600 1712 5644 rectam
1773 5591 2196 5645 concinnandam

619 5674 740 5744 ejus
764 5671 1248 5744 interpretationem
1277 5679 1395 5734 libri
1419 5679 1533 5736 usui
1555 5690 1687 5736 erat.
1712 5680 1817 5737 Sed
1844 5681 2023 5750 utique
2049 5682 2193 5739 aliud

2275 382 2401 438 hinc
2429 384 2588 439 velim
2619 399 2714 453 pro
2738 385 2857 440 aliis
2883 385 3096 455 scriptis
3115 384 3402 444 Chaldaica
3422 389 3653 446 dialecto
3675 393 3851 462 libris,

2269 474 2569 544 cujusmodi
2611 473 2807 528 Tobias
2852 484 2969 538 est,
3009 487 3381 546 argumentum
3409 480 3571 534 sumi.
3615 482 3674 537 Si
3704 483 3850 538 enim

2270 579 2389 618 cum
2434 564 2710 618 Danielem
2755 565 3110 637 Hieronymus
3140 569 3410 624 transtulit
3452 581 3577 626 ante
3613 588 3851 640 annum,

2271 662 2333 708 ut
2367 653 2632 720 diximus,
2667 656 2790 722 593,
2821 656 3055 710 nondum
3095 658 3328 726 perfecte
3355 663 3570 730 quidem
3617 665 3853 736 linguam

2270 742 2613 798 Chaldaicam
2659 757 2899 814 noverat,
2935 759 3156 802 noverat
3183 759 3359 805 tamen
3389 769 3402 804 :
3434 767 3553 807 cum
3587 770 3715 809 vero
3742 757 3853 811 To-

2272 833 2413 890 biam
2464 836 2935 906 interpretaretur,
2982 840 3052 894 ita
3101 855 3161 895 se
3203 843 3320 912 ejus
3373 844 3613 914 ignarum
3660 849 3856 918 linguae

2271 927 2549 981 Confessus
2591 938 2710 993 est,
2745 937 2802 982 ut
2843 945 2960 999 qua:
3006 931 3292 987 Chaldaice
3336 934 3405 989 ibi
3437 938 3632 1004 scripta
3663 952 3855 1008 erant,

2275 1021 2375 1075 nisi
2405 1025 2552 1092 prius
2580 1025 2630 1077 in
2662 1023 2979 1080 llebraicum
3007 1026 3442 1096 refunderentur,
3474 1047 3570 1100 per
3603 1049 3662 1089 se
3691 1035 3857 1090 intel-

2274 1108 2439 1180 ligere
2483 1127 2817 1184 nequaquam
2869 1124 3050 1184 posset
3097 1133 3112 1171 :
3160 1133 3497 1188 consequens
3544 1132 3657 1187 est,
3716 1126 3861 1181 hunc

2276 1201 2447 1256 multo
2489 1214 2614 1257 ante
2654 1204 2882 1270 librum,
2924 1223 3082 1276 quam
3134 1209 3280 1263 illum
3326 1211 3513 1266 Latine
3540 1217 3858 1272 vertendum

2275 1294 2597 1363 suscepisse.
2631 1296 2795 1362 Quia,
2830 1299 3000 1368 inquit
3038 1300 3091 1354 in
3119 1300 3437 1358 Przefatione
3479 1305 3544 1358 ad
3592 1307 3860 1364 Chroma-

2276 1384 2408 1438 tium
2455 1394 2510 1439 et
2549 1386 2914 1453 lleliodornm,
2967 1391 3130 1445 vicina
3175 1402 3248 1446 est
3297 1393 3654 1451 Chaldaeorum
3684 1401 3862 1472 lingua

2277 1479 2498 1531 sermoni
2540 1479 2788 1534 Ilebraico
2813 1523 2828 1547 ,
2879 1483 3140 1554 utriusque
3183 1484 3358 1556 lingua
3389 1490 3748 1559 peritissimum
3779 1495 3856 1548 lo-

2277 1584 2489 1638 quacem
2515 1572 2792 1640 reperiens,
2817 1575 2967 1628 unius
3007 1575 3108 1629 diei
3132 1577 3354 1631 laborem
3373 1580 3568 1649 arripui
3598 1597 3617 1635 :
3639 1591 3684 1636 et
3707 1585 3864 1654 quid-

2279 1661 2404 1730 quid
2431 1663 2518 1716 ille
2542 1664 2666 1716 mihi
2697 1663 2960 1720 Hebraicis
2989 1668 3148 1722 verbis
3169 1671 3432 1740 expressit,
3464 1672 3560 1726 hoc
3589 1690 3680 1745 ego
3701 1680 3865 1730 accito

2282 1754 2518 1820 notario,
2560 1756 2870 1810 sermonibus
2909 1756 3106 1814 Latinis
3143 1765 3373 1830 exposui.
3416 1763 3647 1820 Omnino
3685 1766 3868 1839 itaque

2283 1841 2459 1898 fuerat
2492 1845 2699 1914 jamdiu
2737 1859 2894 1902 antea
2937 1848 3054 1905 ha-c
3095 1851 3351 1907 adornata
3384 1856 3578 1921 versio,
3607 1873 3768 1927 quam
3799 1861 3868 1916 ad

2283 1932 2679 1990 Pammachium
2710 1938 3000 2007 Epistolam
3043 1942 3200 1996 toties
3240 1943 3504 1999 laudatam
3550 1932 3816 2004 scriberet
3851 1968 3866 2005 :

2284 2041 2510 2097 cumque
2549 2027 2665 2097 ejus
2693 2029 2764 2083 ibi
2791 2031 2932 2084 nulla
2962 2032 3032 2086 sit
3079 2035 3315 2098 mentio,
3365 2034 3510 2091 inter
3538 2052 3600 2092 ea
3646 2042 3872 2095 omnino

2284 2119 2641 2187 computanda
2671 2130 2780 2186 est,
2811 2137 2932 2190 qua:
2957 2137 3016 2177 se
3044 2123 3178 2179 dixit
3203 2127 3436 2182 armario
3474 2129 3658 2186 clausa
3697 2135 3873 2188 conti-

2289 2224 2437 2264 nere.
2465 2209 2594 2265 Nam
2638 2212 2738 2266 etsi
2779 2211 2914 2268 liber
2945 2214 3036 2269 ille
3063 2214 3132 2270 de
3161 2217 3338 2287 priore
3363 2218 3590 2276 llebrazo
3628 2237 3870 2289 canone.

2287 2301 2377 2369 qui
2417 2300 2674 2356 Hebraice
2712 2304 2940 2373 scriptos
2970 2307 3340 2363 tantummodo
3375 2312 3871 2382 complectebatur,

2287 2408 2394 2448 non
2436 2406 2573 2450 esset
2609 2411 2624 2450 :
2665 2395 2897 2452 divinam
2945 2406 3122 2453 tamen
3162 2403 3531 2459 auctoritatem
3583 2413 3692 2461 tum
3731 2411 3874 2479 apud

2289 2499 2406 2539 eam
2432 2495 2645 2555 gentem
2676 2502 2798 2542 cum
2840 2489 2978 2559 apud
3007 2489 3261 2546 Ecclesiae
3294 2493 3480 2548 Patres
3495 2484 3738 2551 'obtinuit
3759 2539 3776 2562 ,
3821 2511 3876 2554 et

2293 2578 2343 2632 in
2367 2577 2657 2650 Scriptura:
2677 2594 2843 2636 sacrae
2875 2596 3094 2637 censum
3131 2585 3384 2640 continuo
3408 2587 3506 2642 abs
3545 2587 3876 2662 Hieronymo

2293 2682 2537 2739 receptus
2563 2682 2664 2727 est.
2702 2673 2972 2742 Ejusmodi
3019 2673 3158 2730 liber
3195 2692 3408 2748 quoque
3445 2689 3562 2734 erat
3596 2680 3834 2736 Juditlue
3857 2723 3874 2748 ,

2292 2777 2449 2831 quem
2479 2762 2536 2816 S.
2569 2763 2728 2819 Pater
2755 2764 3054 2820 Chaldaica:
3085 2766 3278 2837 lingua:
3298 2769 3407 2837 jam
3432 2771 3616 2840 probe,
3650 2782 3706 2826 ut
3726 2772 3879 2830 vide.

2292 2861 2400 2920 tur,
2428 2868 2646 2924 gnarus,
2677 2863 2836 2924 atque
2863 2855 2998 2911 adeo
3021 2867 3140 2927 post
3170 2858 3340 2927 ipsum
3371 2860 3662 2927 Danielem,
3684 2861 3879 2922 Latine

2295 2945 2473 2998 vertit.
2506 2944 2645 2999 Addi
2677 2946 2901 3000 fortasse
2932 2946 3015 3000 liis
3055 2960 3236 3017 posset
3262 2965 3396 3004 unus
3426 2963 3686 3021 praeterea
3714 2967 3879 3026 atque

2295 3036 2468 3102 alius,
2510 3049 2645 3104 quos
2674 3051 2768 3106 per
2807 3035 2859 3091 id
2899 3037 3113 3106 quidem
3165 3041 3420 3108 temporis
3461 3042 3704 3098 Romano
3731 3046 3879 3101 cultu

2295 3127 2521 3182 donatos
2549 3169 2564 3194 ,
2611 3127 2847 3183 nondum
2893 3129 2944 3183 in
2987 3131 3176 3200 vulgus
3225 3132 3535 3201 protulisset
3573 3134 3714 3191 :sed
3764 3136 3882 3193 lucc

2298 3223 2472 3276 minus
2495 3222 2769 3291 explorata
2802 3237 2888 3276 res
2909 3230 3008 3277 est.
3035 3224 3150 3278 Alia
3172 3239 3235 3279 ex
3263 3234 3410 3294 parte
3431 3226 3560 3280 satis
3589 3226 3704 3282 haec
3729 3240 3882 3294 sunt,

2298 3322 2356 3366 ut
2376 3327 2471 3368 sua
2499 3312 2643 3367 dicto
2661 3314 2858 3367 veritas
2878 3322 3108 3377 constet,
3134 3315 3242 3384 jam
3264 3315 3466 3371 scilicet
3494 3316 3563 3371 ab
3591 3333 3734 3374 anno
3779 3320 3886 3375 .393

2298 3404 2466 3459 Vetus
2511 3403 2909 3458 Testamentum
2957 3405 3267 3460 translatum
3309 3405 3376 3460 ab
3415 3422 3481 3462 eo
3523 3407 3685 3462 fuisse
3727 3410 3885 3477 juxta

2299 3496 2612 3552 llebraicam
2641 3496 2796 3551 fidem
2834 3514 2847 3548 :
2876 3498 3303 3568 qnamloqnitlem
3341 3515 3460 3568 qum
3499 3501 3678 3568 operis
3701 3504 3886 3570 perfe-

2299 3589 2460 3644 ctioni
2499 3598 2625 3643 tunc
2671 3589 2925 3652 deerant,
2971 3604 3070 3644 nec
3107 3590 3415 3660 singillatim
3457 3590 3621 3646 refert
3670 3593 3786 3661 ipse
3834 3595 3886 3647 in

2303 3678 2538 3748 Epistola
2564 3678 2628 3732 ad
2659 3677 3051 3733 Pammachium
3075 3720 3090 3743 ,
3131 3680 3304 3733 clausa
3329 3682 3553 3735 armario
3582 3697 3773 3751 magna
3818 3699 3888 3737 ex

2303 3779 2452 3838 parte
2497 3771 2606 3838 jain
2657 3771 2871 3825 tenebat
2904 3791 2916 3826 :
2956 3779 3008 3824 et
3046 3771 3170 3824 licet
3210 3771 3332 3825 aliis
3371 3771 3597 3826 subinde
3627 3773 3789 3827 annis
3835 3777 3888 3828 in

2304 3861 2476 3915 lucem
2511 3861 2807 3929 protulerit,
2832 3860 2900 3914 ab
2924 3877 2990 3914 eo
3022 3871 3196 3916 tamen
3227 3867 3388 3924 ἁπλῶς
3415 3864 3639 3918 exordio
3669 3880 3732 3919 ac
3759 3874 3892 3920 tem-

2304 3966 2453 4021 pore,
2484 3951 2584 4004 nisi
2610 3966 2730 4004 cum
2762 3966 2916 4005 secus
2942 3951 3122 4021 jussit,
3154 3953 3443 4022 repetenda
3467 3955 3794 4024 significavit

2373 4042 2462 4096 lV.
2492 4045 2620 4109 Qua:
2653 4043 2812 4112 igitur
2847 4044 3120 4096 volumina
3161 4059 3224 4097 ex
3255 4045 3503 4099 universo
3533 4045 3765 4101 llebrzeo
3801 4064 3896 4099 ra-

2307 4151 2444 4190 nnne
2468 4145 2558 4190 aut
2587 4135 2820 4191 nonduin
2850 4138 3118 4206 attigerat,
3142 4147 3234 4190 aut
3253 4147 3400 4193 certe
3424 4139 3658 4193 nondum
3683 4143 3896 4208 publici

2299 4226 2434 4296 juris
2458 4226 2656 4280 fecerat
2678 4226 2736 4281 S.
2769 4226 2944 4290 Pater,
2972 4227 3356 4282 Oetateuehnm
3387 4227 3568 4296 fuisse,
3605 4229 3898 4299 Paralipo-

2305 4331 2480 4380 mena,
2507 4316 2810 4372 Salomonis
2845 4317 2966 4373 libri
3007 4327 3166 4388 atque
3194 4318 3380 4374 Esdrae
3417 4319 3682 4374 videntur.
3729 4320 3900 4378 Hunc

2303 4418 2480 4462 autem
2510 4423 2630 4462 cum
2658 4407 2911 4463 Nehetnia
2943 4408 3082 4463 haud
3123 4410 3290 4464 multo
3317 4422 3433 4479 pOst
3457 4452 3471 4475 ,
3503 4413 3616 4466 sive
3644 4413 3896 4481 biennio,

2306 4513 2360 4553 nt
2408 4515 2710 4565 summum,
2763 4499 2830 4554 ab
2873 4501 3017 4556 edito
3069 4501 3203 4555 libro
3251 4501 3318 4556 de
3365 4502 3504 4557 Viris
3546 4502 3902 4571 lllustribus,

2304 4607 2446 4645 anno
2477 4591 2680 4646 scilicet
2708 4591 2814 4646 59b
2861 4592 2912 4646 in
2939 4591 3113 4648 lucem
3153 4593 3352 4659 emisit,
3381 4593 3666 4650 Domnioni
3695 4605 3751 4649 et
3784 4595 3907 4651 Ro-

2303 4683 2519 4752 gatiano
2575 4682 2905 4750 inscribens,
2957 4698 2988 4738 a
3037 4683 3231 4753 quibus
3273 4683 3382 4753 jam
3435 4701 3465 4738 a
3517 4685 3685 4740 tribus
3741 4698 3910 4742 retro

2304 4773 2456 4826 annis
2481 4774 2837 4837 continenter,
2863 4783 2925 4828 ut
2951 4772 3190 4828 laborem
3227 4773 3370 4829 hunc
3393 4774 3632 4842 subiret,
3666 4789 3912 4848 rogatus

2306 4864 2498 4918 fuerat.
2547 4864 2714 4935 Rogat
2743 4879 2871 4920 vero
2920 4865 3034 4934 ipse
3077 4853 3177 4920 eos
3200 4866 3433 4921 vicissim
3464 4867 3514 4920 in
3544 4865 3803 4934 Prologo,
3849 4883 3914 4923 ut

2305 4956 2501 5023 privata
2527 4956 2736 5011 lectione
2771 4957 3008 5021 contenti,
3044 4955 3227 5010 librum
3267 4975 3366 5011 non
3395 4957 3606 5024 efferant
3636 4959 3689 5012 in
3711 4962 3909 5028 publi-

2304 5063 2451 5110 cum,
2498 5062 2588 5100 nec
2633 5047 2910 5116 fastidiosis
2948 5047 3179 5116 ingerunt
3205 5047 3340 5102 cibos
3368 5090 3383 5112 ,
3429 5049 3679 5114 vitentque
3707 5065 3905 5106 eorum

2304 5137 2652 5206 supercilium,
2684 5138 2770 5202 qui
2777 5137 3018 5207 judicare
3050 5146 3242 5191 tantum
3268 5139 3331 5191 de
3351 5137 3487 5205 aliis,
3517 5147 3561 5192 et
3590 5140 3688 5209 ipsi
3717 5143 3914 5210 facere

2304 5228 2433 5280 nihil
2477 5237 2739 5280 noverunt.
2791 5227 2853 5280 Si
2880 5227 2968 5297 qui
3004 5237 3169 5280 autem
3199 5227 3424 5299 (subdit)
3456 5227 3701 5282 Fratrum
3745 5242 3909 5296 sunt,

2303 5317 2480 5388 quibus
2519 5325 2691 5370 nostra
2728 5332 2828 5371 non
2859 5317 3126 5386 displicent
3152 5357 3166 5380 ,
3217 5316 3296 5370 his
3323 5318 3558 5373 tribuatis
3583 5321 3864 5386 exattplar
3890 5363 3908 5388 ,

2303 5408 2628 5462 admonentes
2653 5448 2668 5471 ,
2719 5418 2774 5462 ut
2806 5407 3021 5462 Hebrtea
3049 5409 3252 5458 nomina
3279 5447 3293 5467 .
3340 5424 3553 5476 quarunt
3593 5409 3816 5480 grandis
3850 5413 3913 5467 in

2305 5497 2398 5550 hoc
2450 5497 2701 5552 volumine
2749 5499 2896 5567 copia
2942 5505 3037 5556 est,
3069 5493 3338 5558 distincte,
3387 5506 3434 5549 et
3478 5514 3568 5568 per
3616 5499 3917 5566 intervalla

2305 5588 2662 5643 transcribaut.
2700 5587 2773 5640 Ex
2802 5589 2996 5657 quibus
3024 5584 3201 5639 denuo
3229 5583 3484 5654 intelligis
3529 5589 3583 5642 in
3626 5605 3740 5643 rent
3791 5607 3915 5648 no-

2307 5691 2471 5737 stram
2491 5723 2504 5747 ,
2537 5687 2734 5750 quanto
2771 5679 2862 5735 ille
2891 5675 3068 5733 studio
3094 5672 3355 5743 publicam
3403 5675 3575 5733 lucent
3605 5679 3915 5752 effugeret,
