4050 6188
242 179 298 236 ει
1513 182 1553 236 s
1614 179 1985 235 tttsnomnt
2030 182 2210 243 VITA.
3446 210 3514 265 es

242 306 289 349 et
314 309 408 349 sua
442 296 606 349 vellet
633 305 815 352 omnes
837 304 1027 364 pra-ter
1046 296 1249 348 amicos
1270 296 1458 355 latere.
1485 312 1605 364 qum
1628 308 1818 349 caussa

241 392 340 443 est.
367 398 468 437 cur
490 386 731 453 quzcdani
754 401 856 439 non
882 402 911 439 a
936 402 1042 455 quo
1065 396 1305 455 tempore
1329 386 1637 441 elucubrata
1669 392 1816 448 sunt,

248 471 338 526 sed
368 489 475 543 quo
502 476 553 527 in
594 476 779 545 vulgus
810 477 1154 543 prodierunt,
1193 477 1483 544 repetenda
1514 475 1813 529 videantur.

249 562 413 631 llnjus
441 574 619 617 autem
664 566 921 619 versionis
964 580 1163 629 annus,
1211 581 1368 632 quem
1416 565 1644 619 diximus
1687 563 1812 629 595,

242 652 519 707 manifesm
562 670 625 708 ex
668 654 853 709 eadem
904 654 1225 709 Priel‘atioue
1273 656 1359 708 illa
1416 664 1673 725 apparet,
1727 654 1811 710 ubi

240 743 397 796 multa
427 760 545 813 quae
572 744 623 798 in
658 746 979 814 Evangeliis,
1004 746 1153 815 quasi
1179 744 1245 799 de
1270 745 1443 799 Veteri
1466 733 1813 800 Testamento

237 836 550 901 laudantur,
598 848 653 891 et
693 837 836 906 apud
877 838 1218 908 Septuaginta
1252 852 1357 891 non
1402 847 1563 897 sunt,
1614 852 1814 906 expen-

232 927 398 981 denda
430 944 490 983 se
528 930 641 993 ait,
683 930 852 983 tatiori
881 930 1021 998 operi
1066 946 1337 983 reservare.
1372 928 1512 983 Nihil
1543 930 1684 982 enim
1730 928 1809 983 la-

230 1019 379 1071 tioris
424 1021 607 1087 operis
650 1022 868 1076 nomine
914 1021 1171 1076 denotare
1219 1020 1361 1074 aliud
1405 1022 1610 1084 voluit,
1650 1036 1807 1088 quam

224 1106 525 1174 Epistulam
558 1111 609 1164 in
651 1122 835 1165 nostra
866 1115 1177 1167 recensione
1205 1111 1364 1166 LVII.
1412 1112 1524 1165 sive
1572 1112 1809 1165 libellum

218 1201 284 1254 de
313 1201 529 1269 Optimo
556 1222 738 1274 genere
765 1206 1151 1274 interpretandi,
1183 1208 1236 1258 in
1262 1221 1367 1273 quo
1386 1203 1453 1257 de
1477 1204 1567 1257 illa
1587 1203 1815 1272 Septua-

212 1292 562 1359 gintaviralis
618 1294 882 1347 versionis
951 1294 1347 1363 comparatione
1398 1294 1465 1346 ad
1530 1294 1809 1348 Hebraeum

212 1392 434 1437 textum
470 1402 565 1451 pro
594 1386 839 1440 instituto
868 1387 1140 1457 disputat,
1171 1402 1397 1456 eamque
1437 1385 1716 1441 deductam
1745 1387 1813 1441 ab

214 1474 535 1542 Evangeliis
566 1479 918 1543 qua-stionem
960 1478 1194 1546 expedit.
1234 1477 1401 1531 Porro
1423 1492 1544 1531 eum
1574 1477 1807 1530 libellum

211 1566 325 1619 sive
355 1564 657 1631 Epistulam
701 1582 844 1621 anno
872 1569 1123 1637 scriptam
1165 1567 1328 1621 fuisse
1356 1568 1479 1631 595,
1524 1568 1653 1621 nihil
1694 1568 1803 1635 jam

211 1655 433 1707 dubium
464 1662 567 1718 est,
597 1664 649 1707 et
675 1668 774 1707 suo
806 1670 903 1708 nos
930 1656 1050 1708 loco
1073 1656 1419 1709 ostendimus.
1464 1657 1647 1710 Esdrae
1673 1656 1800 1708 sub-

208 1745 387 1812 jnnxit
453 1743 511 1797 S.
564 1745 763 1799 Doctor
814 1740 1253 1815 Paralipomenon
1308 1748 1797 1815 interpretationem

211 1835 401 1889 eodem
447 1836 540 1889 illo
564 1877 578 1901 ,
612 1846 669 1888 ut
700 1834 928 1899 videtur,
958 1850 1099 1888 anno
1128 1855 1142 1890 :
1191 1836 1448 1905 siquidem
1481 1838 1533 1890 in
1569 1836 1797 1905 Prologo

208 1926 275 1979 ad
304 1926 673 1980 Chromatium
718 1926 963 1982 eumdem
1006 1927 1152 1980 illum
1184 1926 1246 1980 de
1278 1926 1482 1995 Optimo
1511 1944 1691 1998 genere
1715 1930 1795 1982 in-

210 2017 523 2085 terpretandi
568 2017 804 2071 libellum
833 2032 862 2071 a
892 2032 951 2072 se
993 2016 1174 2086 Nuper
1200 2016 1396 2071 editum
1436 2018 1591 2073 dixit.
1623 2018 1792 2086 Quam

214 2106 480 2162 modicum
506 2123 575 2162 eo
600 2107 855 2162 adverbio
884 2110 1140 2177 temporis
1166 2109 1503 2163 intervallum
1531 2109 1790 2175 denotet,

210 2214 275 2250 ex
304 2213 486 2252 rerum
512 2213 635 2252 eum
669 2199 853 2268 primis
880 2200 1022 2253 serie
1062 2199 1265 2264 disces,
1301 2207 1409 2253 tum
1442 2200 1561 2253 aliis
1600 2200 1821 2287 pleris:

207 2307 309 2358 que
361 2291 505 2360 apud
552 2307 674 2345 eum
742 2291 1025 2359 exemplis.
1082 2292 1312 2346 Proinde
1364 2294 1454 2361 qni
1524 2300 1794 2360 postremo

206 2382 443 2435 omnium
479 2383 598 2438 loci)
632 2384 875 2452 prodisse
907 2389 1020 2437 luec
1045 2395 1343 2452 autumant,
1374 2400 1402 2437 a
1428 2400 1557 2439 vero
1585 2386 1793 2454 longius

204 2473 480 2536 aberrant,
511 2482 570 2527 ιιι
596 2489 660 2527 ex
695 2473 909 2527 laudato
934 2474 1263 2538 testimonio,
1286 2485 1445 2544 atque
1471 2474 1689 2529 inferius
1710 2477 1789 2529 ili-

203 2564 383 2617 cvndis
412 2564 621 2632 planius
664 2565 950 2618 constabit.
1002 2566 1139 2618 Sunt
1177 2565 1265 2634 qui
1316 2565 1557 2619 Estheraa
1593 2565 1786 2620 librum

202 2654 286 2707 bis
304 2656 543 2719 addant;
573 2656 665 2710 sed
693 2656 903 2711 videtur
926 2673 1046 2711 eum
1077 2655 1135 2712 S.
1168 2657 1345 2718 Pater,
1382 2657 1692 2712 0ctateucbi
1720 2658 1787 2712 de

200 2763 307 2816 quo
331 2764 460 2802 mox
505 2749 777 2814 dicemus,
825 2764 1046 2804 numero
1087 2749 1593 2818 comprehendisse,
1636 2750 1784 2817 juxta

200 2840 461 2908 propositi
508 2840 610 2894 sibi
648 2841 871 2895 canonis
916 2841 1127 2897 Hebraei
1158 2842 1523 2897 recensionem
1551 2883 1565 2906 ,
1600 2843 1650 2896 in
1678 2858 1785 2911 quo

196 2931 414 2986 Indices
439 2940 494 2985 et
538 2932 679 2986 Ruth
724 2932 842 2986 libri
881 2932 933 2987 in
967 2948 1127 2987 unum
1170 2934 1497 2988 coalescunt.
1528 2934 1786 2989 Probabi-

197 3024 303 3076 lius
330 3022 510 3092 itaque
556 3023 954 3093 Paralipomena
983 3033 1307 3095 exceperunt
1333 3032 1444 3079 tres
1480 3016 1784 3080 Salomonis

196 3114 381 3174 libelli,
416 3114 731 3177 Proverbia,
765 3115 1137 3179 Ecclesiastes,
1171 3125 1225 3169 et
1247 3115 1484 3178 Cantica,
1512 3130 1646 3183 quos
1676 3132 1782 3170 non

192 3204 425 3271 amplius
446 3219 608 3272 quam
632 3204 787 3258 tridui
814 3221 975 3275 opere
994 3207 1043 3260 in
1072 3206 1315 3259 Latinum
1338 3205 1516 3268 vertit,
1543 3214 1596 3259 et
1617 3205 1782 3260 Chroo

196 3295 362 3347 tnatio
390 3304 555 3363 atque
584 3294 870 3349 Heliodoro
916 3297 1193 3366 Episcopis
1231 3311 1326 3350 sua
1356 3296 1595 3365 quotidie
1622 3311 1781 3365 repo-

193 3384 471 3439 scentibus
504 3385 695 3453 ingenii
731 3386 1053 3440 monimenta
1075 3428 1090 3451 ,
1132 3388 1421 3456 inscripsit.
1455 3389 1628 3458 Atque
1657 3388 1779 3453 hoc,

193 3491 280 3534 ne.
307 3475 401 3537 ait,
430 3476 586 3545 longa
606 3483 932 3548 (egrotatione
957 3481 1170 3548 fractus,
1196 3479 1394 3548 penitus
1422 3479 1515 3534 hoc
1544 3497 1679 3534 anno
1710 3497 1780 3533 re-

138 3616 147 3623 .
192 3568 415 3633 ticerem,
452 3579 501 3622 et
527 3569 668 3638 apud
704 3586 791 3624 vos
818 3580 985 3623 mutus
1011 3586 1167 3624 essem
1192 3586 1212 3624 :
1238 3572 1429 3640 quibus
1455 3587 1571 3626 eam
1605 3588 1777 3642 a-gro-

194 3660 451 3715 tationem
500 3660 737 3716 indicare
784 3664 927 3716 visus
974 3672 1057 3717 est
1108 3663 1298 3729 nobis,
1350 3664 1401 3719 in
1446 3680 1603 3735 quam
1650 3666 1775 3720 alibi

192 3752 353 3806 etiam
382 3767 441 3806 se
472 3754 718 3820 queritur
758 3753 1010 3808 incidisse
1030 3795 1045 3820 ,
1090 3764 1145 3808 ut
1188 3756 1240 3809 in
1274 3754 1591 3812 Prael‘atione
1618 3756 1778 3811 Coin-

196 3844 579 3896 mentariorum
612 3843 665 3896 in
696 3843 1020 3908 Manlia-um,
1056 3845 1287 3912 Epistula
1319 3846 1506 3903 LXXI.
1535 3848 1599 3901 ad
1628 3847 1779 3902 Luci-

195 3933 339 3986 nium
362 3975 377 3997 ,
404 3944 459 3989 et
490 3934 661 3988 multo
693 3935 1011 3989 luculentius
1032 3935 1270 3991 LXXIII.
1301 3937 1366 3990 ad
1414 3937 1736 4007 Evangelutn
1759 3980 1773 4001 ,

193 4035 245 4079 et
270 4040 333 4080 ex
355 4042 459 4095 qua
485 4026 699 4081 demum
722 4029 1056 4083 convaluisse
1085 4045 1189 4083 non
1223 4030 1291 4083 ita
1318 4030 1523 4099 pridem
1550 4046 1609 4086 se
1634 4031 1773 4085 indi-

194 4124 278 4170 cat
307 4117 357 4169 in
404 4117 631 4185 Prologo
670 4118 809 4173 tertii
858 4119 1237 4174 Contmentarii
1284 4120 1334 4173 in
1379 4121 1561 4175 Amos.
1602 4121 1775 4177 Certis

193 4215 366 4259 autem
400 4224 500 4261 nos
528 4211 858 4277 argumentis
886 4212 1221 4266 ostendimus
1252 4228 1315 4266 ex
1344 4227 1522 4266 rerum
1549 4228 1775 4280 lii-msero

196 4298 285 4350 tim
314 4300 455 4353 serie
489 4298 541 4352 in
569 4298 975 4370 Chronologicis
999 4301 1065 4354 ad
1090 4316 1182 4355 eas
1212 4301 1502 4370 Epistolas,
1531 4311 1586 4357 et
1613 4301 1775 4356 Com-

193 4389 484 4442 nientarios
529 4388 716 4453 Notis,
757 4391 824 4443 ab
851 4390 975 4444 anni
1020 4390 1124 4446 398
1156 4392 1340 4456 initio,
1374 4391 1472 4445 nisi
1526 4391 1571 4446 si
1612 4392 1771 4447 etiam

192 4484 379 4540 mavis.
409 4482 763 4550 praseedentis
804 4483 908 4539 [ine
928 4524 942 4547 ,
980 4500 1098 4538 eam
1127 4484 1184 4539 S.
1231 4484 1441 4539 Docturi
1472 4485 1773 4553 :egrotatio-

192 4586 307 4625 nem
338 4573 633 4640 obtigisse,
681 4588 710 4626 a
739 4589 837 4641 qna
875 4577 967 4629 vix
1011 4576 1212 4645 aliquot
1240 4585 1358 4645 post
1401 4584 1611 4631 mentes
1638 4592 1769 4645 pau-

192 4659 348 4727 lisper
392 4672 702 4728 recreatus,
734 4663 859 4717 dum
898 4666 1097 4719 omissa
1133 4666 1305 4719 studia
1332 4668 1491 4721 nimia
1520 4667 1771 4722 aviditate

192 4755 398 4820 repetit,
428 4754 647 4820 iterum,
678 4763 733 4808 et
768 4756 982 4825 gravius
1015 4756 1286 4810 decubuit.
1318 4756 1446 4811 Post
1481 4757 1637 4826 hujus
1668 4759 1768 4812 ita-

187 4859 288 4910 que
315 4845 440 4899 anni
468 4846 704 4899 medium
726 4888 741 4911 ,
768 4862 829 4901 ac
858 4846 970 4902 fere
1002 4847 1160 4901 linem
1187 4890 1201 4911 ,
1239 4848 1289 4903 id
1328 4849 1468 4918 quod
1498 4848 1613 4917 ipse
1634 4850 1772 4904 indi-

185 4947 237 4983 ra
248 4949 306 4986 re
340 4934 425 4985 his
441 4936 617 4989 verbis
643 4938 875 5004 videtur,
899 4955 962 4992 ne
989 4943 1187 5009 penitus
1212 4941 1305 4993 hoc
1329 4956 1465 4996 anno
1491 4942 1765 5008 reticerem,

185 5032 287 5075 tres
316 5023 441 5079 illos
488 5025 539 5079 in
582 5025 828 5082 Latinum
871 5045 936 5083 ex
984 5029 1208 5084 Hebraeo
1247 5030 1455 5086 libellos
1482 5034 1763 5088 convertit.

186 5110 463 5182 Reliquum
500 5126 621 5170 erat
674 5116 1101 5185 Octateuchum,
1142 5121 1349 5189 priores
1394 5122 1595 5177 scilicet
1644 5135 1767 5179 octo

183 5204 308 5256 sacri
339 5214 636 5261 contextus
657 5205 803 5274 libri,
827 5208 945 5262 sive
966 5218 1192 5279 septem,
1220 5220 1277 5264 ut
1301 5211 1387 5264 alii
1411 5213 1761 5281 contendunt,

183 5292 263 5357 qui
287 5308 532 5353 octavum
574 5314 863 5354 numerum
905 5300 1009 5355 huc
1038 5301 1242 5355 adscito
1285 5302 1479 5357 Esther
1506 5304 1644 5358 libro
1668 5319 1765 5359 ex-

182 5384 332 5451 plent.
352 5405 475 5446 nant
500 5390 648 5446 Ruth
671 5390 826 5459 juxta
854 5391 1195 5447 Ilebrteorum
1216 5394 1579 5447 recensionem
1604 5410 1766 5450 unum

183 5491 289 5533 cum
310 5480 555 5539 indicum
589 5484 733 5538 libro
754 5494 1095 5553 supputatum
1118 5483 1371 5537 diximus.
1394 5484 1461 5537 Et
1479 5492 1625 5538 certe
1651 5486 1768 5553 qui-
1802 5554 1817 5565 ο

182 5568 286 5629 dvm
316 5576 428 5646 ipse
458 5579 512 5635 in
558 5570 806 5651 Epistola
838 5575 1023 5631 LXXI.
1050 5576 1113 5629 ad
1144 5575 1444 5643 Lucinium,
1459 5589 1615 5644 quem
1642 5591 1763 5630 mox

1930 295 2101 351 locum
2122 300 2471 367 laudabimus,
2491 306 2851 363 Octateuchum
2877 325 3026 368 vocnt
3046 318 3101 373 S.
3125 320 3280 375 Pater
3300 338 3313 374 :
3330 338 3510 391 quant-

1925 405 2083 457 qnaut
2113 390 2537 461 Heptateuchum,
2555 398 2604 451 id
2635 409 2737 461 est,
2754 412 2944 469 septem
2970 404 3236 464 dumtaxat
3262 390 3398 479 libri,
3412 431 3505 470 ve-

1926 487 2069 535 teres
2098 486 2340 551 qua-dam
2368 489 2481 555 ejus
2511 490 2612 544 loci
2644 492 2908 546 editiones
2940 500 3217 563 praeierunt
3246 522 3258 557 :
3287 523 3387 574 qua
3420 508 3500 563 Ie-

1922 570 2123 637 ctione,
2154 574 2362 630 etiamsi
2398 577 2601 633 llebr.i-i
2638 582 2840 636 codicis
2881 588 3101 640 tenenda
3152 570 3497 665 esset‘ratio,

1921 662 2140 715 omnino
2172 665 2365 721 Esther
2393 670 2784 727 excluderetur.
2810 674 2917 729 Sed
2942 678 3118 748 utique
3144 682 3231 735 illa
3258 662 3495 743 Octateu;

1919 750 2067 804 cltum
2087 754 2243 809 unice
2261 772 2378 810 vera
2403 759 2560 814 lectio
2576 770 2677 823 est,
2698 764 2858 832 eique
2873 765 3034 820 fuisse
3055 768 3291 825 Estlterae
3308 776 3497 834 librum

1917 858 1945 895 a
1978 841 2035 897 S.
2070 843 2299 901 Doctore
2339 849 2692 916 ailccnsitum,
2724 852 2875 908 locus
2929 857 3063 911 infra
3113 861 3409 920 laudandus
3434 886 3498 923 ex

1917 932 2034 1000 ejus
2077 934 2397 993 Pra-l'atione
2424 940 2479 994 in
2506 941 2672 997 Josue
2704 948 3068 1013 persuadebit.
3102 950 3241 1006 Nihil
3273 958 3496 1023 proinde

1918 1038 2017 1076 nos
2043 1036 2241 1091 movet,
2273 1030 2412 1099 quod
2442 1032 2657 1100 quidam
2687 1050 2878 1105 magno
2908 1050 3101 1094 conatu
3131 1057 3341 1111 urgent,
3364 1062 3497 1101 con~

1918 1122 2062 1168 stare
2092 1117 2294 1171 scilicet
2321 1135 2383 1173 ex
2417 1121 2532 1190 ejus
2571 1123 2893 1181 Prrel‘atione
2924 1127 3075 1195 libri,
3124 1134 3266 1201 quod
3310 1147 3500 1205 agcnte

1917 1203 2093 1260 adlmc
2112 1206 2180 1263 .in
2213 1209 2345 1263 vivis
2385 1211 2547 1266 Paula
2594 1227 2763 1271 matre
2785 1258 2799 1280 .
2826 1218 3113 1277 Latinitate
3139 1203 3366 1279 donatus
3392 1232 3495 1293 sit,

1916 1295 2002 1347 cui
2035 1304 2091 1349 ut
2116 1306 2171 1351 et
2192 1300 2312 1353 tiliae
2334 1301 2448 1369 ejus
2479 1302 2715 1360 Eustoch
2739 1324 2772 1360 ο
2801 1309 3108 1367 inscribitur
3138 1332 3151 1365 :
3182 1332 3301 1369 emn
3326 1334 3495 1372 econ-

1919 1386 2084 1439 trario
2124 1390 2167 1441 si
2197 1432 2212 1455 ,
2242 1400 2298 1445 tit
2326 1392 2530 1460 debuit,
2560 1413 2622 1449 ex
2662 1398 2849 1454 ordine
2881 1401 3096 1458 ultimus
3126 1420 3190 1459 ex
3223 1406 3311 1459 illo
3336 1406 3497 1462 Octa-

1916 1480 2107 1532 teucho
2158 1496 2339 1535 versus
2377 1495 2459 1537 est
2487 1486 2537 1538 in
2566 1487 2832 1554 Latinum,
2857 1491 3017 1547 Paula
3050 1494 3284 1561 biennio,
3310 1508 3366 1552 tit
3394 1504 3495 1552 mi-

1912 1569 2147 1634 nimum,
2192 1583 2345 1627 antea
2386 1575 2495 1641 jam
2542 1577 2683 1631 diem
2735 1580 2945 1635 obierit.
2985 1584 3129 1640 Scite
3171 1588 3313 1641 enim
3367 1605 3492 1645 vero

1909 1664 2202 1727 repositum
2238 1662 2356 1718 huic
2382 1679 2699 1736 argumento
2726 1681 2807 1724 cst
2832 1688 2955 1728 cum
2981 1676 3049 1729 ab
3072 1678 3213 1743 aliis,
3242 1688 3349 1733 tum
3374 1681 3491 1747 ipso

1906 1746 2253 1805 Bt-ncdictino
2284 1752 2501 1809 Editore
2525 1799 2537 1821 ,
2570 1775 2674 1811 non
2704 1759 2900 1817 debere
2926 1765 3129 1819 scilicet
3171 1768 3239 1821 ibi
3268 1746 3486 1825 Paulam

1903 1838 2177 1895 Eustmhii
2236 1853 2493 1911 matrem,
2550 1849 2642 1902 sed
2682 1850 2951 1917 juniorem
3009 1855 3168 1909 aliam
3217 1858 3481 1929 intelligi,

1900 1929 2061 1984 Lzrta:
2090 1932 2270 1998 tiliam,
2300 1944 2459 2004 atque
2488 1952 2552 1990 ex
2584 1937 2748 1994 fratre
2777 1943 2974 2010 neptim
3001 1943 3302 2013 Eustachii,
3332 1949 3487 2003 illud-

1899 2037 2002 2091 que
2030 2024 2325 2079 scribarum
2352 2028 2648 2083 oscitantiat
2672 2071 2687 2094 ,
2719 2047 2781 2086 ac
2806 2045 3033 2103 receptae
3074 2036 3124 2089 in
3166 2038 3247 2091 his
3275 2054 3484 2107 ponen-

1900 2114 1983 2167 dis
2007 2117 2309 2171 nominibus
2330 2122 2702 2175 consuetudini
2730 2124 3119 2193 imputandum,
3146 2131 3286 2199 quod
3308 2133 3484 2187 amitte

1903 2207 2108 2274 neptis,
2154 2209 2353 2263 seniori
2392 2210 2576 2279 junior
2625 2213 2943 2271 antefertur.
2990 2216 3094 2272 Sed
3142 2220 3256 2275 Iuec
3297 2222 3488 2278 haete‘

1902 2306 2007 2349 IUs.

1970 2394 2354 2449 Octateucltum
2418 2397 2576 2467 igitur
2644 2399 2880 2469 Epistola
2941 2402 3029 2457 illa
3083 2404 3149 2458 ad
3204 2405 3481 2464 Lucinium

1898 2491 2121 2538 testatus
2168 2494 2251 2539 est
2303 2485 2655 2558 llieronymns
2701 2490 2800 2544 sibi
2852 2492 3119 2562 reliquum
3168 2510 3321 2561 esse,
3355 2511 3476 2551 cum

1894 2574 2027 2628 alios
2065 2589 2251 2629 omnes
2296 2577 2505 2632 llebrzei
2549 2580 2781 2635 Canouis
2822 2582 2991 2639 libros
3034 2587 3216 2654 pueris
3257 2588 3377 2657 ejus
3413 2604 3477 2644 ae

1894 2666 2115 2720 notariis
2138 2666 2517 2725 describendas
2540 2673 2648 2740 jam
2678 2672 2932 2730 dedisset.
2969 2676 3249 2745 Cononem,
3278 2680 3473 2751 inquit,

1892 2755 2160 2811 llebraiea:
2196 2760 2434 2825 ueritatis,
2465 2774 2673 2834 excepto
2704 2764 3032 2833 Octateucho,
3072 2787 3220 2837 quem
3260 2775 3476 2827 nuncin

1889 2849 2120 2902 manibus
2161 2850 2319 2905 habeo
2347 2854 2517 2922 pueris
2560 2855 2660 2907 tuis
2686 2871 2747 2907 ac
2793 2858 3005 2910 notariis
3030 2859 3148 2913 dedi
3188 2861 3475 2915 describen-

1890 2938 2031 2993 dum.
2063 2940 2250 2995 Annus
2278 2942 2533 3011 agebatur
2553 2985 2568 3009 ,
2617 2958 2738 2997 cum
2787 2944 2901 2999 haec
2932 2947 3226 3014 scriberet,
3260 2951 3386 3013 398,
3418 2962 3476 3006 ut

1889 3044 1987 3080 suo
2026 3030 2142 3082 loco
2166 3032 2326 3084 certis
2352 3033 2681 3101 argumentis
2710 3034 3134 3090 demonstratum
3172 3048 3277 3103 est,
3302 3051 3354 3094 et
3385 3058 3473 3095 re-

1891 3133 2030 3181 rum,
2080 3133 2212 3186 quas
2239 3120 2497 3175 hactenus
2531 3124 2874 3178 tractavimus
2895 3167 2909 3189 ,
2953 3126 3088 3181 ordo
3117 3130 3331 3184 evincit.
3364 3132 3470 3187 Ve-

1892 3223 2006 3259 ruin
2037 3206 2409 3275 Pentateuclti,
2437 3212 2549 3267 sive
2575 3213 2807 3283 quinque
2831 3215 2993 3270 Mosis
3025 3217 3277 3273 librorum
3306 3222 3470 3277 inter-

1890 3297 2243 3364 pretationem
2274 3299 2473 3354 dudum
2506 3318 2791 3372 aggressus
2822 3307 3032 3360 videtur
3060 3308 3271 3365 hortatu
3317 3313 3467 3368 Desi-

1887 3388 2021 3441 derii
2074 3390 2321 3459 Aquitani
2375 3392 2718 3466 Presbyteri,
2764 3398 2880 3465 ejus
2923 3399 2988 3453 ad
3042 3418 3199 3471 quem
3260 3406 3464 3474 pridem

1889 3480 2179 3547 Epistulam
2226 3485 2278 3537 in
2320 3489 2634 3543 recensione
2666 3501 2845 3545 nostra
2880 3492 3087 3548 XLVII.
3126 3495 3383 3564 dederat,
3412 3510 3466 3555 et

1885 3589 1991 3641 quo
2014 3575 2351 3642 postmodum
2379 3578 2708 3647 impellente.
2733 3593 2920 3637 contra
2952 3584 3291 3654 Vigilantium
3332 3592 3466 3645 scri-

1887 3665 2010 3731 psit.
2056 3664 2240 3718 Eidem
2285 3666 2358 3720 illi
2412 3684 2545 3736 opus
2590 3670 2693 3726 hoc
2738 3688 2895 3727 suum
2936 3685 3120 3742 postea
3164 3678 3461 3744 dedicavit,

1885 3759 2036 3826 cujus
2075 3761 2303 3828 aliquam
2350 3770 2523 3814 tamen
2568 3774 2768 3829 partem
2793 3805 2808 3828 ,
2850 3775 2975 3833 puta
3007 3766 3259 3821 Cenesim
3307 3781 3465 3839 atque

1886 3847 2124 3901 Exodiun
2156 3849 2345 3903 saltem
2369 3848 2478 3917 jam
2505 3859 2629 3903 ante
2653 3866 2773 3904 eum
2800 3866 3000 3905 annum
3026 3854 3187 3907 etiam
3216 3855 3462 3913 absolve-

1886 3950 2003 4002 rat,
2032 3955 2193 4009 quum
2240 3956 2369 3995 vere
2410 3956 2470 3996 se
2507 3942 2640 3995 dixit
2670 3942 2787 3997 aliis
2835 3943 2905 3998 de
2944 3944 3273 4001 Octateucho
3315 3947 3465 4004 libris

1886 4028 2155 4083 insudare.
2192 4029 2300 4082 llos
2331 4045 2490 4098 porro
2511 4032 2648 4086 alios
2677 4033 2764 4100 qui
2792 4035 3140 4101 superabant,
3172 4037 3461 4107 aliquibus.

1886 4119 2067 4172 III'SCIO
2089 4118 2281 4186 quibus
2314 4120 2456 4172 curis
2488 4120 2774 4195 impeditus
2810 4124 2860 4175 in
2891 4134 3162 4191 posterum
3184 4167 3200 4191 ,
3228 4127 3368 4180 diem
3395 4126 3463 4181 de

1883 4207 1969 4260 die
1998 4206 2234 4268 trahens,
2269 4207 2496 4272 distulit,
2524 4224 2621 4263 nec
2651 4210 2751 4264 nisi
2783 4220 2904 4278 post
2931 4212 3109 4268 Paula:
3136 4214 3323 4270 matris
3348 4216 3465 4270 ubi-

1884 4306 2017 4361 tum,
2048 4297 2162 4352 sive
2190 4305 2523 4365 postannum
2546 4298 2651 4354 MM
2692 4299 2938 4354 absolvit.
2978 4302 3319 4373 Compertum
3361 4305 3463 4363 hoc

1882 4399 1963 4443 (εει
1988 4403 2145 4459 quam
2183 4388 2324 4459 quod
2366 4390 2599 4447 maxime
2637 4408 2701 4447 ex
2739 4392 3058 4452 Praefatione
3085 4397 3136 4451 in
3174 4398 3337 4455 libros
3363 4399 3459 4456 Jo-

1880 4494 2015 4542 sne,
2067 4479 2314 4534 Judicum
2366 4488 2418 4534 et
2470 4481 2645 4548 lluth,
2698 4498 2920 4553 quorum
2970 4486 3457 4559 interpretationem

1882 4570 2173 4625 Eustochio
2200 4574 2356 4625 enixe
2387 4573 2641 4642 ﬂagitanti
2671 4575 3024 4645 elucubravit,
3058 4580 3336 4650 eidemque
3366 4584 3457 4634 uni

1878 4660 2021 4714 dono
2046 4661 2210 4715 dedit.
2234 4661 2483 4726 Tandem,
2513 4663 2702 4734 inqttit,
2731 4668 2873 4735 [inito
2908 4668 3247 4723 Pentateucho
3276 4670 3455 4735 Mosis,

1878 4751 2030 4805 veluti
2060 4754 2243 4821 grandi
2272 4759 2462 4824 fwttore
2499 4756 2734 4821 liberati,
2782 4761 2849 4811 ad
2894 4760 3072 4813 Jesum
3108 4760 3271 4826 ﬁlium
3316 4757 3461 4813 Nare

1879 4860 2083 4897 manum
2112 4847 2374 4911 mittimus,
2397 4864 2544 4915 quem
2576 4848 2778 4903 Hebraei
2799 4849 2959 4903 Josue
2991 4850 3093 4903 ben
3118 4849 3256 4911 Nun,
3287 4850 3341 4902 id
3362 4862 3457 4917 est,

1874 4935 2035 4990 Josue
2077 4938 2240 5005 ﬁlium
2290 4938 2416 4992 Nam
2476 4938 2698 5004 Vocant,
2748 4950 2794 4991 et
2840 4940 2909 4991 ad
2952 4939 3197 4992 Iudicum
3241 4941 3455 5004 librum.

1874 5043 2020 5096 quem
2047 5027 2289 5095 SOphtim
2335 5030 2624 5096 appellent,
2676 5028 2744 5079 ad
2777 5028 2912 5081 Rulli
2941 5044 3135 5099 quoque
3162 5039 3210 5083 et
3250 5029 3455 5095 Esther,

1874 5136 2000 5187 quos
2027 5119 2203 5172 iisdem
2230 5120 2519 5172 nominibus
2559 5117 2797 5183 e/Ierunt.
2834 5117 2899 5171 Et
2926 5119 3027 5172 sub
3057 5119 3216 5172 linem
3243 5161 3259 5185 ,
3291 5120 3455 5175 Crete-

1874 5226 1991 5262 rum
2016 5219 2126 5275 post
2149 5210 2355 5265 Sancta:
2382 5209 2565 5263 Paula:
2591 5208 2967 5275 domuitionem,
2997 5210 3141 5280 cujus
3169 5212 3271 5265 vita
3299 5213 3459 5267 uirtu-

1875 5303 1940 5354 tis
1966 5300 2248 5366 exemplum
2273 5308 2364 5359 est.
2394 5309 2441 5351 et
2480 5299 2570 5351 hos
2602 5297 2776 5363 libros,
2808 5313 2933 5368 quos
2963 5299 3237 5354 Eustochio
3277 5303 3459 5375 virgini

1876 5391 2061 5446 Christi
2090 5406 2274 5458 negare
2315 5406 2415 5443 non
2446 5391 2620 5460 potui,
2652 5388 2960 5446 decrevimus
2982 5434 2998 5458 ,
3027 5402 3134 5448 etc.
3164 5392 3303 5450 Obiit
3334 5411 3469 5451 verer

1876 5483 2018 5538 diem
2060 5496 2214 5535 suum
2247 5481 2441 5544 Paula,
2492 5492 2547 5535 ut
2591 5480 2717 5534 alibi
2768 5481 3094 5540 declaratum
3140 5494 3224 5541 est
3263 5480 3477 5550 nobis.”

1878 5578 2099 5647 ipsoque
2125 5574 2239 5643 ejus
2269 5574 2552 5645 Epitaphio
2582 5582 2810 5639 constat,
2856 5576 3085 5633 Honorio
3116 5578 3245 5648 Aug.
3282 5576 3352 5629 VI
3412 5587 3460 5631 et
