4050 6188
586 277 659 333 ss
1863 259 1920 316 s.
1961 253 2334 312 utsnoxvtn
2376 255 2558 309 VITA.
3779 258 3852 314 ει

587 390 888 444 Δήειεηαο
912 386 1056 442 Cass.
1095 398 1217 454 qua:
1246 377 1368 434 anni
1395 377 1498 433 till
1526 383 1650 429 nota
1690 380 1798 428 est.
1827 370 2007 424 Potest
2043 366 2163 422 haec

588 481 751 549 igitur
772 478 1052 536 commode
1079 477 1134 530 in
1176 472 1588 538 subsequentem
1627 463 1804 518 versio
1852 459 2164 523 transferri,

588 588 693 642 qua
724 575 1007 627 universus
1033 565 1310 622 absolutus
1331 570 1417 616 est
1447 559 1701 613 llebraaus
1736 569 1908 609 canon
1928 594 1943 618 ,
1981 551 2163 616 ducto,

587 675 646 719 ut
695 665 1018 724 dicebamus,
1066 656 1216 711 initio
1242 670 1270 707 a
1301 651 1585 714 Samuele,
1614 665 1709 704 seu
1752 648 1953 716 Regum
1991 643 2163 706 libris,

587 755 656 810 ad
683 754 893 816 Esther,
923 764 1029 818 quo
1068 747 1227 800 linem
1253 745 1539 800 exantlatis
1565 739 1828 808 ejusmodi
1867 753 1962 807 per
2001 735 2168 790 ferme

590 840 1044 912 quindecennium
1090 836 1362 891 laboribus
1409 834 1465 888 S.
1518 833 1678 887 Pater
1728 829 1997 896 imposuit.
2050 824 2167 879 Jam

589 947 719 986 vero
746 944 865 1000 qua:
891 928 1180 987 fortunam.
1215 935 1274 979 ut
1302 925 1372 978 ita
1403 923 1578 978 dicam
1603 923 1720 988 ejus
1745 918 2006 974 Editionis
2029 913 2169 985 apud

591 1019 809 1076 Latinas
830 1017 1118 1080 Ecclesias,
1141 1029 1368 1086 quasque
1391 1013 1663 1067 historiam
1686 1011 1972 1081 pertinent,
1998 1016 2052 1061 et
2072 1019 2171 1059 nos

591 1110 864 1179 attigimus
893 1123 962 1164 ex
995 1115 1148 1177 parte
1195 1106 1247 1160 in
1293 1103 1610 1159 Prtefatione
1648 1101 1715 1156 ad
1761 1100 2026 1155 decimum
2065 1096 2170 1150 To-

593 1215 765 1265 mum,
791 1207 846 1254 et
867 1198 955 1252 alii
994 1196 1199 1267 pridem
1229 1193 1408 1249 Critici
1437 1191 1816 1257 eruditissimi,
1842 1201 2069 1258 quorum
2102 1185 2172 1238 ibi

594 1288 874 1343 laudamus
903 1286 972 1342 de
992 1286 1206 1342 nomine
1230 1285 1457 1354 aliquos,
1483 1283 1891 1337 edisseruerunt
1909 1295 1924 1344 ;
1945 1277 2174 1344 denique

595 1380 662 1436 ad
705 1379 880 1435 Vitam
922 1379 981 1435 S.
1020 1379 1297 1444 Doctoris,
1327 1390 1487 1447 quam
1512 1373 1795 1430 scribimus
1817 1413 1832 1439 ,
1862 1383 2046 1440 parum
2083 1374 2175 1420 aut

595 1469 731 1524 nihil
758 1475 1022 1540 spectant.

1159 1620 1384 1678 CAPUT
1411 1618 1575 1674 XXII.

599 1753 642 1809 1.
682 1753 1005 1809 lntereadunt
1049 1754 1217 1807 varias
1266 1751 1607 1821 Hieronymus
1662 1749 1730 1801 ad
1762 1746 1985 1801 Paulum
2028 1752 2178 1811 atque

671 1846 1006 1901 Eustochium
1059 1844 1313 1914 Epistolas
1350 1844 1539 1898 scribit.
1585 1839 1648 1894 11.
1680 1838 1894 1906 Scripsit
1934 1837 2084 1888 etiam
2124 1835 2177 1888 in

673 1937 964 2002 Micharam,
997 1936 1313 2006 Sophonium
1337 1976 1352 2000 ,
1389 1935 1560 1987 Naum
1583 1973 1598 1996 ,
1627 1931 1829 1985 Abacuc
1852 1971 1867 1994 ,
1901 1938 2050 1997 atque
2070 1927 2177 1996 Ag-

674 2045 840 2100 gteunt
889 2026 1308 2082 Commentarios.
1337 2025 1426 2080 ΙΙΙ.
1460 2023 1603 2078 Num
1621 2020 1808 2075 lanam
1837 2029 1982 2072 antea
2026 2033 2180 2085 expo-

673 2122 868 2187 suerit,
897 2130 943 2175 et
971 2137 1090 2174 nunt
1117 2120 1360 2173 breviores
1388 2116 1516 2171 alios
1541 2112 1937 2170 Commentarios
1980 2111 2033 2162 in
2073 2109 2179 2162 sin-

679 2213 826 2281 gulos
901 2211 1165 2264 duodecim
1222 2209 1505 2279 Prophetas
1558 2208 1775 2259 minores
1829 2198 2180 2257 elucubrarit?

678 2300 766 2356 lV.
802 2301 993 2355 Eadem
1022 2317 1175 2371 Opera
1215 2301 1344 2354 alios
1373 2298 1660 2368 Prophetas
1707 2297 1964 2350 illustrare
1993 2292 2173 2363 pergit.
2255 2337 2267 2346 .

673 2394 740 2449 V.
767 2394 974 2449 Librum
1004 2394 1067 2447 de
1097 2393 1229 2448 Viris
1256 2392 1545 2446 Illustribus
1571 2390 1692 2444 edit.

674 2538 718 2594 1.
746 2539 1015 2608 Compulit
1044 2554 1142 2593 nos
1169 2539 1424 2593 librorum
1465 2537 1754 2606 Scriptura;
1782 2534 1952 2588 series
1994 2530 2180 2585 tantis-

605 2645 702 2698 per
727 2643 755 2680 a
782 2629 1056 2698 proposito
1085 2629 1296 2682 tramite
1326 2636 1624 2696 temporum
1649 2625 1859 2693 evagari
1889 2639 1902 2676 :
1930 2636 2072 2676 nunc
2110 2619 2176 2672 ad

604 2719 754 2774 illum
804 2718 936 2774 Vitae
988 2719 1414 2788 Hieronymiana:
1450 2725 1611 2785 atque
1655 2715 1888 2769 historia:
1934 2713 2177 2767 ordinem

605 2818 961 2864 revertamur.
984 2808 1174 2864 Statim
1202 2823 1232 2862 a
1264 2805 1473 2861 Veteris
1519 2803 1845 2860 Testamenti
1885 2802 2033 2871 juxta
2077 2800 2181 2854 lle-

603 2899 838 2952 braicum
873 2899 1216 2955 translatione
1243 2896 1406 2952 refert
1430 2895 1489 2951 S.
1522 2896 1679 2950 Pater
1700 2895 1750 2948 in
1777 2907 1994 2948 suorum
2025 2889 2180 2944 Cata-

603 2989 727 3059 logo
755 3003 974 3058 operum
1001 2987 1071 3040 ad
1092 2986 1314 3042 Paulam
1337 2997 1486 3055 atque
1515 2986 1851 3040 Eustochium
1877 2981 2174 3053 Epistolas,

602 3098 816 3148 quarum
843 3083 918 3134 ait
939 3123 954 3144 ,
996 3081 1113 3150 quia
1138 3081 1362 3150 quotidie
1388 3079 1705 3144 scribuntur,
1733 3078 1956 3131 incertus
1984 3085 2055 3129 est
2082 3092 2179 3128 nu-

603 3189 788 3226 merus.
818 3172 1022 3240 Quibus
1058 3173 1273 3244 quidem
1300 3187 1392 3228 eas
1421 3172 1564 3243 ipsas
1586 3170 1794 3226 videtur
1814 3170 1966 3224 nobis
1987 3183 2176 3238 magna

600 3279 666 3316 ex
693 3271 842 3334 parte
865 3263 1102 3318 indicare
1127 3263 1428 3333 Epistolas,
1456 3277 1588 3332 quas
1607 3278 1728 3318 eum
1758 3261 1945 3315 iisdem
1976 3264 2176 3314 sanctis

599 3354 813 3408 feminis
854 3368 979 3407 suas
1007 3361 1341 3422 nuncuparet
1387 3353 1559 3407 varias
1603 3351 2070 3421 interpretationes
2110 3366 2176 3404 ex

606 3443 857 3508 llebrteo,
895 3444 978 3497 vel
1023 3444 1451 3498 Commentarios
1483 3443 1534 3496 in
1564 3443 2077 3513 aliquotScriptura:
2105 3444 2173 3496 li-

600 3535 771 3600 bros,
828 3535 1180 3590 elucubravit.
1231 3534 1504 3604 Ejusmodi
1557 3543 1682 3588 sunt
1726 3534 2072 3588 Prrefatioues
2123 3535 2174 3588 in

604 3628 810 3695 [legum
860 3627 1027 3681 libros
1052 3668 1068 3693 ,
1100 3627 1151 3680 in
1181 3627 1369 3680 Isaiam
1401 3641 1638 3696 quoque,
1669 3625 1958 3680 Jeremiam
1981 3667 1995 3691 ,
2016 3636 2176 3694 atque

605 3716 960 3782 Ezechielem,
993 3716 1226 3786 itemque
1267 3715 1321 3770 in
1369 3717 1603 3771 minores
1642 3716 1933 3786 Prophetas
1976 3716 2179 3771 duode-

601 3807 726 3872 cim,
754 3816 809 3862 et
833 3807 1046 3873 Johnm,
1076 3807 1348 3862 Danielem
1376 3806 1607 3877 denique
1635 3816 1690 3862 et
1737 3807 2136 3875 Paralipomena
2158 3846 2174 3871 ,

601 3911 828 3966 quarunt
859 3906 1070 3966 tempus
1119 3913 1182 3952 ex
1225 3896 1482 3952 librorum
1508 3937 1522 3963 ,
1554 3896 1750 3967 quibus
1793 3897 2172 3966 prtefiguntur,

601 3986 855 4042 chronica
893 3988 1166 4041 notatione
1213 3987 1325 4056 jam
1369 3995 1600 4042 constat.
1651 3986 1743 4041 llis
1781 3986 1902 4041 addi
1953 3996 2174 4057 possunt

602 4076 722 4132 alia:
757 4085 914 4142 octo,
941 4077 1136 4147 quibus
1163 4078 1253 4132 diu
1291 4085 1444 4132 antea
1490 4077 1914 4133 Commentarios
1946 4093 2074 4135 suos
2119 4079 2173 4134 in

601 4177 830 4238 quatuor
874 4169 1024 4224 Pauli
1057 4169 1321 4239 Epistolas
1346 4169 1534 4226 iisdem
1566 4171 1928 4242 nuncupavit:
1952 4180 2006 4226 et
2049 4187 2174 4225 rur-

599 4273 718 4313 sum
747 4260 938 4330 quibus
956 4259 1318 4316 Eeclesiastici
1346 4261 1796 4331 explanationem,
1824 4261 2173 4317 Homiliarum

599 4348 844 4418 Origenis
874 4351 926 4405 in
949 4347 1145 4406 Lucam
1172 4351 1663 4421 interpretationem
1682 4351 1748 4406 de
1767 4350 1954 4407 Grteco
1985 4349 2175 4406 iisdem

601 4439 894 4508 inscripsit.
918 4441 973 4496 Si
1003 4458 1120 4512 qua:
1144 4451 1399 4512 praeterea
1421 4443 1540 4498 alia:
1568 4444 1907 4508 exstiterunt,
1939 4441 2022 4497 vel
2042 4441 2177 4496 alte-

601 4531 714 4586 rius
743 4539 865 4584 sunt
902 4533 1114 4599 generis
1135 4573 1150 4597 ,
1180 4549 1298 4604 quae
1327 4533 1396 4587 ab
1419 4548 1485 4588 eo
1514 4542 1766 4588 notantur
1787 4576 1802 4601 ,
1829 4533 1898 4589 ad
1938 4548 2036 4588 nos
2076 4534 2178 4588 tni-

600 4620 747 4674 nime
793 4629 1182 4688 pervenerunt,
1211 4631 1304 4674 aut
1331 4630 1479 4676 certe
1507 4621 1662 4676 nobis
1688 4637 1840 4691 teque
1869 4631 2028 4691 atque
2055 4621 2177 4676 aliis

597 4723 723 4768 ante
753 4726 853 4768 nos
877 4710 1093 4766 Criticis
1129 4711 1543 4782 diligentissimis
1575 4712 1766 4780 ignota:
1796 4713 2003 4781 penitus
2029 4721 2170 4767 sunt.

671 4803 736 4859 ll.
784 4803 1182 4866 lntermiserat,
1213 4811 1271 4856 ut
1299 4801 1559 4867 diximus,
1598 4802 1657 4858 S.
1688 4801 1846 4856 Pater
1887 4802 2176 4871 Scriptura:

602 4897 908 4954 versionem
954 4911 1022 4952 ex
1065 4894 1328 4960 Hebraeo,
1355 4901 1415 4948 ut
1441 4894 1596 4959 aliis,
1649 4902 1807 4963 prout
1855 4894 2171 4964 rogabatur,

599 4989 925 5044 adornandis
969 4987 1218 5057 operibus
1259 4985 1553 5044 iusudaret.
1596 4984 1969 5054 Interpellatus
1997 4998 2174 5041 autem

598 5090 682 5134 est
708 5079 917 5150 primo,
947 5078 1249 5134 scribendis
1289 5077 1341 5132 in
1374 5076 1668 5147 Prophetas
1696 5076 1929 5132 Minores
1975 5077 2175 5146 aliquot

599 5170 1016 5226 Commentariis
1041 5209 1056 5234 ,
1087 5169 1280 5238 quibus
1299 5178 1448 5224 certe
1476 5160 1598 5223 cum
1643 5183 1858 5222 manum
1898 5167 2132 5223 admovit
2157 5209 2173 5235 ,

597 5274 771 5314 annus
797 5259 970 5316 adhuc
994 5259 1091 5316 59f
1127 5269 1221 5315 aut
1250 5259 1580 5330 subsequens
1603 5259 2005 5330 agebatur,jam
2030 5261 2174 5316 enim

599 5347 878 5402 dimidium
904 5348 1018 5404 fere
1042 5349 1238 5405 laboris
1263 5351 1380 5419 ejus
1411 5351 1796 5418 exantlaverat,
1815 5367 1938 5407 eum
1961 5352 2176 5408 hocmet

582 5451 744 5508 anno
770 5452 989 5493 suorum
1029 5440 1337 5510 Catalogutn
1389 5457 1612 5512 operum
1644 5445 1890 5519 scribens
1906 5486 1922 5512 ,
1950 5445 2081 5500 istos
2107 5446 2176 5501 de

604 5525 822 5581 nomine
870 5527 1166 5595 Prophetas
1211 5534 1516 5587 recensuit:
1550 5535 1750 5605 Scripsi
1782 5547 2045 5605 prwterea,
2096 5539 2176 5592 itt-

604 5611 830 5683 quiens,
860 5614 912 5670 in
957 5612 1224 5670 Hiclneam
1268 5621 1681 5688 explanationum
1725 5626 1876 5683 libros
1919 5627 2082 5696 duos,
2125 5629 2178 5684 in
2233 5616 2251 5631 ’

2273 365 2591 437 Saphoniam
2642 365 2824 419 librum
2850 380 3045 430 unum,
3076 364 3130 418 in
3162 363 3335 419 Naum
3363 365 3546 419 librum
3572 382 3730 420 unum
3751 408 3766 432 ,
3798 370 3853 422 in

2270 456 2473 510 Abacuc
2517 456 2671 510 libros
2718 457 2876 518 duos,
2910 457 2962 510 in
3015 458 3255 526 Aggteum
3283 457 3466 511 librum
3507 473 3684 510 unum.
3713 457 3851 513 Rem

2273 556 2453 601 narrat
2507 547 2950 602 luculentioribus
2983 547 3160 602 adhuc
3204 547 3382 602 verbis
3419 547 3473 601 in
3526 547 3855 604 Praefatione

2272 636 2652 692 Commentarii
2685 638 2824 692 tertii
2879 638 2931 691 in
2982 641 3184 701 Amos,
3235 645 3438 691 tantum
3484 638 3625 707 quod
3663 639 3857 696 ordine

2275 726 2486 780 inverso
2512 726 2692 789 habet.
2724 737 2780 781 et
2801 728 3106 782 Abacucum
3137 728 3204 780 ab
3248 727 3350 781 hoc
3379 743 3604 782 numero
3627 730 3853 796 eximit,

2273 833 2337 872 ac
2374 818 2589 874 differre
2616 820 2667 873 in
2698 819 2837 872 aliud
2869 828 3077 888 tempus
3112 819 3345 873 videtur.
3380 818 3702 888 Prwpostero
3724 863 3740 889 ,
3775 823 3858 876 in-

2274 908 2410 975 quit,
2438 909 2616 961 ordine
2639 918 2788 977 atque
2806 911 3019 979 confusa
3047 909 3310 964 duodecim
3334 909 3708 978 Prophetarum
3727 929 3859 982 apus

2276 1007 2320 1051 et
2346 1000 2586 1067 carpimus
2606 1040 2623 1066 ,
2666 1009 2711 1053 et
2741 999 2939 1054 Christo
2967 1001 3242 1070 adjuvante
3260 1041 3274 1063 ,
3319 999 3700 1068 complclu'mus.
3731 1002 3785 1056 Ν
3790 1020 3858 1057 on

2276 1089 2407 1140 enim
2433 1105 2464 1140 a
2493 1090 2657 1158 primo
2686 1106 2841 1161 usque
2867 1091 2936 1142 ad
2965 1090 3300 1144 novissimum
3318 1091 3469 1159 juxta
3500 1091 3728 1174 ordinem
3755 1109 3858 1159 quo

2277 1179 2530 1250 leguntur,
2557 1183 2645 1234 sed
2667 1192 2723 1234 ut
2766 1182 3020 1251 potuimus
3043 1191 3090 1235 et
3119 1192 3171 1234 ut
3217 1184 3382 1251 rogati
3420 1199 3593 1236 sumus
3617 1225 3633 1249 ,
3655 1187 3726 1237 ita
3772 1202 3860 1239 eos

2278 1269 2623 1325 disseruimus.
2649 1271 2703 1324 N
2706 1289 2846 1338 aunt,
2867 1271 3157 1338 Miclueant,
3192 1272 3528 1339 Sophoniam,
3549 1283 3595 1326 et
3615 1274 3860 1344 Aggarum

2279 1361 2442 1429 primo
2493 1370 2816 1432 φιλοπονοταῖς
2864 1361 3048 1416 Paulis
3071 1403 3086 1424 .
3149 1363 3353 1431 ejusque
3406 1363 3532 1430 lilia:
3579 1363 3860 1420 Eustochio

2279 1459 2606 1521 προσεφώνησα
2632 1469 2647 1510 :
2676 1453 2897 1506 secundo
2927 1452 2979 1504 in
3010 1451 3210 1505 Abante
3240 1452 3365 1505 duas
3389 1453 3543 1506 libros
3568 1452 3860 1510 Chromatio

2283 1540 2586 1609 Aquileiensi
2610 1541 2860 1612 EpiscOpo
2886 1541 3130 1613 delegavi.

2354 1631 2446 1685 111.
2477 1632 2716 1687 Difficilis
2745 1633 3019 1702 explieatu
3049 1645 3136 1687 res
3185 1640 3303 1697 est,
3332 1647 3455 1687 cum
3482 1633 3684 1688 nullum
3714 1649 3863 1704 pra:-

2281 1727 2424 1774 terea
2451 1721 2611 1775 alium
2638 1721 2704 1776 de
2729 1723 2944 1776 nomine
2967 1721 3285 1791 Prophetam
3311 1723 3408 1777 abs
3438 1737 3498 1777 se
3522 1738 3617 1792 per
3643 1724 3694 1778 id
3720 1737 3860 1781 tem-

2283 1813 2429 1880 poris
2455 1810 2849 1867 Commentario
2874 1813 3196 1867 illustratum
3226 1811 3444 1879 referat,
3473 1814 3599 1883 quid
3621 1814 3722 1869 sibi
3747 1827 3860 1871 tum

2283 1902 2538 1968 voluerit,
2567 1920 2687 1958 cum
2716 1905 2956 1959 secundo
2985 1905 3037 1958 in
3085 1905 3415 1975 Sophoniatn
3442 1907 3620 1976 capite
3659 1923 3718 1962 se
3746 1910 3859 1974 ait,

2282 1994 2336 2047 in
2363 1993 2500 2048 Jona
2527 1995 2783 2059 Ninivem,
2813 1997 2865 2048 id
2894 2004 2990 2061 est,
3013 1996 3309 2065 speciosam
3332 2035 3349 2060 ,
3376 2013 3489 2065 quia
3513 1998 3582 2049 ad
3609 1999 3864 2067 pra'dica-

2284 2087 2467 2139 tionem
2486 2082 2656 2152 lentz,
2680 2087 2736 2140 id
2757 2097 2848 2149 est.
2869 2086 3158 2150 Columbze,
3192 2089 3346 2156 egerit
3367 2087 3726 2155 paenitentiam,
3759 2089 3864 2144 Ec-

2283 2178 2489 2230 clesium
2525 2178 2905 2248 interpretatum
2935 2177 3099 2231 fuisse
3125 2177 3188 2231 de
3213 2177 3455 2231 Gentibus
3479 2189 3860 2250 congregatam.

2284 2267 2509 2322 Tantum
2539 2269 2683 2323 enim
2713 2269 2886 2334 abest,
2921 2284 3028 2339 quo
3055 2278 3299 2338 tempore
3323 2268 3653 2338 Sophoniam
3687 2287 3860 2341 espo-

2285 2359 2460 2424 nebat,
2490 2358 2754 2413 utJonam
2781 2359 2888 2428 jam
2920 2359 3317 2424 edisseruisset,
3351 2368 3409 2413 ut
3434 2360 3485 2413 in
3538 2361 3625 2418 illa
3655 2360 3863 2416 Praefa-

2286 2450 2429 2502 tione
2451 2489 2467 2513 ,
2499 2463 2656 2518 quam
2684 2449 2843 2502 modo
2876 2448 3208 2502 laudavimus
3239 2449 3290 2501 in
3334 2450 3499 2502 Amos
3520 2491 3534 2514 ,
3557 2459 3613 2504 et
3639 2466 3744 2519 qua
3776 2467 3864 2506 ra-

2287 2538 2481 2592 tionem
2537 2538 2736 2592 laboris
2781 2537 2862 2592 sui
2896 2538 3105 2603 reddit,
3163 2536 3489 2607 Sophoniam
3542 2540 3756 2608 quidem
3806 2541 3862 2595 in

2287 2630 2453 2698 prima
2481 2628 2671 2690 classe,
2695 2628 2884 2682 Jonam
2914 2644 3044 2684 vero
3070 2629 3120 2683 in
3154 2630 3308 2684 tertia
3331 2671 3346 2695 ,
3375 2641 3428 2684 et
3448 2629 3538 2684 diu
3565 2642 3684 2698 post
3707 2647 3862 2687 sum-

2286 2720 2456 2788 psisse
2481 2719 2582 2773 sibi
2629 2718 3089 2787 interpretandum
3124 2719 3408 2789 significet.
3438 2720 3632 2785 Tertio,
3653 2721 3858 2791 inquit,

2286 2816 2396 2877 post
2442 2809 2579 2878 longi
2627 2810 2864 2878 temporis
2909 2810 3162 2863 silentium
3191 2810 3404 2863 Abdiam
3436 2821 3482 2863 et
3529 2810 3720 2865 Ionam
3773 2813 3861 2866 tibi

2282 2899 2553 2966 imperanti
2600 2899 2857 2953 edisserui.
2881 2899 3016 2965 Quin
3063 2901 3224 2954 etiam
3272 2899 3588 2955 Prurfatione
3618 2901 3670 2955 in
3719 2901 3860 2958 hunc

2284 2989 2477 3057 ipsum,
2511 2988 2672 3043 Tanto
2698 2999 2808 3059 post
2832 2999 3054 3060 tempore
3088 3007 3120 3043 a
3147 2989 3284 3044 Jona
3327 2992 3691 3060 interpretandi
3716 3009 3859 3046 sunto

2284 3081 2607 3151 principium.
2642 3081 2786 3136 lianc
2815 3081 2970 3151 vulgo
2992 3082 3187 3136 eruditi
3215 3082 3580 3139 difficultatem
3604 3085 3673 3139 ita
3701 3102 3862 3156 espe-

2283 3171 2450 3226 dittut.
2477 3172 2534 3226 S.
2565 3173 2842 3227 Doctorem
2873 3174 2954 3227 bis
2997 3174 3183 3228 volunt
3228 3190 3447 3243 operam
3488 3192 3640 3231 suam
3687 3178 3859 3247 expli-

2285 3262 2470 3316 caudis
2525 3263 2804 3331 PrOphetis
2846 3263 3138 3317 Minoribus
3184 3265 3511 3333 impendisse
3543 3283 3558 3320 :
3587 3283 3650 3322 ac
3689 3270 3860 3337 primo

2282 3354 2494 3422 quidem
2523 3354 2574 3407 in
2599 3354 2836 3422 singulos
2862 3353 3143 3408 duodecim
3170 3354 3675 3412 Auitnadversioncs
3701 3373 3860 3427 quaso

2284 3444 2406 3497 dant
2461 3443 2735 3498 breviores
2782 3453 2941 3514 atque
2970 3445 3230 3510 alterius,
3277 3461 3434 3515 quam
3483 3447 3858 3502 Commentarii

2283 3543 2405 3587 sunt
2423 3535 2655 3602 generis,
2689 3536 3060 3600 concinnasse,
3093 3552 3211 3605 quae
3234 3538 3452 3592 minime
3475 3553 3613 3591 nunc
3642 3538 3860 3606 quidem

2283 3633 2513 3690 exstent,
2537 3625 2627 3679 sed
2661 3625 2910 3694 perfecta:
2943 3627 3053 3694 jam
3080 3637 3204 3682 aute
3250 3629 3356 3682 593
3399 3643 3596 3683 annum
3639 3628 3857 3684 fuerint.
3909 3683 3933 3698 ,

2281 3715 2362 3768 Ad
2389 3730 2482 3769 eas
2511 3731 2669 3785 porro
2693 3757 2709 3782 ,
2739 3717 3017 3786 inquiunt,
3047 3717 3140 3770 illo
3169 3718 3220 3771 in
3262 3718 3588 3787 Sophoniant
3621 3719 3740 3775 loco
3771 3737 3861 3775 re-

2282 3806 2476 3874 Spexit.
2531 3806 2684 3872 Quod
2729 3816 2787 3860 ut
2831 3808 3191 3862 verosiutilius
3242 3811 3635 3876 persuadeant,
3685 3810 3860 3880 ipsum

2283 3899 2663 3969 Hieronymum
2718 3900 2772 3954 in
2832 3900 3070 3969 Epistola
3122 3900 3312 3955 XLIX.
3341 3901 3408 3955 ad
3457 3902 3861 3958 Pammacltium

2283 4007 2375 4045 nu.
2405 3991 2459 4046 4.
2495 3990 2862 4059 lidejussorem
2893 3992 3186 4059 adhibent,
3219 3993 3338 4059 ubi,
3362 3994 3630 4060 miseram,
3663 3995 3859 4064 inquit,

2235 4154 2240 4158 ἱ
2281 4084 2512 4154 qua'dam
2527 4095 2614 4138 τῶν
2630 4091 2972 4153 ὑπομνημάτων
2986 4086 3038 4138 in
3058 4084 3340 4154 Prophetas
3361 4086 3620 4141 duodecim
3637 4086 3676 4141 S
3686 4128 3700 4141 .
3718 4086 3866 4141 Patri

2284 4175 2574 4241 Domnioni,
2605 4193 2719 4247 qua:
2745 4178 2789 4230 si
2810 4179 2970 4246 legere
2991 4177 3223 4243 uolueris,
3243 4187 3349 4232 etc.
3377 4177 3578 4247 Nempe
3598 4180 3712 4233 ha:c
3740 4180 3864 4234 data

2283 4279 2364 4324 est
2386 4271 2492 4326 345
2536 4284 2686 4324 anno
2716 4269 2976 4338 Epistola,
3001 4277 3058 4322 et
3085 4284 3204 4336 qua:
3227 4268 3363 4323 adeo
3393 4269 3464 4323 ibi
3495 4269 3546 4323 in
3575 4269 3863 4325 duodecim

2282 4359 2576 4429 Pr0phetas
2603 4367 2918 4427 ὑπομνήματα
2943 4357 3284 4422 denotantur,
3319 4358 3588 4412 anteriora
3617 4361 3862 4420 omnino.

2283 4460 2442 4520 atque
2472 4450 2574 4505 alia
2613 4450 2682 4503 ab
2729 4449 2812 4503 bis
2847 4464 2968 4504 esse
2995 4449 3224 4513 debent,
3269 4465 3388 4517 qua:
3441 4464 3581 4503 nunc
3607 4459 3823 4504 exstant
3847 4491 3864 4516 ,

2283 4541 2476 4609 quippe
2495 4555 2614 4610 qua:
2642 4547 2761 4608 post
2785 4553 2982 4594 annum
3011 4539 3241 4608 denique
3286 4538 3392 4594 406
3440 4539 3669 4608 perfecta
3715 4550 3865 4594 sunt.

2284 4630 2478 4685 Verum
2501 4629 2746 4699 supinam
2785 4630 2915 4684 satis
2945 4629 3084 4682 hanc
3111 4643 3232 4683 esse
3271 4627 3552 4682 doctorum
3582 4629 3863 4684 hominum

2284 4720 2754 4776 ltallucinalionem
2810 4735 2876 4775 eo
2918 4734 3198 4790 perperam
3264 4719 3534 4775 intellecto
3582 4719 3637 4774 S.
3690 4721 3867 4776 Patris

2285 4813 2608 4876 testimonio,
2639 4812 2974 4868 ostendimus
3002 4826 3101 4867 nos
3128 4827 3228 4866 suo
3255 4812 3374 4867 loco
3395 4853 3410 4876 ,
3440 4827 3665 4880 eamque
3701 4829 3868 4881 porro

2283 4906 2464 4960 multis
2512 4905 2562 4960 in
2609 4904 2858 4960 Generali
2901 4904 3221 4960 Prtefatione
3266 4903 3635 4960 refutavimus.
3680 4905 3868 4976 Neque

2283 4997 2427 5053 enim
2479 4998 2530 5052 in
2582 4997 2767 5066 primis
2815 4997 2867 5051 in
2915 4997 3194 5052 universos
3240 4997 3523 5052 duodecim
3568 4997 3869 5067 Prophetas

2283 5087 2641 5157 Hieronymus
2669 5085 2984 5140 adornatum
3015 5085 3111 5139 abs
3131 5100 3191 5141 se
3215 5102 3350 5156 opus
3376 5087 3530 5152 dixit,
3559 5103 3660 5142 nec
3686 5089 3872 5156 singu-

2283 5177 2365 5232 los
2395 5176 2780 5246 Pr0p|tetarum
2821 5176 2990 5230 libros
3017 5175 3286 5247 designat,
3314 5178 3505 5246 quibus
3534 5177 3870 5248 explicandis

2283 5281 2500 5335 operam
2529 5280 2677 5319 suam
2719 5265 2987 5334 probarit;
3011 5267 3104 5322 sed
3134 5273 3296 5327 eam;
3344 5267 3534 5321 librttm
3557 5309 3572 5330 ,
3602 5271 3690 5337 qui
3735 5272 3874 5324 duo-

2285 5355 2446 5412 decim
2471 5355 2742 5424 Propheta:
2767 5355 3091 5420 inscribitur,
3120 5355 3324 5421 laudat,
3357 5356 3409 5410 in
3438 5373 3673 5427 eumque
3705 5374 3766 5414 se
3795 5362 3871 5414 alt

2287 5446 2452 5501 fuisse
2475 5445 2650 5515 aliqua
2701 5455 3138 5502 commentatum.
3167 5447 3258 5501 Sic
3301 5447 3352 5501 in
3409 5446 3634 5518 Dialogo
3679 5460 3869 5504 contra

2285 5538 2647 5593 Lttciferianos
2701 5540 2753 5592 in
2801 5537 3063 5591 duodecim
3112 5537 3386 5606 Prophetis
3437 5540 3696 5609 scriptum
3746 5555 3865 5597 esse

2285 5629 2448 5696 dixit,
2469 5629 2734 5699 Sacriﬁcia
2759 5644 2929 5684 eorum
2976 5637 3231 5697 tamquam
3260 5630 3411 5697 panis
3437 5629 3603 5687 luctus
3630 5641 3744 5688 etc.
3774 5631 3867 5702 qui
