4050 6188
142 299 207 356 εδ
373 316 378 320 .
1306 350 1314 360 ,
1406 296 1462 350 s.
1507 292 1881 349 utenonvut
1919 296 2103 351 vm.
3329 304 3398 361 86

148 413 295 466 unius
313 412 460 467 Osee
486 410 636 467 locus
655 418 754 465 est.
783 408 982 465 Deinde
1023 420 1193 476 neque
1222 405 1293 459 ait
1324 404 1566 459 absolute
1597 410 1716 458 ὕπο·-

147 513 390 569 psmn,
418 499 808 563 Commentario,
839 498 936 552 sed
960 497 1190 567 quaedam
1215 507 1303 549 τῶν
1330 500 1674 561 ὓπομνημὰτων
1694 533 1709 556 ,

148 602 330 646 utnon
364 592 648 644 universos
693 588 1010 652 duodecim,
1056 587 1148 641 sed
1189 587 1395 653 aliquos
1441 585 1601 637 modo
1646 598 1709 636 ex

147 683 248 736 illis
273 681 616 750 signiﬁcaret,
651 693 785 748 quos
809 678 924 748 jam
952 693 1046 747 per
1070 677 1122 731 id
1160 675 1418 746 temporis
1458 673 1714 741 explana-

145 781 309 827 verat.
338 773 598 827 Nimirum
642 774 771 826 istos
815 786 951 842 quos
1003 769 1451 830 recensehamus,
1503 765 1708 828 Nautn,

144 863 434 925 Michteam,
467 861 790 932 Sophoniam
817 903 834 926 ,
865 861 1058 931 quibus
1104 860 1147 913 si
1177 859 1322 913 lubet
1371 871 1532 911 unum
1577 854 1713 908 adde

140 963 298 1021 atque
319 953 572 1011 alterum.
605 955 855 1021 Aggmum
886 960 1009 1021 puta
1032 959 1192 1018 atque
1222 949 1456 1003 Abacuc.

211 1039 300 1096 IV.
327 1040 427 1107 Qui
471 1042 629 1110 igitur
660 1040 852 1094 factum
881 1049 965 1094 est
985 1082 1000 1106 ,
1035 1039 1274 1108 inquies,
1304 1046 1364 1091 ut
1411 1036 1464 1091 in
1505 1032 1706 1104 Sopho-

137 1131 282 1184 niam
311 1133 578 1197 scribens,
606 1132 658 1185 in
687 1130 872 1185 Jonam
897 1129 1321 1185 Commentarios
1349 1134 1612 1181 memorat
1650 1123 1707 1178 S.

137 1221 331 1286 Pater,
379 1238 518 1292 quos
552 1231 671 1292 post
717 1221 886 1276 ferme
933 1221 1354 1290 quinquennium
1398 1216 1715 1273 adornavit?

136 1310 248 1380 Ego
278 1312 352 1366 ibi
381 1314 686 1366 adversaria
713 1327 807 1366 sua
837 1312 1082 1381 quiedam
1112 1313 1166 1365 in
1207 1325 1330 1365 eum
1359 1310 1556 1363 librum
1586 1307 1716 1360 duo-

133 1402 302 1454 decim
355 1399 774 1470 PrOphetarum,
825 1400 1062 1455 indicare
1114 1414 1238 1453 eum
1299 1406 1553 1461 autumo,
1601 1410 1718 1464 qua:

133 1499 293 1545 antea
325 1491 383 1544 in
417 1493 706 1546 universos
733 1492 1037 1560 paraverit,
1065 1506 1221 1559 quam
1249 1485 1716 1556 unumquempiam

133 1583 233 1636 sibi
284 1590 529 1635 sumeret
572 1591 824 1650 perpetua
887 1581 1264 1650 explanatione
1315 1576 1712 1633 illustrandum.

133 1673 286 1727 Adeo
313 1671 442 1725 licet
471 1679 618 1724 tanto
653 1681 772 1739 post
799 1671 1124 1739 Sapboniam
1147 1679 1388 1738 tempore
1416 1667 1717 1735 explicave-

134 1762 203 1815 rit
229 1759 441 1823 Jonam,
471 1759 644 1828 potuit
671 1768 844 1814 tamen
875 1759 927 1812 in
951 1773 1072 1813 eum
1099 1757 1362 1820 scribens,
1391 1752 1702 1824 allegoriam

137 1851 285 1904 illam
311 1850 526 1904 laudare
550 1864 617 1903 ex
646 1848 747 1904 isto
773 1858 1022 1917 tanquam
1053 1848 1148 1902 abs
1174 1861 1233 1901 se
1261 1845 1468 1916 pridetu
1496 1841 1711 1912 exposi-

93 1947 97 1956 '
138 1952 246 1996 tam
267 1983 283 2004 ,
309 1941 460 2011 cujus
507 1939 736 1996 texendo
766 1939 1165 1996 Commentario
1215 1938 1334 1992 licia
1360 1935 1607 2006 quaedam
1655 1941 1711 1988 et

139 2034 471 2101 subtegmina
485 2031 798 2101 jamdudum
817 2032 868 2084 in
891 2040 1136 2100 promptu
1155 2028 1398 2083 habebat.
1409 2025 1518 2082 Sed
1537 2037 1709 2095 neque

144 2133 227 2178 est
273 2133 466 2192 praeter
495 2121 1008 2177 verisimilitudiuem
1030 2162 1044 2182 ,
1087 2118 1249 2172 fuisse
1276 2115 1616 2187 postmodum
1647 2129 1710 2170 ea

142 2213 304 2267 verba
321 2254 336 2277 ,
373 2212 607 2266 Ninivem
626 2253 642 2279 ,
668 2227 781 2282 qua:
803 2212 870 2263 ad
897 2209 1304 2278 pradicationem
1329 2206 1482 2261 Jonte
1498 2247 1512 2271 ,
1543 2205 1707 2268 idest,

138 2303 397 2358 columbae
419 2343 432 2362 .
460 2304 612 2372 egerit
659 2301 1033 2371 paenitentiam,
1074 2298 1359 2353 Ecclesium
1399 2293 1714 2364 interpretati

138 2413 311 2449 sumus
337 2397 400 2448 de
427 2393 666 2448 Gentibus
715 2402 1070 2462 congregatam
1091 2431 1107 2456 ,
1161 2407 1191 2443 ει
1223 2389 1283 2444 S.
1317 2389 1434 2457 ipso
1479 2388 1713 2442 Auctore

137 2487 337 2551 addita,
371 2500 516 2549 cum,
547 2484 792 2538 universo
820 2482 1035 2551 expleto
1066 2495 1254 2549 opere,
1284 2478 1478 2532 librum
1521 2476 1574 2530 in
1619 2490 1713 2529 or-

139 2577 316 2632 dinem
342 2575 598 2646 digessit,
636 2585 690 2630 et
740 2574 1043 2643 supremis,
1074 2582 1134 2626 ut
1182 2571 1296 2626 ﬁeri
1345 2578 1513 2635 amat,
1568 2569 1712 2624 euris

141 2668 467 2736 recognovit.
494 2666 841 2730 Alterutrum,
875 2663 1016 2733 quod
1047 2662 1300 2732 probatur
1320 2662 1487 2731 magis
1509 2702 1525 2726 ,
1557 2660 1710 2730 eligi-

144 2771 216 2812 to.
248 2759 468 2812 Certum
500 2765 602 2822 est,
632 2755 688 2810 S.
723 2755 1004 2810 Doctorem
1043 2752 1110 2806 ab
1138 2753 1350 2820 incepto
1375 2752 1592 2806 minime
1616 2750 1711 2804 de-

142 2850 376 2913 stitisse,
429 2860 630 2915 perque
671 2845 721 2899 id
773 2843 1068 2914 temporis,
1115 2856 1222 2910 quo
1258 2855 1418 2910 supra
1468 2840 1711 2895 laudatos

139 2941 373 3010 quinque
417 2935 712 3006 Prophetas
741 2935 808 2989 ab
838 2949 896 2988 se
921 2932 1058 2987 dixit
1085 2930 1492 2986 Commentariis
1521 2931 1710 2999 expla-

141 3039 312 3094 uatos,
344 3029 627 3098 plerosque
655 3026 788 3079 alios
813 3023 999 3079 eadem
1033 3038 1193 3092 opera
1223 3023 1384 3076 fuisse
1412 3036 1711 3091 prosequu-

145 3130 248 3173 tum
274 3161 291 3184 ,
323 3119 522 3189 quibus
566 3114 892 3170 intereadum
940 3113 1005 3168 ad
1037 3111 1331 3182 perfectum
1379 3112 1711 3180 expoliendis

143 3209 500 3264 incumbebat.
521 3205 769 3260 Testatur
809 3204 909 3258 hoc
938 3203 1054 3273 ipse
1081 3200 1358 3269 concéptis
1381 3200 1434 3254 in
1459 3198 1712 3268 Catalngo

145 3300 314 3354 verbis
333 3341 350 3365 ,
380 3313 506 3366 quae
552 3296 727 3350 statim
758 3295 1018 3347 subnectit
1043 3334 1059 3357 ,
1088 3305 1416 3356 suorumque
1459 3288 1712 3343 librorum

145 3389 513 3444 reCensionem
554 3383 855 3449 concludit,
890 3382 1154 3451 Multaque
1180 3379 1314 3441 alia,
1339 3377 1584 3446 inquiens
1607 3417 1623 3440 ,
1651 3377 1715 3429 de

146 3496 284 3549 opere
310 3475 614 3546 PrOphetali
635 3517 649 3539 ,
671 3489 783 3541 quae
806 3489 934 3526 nunc
961 3471 1118 3526 habeo
1146 3471 1197 3522 in
1240 3467 1489 3531 manibus,
1524 3474 1570 3519 et
1594 3481 1714 3518 nec-

146 3571 258 3623 dum
284 3567 486 3638 expleta
508 3575 644 3620 sunt.
676 3565 755 3618 Ex
783 3580 888 3632 quo
919 3561 1056 3616 istud
1083 3559 1266 3615 sedqu
1288 3557 1714 3612 animadvertere

147 3669 222 3712 est
247 3660 437 3711 iterum
468 3653 614 3724 quod
664 3652 1040 3722 proposuimus
1061 3691 1076 3716 ,
1105 3649 1268 3703 fuisse
1309 3648 1378 3702 ab
1418 3662 1482 3702 eo
1511 3646 1715 3700 scilicet

147 3754 199 3805 in
218 3765 426 3814 omnes,
450 3748 541 3803 vel
587 3755 736 3802 certe
781 3745 960 3814 plures
999 3758 1064 3797 ex
1115 3739 1398 3796 duodecim
1431 3736 1713 3806 Pr0phetis

150 3841 396 3910 quasdam
440 3839 545 3894 sibi
595 3845 749 3890 antea
797 3832 1121 3887 deformatas
1170 3828 1710 3889 Animadversiones,

152 3947 300 4000 quam
329 3945 494 3984 unum
542 3929 772 3996 aliquem
801 3931 1036 3978 sumeret
1061 3919 1430 3990 exponendqu
1461 3934 1525 3972 ex
1570 3917 1712 3970 inte-

152 4037 278 4092 gro:
308 4033 466 4090 atque
488 4033 580 4073 eas
605 4015 842 4086 quidem,
876 4021 936 4067 ut
977 4011 1075 4066 sibi
1102 4052 1116 4074 ,
1144 4019 1198 4064 et
1225 4023 1346 4064 cum
1397 4008 1714 4075 interpreta-

156 4115 288 4168 tione
322 4127 417 4167 sua
461 4120 604 4164 totus
628 4118 750 4176 apte
803 4111 1084 4160 contextus
1111 4099 1496 4169 PrOphetarum
1539 4099 1714 4150 colue-

157 4215 306 4265 reret,
339 4202 497 4273 idque
527 4201 696 4268 ipsum
725 4195 771 4250 si
816 4208 904 4248 res
932 4191 1135 4249 ferret.
1181 4190 1294 4260 ipse
1350 4187 1713 4257 perspiceret,

161 4293 211 4345 in
236 4293 543 4349 Adversaria
587 4287 902 4358 conjecisse.
958 4283 1238 4338 Enimvero
1280 4295 1385 4334 non
1434 4293 1596 4331 unum
1626 4286 1718 4331 aut

162 4387 387 4449 alterum,
416 4382 637 4438 Abdiam
673 4389 818 4450 puta,
842 4387 934 4432 aut
960 4377 1169 4438 Ionam,
1200 4388 1258 4428 se
1287 4372 1362 4426 ait
1407 4386 1514 4440 prze
1542 4370 1718 4423 mani-

165 4475 252 4528 bus
280 4485 395 4530 tunc
425 4477 646 4539 habere,
676 4472 770 4528 sed
796 4471 954 4525 multa
989 4471 1112 4532 alia,
1145 4476 1189 4520 et
1211 4468 1271 4520 de
1292 4481 1442 4536 opere
1482 4463 1718 4534 Prop/te-

167 4567 246 4619 tali
269 4569 315 4620 in
346 4569 674 4632 universum,
701 4579 817 4632 qtue
847 4561 1091 4624 necdum,
1118 4557 1286 4628 inquit
1307 4597 1322 4618 ,
1353 4555 1552 4624 expleta
1578 4563 1715 4608 sunt.

230 4655 287 4709 ν.
309 4659 474 4728 Atque
513 4659 593 4710 his
636 4655 852 4724 quidem
883 4661 1025 4705 totus
1069 4646 1405 4704 concluditur
1433 4643 1719 4714 Catalogus

170 4759 409 4813 operum,
457 4763 576 4816 qua:
629 4745 724 4798 abs
765 4758 824 4796 se
877 4742 941 4796 ad
989 4754 1185 4796 annum
1236 4751 1403 4806 usque
1445 4734 1720 4790 Theodosii

176 4836 410 4906 Principis
454 4837 698 4890 decimum
732 4842 998 4905 quartum,
1025 4831 1136 4884 sive
1161 4827 1358 4883 Christi
1407 4826 1533 4881 592.
1574 4828 1722 4880 Iucu-

177 4922 308 4978 brata
339 4927 398 4979 S.
424 4926 580 4979 Pater
618 4923 908 4979 recensuit.
929 4921 1057 4989 Qua:
1099 4917 1427 4988 subjungunt
1455 4917 1571 4971 aliae
1605 4917 1721 4984 ejus

171 5012 388 5084 Catalogi
413 5013 688 5078 editiones,
725 5013 1004 5066 Adversum
1030 5007 1362 5061 Iovinianum
1387 5007 1540 5061 libros
1571 5008 1720 5070 duos,

174 5117 213 5157 ει
233 5108 291 5162 ad
344 5106 730 5161 anmachium
759 5101 1141 5173 Apologeticum
1186 5106 1232 5153 et
1279 5099 1638 5168 Epitaphium,
1670 5099 1723 5154 in

177 5196 283 5252 llss.
307 5199 694 5270 antiquioribus
720 5206 774 5249 et
825 5193 1064 5248 melioris
1099 5201 1242 5247 nota:
1266 5207 1372 5245 non
1421 5191 1682 5245 habentur
1705 5230 1721 5256 ,

175 5301 313 5358 seque
347 5291 582 5362 produnt
616 5289 790 5342 aliena
819 5299 980 5340 manu
1019 5283 1206 5337 adsuta
1230 5324 1242 5346 ,
1274 5290 1332 5336 ut
1358 5296 1456 5335 suo
1483 5281 1602 5336 loco
1635 5297 1726 5335 os-

179 5381 429 5449 tendimus,
448 5399 514 5439 ex
539 5379 864 5437 Prii-latione
889 5373 1404 5432 Commentariorum
1434 5372 1485 5426 in
1513 5372 1727 5428 Jonam.

177 5470 383 5530 Nondum
413 5484 563 5530 certe
594 5472 807 5526 fuerant
833 5468 931 5522 abs
958 5467 1286 5535 Hieronymo
1311 5462 1591 5527 adornata,
1609 5475 1730 5514 cum

178 5575 271 5617 cum
295 5565 480 5621 librum
503 5566 576 5619 de
603 5563 738 5616 viris
762 5557 1069 5617 Illustrihus
1120 5554 1396 5611 scriberet.
1429 5550 1525 5604 llic
1573 5551 1732 5618 igitur

178 5664 438 5721 Postremus
467 5658 612 5714 liber
634 5663 717 5711 est
746 5669 813 5708 ex
837 5652 936 5706 hac
956 5649 1286 5717 serie;quem
1315 5644 1492 5701 statim
1520 5655 1548 5696 a
1570 5640 1732 5712 quin-

1826 419 1931 474 que
1959 406 2168 461 illorum
2199 409 2582 478 Prophetarum
2606 413 3045 483 interpretatione
3069 416 3268 481 emisit,
3299 427 3394 472 aut

1819 497 1998 550 verius
2013 513 2119 566 quo
2142 515 2275 568 opus
2296 502 2424 556 illud
2454 503 2768 572 Prophetale
2785 505 3084 575 interrupit,
3109 507 3387 561 ullaudata

1820 587 2136 643 Prmlatione
2167 591 2216 644 iu
2246 591 2437 646 Jonam
2464 603 2688 648 testatur
2711 635 2725 652 .
2761 594 3036 662 Postquam
3061 637 3075 660 ,
3098 598 3339 666 inquiens
3362 637 3378 661 ,

1815 677 2036 746 quinque
2091 677 2377 749 PrOphetas
2431 685 2789 753 interpretatus
2860 701 3009 750 sum,
3080 686 3382 750 uicturum,

1819 766 2024 832 Naum,
2051 768 2252 825 Abacuc
2272 813 2286 836 ,
2313 773 2632 841 Sophoniam
2651 816 2665 837 ,
2693 785 2740 826 et
2784 775 3060 844 Aggtcum,
3109 774 3209 827 alio
3246 791 3391 842 opere

1815 857 2060 925 detentus,
2094 877 2194 913 non
2217 864 2357 931 potui
2373 863 2582 931 implere
2605 865 2740 934 quod
2753 881 3024 932 coeperam.
3049 863 3246 933 Scripsi
3264 865 3392 917 enim

1815 947 1997 1000 librum
2021 949 2084 1002 de
2120 949 2250 1004 Viris
2275 951 2590 1018 lllustribus,
2618 962 2723 1007 etc.
2749 954 2923 1021 Atque
2953 961 3012 1006 ut
3052 953 3184 1006 nihil
3206 952 3273 1005 de
3298 967 3395 1005 au-

1818 1049 1888 1088 uo
1926 1035 2168 1103 dubites,
2203 1048 2308 1093 tam
2337 1042 2390 1095 in
2432 1042 2674 1107 exordio,
2707 1057 2864 1111 quam
2909 1043 3007 1096 sub
3050 1042 3168 1096 libri
3199 1042 3394 1106 linem,

1817 1139 2013 1179 annum
2059 1128 2240 1183 laudat
2283 1129 2799 1199 decimumquartum
2831 1133 3172 1201 Imperatoris
3213 1132 3397 1186 Theo-

1817 1214 1976 1280 dosii,
2001 1233 2158 1286 quem
2187 1220 2286 1275 iste
2309 1237 2339 1275 a
2362 1221 2611 1276 Calendis
2631 1223 2932 1277 Februariis
2955 1224 3091 1288 iniit,
3111 1235 3164 1277 et
3188 1223 3389 1278 dudum

1820 1320 1921 1359 uos
1945 1321 2066 1362 aera:
2105 1308 2420 1366 Christianae
2447 1313 2552 1368 592
2591 1313 2822 1369 diximus
2855 1313 3198 1383 respondere.
3227 1313 3308 1367 Ad
3339 1313 3393 1368 id

1821 1396 2000 1460 operis
2026 1406 2212 1452 auctor
2236 1409 2396 1469 atque
2421 1401 2664 1457 hortator
2691 1402 3018 1469 Hieronymo
3050 1402 3146 1457 luit
3173 1404 3390 1469 Dexter,

1819 1479 2044 1538 Sanctus
2071 1486 2283 1542 Paciani
2316 1490 2726 1548 Barciuonensis
2746 1534 2761 1558 ,
2794 1503 2852 1548 ut
2887 1495 3144 1549 Barouius
3173 1494 3388 1564 quidem

1818 1580 2076 1640 autumat,
2107 1577 2265 1644 ﬁlius,
2299 1580 2380 1632 vir
2409 1589 2554 1636 certe
2581 1583 2892 1651 primarius,
2915 1593 2964 1638 et
2985 1585 3074 1654 qui
3113 1583 3394 1653 Prw/ecta-

1815 1677 1926 1715 ram
1950 1665 2316 1721 administravit
2346 1668 2608 1736 Prwtorii,
2634 1673 2774 1740 quod
2805 1675 2923 1741 ipse
2971 1673 3146 1743 prodit
3174 1682 3390 1728 sanctus

1812 1749 1970 1805 Pater
1996 1754 2131 1808 libro
2152 1757 2388 1811 secundo
2411 1767 2596 1813 contra
2625 1759 2917 1826 Bullinum,
2944 1771 3103 1830 atque
3131 1777 3201 1816 ex
3228 1763 3384 1818 codi-

1811 1841 1888 1894 cis
1912 1841 2263 1900 Theodosiani
2293 1848 2741 1918 prosopographia
2774 1851 3007 1906 maxime
3051 1853 3384 1921 perspicuum

1812 1938 1914 1983 est.
1947 1933 2166 2003 Accepit
2192 1952 2320 1991 vero
2366 1937 2561 1994 Noster
2589 1938 2726 1994 hanc
2751 1947 2963 2010 σπάρταν
2989 1955 3056 1996 eo
3098 1941 3384 2008 libentius,

1813 2029 1920 2088 quo
1946 2022 2046 2077 sibi
2071 2027 2422 2092 patentiorem
2447 2029 2587 2081 viam
2615 2030 2780 2083 sterni
2802 2031 2971 2083 sensit
3002 2029 3068 2082 ad
3097 2030 3387 2085 retunden-

1813 2109 1910 2164 das
1931 2111 2216 2168 Gentilium
2257 2117 2514 2170 adversus
2541 2116 2879 2171 Christianos
2924 2104 3386 2186 obtrectationes,

1814 2208 1869 2255 et
1893 2200 2034 2255 Celsi
2065 2217 2183 2256 cum
2217 2205 2400 2272 primis
2429 2203 2623 2259 Juliani
2667 2215 2722 2259 et
2751 2205 3062 2276 Porphyrii,
3093 2221 3229 2276 quos
3249 2208 3389 2260 rabi-

1815 2292 1907 2345 dos
1953 2297 2191 2348 adversus
2221 2295 2477 2350 Christum
2518 2313 2667 2351 canes
2693 2306 2871 2360 vocat,
2898 2312 3191 2367 eorumque
3215 2307 3391 2353 secta-

1818 2393 1991 2439 torum
2041 2387 2320 2442 maledicta
2359 2397 2416 2443 et
2461 2389 2658 2457 scripta
2712 2389 3138 2458 refutanda,qui
3189 2398 3392 2446 temere

1817 2475 2173 2544 blaterahant,
2204 2477 2486 2532 Ecclesiam
2515 2479 2683 2533 nullos
2708 2479 3048 2546 Philosophos
3079 2489 3125 2534 et
3154 2482 3390 2550 eloquen-

1815 2575 1908 2630 tes,
1933 2567 2101 2621 nullos
2126 2567 2357 2622 habuisse
2379 2567 2638 2624 Doctores.
2664 2569 2832 2637 Quam
2851 2584 3013 2640 porro
3040 2573 3254 2642 egregie
3275 2586 3390 2641 pro.

1816 2656 2043 2725 positum
2075 2659 2145 2713 sit
2172 2672 2486 2729 persecutus
2513 2703 2528 2728 ,
2556 2671 2612 2718 et
2638 2679 2864 2733 quanam
2905 2664 3236 2734 Scriptorum
3281 2681 3387 2721 non

1813 2750 1972 2804 modo
2020 2761 2147 2807 ante
2184 2768 2244 2809 se
2271 2755 2438 2811 ferme
2465 2757 2702 2811 omnium
2724 2799 2740 2822 ,
2772 2757 2867 2813 sed
2893 2772 3080 2812 eorum
3118 2757 3279 2812 etiam
3320 2772 3388 2811 ex

1813 2849 1982 2908 parte,
2009 2842 2100 2910 qui
2129 2843 2462 2913 adviverent,
2489 2848 2758 2902 volumina
2788 2847 2873 2901 vel
2913 2847 3024 2900 suis
3074 2848 3189 2915 ipse
3216 2846 3390 2901 oculis

1815 2931 2240 3000 perlustraverit,
2271 2935 2358 2989 vel
2398 2945 2547 2990 certe
2577 2945 2702 2990 nota
2734 2936 2868 2989 satis
2898 2935 2964 2988 ad
3002 2935 3279 2989 ferendum
3323 2934 3393 2988 de

1815 3021 2194 3090 illisjudicium
2230 3024 2491 3088 habuerit,
2526 3041 2592 3079 ex
2620 3026 2735 3094 ipso
2755 3024 2933 3078 disces
2968 3025 3242 3078 immensae
3272 3039 3394 3092 pro-

1814 3110 2098 3181 pemodum
2120 3113 2441 3167 eruditionis
2466 3114 2647 3177 Libro,
2676 3127 2835 3182 quem
2864 3113 3104 3167 articulis
3127 3112 3388 3168 CXXXV.

1815 3203 1928 3255 sive
1979 3201 2240 3269 capitibus
2315 3217 2415 3272 per
2465 3204 2668 3273 singula
2726 3205 3018 3257 Auctorum
3076 3206 3288 3259 nomina
3338 3214 3395 3259 et

1815 3292 2012 3360 scripta
2039 3291 2286 3346 absolvit.
2318 3292 2451 3347 Nam
2475 3293 2614 3362 quod
2641 3295 2924 3348 nonnullos
2953 3296 3230 3364 praeteriit,
3252 3297 3394 3351 velut

1815 3384 2232 3454 Athenagoram,
2258 3384 2528 3452 Hennam,
2568 3394 2728 3456 atque
2764 3386 2925 3440 alium
2957 3387 3256 3456 quempiam
3276 3428 3292 3453 ,
3325 3402 3389 3442 ea

1815 3489 1974 3529 causa
2020 3475 2236 3531 videtur
2257 3517 2272 3540 ,
2302 3476 2445 3545 quod
2491 3477 2739 3530 maluerit
2767 3477 2834 3531 de
2863 3493 2966 3531 non
3007 3479 3138 3533 satis
3166 3478 3266 3533 sibi
3297 3494 3395 3533 no-

1819 3566 1886 3620 tis
1912 3567 2106 3629 silere,
2152 3581 2308 3636 quam
2341 3576 2542 3622 temere
2580 3566 2779 3637 aliquid
2823 3569 3189 3636 pronuntiare.
3217 3568 3392 3624 Caete-

1819 3666 1988 3711 tcrum
2043 3671 2110 3711 ne
2143 3657 2412 3726 longiores
2466 3672 2620 3726 aequo
2669 3672 2766 3711 nos
2812 3659 2958 3712 hisce
3007 3659 3394 3729 persequendis

1818 3747 2111 3811 videamur,
2150 3763 2269 3815 qua:
2315 3747 2445 3800 olim
2478 3747 2529 3799 in
2562 3747 2777 3814 przelixa
2806 3748 2981 3800 eidem
3008 3747 3170 3801 Libro
3201 3747 3391 3801 admo-

1819 3838 2020 3892 nitione
2053 3851 2150 3905 per
2197 3843 2376 3905 partes
2414 3835 2924 3899 animadvertimus,
2956 3836 3138 3903 accipe
3167 3851 3299 3903 qua!
3329 3839 3388 3891 S.

1821 3927 1932 3992 ipse
1960 3926 2160 3979 Auctor
2203 3925 2269 3979 de
2307 3940 2391 3988 ea,
2425 3939 2584 3993 quam
2613 3923 2823 3978 fecisset
2852 3923 2924 3976 illi
2970 3923 3390 3992 inscriptionem,

1818 4017 1993 4086 deque
2026 4015 2142 4084 ejus
2175 4014 2570 4083 quodammodo
2615 4013 2795 4069 indole
2845 4029 2907 4067 ac
2955 4023 3142 4068 natura
3190 4012 3255 4066 ad
3286 4015 3396 4066 Au-

1819 4106 2087 4176 gustinum
2117 4103 2352 4170 Epistula
2380 4103 2536 4157 CXII.
2560 4104 2862 4158 reseribens
2882 4103 3059 4157 docet.
3088 4102 3230 4156 Dicis
3256 4119 3400 4157 occec

1821 4195 1953 4261 pisse
1973 4202 2019 4244 te
2043 4192 2226 4245 librant
2247 4206 2414 4244 meum
2437 4207 2466 4242 a
2491 4193 2711 4260 quodam
2747 4195 2922 4261 fratre.
2955 4193 3040 4256 qui
3069 4193 3270 4244 tituluut
3295 4208 3398 4245 non

1784 4308 1788 4313 ·
1823 4285 2044 4347 haberet,
2075 4283 2128 4334 in
2152 4297 2250 4349 quo
2286 4280 2573 4348 Scriptores
2601 4281 2981 4334 Ecclesiasticos
3019 4289 3122 4333 tam
3155 4279 3358 4334 Gnaeos
3378 4321 3394 4347 ,

1823 4391 1974 4447 quam
2005 4373 2213 4426 Latinos
2243 4373 2638 4426 enumeraverim
2663 4387 2680 4424 :
2704 4387 2919 4441 cumque
2947 4372 3008 4424 ab
3032 4388 3089 4426 eo
3127 4388 3393 4443 qua'reres,

1824 4477 1878 4520 ut
1910 4467 2008 4519 tuis
2031 4465 2188 4518 verbis
2219 4475 2366 4529 utar,
2414 4480 2504 4517 cur
2533 4463 2783 4518 liminaris
2808 4465 2997 4534 pagina
3041 4481 3139 4518 non
3169 4475 3291 4520 esset
3321 4467 3400 4519 in-

1824 4557 2031 4627 scripta,
2062 4555 2139 4608 vel
2158 4570 2256 4624 quo
2295 4562 2579 4608 censeretur
2613 4554 2816 4607 nomine
2839 4595 2854 4620 ,
2885 4556 3201 4625 respondisse
3223 4556 3401 4626 appel-

1826 4646 1923 4700 lari
1952 4642 2288 4714 Epitaphium
2322 4661 2336 4698 :
2369 4651 2416 4698 et
2454 4644 2822 4714 argumentaris
2843 4645 2976 4712 quod
3002 4656 3133 4699 recte
3157 4646 3228 4698 sic
3248 4660 3399 4696 voca-

1826 4746 1982 4799 retur,
2011 4735 2054 4788 si
2079 4751 2250 4789 eorum
2267 4743 2460 4788 tantum
2498 4735 2574 4788 vel
2601 4737 2743 4802 vitas,
2774 4737 2849 4789 vel
2876 4737 3065 4805 scripta
3091 4737 3158 4787 ibi
3176 4735 3398 4803 legisses,

1826 4831 1912 4898 qui
1929 4831 2039 4899 jam
2061 4828 2284 4897 defuncti
2324 4837 2526 4894 essent;
2556 4844 2671 4881 cum
2699 4842 2812 4881 vero
2842 4828 3110 4880 multorum
3133 4834 3179 4876 et
3205 4839 3260 4875 eo
3280 4832 3404 4875 tem-

1829 4937 1949 4990 pore
1976 4936 2072 4990 quo
2101 4921 2429 4986 scribebatur,
2461 4929 2508 4975 et
2543 4935 2674 4973 nunc
2708 4934 2863 4985 usque
2894 4919 3157 4969 viventium
3187 4929 3404 4968 comme-

1830 5021 2084 5065 morentur
2109 5012 2375 5080 Opuscula,
2417 5010 2591 5062 mirari
2626 5018 2673 5061 te
2714 5024 2805 5060 cur
2847 5007 2892 5058 ei
2917 5008 3050 5056 hunc
3076 5004 3276 5056 titulum
3303 5005 3404 5057 im-

1833 5103 2104 5172 posuerim.
2131 5100 2267 5154 Puto
2307 5101 2586 5169 intelligere
2623 5096 2938 5166 prudentiam
2967 5103 3104 5146 tuam
3123 5132 3137 5155 ,
3166 5093 3302 5156 quod
3345 5109 3407 5147 ea:

1833 5207 1982 5262 opere
2037 5192 2148 5261 ipso
2195 5191 2397 5243 titulum
2442 5188 2664 5258 potueris
2713 5185 3011 5254 intelligere.
3037 5182 3225 5253 Legisti
3276 5184 3410 5236 enim

1836 5291 1882 5336 et
1929 5277 2132 5334 (ἔναξε-οε
2187 5287 2232 5330 et
2278 5278 2504 5339 Latinos,
2532 5277 2617 5343 qui
2677 5275 2802 5328 vitas
2859 5275 3083 5326 vivorum
3138 5273 3409 5325 illustrium

1836 5371 2227 5440 descripserunt,
2259 5366 2395 5435 quod
2424 5365 2692 5430 numquam
2723 5364 3062 5434 Epitaphium
3109 5363 3224 5417 huic
3271 5363 3411 5430 operi

1837 5458 2181 5529 inscripserint
2201 5495 2216 5520 ,
2245 5455 2331 5510 sed
2352 5454 2413 5508 de
2441 5452 2740 5507 Illustrihus
2760 5453 2889 5508 viris
2908 5494 2922 5517 ,
2949 5452 3082 5506 verbi
3106 5451 3271 5524 gratia
3300 5450 3412 5504 Du-

1840 5552 1978 5604 cibus
2000 5591 2014 5614 ,
2049 5546 2375 5616 PhilosOphis
2393 5585 2408 5608 ,
2463 5542 2764 5599 Oratoribus
2793 5587 2807 5608 ,
2863 5544 3132 5599 Historicis
3156 5586 3172 5614 ,
3198 5543 3369 5598 Poetis
3391 5581 3407 5604 ,

1847 5638 2041 5710 Epicis,
2074 5638 2320 5710 Tragicis,
2350 5635 2584 5692 Comicis.
2610 5636 2986 5708 Epithaphium
3007 5647 3172 5692 autem
3210 5634 3415 5708 proprie
