4050 6188
629 293 697 348 ετ
1904 277 1943 332 s
2005 272 2383 330 IIIERONYIII
2426 276 2604 336 vmt.
3837 279 3902 338 ss

626 405 859 459 scribitur
886 410 1219 464 mortuorum,
1249 397 1384 466 quod
1405 394 1605 464 quidem
1624 393 1678 446 in
1694 391 1994 446 dormitione
2011 397 2201 443 sancta:

628 496 884 550 memoria
921 492 1196 562 Nepotiani
1252 487 1542 558 Presbyteri
1579 487 1701 541 olim
1737 487 1917 556 fecisse
1961 499 2042 538 me
2069 481 2206 536 noui.

633 587 774 658 Ergo
800 587 880 639 hic
906 585 1048 648 liber,
1076 582 1153 636 vel
1177 580 1247 635 de
1286 579 1585 634 Illustribus
1624 579 1785 644 Viris,
1816 579 1894 633 vel
1914 577 2120 648 proprie
2142 575 2210 630 de

636 675 994 745 Scriptoribus
1037 671 1429 727 Ecclesiasticis
1475 669 1814 741 appellandus
1868 678 1942 722 est
1970 683 1990 722 :
2017 668 2133 721 licet
2176 683 2208 719 a

629 766 879 834 plerisque
922 760 1331 817 emendatoribus
1370 761 1617 832 imperitis
1655 760 1724 816 de
1763 759 2084 815 Auctoribus
2130 759 2211 812 di-

627 867 770 912 catur
795 855 1092 925 inscriptus.

1192 963 1418 1020 CAPUT
1447 962 1636 1019 XXIII.

624 1078 667 1133 I.
696 1078 961 1133 Joriniani
985 1078 1218 1132 bwresim
1243 1077 1301 1131 S.
1339 1075 1490 1128 Pater
1515 1077 1779 1145 impugnat
1809 1075 2007 1129 duobus
2043 1075 2206 1128 libris.

694 1168 762 1224 II.
819 1168 1011 1236 Quibus
1047 1169 1170 1222 dum
1213 1169 1549 1239 virginitatem
1574 1168 1789 1232 extollit,
1820 1168 2012 1236 nuptiis
2041 1167 2210 1219 detra-

696 1262 816 1314 here
857 1261 992 1314 cisus
1013 1269 1106 1314 est.
1136 1257 1219 1314 III.
1260 1259 1447 1313 Scribit
1464 1258 1591 1312 adeo
1617 1275 1708 1322 pro
1733 1257 1908 1310 iisdem
1934 1260 2041 1312 suis
2066 1257 2211 1312 libris

696 1353 1081 1423 Apologeticum
1125 1352 1194 1405 ad
1219 1351 1626 1405 Pammacltinm.
1658 1350 1748 1405 IV.
1791 1349 1924 1404 ltent
1974 1351 2043 1403 ad
2099 1349 2210 1403 Do-

695 1443 949 1497 nmionem
977 1443 1151 1496 eadem
1176 1443 1239 1496 de
1269 1441 1412 1496 νιν.
1431 1441 1614 1494 Literis
1637 1458 1832 1511 quoque
1857 1439 2130 1504 Desiderii,
2156 1452 2210 1494 ut

695 1547 741 1592 et
781 1537 1052 1608 prapositis
1078 1536 1174 1591 sibi
1208 1535 1271 1590 ab
1290 1534 1518 1613 Amando
1542 1532 1899 1604 guwstionibus
1921 1535 2206 1603 respondet.

696 1670 993 1734 I.,Visdum
1012 1669 1302 1725 Gentilium
1325 1667 1606 1723 calumniis
1628 1667 1839 1722 erudito
1867 1668 1958 1722 illo
1978 1667 2047 1724 de
2070 1667 2208 1723 Viris

626 1760 918 1815 illustribus
939 1761 1074 1813 libro
1110 1759 1469 1830 Hieronymus
1493 1758 1844 1822 satisfecerat,
1876 1773 1999 1813 eum
2016 1759 2206 1814 eodem

628 1852 792 1906 hocce
821 1867 962 1906 anno
997 1851 1125 1918 399.,
1156 1851 1435 1906 siveinitio
1457 1851 1806 1919 insequentis,
1826 1861 1882 1906 ut
1910 1869 1973 1906 ex
1998 1853 2206 1907 laudata

624 1942 821 2010 saepius
867 1941 918 1995 in
940 1940 1127 1996 Jonam
1159 1941 1473 1996 Prefatione
1513 1940 1831 2011 colligimus,
1853 1941 2206 1997 difficiliorem

625 2037 791 2090 multo
810 2035 1040 2090 laborem
1059 2035 1317 2098 subire,et
1328 2049 1449 2089 cum
1464 2035 1716 2090 limretico
1728 2034 1941 2088 homine
1955 2035 2207 2105 congredi

623 2135 838 2180 coactus
858 2134 957 2180 est.
986 2124 1296 2178 Jovinianus
1312 2125 1464 2178 dives
1487 2123 1797 2185 monachus,
1823 2124 1964 2194 quod
1987 2127 2116 2179 satis
2137 2125 2208 2179 di-

621 2224 709 2270 ctu
725 2226 828 2280 est,
843 2225 900 2270 ut
917 2215 1186 2270 hominem
1205 2215 1586 2282 nequissimum
1605 2215 1887 2283 intelligas,
1907 2215 2211 2270 luxuidedi-

623 2317 712 2362 tus
741 2307 793 2361 in
822 2315 1025 2361 tantum
1043 2321 1105 2360 ac
1133 2305 1516 2371 dissolutus,ut
1535 2303 1791 2373 Epicurus
1805 2303 2206 2358 Christianorum

620 2401 878 2455 meruerit
905 2399 1110 2464 audire,
1139 2398 1407 2458 lizeresim.
1435 2413 1553 2467 qua:
1587 2399 1710 2450 vita:
1739 2411 1848 2450 sua:
1864 2397 2208 2451 consuetudi-

624 2505 745 2543 nem
777 2503 1034 2543 cxcusare
1050 2488 1337 2552 videretur,
1356 2488 1468 2542 sive
1498 2488 1671 2542 intulit
1701 2489 1924 2556 primus,
1943 2488 2055 2542 sive
2079 2487 2204 2541 olim

628 2579 917 2634 extinctam
971 2587 1090 2648 post
1125 2578 1410 2632 Basilidem
1458 2578 1814 2644 instauravit,
1845 2588 2004 2647 atque
2051 2580 2206 2632 editis

622 2672 1035 2729 Commentariis
1058 2711 1075 2737 ,
1107 2681 1163 2726 ut
1194 2671 1353 2726 latius
1382 2679 1654 2741 serperet,
1694 2671 1948 2725 Romanis
1988 2671 2206 2725 auribus

622 2764 893 2818 insinuare
921 2762 1230 2829 contendit,
1260 2763 1495 2832 vulgaris
1527 2762 1681 2832 plane
1721 2764 1910 2828 homo,
1952 2777 2050 2817 nec
2092 2762 2206 2816 elo-

623 2870 796 2925 quens
826 2869 926 2910 nec
970 2855 1230 2917 eruditus,
1262 2854 1356 2910 sed
1384 2853 1669 2909 dicacitate
1697 2865 1857 2924 atque
1902 2855 2203 2924 arrogantia

624 2947 824 3000 nemini
870 2945 1289 3014 postponcndus.
1323 2944 1551 3000 Nefaria:
1579 2944 1836 2999 doctrinm
1866 2945 2039 3014 capita
2090 2945 2206 2998 haec

615 3045 768 3092 erant
791 3079 804 3093 .
828 3036 1060 3092 Primum
1088 3036 1338 3108 Virgines,
1357 3035 1566 3101 Viduas,
1587 3047 1632 3090 et
1661 3037 1897 3101 .Ilaritas,
1920 3054 2033 3105 ante
2054 3039 2206 3093 semel

618 3131 672 3185 in
691 3129 894 3186 Christo
923 3131 1042 3186 lota:
1069 3143 1206 3194 sunt,
1231 3133 1274 3186 si
1301 3148 1402 3185 non
1421 3131 1704 3192 discrepent
1725 3132 1920 3186 caeteris
1945 3131 2200 3202 aperibus,

617 3223 842 3292 ejusdem
889 3240 997 3277 csse
1043 3225 1227 3278 meriti.
1263 3223 1534 3288 Alterum,
1563 3222 1666 3277 Eos
1693 3224 1779 3293 qui
1809 3225 1959 3294 plena
2007 3224 2110 3292 fide
2150 3227 2203 3278 in

617 3313 930 3384 Baptismate
950 3317 1114 3368 renati
1143 3324 1295 3376 sunt,
1323 3331 1355 3366 a
1384 3314 1600 3368 Diabolo
1643 3331 1743 3368 non
1785 3331 1932 3382 posse
1955 3316 2198 3368 subverti.

619 3404 879 3468 Tertium,
907 3403 934 3456 l
941 3414 1050 3457 nter
1075 3404 1426 3457 abstinentiam
1452 3404 1696 3466 ciborum,
1721 3414 1895 3458 etcum
1921 3406 2202 3474 gratiarum

619 3494 819 3546 actione
866 3493 1233 3561 perceptionem
1274 3507 1449 3545 eorum
1475 3533 1490 3556 ,
1519 3493 1717 3546 nullam
1744 3509 1850 3547 esse
1883 3495 2196 3548 distantiam.

623 3583 881 3652 Denique,
910 3581 1034 3636 Esse
1054 3583 1278 3635 onmium
1305 3583 1393 3650 qui
1415 3599 1562 3636 suum
1597 3581 1862 3651 Bapttsnta
1881 3598 2200 3640 servaverunt

617 3689 772 3725 unam
805 3674 857 3726 in
883 3689 1036 3743 regno
1078 3673 1318 3726 calorum
1353 3676 1828 3729 remunerationem.
1857 3676 1916 3732 S.
1947 3677 2198 3747 Augusti-

617 3776 718 3817 nus
740 3762 874 3818 duas
900 3765 947 3818 ei
975 3772 1252 3832 przcterea.
1283 3778 1481 3833 easque
1512 3764 1678 3820 ferme
1703 3766 2040 3822 exitiosiores
2085 3768 2198 3822 Μει-

615 3854 884 3924 spbcmias
930 3855 1445 3925 imputat,quartun
1495 3855 1699 3920 altera,
1757 3858 1946 3912 Omnia
1985 3870 2197 3927 peccata

614 3959 734 3999 esse
764 3945 908 4014 paria
943 3962 955 3998 :
987 3945 1153 3999 altera
1179 3986 1193 4008 ,
1231 3945 1510 4014 Deiparam
1544 3945 1812 4016 Virginem
1853 3947 2049 4003 Christi
2083 3965 2195 4004 ma-

615 4045 750 4088 trem
771 4074 788 4099 ,
829 4049 935 4088 non
968 4035 1021 4088 in
1061 4035 1416 4104 concipiendo
1455 4035 1666 4106 quidem
1687 4078 1702 4102 ,
1735 4037 1830 4092 sed
1861 4039 1911 4092 in
1941 4039 2198 4110 pariendo

613 4131 780 4186 fuisse
816 4131 1087 4186 violatam.
1120 4129 1316 4185 Verum
1370 4131 1486 4186 lncc
1525 4131 1633 4186 duo
1672 4141 1798 4188 sunt
1847 4136 1936 4204 qui
1982 4150 2198 4190 rumore

613 4234 818 4280 tantum
881 4224 1119 4295 populari
1160 4225 1354 4294 jactata
1413 4224 1485 4300 de.
1527 4225 1810 4280 Joviniano
1853 4226 2192 4288 existiment,

612 4317 911 4388 praesertim
939 4331 1062 4372 cum
1090 4318 1341 4386 peculiari
1367 4318 1462 4372 abs
1491 4316 1817 4389 Hieronymo
1846 4319 2195 4388 reSponsioue

613 4422 720 4461 non
763 4408 1080 4464 refutentnr.
1109 4410 1358 4465 Attamen
1399 4411 1630 4481 primum
1657 4411 2049 4466 consectarium
2078 4411 2195 4481 ejus

613 4497 864 4564 videtur,
894 4499 1038 4570 quod
1079 4501 1147 4556 de
1190 4502 1502 4556 meritorum
1542 4502 1849 4571 aequalitate
1911 4502 2195 4556 Incretieus

617 4588 895 4644 asserebat
927 4607 940 4643 :
970 4591 1195 4644 alterum
1209 4606 1271 4646 ex
1300 4590 1360 4646 S.
1382 4605 1594 4661 quoque
1621 4591 1888 4645 Ambrosii
1915 4590 2195 4663 Rescripto

614 4679 911 4745 evincitur,
940 4678 1008 4732 ab
1037 4679 1127 4732 illo
1180 4679 1404 4750 ejusque
1446 4680 1665 4735 asscclis
1707 4680 1866 4750 impie
1895 4692 2156 4737 assertum
2178 4727 2191 4748 ,

621 4770 774 4844 Virgo
807 4771 1071 4839 concepit,
1118 4770 1206 4824 sed
1245 4787 1345 4825 non
1396 4770 1551 4842 Virgo
1597 4774 1868 4842 generavit.
1891 4773 2191 4831 Istiusmodi

610 4878 817 4918 vvncna
844 4876 1012 4917 novus
1041 4861 1400 4916 Ecclesiarum
1445 4863 1699 4933 magister
1728 4863 1982 4920 Romanis
2011 4868 2192 4936 propi-

609 4955 771 5010 nabat
798 4973 812 5021 ;
843 4965 897 5011 ct
920 4953 1370 5026 quemadmodum
1405 4956 1690 5012 usuveuire
1717 4955 1875 5021 solet,
1899 4972 2020 5012 cum
2051 4959 2193 5014 vitiis

607 5045 774 5103 frena
815 5046 1077 5112 laxantur,
1111 5053 1168 5099 ttt
1195 5045 1475 5116 Augustini
1501 5046 1679 5101 verbis
1708 5056 1858 5115 utar,
1889 5057 2084 5103 tantum
2105 5066 2194 5104 va-

608 5138 704 5190 luit
735 5137 787 5190 in
810 5137 929 5191 urbe
958 5136 1146 5202 Roma,
1175 5146 1228 5191 ut
1258 5137 1530 5192 nonnullas
1554 5138 1704 5191 etiam
1742 5139 2154 5194 sanctimoniales
2173 5181 2189 5208 ,

606 5226 668 5278 de
689 5243 901 5283 auorum
924 5227 1167 5296 pudicitia
1187 5229 1406 5298 suspicio
1426 5228 1570 5281 nulla
1586 5238 1928 5297 praceuerat,
1953 5231 2193 5301 dejecisso

606 5317 658 5369 in
689 5319 892 5389 nuptias
934 5319 1216 5382 diceretur;
1241 5330 1287 5373 et
1320 5321 1543 5374 virorum
1569 5322 1718 5374 etiam
1748 5329 2039 5375 sanctorum
2066 5339 2191 5378 san-

608 5414 740 5456 ctum
772 5405 1057 5459 calibatum
1099 5410 1572 5462 commemoratione
1605 5412 1821 5479 fratrum
1849 5420 1895 5464 et
1922 5428 2189 5482 compara-

610 5493 743 5544 tione
767 5495 1020 5561 frangerct
1051 5495 1296 5565 (Retract.
1329 5498 1416 5550 lib.
1452 5497 1478 5550 1
1490 5498 1564 5568 1).
1589 5501 1725 5566 Quin
1770 5503 1929 5556 etiam
1957 5503 2191 5557 asseclas

610 5580 796 5633 h‘abttit
824 5582 1106 5648 aliquantos
1131 5583 1404 5652 Romanos,
1439 5597 1496 5642 ut
1519 5590 1570 5642 itt
1600 5589 1789 5660 Syricii
1815 5593 2040 5660 cpistola
2060 5593 2190 5647 scri-

609 5669 771 5740 bitur,
805 5677 914 5723 tum
939 5668 1089 5737 alios,
1126 5687 1260 5742 quos
1285 5674 1638 5747 Hieronymus
1663 5677 1734 5734 ibi
1762 5687 1929 5747 notat,
1960 5682 2070 5750 ubi,
2106 5682 2188 5738 Ne

2307 389 2538 457 glorieris
2555 432 2570 450 .
2597 395 2695 453 ait,
2729 393 2866 460 quod
2909 395 3095 448 multos
3119 395 3397 465 discipulos
3425 395 3614 450 habeas
3648 411 3667 450 :
3690 401 3898 452 tametsi

2322 481 2588 535 neminem
2617 497 2646 535 e
2679 483 3023 539 sacerdotibus
3061 485 3225 556 (quod
3275 484 3604 556 Augustinus
3655 489 3899 558 testatur)

2316 587 2476 640 neque
2494 573 2715 640 alicuius
2734 577 2954 629 nominis
2973 575 3182 631 Clericis
3207 575 3346 646 (Lib.
3370 575 3396 630 1
3407 576 3432 630 1
3455 580 3474 646 )
3508 575 3719 632 trahere
3748 576 3814 631 ad
3842 592 3898 631 se

2316 678 2546 733 uuqnam
2573 668 2824 734 potuerit.

2389 755 2452 809 ll.
2484 755 2653 811 Porro
2677 767 2881 823 autem,
2910 759 3185 814 adnitente
3222 759 3534 828 cumprimis
3559 757 3901 814 Pammachio

2320 844 2766 915 (Christianorum,
2789 859 2845 903 ut
2865 851 3222 921 Hieronymus
3251 851 3485 920 loquitur
3503 891 3517 911 ,
3548 849 3860 903 nobilissimo
3882 891 3898 911 ,

2327 948 2375 991 et
2411 940 2651 993 nobilium
2677 941 3128 1012 Christianissimo)
3157 943 3379 1012 aliisque
3398 984 3413 1007 ,
3441 951 3500 994 ut
3523 941 3763 1003 Syricins
3787 941 3900 1005 ait,

2317 1030 2627 1096 fidelissimis
2658 1031 2968 1087 Christianis
2992 1035 3113 1086 viris
3135 1074 3149 1097 ,
3182 1049 3364 1104 genere
3388 1032 3592 1101 optimis
3613 1072 3628 1096 ,
3658 1031 3902 1101 religione

2318 1125 2601 1190 praclaris.
2627 1123 2796 1178 fuerat
2825 1124 2892 1178 de
2915 1125 3138 1178 Romani
3172 1124 3446 1179 Pontificis
3490 1124 3752 1178 sententia
3805 1121 3901 1176 da-

2318 1221 2550 1274 mnatus,
2578 1213 2801 1280 ejusque
2827 1215 3082 1282 scriptura
3108 1214 3347 1281 horriﬁca
3375 1213 3676 1267 sam-dotali
3699 1211 3902 1282 judicio

2316 1302 2509 1355 detecta
2537 1303 2720 1357 dicina:
2738 1305 2836 1374 legi
2862 1305 3139 1371 contraria,
3170 1304 3426 1375 spirituali
3442 1305 3687 1357 sententia
3711 1304 3897 1356 deleta.

2315 1389 2420 1445 Sed
2449 1403 2500 1445 et
2530 1392 2699 1446 Ruina
2735 1395 2989 1462 expulsus
3016 1410 3138 1448 cum
3167 1400 3277 1449 suis
3303 1393 3660 1449 Mediolanum
3688 1408 3808 1448 cum
3840 1408 3901 1446 se

2316 1485 2627 1552 recepisset,
2659 1485 2881 1539 collecta
2918 1486 2986 1538 ibi
3011 1484 3258 1556 Synodus
3283 1485 3400 1538 illos
3423 1485 3650 1538 omnium
3669 1498 3900 1537 exsecra-

2315 1575 2450 1626 tione
2493 1576 2760 1628 damnatos
2807 1574 3184 1629 Mediolanensi
3228 1590 3292 1628 ea:
3317 1575 3437 1627 urbe
3463 1574 3611 1642 quasi
3654 1577 3900 1644 profugos

2313 1666 2520 1731 repulit.
2554 1665 2789 1734 Denique
2817 1675 2872 1721 et
2899 1666 3162 1736 Imperiali
3204 1665 3486 1735 Rescripto
3513 1664 3566 1719 in
3591 1679 3716 1718 eum
3747 1663 3898 1720 vide-

2313 1755 2470 1809 detur
2516 1755 2946 1811 animadversum
2998 1756 3138 1826 Lege
3163 1757 3232 1811 55
3281 1756 3492 1810 Codicis
3530 1755 3889 1810 Theodosiani

2313 1846 2420 1901 Tit.
2454 1847 2516 1900 ν.
2540 1848 2606 1902 de
2636 1848 2910 1904 Ilzcreticis
2932 1891 2948 1915 ,
2979 1849 3048 1904 de
3097 1865 3199 1920 qua
3231 1863 3330 1903 nos
3375 1849 3527 1919 plura
3565 1848 3619 1902 in
3672 1847 3894 1918 praeﬁxa

2314 1937 2743 2009 IIieronymianis
2771 1940 2917 1994 libris
2967 1941 3349 1996 Admonitione
3373 1940 3785 2011 disputavimus.
3807 1937 3902 1994 Ni~

2316 2029 2424 2084 ltilo
2477 2041 2656 2085 tamen
2701 2033 2876 2086 secius
2907 2047 3030 2087 cum
3075 2033 3191 2102 ejus
3237 2033 3568 2088 irritamenta
3608 2031 3898 2102 nequitiae,

2313 2123 2530 2192 scripta,
2562 2123 2799 2194 inquam,
2826 2124 3092 2180 Joviniani
3120 2125 3276 2197 vulgo
3305 2135 3608 2196 prostarent
3628 2167 3642 2188 ,
3671 2125 3901 2180 fortasse

2312 2215 2474 2268 etiam
2519 2216 2728 2270 avidius
2781 2217 3122 2286 legerentur,
3151 2227 3337 2286 utpote
3381 2233 3501 2288 qua:
3549 2216 3700 2272 frena
3757 2217 3900 2272 vitiis

2312 2305 2648 2368 adimerent,
2679 2309 2841 2360 sancti
2883 2324 2947 2362 ea:
2975 2307 3141 2362 Roma
3170 2310 3386 2376 fratres,
3431 2318 3486 2363 et
3523 2308 3899 2363 Pammachius

2312 2409 2432 2449 cum
2464 2397 2667 2464 primis,
2697 2398 2828 2452 istos
2860 2397 3097 2453 hmretici
3121 2397 3575 2453 Commentariolos
3599 2400 3665 2452 ad
3705 2399 3892 2454 Iliero-

2317 2503 2536 2559 nymum
2568 2491 2974 2551 transmiserunt,
3001 2501 3254 2560 rogantes,
3283 2500 3339 2543 ut
3364 2507 3536 2545 eorum
3581 2493 3788 2558 ineptiis
3814 2508 3898 2544 re-

2311 2583 2601 2652 sponderet,
2626 2592 2672 2636 et
2694 2581 2974 2652 Epicurum
2991 2582 3392 2637 Christianorum
3425 2581 3730 2653 Erangelico
3751 2595 3900 2654 atque

2311 2673 2603 2741 Apostolico
2621 2673 2787 2742 vigore
2801 2684 3073 2728 contereret
3091 2673 3226 2744 (Lib.
3245 2671 3320 2743 1).
3338 2674 3486 2742 Quod
3508 2687 3762 2744 praestare
3785 2675 3900 2744 ipse

2311 2775 2433 2834 post
2478 2781 2669 2834 paucos
2713 2766 2990 2818 admodum
3037 2766 3144 2819 dies
3189 2781 3502 2836 aggressus,
3534 2767 3686 2820 initio
3715 2768 3896 2822 statim

2312 2855 2489 2926 profe~
2522 2871 2584 2909 us
2614 2867 2694 2910 est
2714 2897 2730 2923 ,
2759 2858 2920 2910 multo
2947 2856 3048 2910 sibi
3079 2871 3206 2911 esse
3248 2857 3520 2927 difﬁcilius,
3547 2859 3894 2926 seriptiouem

2310 2949 2477 3013 illam,
2506 2949 2660 3017 cujus
2683 2957 2822 3001 tanta
2849 2957 2965 3003 erat
2991 2947 3246 3002 barbaries
3261 2959 3307 3002 et
3337 2950 3486 3002 tantis
3512 2950 3645 3002 vitiis
3665 2954 3899 3020 spurcis-

2309 3040 2466 3094 simus
2492 3055 2655 3093 sermo
2680 3040 2941 3106 confusus,
2971 3055 3120 3094 nosse
3157 3056 3308 3110 quam
3335 3040 3568 3095 vincere.
3594 3040 3769 3097 Evicit
3797 3057 3898 3096 au-

2311 3141 2416 3186 tem
2461 3131 2669 3186 duobus
2713 3131 2902 3216 libris,
2957 3147 3182 3202 quorum
3214 3133 3394 3200 priore
3436 3134 3693 3202 primam,
3723 3135 3901 3189 altero

2310 3233 2420 3281 tres
2453 3226 2587 3279 alias
2617 3224 2888 3280 Joviniani
2921 3227 3313 3295 propositiones
3339 3235 3588 3294 exagitat,
3620 3237 3784 3296 atque
3825 3228 3898 3280 ita

2311 3315 2578 3371 hominem
2612 3317 2909 3371 innumeris
2933 3316 3227 3385 Scriptura:
3278 3315 3473 3371 divina:
3503 3317 3634 3371 locis
3679 3318 3898 3384 obruit,

2306 3407 2656 3477 pruiligatque
2687 3409 3026 3463 historiarum
3057 3409 3378 3462 testimoniis
3401 3449 3415 3470 ,
3445 3420 3496 3462 et
3526 3408 3898 3478 I’liilosiipho-

2308 3516 2424 3554 rum
2454 3501 2752 3564 sententiis,
2774 3513 2828 3553 ιιι
2852 3501 3053 3554 nullum
3076 3499 3124 3554 ei
3150 3500 3408 3568 reliquum
3432 3499 3680 3571 effugium
3706 3501 3893 3558 faciat.

2307 3591 2438 3645 Erat
2477 3590 2578 3646 hoc
2605 3599 2778 3645 tamen
2807 3606 2942 3660 opus
2971 3606 3222 3661 perquam
3247 3591 3464 3645 difficile
3489 3634 3503 3653 ,
3533 3594 3899 3662 quemadmo-

2304 3680 2430 3734 dum
2451 3683 2562 3750 ipse
2577 3682 2736 3736 etiam
2760 3683 3086 3752 Augustinus
3101 3683 3224 3735 olim
3251 3681 3653 3745 animadvertit,
3681 3699 3904 3754 atqnan-

2307 3782 2410 3828 tem
2441 3773 2651 3842 nuptias
2681 3774 2968 3842 virginitati
3000 3773 3246 3828 refellere
3269 3815 3284 3839 ,
3331 3782 3389 3826 ut
3433 3789 3499 3826 ne
3554 3773 3680 3827 istas
3710 3790 3905 3844 repre-

2306 3861 2541 3918 hendere
2593 3863 2894 3930 videretur,
2943 3865 3030 3934 qui
3082 3866 3325 3920 meritam
3361 3866 3411 3920 ei
3442 3865 3602 3921 vellet
3657 3869 3899 3936 palmam

2302 3952 2514 4008 deferre
2553 3953 2802 4023 (lletract.
2831 3953 2945 4008 Lib.
2967 3954 3052 4008 ll.
3075 3971 3192 4024 cap.
3219 3955 3332 4025 22).
3362 3955 3624 4010 lactatum
3677 3972 3904 4028 quoque

2305 4053 2430 4099 tunc
2475 4046 2631 4116 vulgo
2676 4047 3016 4117 (vcrsipcllis
3067 4049 3210 4103 enim
3259 4047 3546 4103 Itzcreticus
3577 4049 3646 4102 ita
3679 4049 3905 4106 blandis

2304 4136 2568 4190 illecebris
2595 4139 2827 4190 multum
2853 4156 2882 4190 n
2914 4141 3123 4192 animus
3150 4138 3527 4210 fascinaverat)
3571 4155 3676 4193 non
3727 4156 3905 4211 posse

2303 4227 2375 4280 illi
2401 4227 2780 4298 Hieronymum
2815 4229 3142 4299 respOndere
3163 4245 3276 4281 cum
3303 4229 3474 4293 laude,
3499 4229 3587 4282 scd
3611 4245 3728 4283 cum
3758 4232 3909 4285 vitu-

2302 4319 2560 4386 peratione
2598 4318 2843 4388 conjngii.
2893 4318 2972 4372 Ad
3041 4319 3153 4374 haec
3195 4328 3516 4388 supererant
3558 4319 3847 4376 Maniclimi
3884 4366 3903 4390 ,

2301 4411 2389 4480 qui
2431 4411 2652 4480 nuptias
2695 4412 3057 4477 damnabunt,
3089 4413 3139 4466 in
3191 4428 3366 4482 eoque
3405 4413 3629 4467 multum
3659 4414 3906 4482 perieuli

2301 4503 2536 4566 suberat,
2571 4518 2638 4557 ne
2667 4503 2792 4556 dum
2824 4511 2966 4558 t0tus
2987 4503 3037 4558 in
3070 4503 3400 4574 Virginitatis
3419 4506 3910 4562 commendatione

2299 4591 2356 4648 S.
2391 4593 2548 4648 Pater
2587 4603 2929 4661 versaretur,
2957 4596 3154 4649 favoris
3184 4597 3236 4650 in
3271 4597 3410 4650 hanc
3456 4605 3654 4651 sectam
3704 4601 3910 4668 suspi-

2299 4685 2507 4738 cionem
2551 4684 2811 4754 injiceret.

2372 4773 2455 4828 lII.
2487 4773 2628 4829 Satis
2668 4774 2802 4829 adeo
2841 4775 2974 4830 bene
2999 4792 3060 4831 ac
3088 4776 3358 4844 sapienter
3398 4776 3444 4830 si
3475 4775 3598 4846 quid
3628 4776 3764 4834 alias
3786 4821 3805 4839 .
3845 4796 3917 4839 et

2300 4865 2477 4920 verbis
2503 4865 2641 4918 haud
2670 4881 2796 4920 sane
2841 4867 3026 4936 paucis
3054 4867 3169 4937 ipso
3198 4867 3315 4922 libri
3348 4865 3541 4937 prioris
3563 4868 3799 4921 exordio
3835 4878 3918 4929 ah

2298 4973 2360 5012 ea
2388 4958 2486 5012 sibi
2533 4958 2885 5028 Hieronymus
2924 4959 3228 5027 suspicione
3271 4959 3440 5022 cavit,
3492 4970 3596 5028 qua
3634 4961 3918 5029 conjugia

2297 5051 2552 5106 damnare
2592 5051 2892 5117 videretur,
2927 5051 3102 5120 palam
3133 5051 3406 5121 professus
3427 5066 3532 5106 non
3559 5053 3819 5122 ignorare
3846 5074 3921 5112 se

2297 5155 2417 5196 cum
2450 5141 2705 5210 Apostolo
2726 5181 2741 5206 ,
2767 5139 3102 5196 Honorabiles
3138 5143 3358 5213 nuptias,
3390 5151 3436 5194 et
3466 5142 3669 5196 tltorum
3705 5143 3923 5202 imma-

2296 5231 2542 5286 culatum.
2571 5229 2923 5286 Nihilominus
2945 5245 3066 5286 cum
3107 5230 3224 5286 libri
3264 5230 3409 5284 allati
3459 5239 3586 5286 sunt
3621 5231 3877 5289 Romam
3903 5279 3921 5300 ,

2297 5320 2451 5374 facile
2478 5319 2618 5389 quod
2647 5319 2802 5374 latius
2830 5335 2927 5391 pro
2951 5321 3248 5390 virginitate
3276 5319 3623 5386 disseruerit,
3652 5321 3923 5394 iniquior

2297 5412 2348 5464 itt
2379 5410 2776 5464 matrimonium
2808 5413 2951 5466 visus
2970 5420 3074 5473 est,
3103 5420 3154 5463 et
3187 5424 3290 5462 non
3315 5425 3344 5463 a
3369 5410 3518 5463 Iaicis
3547 5411 3712 5464 modo
3732 5423 3924 5484 atque

2297 5500 2524 5555 indoctis
2544 5541 2559 5566 ,
2584 5500 2678 5555 sed
2707 5517 2737 5554 a
2763 5501 2985 5556 Clericis
3011 5515 3222 5570 quoque
3257 5511 3311 5554 et
3349 5500 3652 5568 monachis,
3684 5503 3927 5562 littera-

2297 5593 2468 5661 ιὶειιυε
2489 5590 2790 5646 hominibus
2812 5592 2950 5646 male
2978 5590 3173 5654 audiit,
3209 5604 3377 5659 eaque
3399 5592 3599 5658 passim
3631 5607 3930 5664 aspersus

2299 5691 2549 5739 estnota.
2580 5681 2702 5737 Fuit
2728 5683 2862 5738 inter
2897 5689 3123 5738 ca-teros
3154 5680 3514 5750 rumigerulos
3549 5684 3741 5741 nescio
3775 5691 3933 5759 quis
