4050 6188
130 248 212 353 ὶδθ
788 320 791 321 ν
1447 269 1504 319 s.
1546 265 1926 323 lIIEllONYilI
1969 271 2150 327 VITA.
3380 297 3450 353 go

141 376 479 451 Emonachus,
517 380 615 447 qui
644 395 734 447 per
774 378 1116 447 imperitorum
1160 379 1397 445 circulos,
1425 381 1751 434 muliercula-

172 483 367 536 runtque
418 475 703 534 συμπόσια,
759 467 1041 522 adversum
1099 469 1247 522 illum
1305 470 1751 537 concionaretur,

178 559 384 627 ejusque
416 558 576 612 libros
603 562 785 611 canino
804 560 949 612 dente
973 559 1189 622 roderet,
1213 559 1475 626 laceraret,
1506 560 1751 615 convelle—

178 660 262 704 ret.
288 651 668 705 Pammachius
690 650 771 703 his
793 665 872 714 se,
896 650 1073 719 quoad
1102 651 1217 719 ejus
1247 650 1359 705 fieri
1390 662 1621 720 poterat,
1655 652 1752 705 ob-

181 743 571 797 trectalionibus
612 743 935 813 objiciebat,
985 754 1039 798 et
1077 744 1315 799 convicia
1355 746 1749 814 concoquebat,

175 834 357 902 quibus
381 834 615 889 amicum
641 850 793 888 suum
820 834 1060 889 adversae
1094 836 1259 904 partis
1286 835 1528 891 homines
1562 851 1752 890 onera.

174 925 315 978 bant.
350 926 431 979 Ad
464 936 766 981 extremum
796 941 917 980 cum
961 935 1015 981 et
1040 927 1139 980 sibi
1168 942 1352 995 parum
1382 927 1464 982 his
1490 930 1751 998 prolicere

170 1016 457 1081 videretur,
487 1018 813 1088 exemplaria
862 1017 1260 1089 IIieronymiani
1290 1019 1509 1088 hujusce
1538 1021 1749 1088 operis,

166 1116 360 1174 quanta
396 1108 639 1162 invenire
668 1108 857 1176 potuit,
886 1108 1255 1178 undecumque
1276 1110 1571 1178 conquisita
1593 1150 1609 1173 ,
1634 1120 1750 1163 stu-

161 1198 310 1252 diose
336 1200 629 1265 subtraxit,
648 1199 898 1268 deditque
917 1197 983 1252 ad
1013 1198 1184 1267 ipsum
1204 1199 1583 1270 Hieronymum
1608 1200 1751 1254 litte-

162 1304 274 1351 ras,
310 1292 434 1344 sive
459 1292 793 1360 interrogans,
834 1296 891 1342 ut
925 1288 1065 1357 quod
1108 1289 1395 1343 obscurum
1437 1289 1751 1353 videbatur,

159 1380 362 1433 clarius
396 1376 746 1441 edissereret,
778 1388 835 1432 ut
861 1394 924 1432 ex
969 1378 1209 1447 Epistula
1240 1377 1472 1433 XLVIII.
1500 1380 1749 1448 colligere

158 1480 255 1533 est,
281 1469 426 1533 sive,
462 1478 518 1522 ut
546 1484 612 1523 ex
642 1468 1012 1537 subsequenti,
1032 1484 1272 1539 arguens,
1294 1469 1435 1537 quod
1458 1469 1554 1522 sibi
1579 1470 1753 1522 minus

161 1560 451 1629 placuisset
486 1574 501 1613 :
531 1558 728 1612 alicubi
771 1559 914 1612 enim
957 1573 1017 1612 se
1050 1573 1264 1627 quoque
1289 1559 1462 1627 ipsum
1492 1557 1748 1612 offensum

159 1650 407 1705 nonnihil
432 1648 653 1703 indicat.
687 1646 920 1701 Libellos
955 1661 1169 1715 quoque
1196 1647 1525 1711 subtractus,
1560 1655 1615 1699 ut
1644 1662 1744 1699 no-

159 1745 281 1798 tatis
303 1743 435 1795 locis
461 1739 897 1802 emendarenlur,
916 1738 980 1791 ad
1007 1752 1128 1790 eum
1162 1737 1383 1790 remisit.
1412 1736 1551 1790 I-ietu
1576 1735 1744 1790 ferme

161 1835 409 1901 pnestitit
459 1832 736 1901 aliquanto
780 1838 898 1899 post
948 1829 1211 1893 Domnio,
1253 1828 1341 1895 qui
1390 1835 1442 1880 et
1488 1842 1742 1882 censuras

156 1924 363 1978 rabula:
419 1923 536 1991 ejus
593 1920 840 1975 monachi
895 1920 1139 1989 superius
1186 1919 1463 1972 memorati
1505 1918 1737 1982 addidit,

158 2034 315 2085 eaque
336 2019 447 2070 loca
484 2031 597 2087 quae
624 2014 925 2068 scandalum
955 2012 1254 2083 quibusdam
1295 2015 1462 2082 facere
1506 2011 1740 2065 videban-

158 2119 241 2159 tur
272 2116 504 2174 excerpta
533 2106 595 2159 de
616 2104 868 2158 volumine
894 2119 981 2172 per
997 2102 1224 2155 ordinem
1253 2103 1479 2171 digessit,
1505 2119 1737 2173 poscens,

158 2210 209 2251 ut
224 2199 305 2252 vel
326 2199 629 2263 emendaret,
668 2196 746 2250 vel
783 2204 1069 2261 exponeret.

229 2288 319 2344 IV.
364 2289 429 2342 Et
479 2303 609 2341 sane
648 2287 927 2342 maluisset
979 2287 1091 2355 ipse
1136 2287 1332 2350 etiam,
1385 2296 1441 2339 ιιι
1496 2285 1739 2351 videtur,

158 2381 213 2435 S.
242 2380 402 2435 Pater
431 2394 632 2433 morem
656 2378 842 2432 amicis
866 2378 979 2430 suis
1016 2392 1201 2447 gerere
1220 2419 1233 2439 ,
1256 2385 1311 2431 et
1331 2393 1449 2446 qua:
1478 2377 1596 2431 illos
1622 2392 1739 2429 mo-

159 2472 351 2525 vebant
372 2512 387 2535 ,
423 2472 533 2525 loca
556 2469 621 2523 ad
651 2485 835 2524 eorum
870 2469 1141 2538 ingenium
1166 2468 1514 2537 interpolare.
1544 2467 1738 2522 Verum

159 2563 381 2616 minime
407 2560 457 2614 id
482 2562 590 2629 jam
639 2559 852 2624 licebat,
883 2557 1025 2628 quod
1068 2559 1224 2627 longe
1264 2559 1482 2613 nimium
1534 2559 1741 2627 lateque

160 2669 253 2721 per
288 2653 490 2706 amicos
526 2666 726 2720 perque
766 2651 987 2704 aemulos
1034 2648 1224 2702 dilI'usa
1264 2648 1577 2718 jamdudum
1623 2649 1739 2719 ejus

157 2746 337 2813 operis
381 2743 706 2813 exemplaria
735 2741 874 2812 apud
919 2756 1108 2796 omnes
1130 2750 1331 2796 essent.
1376 2742 1734 2810 Quamobrem

156 2836 220 2889 ad
252 2836 650 2891 Pammachium
681 2835 1011 2899 rescribeus,
1047 2833 1122 2888 De
1150 2836 1425 2902 apusculis,
1475 2836 1568 2901 ait,
1616 2836 1738 2890 meis

157 2941 335 2985 contra
360 2929 703 2992 Iovinianum,
733 2929 869 2997 quod
897 2938 942 2981 et
972 2929 1240 2995 prudenter
1277 2938 1324 2980 et
1348 2938 1577 2981 amanter
1604 2927 1738 2995 [ece-

158 3025 227 3077 ris
270 3020 1001 3091 exentplariasubtraltendo,
1044 3021 1231 3087 optime
1271 3021 1405 3074 novi.
1463 3019 1568 3074 Sed
1611 3017 1739 3072 nihil

161 3117 349 3187 profuit
379 3116 476 3167 ista
498 3114 779 3183 diligentia,
808 3129 922 3166 cum
960 3112 1208 3183 aliquanti
1231 3129 1295 3166 ea:
1340 3111 1473 3166 Urbe
1492 3112 1740 3165 venientes

160 3208 279 3259 nti/ti
314 3207 491 3259 cadent
528 3206 830 3267 lectitarent,
854 3219 968 3273 qute
993 3220 1046 3257 se
1077 3203 1255 3257 Romae
1274 3203 1524 3272 excepisse
1549 3202 1738 3267 refere-

160 3300 295 3353 bant.
326 3297 392 3351 ln
414 3299 512 3351 hac
532 3312 726 3368 quoque
758 3294 1025 3348 Prouincia
1051 3295 1165 3364 jam
1192 3294 1309 3347 libri
1349 3296 1548 3363 fuerant
1577 3291 1740 3344 divul-

159 3392 281 3459 gati,
314 3401 357 3444 et
403 3400 453 3441 ut
478 3390 587 3457 ipse
612 3389 797 3457 legisti,
828 3387 1003 3441 Nescit
1033 3403 1130 3440 vox
1161 3386 1319 3439 missa
1367 3384 1583 3439 reverti.
1619 3381 1739 3436 Non

161 3498 267 3533 sum
310 3490 463 3533 tanta:
499 3479 778 3547 felicitatis,
824 3488 1026 3547 quanta:
1055 3477 1277 3545 plerique
1316 3475 1470 3546 hujus
1500 3474 1739 3541 temporis

160 3570 495 3632 Tractatores,
528 3578 583 3621 ut
605 3585 765 3638 nugas
792 3583 926 3621 meas
953 3566 1155 3636 quando
1183 3567 1443 3631 voluerint,
1474 3564 1741 3618 emendare

160 3665 364 3733 possint.
398 3662 587 3717 Statim
625 3672 677 3713 ut
704 3660 897 3730 aliquid
924 3660 1191 3728 scripsero,
1238 3668 1327 3710 aut
1351 3667 1600 3709 amatores
1622 3657 1736 3717 mei,

162 3772 243 3811 aut
270 3758 447 3819 insidi,
467 3757 661 3810 diverso
690 3754 893 3823 quidem
917 3753 1105 3815 studio,
1138 3751 1225 3803 sed
1254 3750 1365 3819 pari
1391 3748 1663 3803 certamine
1685 3749 1739 3800 in

162 3850 335 3919 vulgus
363 3859 537 3901 nostra
579 3844 927 3906 disseminant,
956 3853 1002 3895 et
1048 3841 1124 3894 vel
1148 3842 1200 3893 itt
1230 3840 1395 3903 laude,
1430 3840 1506 3893 vel
1530 3840 1580 3893 in
1611 3839 1741 3892 vitu-

164 3942 415 4007 peratione
450 3940 592 3992 nimii
634 3946 769 4000 sunt,
800 3952 901 3989 non
929 3935 1156 3987 meritum
1195 3933 1319 3996 stili,
1342 3932 1427 3985 sed
1449 3949 1595 3985 suunt
1629 3941 1739 3985 slo-

163 4032 390 4084 machum
444 4039 722 4097 sequentes.
773 4025 954 4094 Itaque
1007 4025 1140 4093 quod
1189 4023 1351 4077 solum
1396 4026 1557 4092 facere
1601 4023 1741 4093 potui

165 4119 535 4189 Apologeticunt
561 4117 720 4186 ipsius
746 4116 913 4182 aperis
941 4115 1027 4167 tibi
1055 4122 1414 4186 npusspévnsa,
1453 4129 1599 4181 quem
1627 4130 1741 4165 cum

166 4211 332 4281 legeris
358 4212 466 4278 ipse
489 4226 581 4276 pro
614 4208 755 4260 nobis
792 4206 1073 4275 satisfacies
1096 4222 1114 4269 ;
1141 4219 1229 4258 aut
1271 4204 1315 4258 si
1357 4213 1409 4257 tu
1436 4220 1629 4271 quoque
1650 4219 1741 4256 na—

164 4320 262 4355 rem
301 4300 644 4365 contraxeris,
697 4299 839 4352 illam
876 4298 1108 4366 Apostoli
1154 4308 1435 4367 περικοπὴν,
1467 4296 1519 4348 in
1555 4311 1655 4365 qua
1680 4296 1742 4349 de

165 4396 438 4465 virginitate
453 4404 499 4447 et
519 4392 709 4461 nuptiis
724 4391 968 4459 disputat,
987 4388 1135 4441 aliter
1151 4389 1393 4442 disserere
1408 4386 1739 4455 compelleris.

167 4488 238 4540 Ad
293 4486 645 4540 Domnionetu
686 4498 899 4551 quoque
934 4481 1003 4536 de
1046 4480 1310 4534 maledico
1354 4480 1446 4534 illo
1480 4478 1743 4533 monacho

168 4578 381 4645 loquens
403 4618 419 4641 ,
448 4575 655 4644 Utique,
683 4576 776 4637 ait,
807 4573 851 4626 si
891 4588 1060 4626 errare
1085 4587 1164 4625 me
1184 4572 1457 4624 arbitratus
1487 4580 1626 4624 est...
1648 4570 1744 4623 de-

169 4668 264 4719 buit
291 4669 364 4723 vel
393 4682 627 4737 arguere,
657 4664 734 4718 vel
760 4664 1073 4734 interrogare
1117 4677 1205 4732 per
1251 4660 1422 4714 literas
1451 4676 1471 4715 :
1493 4660 1629 4729 quod
1670 4659 1745 4713 vir

168 4760 381 4814 eruditus
409 4770 455 4813 et
482 4758 663 4812 nobilis
688 4756 802 4825 fecit
828 4754 1206 4818 Pammachius,
1229 4754 1311 4806 cui
1337 4768 1427 4823 ego
1448 4753 1741 4818 ἆπιλόνωά-

166 4874 272 4915 pip,
297 4860 351 4903 ut
378 4850 534 4918 potui,
567 4858 617 4902 et
646 4846 877 4916 Epistola
914 4846 1131 4900 disserui
1164 4846 1406 4914 longiore,
1430 4860 1527 4911 quo
1557 4860 1743 4896 unum-

167 4944 395 5008 quodque
420 4956 566 4992 sensu
594 4939 833 4993 dixerim.
861 4936 1120 4991 Nimirum
1149 4950 1251 5005 qua
1289 4935 1538 5004 prtecetlit
1567 4934 1745 5003 proxi-

170 5048 265 5097 me,
280 5042 333 5087 et
355 5044 583 5085 numero
600 5028 811 5085 XLVIII
825 5029 876 5083 in
897 5028 1209 5082 recensione
1227 5034 1403 5081 nostra
1426 5033 1746 5094 praenotatur

168 5124 225 5176 ad
266 5123 667 5178 Pammachium
698 5119 935 5189 Epistola
961 5122 1309 5183 ἀπιλογίσατο,
1344 5118 1457 5170 sive
1493 5131 1620 5170 suos
1652 5113 1748 5168 de-

169 5214 322 5271 iendit
344 5226 535 5272 contra
563 5214 906 5270 Iovinianum
938 5212 1126 5275 libros,
1144 5224 1209 5264 eo
1241 5209 1455 5263 nomine
1480 5207 1749 5261 traductos

171 5306 413 5362 invidiose
440 5307 512 5361 ab
538 5304 775 5368 tumulis,
806 5300 946 5371 quod
980 5300 1174 5354 nimius
1206 5299 1257 5353 in
1284 5296 1749 5352 commendatioac

172 5393 509 5466 Virginitatis,
533 5394 776 5465 iniquior
799 5393 849 5445 in
873 5391 1084 5460 nuptias
1105 5391 1173 5444 sit
1192 5390 1358 5443 visus.
1381 5388 1452 5441 Ea
1479 5386 1547 5440 de
1589 5399 1750 5440 causa

170 5490 311 5543 etiam
341 5488 494 5544 Liber
532 5483 900 5556 Apologeticus
942 5482 1227 5550 inscriptus
1266 5487 1369 5533 est.
1412 5477 1549 5531 Sunt
1576 5484 1753 5528 autem

168 5578 245 5647 qui
290 5581 485 5647 velint,
545 5576 720 5631 fuisse
767 5572 836 5627 de
869 5572 1286 5628 obtrectatorum
1336 5568 1456 5639 ejus
1496 5578 1751 5630 numero,

169 5669 211 5724 in
236 5688 385 5743 quem
410 5666 701 5745 prtecipue
732 5670 911 5721 mente
938 5671 1095 5734 atque
1122 5662 1321 5732 animo,
1349 5655 1753 5732 Apologeticum

1862 382 2055 477 librum
2098 385 2241 443 hunc
2269 390 2547 458 scribens,
2590 394 2896 465 insisteret,
2946 401 3213 473 Pelagium
3245 424 3443 477 :quem

1860 485 2004 529 certe
2023 475 2285 533 Ioviniani
2318 481 2634 551 discipulum
2662 490 2932 556 conceptis
2962 494 3133 549 verbis
3161 498 3211 551 in
3247 475 3446 556 Praefa-

1862 566 2004 620 tione
2025 570 2180 637 primi
2204 572 2255 624 in
2282 570 2568 628 Jeremiam
2604 575 2989 634 Commentarii
3010 595 3180 641 vocat.
3222 586 3442 645 Prater-

1858 676 1949 722 eo,
1981 661 2171 729 inquit,
2217 665 2269 717 in
2310 663 2640 721 Iovinianum
2674 670 2952 733 uolumina,
2999 674 3052 726 in
3105 677 3276 743 quibus
3312 682 3443 736 dolet

1858 750 2142 822 (Pelagius
2171 756 2372 826 utique,
2408 766 2466 810 ut
2492 773 2558 812 ex
2602 761 3029 828 prteccdcutibus
3062 764 3263 838 liquet)
3297 772 3445 841 virgi-

1856 843 2063 897 nitatem
2086 847 2297 915 nuptiis,
2331 858 2378 901 et
2401 850 2603 919 nuptias
2625 852 2883 921 digantite,
2924 855 3201 923 digamiatn
3234 859 3444 931 polygo-

1856 935 1970 987 ntice
2008 952 2115 989 esse
2163 942 2453 1007 praelatum.
2505 940 2612 994 Nec
2650 944 2947 997 recordatur
2981 948 3370 1016 stolidissintus,
3400 963 3448 1006 et

1858 1026 2127 1081 Scotorum
2148 1030 2367 1097 pultibus
2391 1045 2755 1103 praegravatus,
2783 1053 2874 1089 nos
2894 1040 2944 1090 in
2974 1039 3084 1107 ipso
3113 1040 3301 1095 dixisse
3322 1059 3445 1107 ope-

1857 1133 1945 1181 re,
1975 1118 2091 1173 Non
2120 1120 2317 1175 damno
2360 1124 2635 1192 digamos,
2679 1128 2786 1180 imo
2838 1144 2933 1182 nec
2974 1131 3255 1199 trigatuos,
3309 1143 3363 1187 ct
3400 1136 3445 1189 si

1858 1206 1974 1260 fieri
2004 1218 2216 1277 potest,
2242 1221 2550 1283 octogamos
2580 1231 2595 1269 :
2628 1216 2745 1283 plus
2772 1217 2963 1287 aliquid
2992 1220 3214 1273 inferam
3238 1262 3253 1287 ,
3277 1223 3438 1277 etiam

1859 1307 2210 1353 scortatorem
2247 1303 2446 1370 recipio
2488 1306 2854 1372 posuitentem.
2900 1308 3169 1379 Quidquid
3226 1313 3444 1381 aequali-

1861 1395 1939 1440 ter
1969 1387 2115 1453 licet,
2144 1391 2331 1459 :equali
2365 1393 2515 1447 lance
2540 1396 2869 1463 pensandum
2896 1408 2996 1451 est.
3026 1399 3185 1469 Legat
3213 1402 3442 1468 ejusdem

1857 1481 2023 1548 aperis
2052 1480 2373 1551 Apoloyiant,
2404 1500 2556 1549 quam
2591 1496 2707 1539 ante
2736 1504 2897 1541 annos
2923 1490 3170 1556 plurimos
3198 1494 3440 1548 adversus

1855 1568 2151 1637 magistrum
2174 1575 2284 1641 ejus
2319 1576 2547 1643 gaudens
2586 1575 2753 1631 Roma
2780 1582 2997 1649 suscepit
3031 1598 3050 1635 :
3074 1592 3120 1636 et
3161 1594 3279 1638 tunc
3321 1586 3438 1639 atti-

1850 1660 2143 1726 ntadvertet,
2186 1664 2364 1715 alienis
2393 1679 2447 1716 se
2476 1665 2675 1719 vocibus
2715 1668 3100 1736 blaspltentare,
3162 1682 3267 1726 etc.
3300 1674 3436 1740 Quin

1848 1750 2008 1802 etiam
2033 1750 2171 1804 inter
2199 1752 2495 1821 Pelagianae
2522 1754 2793 1810 Itarreseos
2816 1773 3179 1827 prmcursores
3199 1762 3437 1818 Iovinia-

1847 1855 1969 1892 num
1990 1840 2042 1894 in
2066 1840 2294 1911 Prologo
2318 1842 2518 1914 Ilialogi
2542 1845 2799 1901 adversus
2828 1848 3143 1919 Pelagianos
3166 1864 3432 1919 recenset,

1844 1940 1897 1983 et
1923 1931 2022 1985 sub
2052 1931 2260 1987 initium
2288 1933 2409 1988 libri
2449 1936 2613 1997 tertii,
2654 1935 2775 1991 Non
2817 1940 3085 2001 erubescis,
3120 1941 3309 2011 inquit.
3337 1961 3433 1999 ea:-

1848 2021 2042 2089 plosam
2069 2032 2218 2091 atque
2244 2024 2536 2078 damnatam
2557 2024 2818 2081 Ioviniani
2836 2031 3131 2083 sententiam
3157 2034 3338 2103 sequi?
3365 2032 3434 2087 Et

1845 2112 1934 2163 ille
1966 2113 2099 2165 enim
2132 2114 2211 2167 his
2270 2116 2599 2181 testimoniis,
2646 2118 2842 2184 tuisque
2870 2120 3048 2172 nititur
3083 2124 3396 2191 argumentis
3416 2164 3431 2185 ,

1845 2202 1948 2255 into
1975 2212 2029 2256 tu
2057 2205 2195 2257 illius
2217 2206 2419 2258 inventa
2439 2208 2666 2260 sectaris.
2693 2208 2909 2263 Minime
2949 2210 3073 2265 hinc
3100 2221 3277 2266 tamen
3308 2227 3434 2267 con-

1846 2294 2015 2359 ficias,
2047 2295 2210 2349 fuisse
2241 2297 2292 2349 in
2314 2296 2579 2351 Ioviniani
2626 2298 2907 2367 disciplina
2946 2300 3240 2370 Pelagium,
3275 2312 3435 2372 atque

1846 2383 1989 2439 hunc
2012 2386 2107 2439 abs
2134 2386 2457 2457 Hieronymo
2484 2388 2679 2442 librum
2728 2389 3133 2459 Apologeticum
3176 2392 3434 2447 adversus

1844 2490 1964 2529 eum
2006 2476 2341 2544 potissimum
2395 2479 2581 2533 scribi.
2624 2479 2680 2534 Si
2712 2478 3008 2548 discipulus
3043 2482 3132 2535 ille
3173 2482 3432 2539 dicendus

1845 2577 1947 2627 est,
1992 2567 2080 2635 qui
2113 2569 2433 2621 sententiam
2472 2568 2700 2637 alicujus
2725 2570 2954 2639 aliquam
3001 2580 3161 2641 atque
3181 2589 3247 2627 ex
3280 2582 3429 2643 parte

1843 2655 2203 2723 ampleCIitur,
2234 2657 2558 2727 quicumque
2594 2658 2787 2712 litteris
2832 2659 3022 2714 damus
3055 2676 3273 2731 operam
3293 2702 3309 2725 ,
3334 2676 3432 2717 no-

1841 2747 1937 2800 su'i
1966 2748 2193 2802 invicem
2234 2748 2477 2818 discipuli
2518 2764 2721 2803 sumus.
2753 2750 2855 2805 Sed
2886 2752 3021 2806 bene
3046 2753 3287 2821 profecto
3319 2762 3421 2817 est,

1840 2836 1982 2906 quod
2028 2854 2095 2893 ex
2134 2838 2347 2893 laudato
2394 2839 2511 2893 loco
2539 2840 2884 2909 intelligimus
2906 2880 2922 2905 ,
2974 2844 3139 2895 multo
3173 2843 3335 2895 fuisse
3362 2842 3423 2896 S.

1843 2925 2129 2980 Doctorcm
2160 2928 2382 2982 meliore
2414 2927 2623 2981 fortuna
2648 2944 2799 2981 usum
2830 2930 2881 2982 in
2914 2929 3017 2982 hoc
3041 2930 3429 2985 conscribendo

1843 3014 2019 3079 libro,
2058 3031 2215 3085 quem
2258 3018 2481 3085 gaudens
2533 3016 2700 3069 Roma
2744 3020 3001 3085 suscepit,
3042 3028 3097 3072 et
3142 3034 3249 3087 quo
3294 3018 3429 3073 adeo

1843 3122 2033 3161 omnes
2069 3108 2341 3174 inspersos
2393 3107 2543 3161 libris
2588 3116 2774 3161 contra
2817 3108 3157 3162 Iovinianum
3213 3125 3425 3176 nzuvos,

1843 3212 2031 3251 omnes
2052 3197 2481 3251 adversariorum
2509 3197 2802 3251 calumnias
2820 3198 3054 3252 sustulit.
3082 3199 3220 3253 Nihil
3245 3215 3429 3256 revera

1845 3304 1908 3341 ex
1938 3287 2020 3341 his
2064 3288 2211 3341 libris
2232 3329 2246 3352 ,
2274 3288 2415 3358 quod
2462 3289 2839 3363 criminaretur
2859 3330 2874 3352 .
2901 3290 3144 3346 llulliuus
3183 3292 3428 3361 excepit,

1843 3379 1933 3447 qtti
1981 3378 2180 3431 nullam
2223 3393 2329 3432 non
2391 3378 2717 3449 Ilierouymo
2771 3380 3088 3436 detrahendi
3134 3398 3319 3437 ansam
3360 3399 3428 3439 ex

1843 3470 1961 3537 ejus
1989 3469 2199 3523 cat-teris
2240 3468 2412 3524 ferme
2444 3471 2695 3525 omnibus
2735 3472 2949 3541 scriptis
2993 3473 3148 3528 avide
3180 3474 3426 3542 arripuit.

1844 3562 2118 3623 Alterum,
2168 3560 2321 3631 cujus
2378 3560 2446 3614 ab
2494 3562 2585 3615 il.o
2626 3564 2933 3617 testimonio
2980 3564 3425 3631 admoneremus,

1845 3653 2095 3719 temporis
2118 3662 2240 3707 nota
2286 3662 2389 3718 est,
2417 3651 2599 3719 juncta
2633 3668 2808 3706 rerum
2841 3668 2974 3722 quas
3001 3653 3256 3709 hactenus
3283 3656 3428 3710 edis-

1842 3744 2071 3797 serimus
2120 3744 2360 3798 historia.
2392 3743 2524 3797 Nam
2554 3744 2701 3809 ipsos
2731 3745 2944 3811 quidem
2984 3757 3168 3798 contra
3195 3745 3434 3800 Jmiuia-

1845 3852 1969 3889 num
2004 3836 2169 3889 libros
2210 3850 2350 3888 anno
2376 3834 2501 3894 393.
2529 3843 2620 3886 aut
2658 3838 2904 3901 proxime
2932 3835 3207 3901 superiore
3228 3834 3294 3887 ad
3318 3837 3435 3889 exi-

1846 3935 1953 3979 tum
1981 3936 2231 3995 vergente
2258 3925 2420 3980 fuisse
2440 3923 2779 3978 elucubratus
2798 3963 2814 3989 ,
2840 3923 2969 3976 nihil
3004 3932 3087 3977 est
3111 3922 3347 3976 dubium.
3376 3924 3432 3979 Id

1846 4032 1945 4071 nos
1971 4032 2035 4069 ex
2064 4031 2131 4070 eo
2156 4016 2353 4070 dudmn
2376 4017 2653 4077 evicimus,
2677 4014 2819 4085 quod
2844 4013 3062 4068 minime
3088 4014 3221 4069 IaIOS
3247 4029 3434 4069 recen-

1844 4114 1960 4161 seat
1981 4106 2031 4158 iu
2059 4120 2275 4159 suarum
2301 4104 2727 4158 lucubrationum
2766 4102 3042 4170 Catalogo,
3074 4118 3233 4171 quem
3252 4104 3317 4156 ad
3338 4119 3434 4158 an-

1846 4212 1972 4252 nmn
1996 4209 2161 4265 usque
2177 4194 2303 4259 592,
2328 4193 2612 4248 Theodosii
2638 4193 2898 4260 Principis
2917 4193 3432 4262 decimumquartum

1846 4285 2125 4356 produxit,
2181 4293 2441 4338 memoret
2479 4298 2609 4337 vero
2665 4283 2716 4335 itt
2756 4282 2876 4335 aliis
2922 4282 3106 4347 libris,
3166 4292 3432 4352 tamquam

1848 4379 2089 4449 proxime
2116 4378 2183 4430 ab
2211 4376 2302 4429 illo
2323 4375 2633 4429 adornatos.
2665 4372 2885 4441 Scripsi,
2927 4374 3095 4442 inquit
3143 4374 3194 4427 in
3234 4375 3432 4427 Praefa-

1849 4473 1990 4526 tione
2012 4468 2531 4548 Commentagiorum
2570 4467 2620 4520 in
2657 4466 2869 4531 Ionam,
2899 4465 3079 4518 librum
3106 4465 3169 4519 de
3197 4464 3327 4519 Viris
3352 4463 3432 4520 ll-

1847 4566 2106 4632 lustribus,
2134 4574 2181 4619 et
2210 4565 2474 4619 adversum
2494 4560 2824 4616 Iovinianum
2862 4558 2964 4612 duo
2992 4561 3272 4624 volumina,
3296 4560 3435 4627 Apo~

1848 4659 2116 4728 logeticum
2142 4671 2339 4727 quoque
2360 4694 2377 4720 ,
2425 4662 2473 4708 et
2502 4652 2565 4706 de
2616 4650 2821 4721 Optimo
2856 4667 3035 4719 genere
3072 4649 3433 4719 interpretandi

1848 4749 1916 4801 ad
1946 4746 2354 4801 Pamntacltium.
2385 4744 2553 4798 Porro
2575 4757 2642 4795 ne
2657 4741 2836 4795 statim
2874 4756 2903 4792 a
2933 4740 3081 4793 libris
3121 4748 3305 4793 contra
3333 4736 3432 4790 Io-

1850 4840 2117 4893 vinianum
2160 4846 2316 4907 putes
2355 4832 2716 4902 conscriptum
2767 4828 3210 4896 Apologeticum,
3252 4834 3435 4881 monet

1850 4930 2237 4999 Epistola,qu:u
2256 4927 2377 4979 huic
2389 4926 2570 4995 juncta
2590 4932 2692 4985 est,
2713 4917 2899 4973 XLIX.
2924 4916 2989 4970 ad
3014 4913 3433 4981 Pammachium,

1849 5029 2104 5091 quantum
2156 5014 2514 5071 intercesserit
2575 5008 2832 5081 temporis
2888 5004 3258 5069 intervnllum,
3311 5018 3433 5058 cum

1850 5111 1939 5166 ditt
1979 5126 2039 5165 se
2063 5110 2138 5162 ait
2165 5108 2224 5162 S.
2251 5107 2406 5159 Pater
2427 5102 2675 5175 querelas
2701 5098 3017 5155 tumulorum
3050 5092 3431 5154 dissimulasse.

1853 5216 2082 5271 suosque
2110 5201 2179 5254 ita
2205 5200 2362 5253 latius
2408 5196 2704 5265 divulgatos
2747 5192 2933 5256 libros,
2988 5198 3042 5241 ut
3086 5187 3332 5256 aliquanti
3374 5201 3438 5240 ea:

1860 5290 1994 5346 Urbe
2029 5290 2273 5342 venientes
2310 5288 2405 5341 sibi
2440 5286 2869 5350 lectitarent,quat
2897 5281 3071 5335 [tanta
3090 5275 3340 5347 excepisse
3358 5292 3438 5327 τες

1860 5381 2251 5456 Ῑενεὸαηι.Ηωε
2296 5380 2449 5433 nobis
2495 5381 2651 5432 unius
2700 5376 2914 5431 circiter
2961 5374 3087 5427 anni
3138 5366 3438 5425 intet'medii

1860 5477 2087 5546 spatium
2137 5472 2368 5526 iudicare
2415 5470 2523 5523 visa
2557 5478 2700 5532 sunt,
2743 5467 2983 5535 adeoque
3013 5465 3095 5519 vel
3138 5462 3207 5518 ad
3259 5460 3442 5529 hujus-

1864 5573 1971 5621 met
2020 5562 2144 5617 anni
2190 5561 2295 5616 595
2348 5559 2527 5621 finem,
2557 5558 2641 5611 vel
2693 5558 3023 5625 insequentis
3071 5553 3276 5609 initium
3300 5552 3444 5617 Apo-

1867 5652 2151 5726 logcticum
2211 5649 2351 5704 lumc
2398 5647 2589 5700 librum
2637 5644 2871 5699 diximus
2917 5658 3038 5699 esse
3080 5638 3441 5698 referendum.
