4050 6188
637 323 700 382 m
1907 316 1964 370 s.
2007 313 2188 370 lllERt

2294 313 2382 370 {Ml
2429 314 2601 373 VITA.
3835 331 3907 386 92

641 437 792 492 Hunc
837 435 1076 501 proxime
1121 431 1186 486 ad
1219 431 1568 485 Domnionem
1619 429 1854 498 Epistola
1883 438 2062 484 secuta
2105 436 2208 483 est.

709 526 774 582 V.
805 525 912 582 Sed
949 536 1002 580 et
1029 524 1160 578 alias
1185 537 1282 590 per
1309 520 1450 576 idem
1484 531 1692 590 tempus
1720 519 1982 588 Epistolas
2020 520 2084 574 ad
2115 535 2211 574 va-

638 620 746 674 rios
783 617 946 672 dedit.
987 615 1181 669 Harum
1224 628 1326 667 una
1365 622 1448 667 est
1489 612 1692 667 XLVII.
1739 612 1804 666 ad
1843 611 2206 676 Dcsiderium,

638 723 792 778 quam
823 716 876 760 et
901 705 1054 773 paulo
1083 714 1209 758 ante
1230 705 1480 773 scriptam
1507 704 1897 768 existimamus,
1921 718 2080 771 quam
2100 713 2212 773 sty-

636 799 742 851 Ium
770 805 952 849 contra
979 793 1317 850 Iovinianum
1343 803 1576 849 acueret.
1615 795 1711 848 llic
1737 805 1914 848 autem
1949 795 2037 847 ille
2066 794 2204 846 idem

632 887 842 940 videtur
870 886 1178 957 Presbyter,
1211 901 1367 956 quem
1401 887 1529 940 olim
1571 887 1836 950 diximus,
1877 886 1974 939 abs
2017 885 2208 938 [lim-o-

632 994 793 1049 nymo
835 980 1051 1049 petiisse
1072 1022 1087 1046 ,
1121 988 1173 1033 ut
1198 984 1492 1049 transferret
1530 980 1582 1033 in
1617 978 1850 1032 Latinam
1890 979 2116 1048 linguam
2146 978 2210 1030 de

627 1069 849 1124 'Ilebrteo
875 1087 1103 1125 sermone
1136 1071 1531 1125 Pentateuchum
1553 1111 1568 1136 ,
1601 1079 1655 1124 et
1678 1072 1761 1124 cui
1791 1086 1848 1124 re
1874 1072 1984 1139 ipsa
2017 1069 2069 1122 in
2097 1067 2206 1123 Ge-

627 1161 800 1214 ncsim
831 1160 1078 1216 Praefatio
1107 1161 1425 1216 inscribitur.
1459 1160 1591 1215 Cum
1625 1161 1808 1214 Romae
1838 1176 1935 1230 per
1963 1161 2205 1214 occasio-

629 1264 754 1304 nem
781 1251 961 1304 nescio
991 1265 1147 1320 quam
1171 1258 1495 1313 versaretur,
1523 1249 1700 1304 denuo
1726 1249 1782 1304 S.
1809 1249 2090 1303 Ductorem
2118 1263 2207 1302 ro-

629 1341 806 1410 gavit,
851 1349 909 1395 ut
949 1355 1169 1396 suorum
1198 1357 1419 1410 opcrutn
1460 1342 1763 1414 exemplum
1797 1341 1862 1395 ad
1904 1356 1962 1395 se
1989 1340 2202 1409 aliquod

630 1430 885 1484 mitteret.
917 1431 1009 1486 Cui
1038 1441 1221 1486 noster
1249 1433 1544 1500 respondit,
1578 1433 1788 1486 nescire
1815 1446 1903 1494 se,
1936 1447 2056 1485 cum
2086 1433 2203 1485 vul-

619 1528 744 1590 gata
768 1520 878 1588 jam
922 1520 1175 1591 pleraque
1203 1523 1382 1576 omnia
1412 1533 1593 1576 essent
1613 1562 1627 1582 .
1675 1522 1802 1592 quid
1842 1523 2110 1586 mitteret,
2142 1539 2205 1576 ne

626 1609 798 1662 eadem
821 1615 1037 1680 fortasse
1061 1611 1300 1676 mitteret,
1325 1628 1436 1678 qua:
1448 1613 1561 1681 jam
1589 1612 1809 1667 haberet.
1837 1612 2052 1666 Librum
2077 1628 2204 1666 vero

625 1699 694 1752 de
721 1699 1080 1769 Scriptorihus
1112 1701 1502 1755 Ecclesiasticis
1532 1712 1745 1767 monet,
1783 1711 1839 1756 ut
1883 1702 2023 1771 apud
2066 1703 2203 1756 Mar-

626 1788 854 1853 cellam,
885 1799 975 1842 aut
1006 1791 1354 1845 Domnionem
1385 1791 1552 1860 legat,
1585 1790 1648 1844 In
1675 1793 1820 1862 cujus
1847 1808 1958 1858 me,
1992 1793 2197 1861 inquit,

624 1876 766 1930 calce
800 1877 1066 1932 voluminis
1108 1881 1253 1950 quasi
1279 1881 1558 1934 abortivum
1600 1892 1647 1934 et
1676 1884 1938 1936 minimum
1979 1883 2201 1936 omnium

625 1967 1027 2022 Christianorum
1053 1972 1199 2039 posui
1223 2011 1239 2035 ,
1270 1971 1355 2024 ubi
1384 1972 1505 2025 ntilti
1531 1988 1730 2026 necesse
1757 1975 1852 2043 fuit
1878 1990 2030 2042 usque
2057 1973 2195 2028 XIV.

623 2074 812 2112 annum
839 2058 1110 2113 Theodosii
1140 2058 1399 2132 Principis
1425 2077 1538 2132 qua:
1562 2064 1848 2131 scripserim
1876 2066 2088 2119 breviter
2113 2065 2200 2118 ad-

622 2159 798 2205 notare
829 2166 850 2205 :
885 2168 1030 2222 quem
1071 2153 1255 2206 librum
1299 2170 1413 2206 cum
1455 2170 1487 2206 a
1535 2156 1841 2224 supradictis
1884 2157 2192 2226 sumpseris,

619 2239 866 2310 quidquid
893 2243 958 2295 de
985 2242 1150 2296 indice
1185 2244 1352 2298 minus
1377 2244 1631 2307 habueris,
1664 2246 1910 2315 paulatim
1939 2249 2090 2301 scribi
2119 2250 2199 2317 fa-

619 2329 748 2382 ciam
768 2370 782 2393 ,
809 2329 854 2384 si
877 2330 1112 2384 volueris.
1142 2331 1282 2386 Nihil
1312 2342 1570 2402 praeterea
1600 2333 1667 2389 de
1697 2336 1846 2390 libris
1875 2337 1927 2391 in
1960 2337 2198 2393 Joviuia-

619 2435 781 2486 num,
826 2434 917 2474 aut
958 2422 1026 2476 de
1066 2423 1416 2493 Apologetico
1455 2439 1553 2493 pro
1600 2426 1664 2479 iis
1706 2427 1948 2495 adjecit:
1981 2445 2047 2483 ex
2090 2443 2196 2499 quo

617 2511 872 2580 colligere
915 2528 1020 2566 non
1069 2512 1338 2568 immerito
1383 2515 1538 2579 licet,
1591 2517 1824 2571 nondum
1875 2518 1989 2574 ha‘c
2031 2519 2195 2574 fuisse

616 2601 873 2669 opuscula
899 2602 1204 2657 elucubrata
1233 2621 1246 2657 :
1279 2606 1486 2660 tametsi
1517 2607 1629 2661 lieri
1664 2608 1918 2676 potuisse,
1953 2625 2058 2663 non
2089 2610 2195 2664 dif-

619 2693 866 2758 litemur,
900 2703 956 2747 ttt
997 2693 1112 2748 lucc
1137 2694 1334 2751 habere
1369 2695 1478 2766 jam
1503 2699 1642 2768 apud
1672 2715 1762 2765 se,
1796 2709 1979 2770 utpote
2006 2717 2194 2758 recens

616 2783 835 2852 scripta,
859 2793 913 2840 et
935 2801 1054 2852 qua:
1075 2788 1305 2841 maxime
1327 2787 1509 2842 Roma:
1532 2789 1584 2842 in
1606 2792 1844 2845 omnium
1872 2808 1967 2846 ore
1987 2804 2188 2861 essent,

613 2875 838 2930 suismet
860 2877 1034 2932 literis
1061 2879 1435 2948 signiﬁcaverit
1459 2880 1759 2937 Desiderius
1781 2925 1796 2949 ,
1828 2899 2053 2953 quorum
2096 2901 2191 2941 oc-

613 2967 830 3022 casione
872 2969 975 3023 alia
1016 2969 1112 3024 abs
1155 2970 1484 3043 Hieronymo
1536 2983 1759 3042 peteret.
1793 2975 1924 3030 Utut
1953 2993 2082 3032 vero
2133 2994 2191 3034 se

614 3070 700 3110 res
727 3057 994 3125 habuerit,
1027 3075 1200 3132 neque
1222 3071 1344 3116 ante
1370 3078 1568 3117 annum
1599 3067 1722 3130 593,
1758 3082 1929 3138 neque
1959 3079 2079 3138 post
2105 3071 2188 3123 iu-

614 3159 924 3219 sequentem
953 3151 1130 3207 datam
1161 3154 1297 3210 banc
1326 3155 1490 3210 fuisse
1531 3156 1824 3226 Epistolam
1845 3201 1859 3223 ,
1907 3176 2192 3231 argumen-

612 3247 724 3292 tum
755 3239 854 3295 hoc
886 3242 1094 3311 ipsum,
1128 3255 1371 3316 totusque
1397 3247 1534 3303 ordo
1564 3265 1740 3303 rerum
1777 3252 2079 3319 persuadet.

683 3331 771 3386 VI.
799 3333 903 3388 Sed
929 3337 1107 3404 utique
1135 3337 1461 3405 insequenti,
1487 3341 1598 3395 sive
1619 3356 1760 3396 anno
1784 3343 1908 3406 594,
1934 3359 2027 3399 sex
2056 3345 2187 3401 alias

613 3421 880 3489 Epistolas
922 3425 1065 3478 credi
1109 3426 1177 3478 ab
1207 3426 1532 3498 Hieronymo
1559 3431 1818 3499 scriptas,
1847 3448 1945 3502 par
1973 3443 2074 3488 est.
2106 3435 2186 3489 Ex

612 3511 697 3562 bis
735 3510 950 3578 praefert
990 3514 1149 3567 etiam
1183 3517 1364 3570 nescio
1388 3531 1544 3586 quam
1572 3521 1742 3573 aetatis
1784 3524 2184 3592 praerogativam

609 3603 1045 3672 quinquagesima
1077 3606 1257 3674 quinta
1303 3607 1369 3661 ad
1412 3609 1710 3665 Amandum
1752 3612 2182 3683 Burdigalenscm

610 3691 988 3760 Presbyterum
1016 3704 1196 3764 postea
1225 3696 1546 3767 Episcopum
1568 3739 1582 3765 ,
1618 3701 1668 3754 in
1699 3717 1800 3770 qua
1832 3703 1999 3756 tribus
2023 3705 2090 3758 ab
2119 3721 2184 3760 eo

609 3784 900 3852 propositis
926 3801 988 3839 ex
1022 3800 1158 3840 novo
1181 3787 1524 3843 Testamento
1553 3793 1933 3861 qumstionibus
1965 3810 2183 3864 respou-

608 3871 731 3937 det,
772 3883 930 3941 atque
958 3875 1030 3929 illi
1059 3885 1339 3946 prmterea,
1371 3894 1528 3948 quam
1573 3883 1770 3949 reperit
1795 3883 2098 3953 adjunctam
2129 3887 2180 3942 in

607 3965 757 4020 brevi
783 3965 1054 4034 chartula,
1091 3969 1274 4024 Utrum
1311 3973 1510 4035 mulier,
1548 3975 1720 4029 relicto
1749 3977 1855 4031 viro
1881 3978 2110 4032 adultero
2136 3989 2182 4033 et

606 4059 885 4123 sodomita,
913 4068 959 4113 et
985 4061 1087 4113 alio
1115 4078 1204 4130 per
1228 4064 1324 4114 vim
1351 4075 1574 4135 accepto,
1616 4072 1773 4136 possit
1802 4071 1990 4141 absque
2017 4074 2177 4142 peni-

607 4151 764 4204 tentia
791 4153 1158 4206 communicare
1200 4154 1465 4222 Ecclesitc,
1496 4159 1684 4212 vivente
1720 4161 1886 4216 adhuc
1915 4179 2001 4228 eo,
2035 4180 2180 4233 quem

606 4242 746 4309 prius
787 4243 1075 4313 reliquerat.
1105 4243 1392 4300 Enimvero
1425 4247 1565 4318 quod
1607 4250 1721 4319 ejus
1761 4253 1955 4306 nullam
1995 4253 2044 4307 in
2075 4254 2180 4310 Ca-

606 4334 781 4402 talogo
821 4335 1146 4389 mentionem
1185 4335 1371 4397 faciat,
1426 4340 1764 4395 manifestum
1791 4353 1901 4409 est,
1935 4351 2057 4412 post
2083 4360 2180 4398 an-

606 4437 732 4474 num
759 4421 882 4485 392,
910 4439 1016 4492 quo
1047 4425 1181 4479 liber
1206 4426 1296 4480 ille
1319 4429 1515 4496 prodiit
1542 4430 1591 4483 in
1621 4431 1823 4494 lucem,
1853 4433 1988 4487 banc
2017 4434 2179 4489 fuisse

605 4510 1002 4575 elucubratam;
1033 4530 1202 4584 neque
1227 4518 1368 4570 enim
1402 4519 1694 4588 Epistulam
1722 4523 1885 4591 tanti,
1917 4535 1970 4577 et
1999 4540 2180 4580 sacra-

605 4616 722 4655 rmu
742 4601 1254 4659 maximeliterarum
1276 4609 1622 4677 exegeticam,
1655 4617 1864 4670 czeteris
1891 4631 2178 4674 acccnsere

605 4693 1052 4762 praetermisisset.
1094 4696 1207 4748 Alia
1236 4711 1299 4750 es
1329 4709 1513 4767 parte,
1555 4718 1715 4771 quum
1755 4705 1806 4759 in
1849 4709 2001 4762 tertia
2031 4724 2177 4779 quaa-

601 4784 776 4838 stione
822 4780 1003 4856 (quam
1048 4784 1208 4853 aliqui
1250 4788 1461 4842 codices
1503 4791 1724 4848 alteram
1780 4794 1847 4849 ad
1874 4797 2174 4853 Amandum

603 4871 901 4943 Epistolam
929 4875 1253 4947 inscribunt)
1275 4875 1343 4932 de
1360 4893 1640 4948 corporum
1660 4885 2054 4942 resurrectione
2075 4889 2176 4943 dis-

600 4973 813 5032 putans,
841 4963 1012 5036 deque
1039 4981 1220 5034 sensu,
1247 4983 1354 5039 quo
1383 4968 1624 5028 Christus
1673 4975 1779 5032 Deo
1802 4977 1946 5032 Patri
1973 4981 2172 5048 omnia,

599 5067 763 5124 seque
785 5056 998 5112 tandem
1027 5059 1198 5128 ipsum
1239 5059 1436 5116 dicitur
1463 5063 1819 5134 suhjecturus,
1852 5070 1921 5124 ita
1952 5081 2173 5128 senten-

599 5146 726 5200 tiam
752 5161 900 5202 suam
924 5152 1177 5221 explicet,
1203 5162 1259 5207 ut
1277 5153 1343 5208 ad
1368 5154 1622 5212 lubricam
1645 5157 1889 5232 Origenis
1909 5163 2175 5236 interpre-

597 5237 855 5327 tationem
885 5240 1125 5296 videatur
1151 5245 1428 5313 accedere,
1459 5249 1587 5303 satis
1615 5252 1897 5310 manifesto
1927 5267 2167 5327 apparet,

596 5322 734 5378 hanc
759 5336 916 5380 antea
945 5327 1210 5397 dictasse,
1242 5349 1400 5404 quam
1441 5352 1499 5393 se
1529 5339 1580 5394 in
1609 5339 1892 5412 Origenem
1920 5322 2172 5406 adversa;

594 5413 734 5505 rium
766 5413 1086 5481 intenderet,
1120 5432 1240 5488 post
1269 5424 1551 5494 Epiphanii
1579 5431 1825 5488 videlicet
1855 5435 2162 5505 adventum,

593 5500 660 5552 de
683 5514 796 5568 quo
821 5515 946 5555 mox
974 5507 1078 5558 erit
1104 5508 1312 5564 dicendi
1337 5513 1502 5582 locus,
1534 5527 1694 5587 atque
1719 5522 1854 5577 adeo
1877 5525 2017 5580 circa
2042 5500 2166 5582 anni

591 5589 698 5644 ΞΜ
729 5587 985 5644 medium.
1027 5593 1279 5666 Reliquas
1299 5616 1458 5668 porro
1485 5623 1580 5675 per
1599 5611 1844 5666 eumdem
1870 5613 2010 5671 hunc
2032 5617 2166 5673 dixi-

593 5695 710 5737 mus
744 5685 1001 5750 temporis
1041 5695 1264 5746 tractum
1301 5699 1522 5768 scriptas
1553 5720 1565 5755 :
1600 5703 1742 5759 illam
1765 5747 1778 5773 ,
1813 5710 2023 5776 inquam
2053 5754 2066 5780 ,
2099 5715 2164 5769 ad

2321 427 2671 500 Nepotianum
2701 432 2768 488 de
2791 430 3114 490 Clericorutn
3140 448 3266 504 vita,
3299 439 3530 506 doctam,
3567 443 3708 498 Deus
3737 444 3896 510 boue,

2322 531 2376 576 et
2405 523 2720 580 laboriosam
2763 526 3095 597 Epistulam,
3142 532 3294 600 cujus
3333 533 3445 603 ipse
3491 551 3687 590 anmtm
3733 540 3904 594 veluti

2319 611 2485 683 digito
2511 615 2610 669 sub
2650 615 2807 672 linem
2840 629 3007 686 notat,
3038 620 3124 674 ubi
3165 622 3277 686 ait,
3308 623 3525 693 Coegisti
3550 643 3645 689 me,
3671 629 3903 693 lapidato

2308 702 2425 772 jam
2452 707 2752 776 virginitatis
2773 707 2987 772 Libello,
3011 727 3158 780 quem
3187 711 3248 766 S.
3275 712 3549 769 Eustochio
3577 717 3754 771 Romte
3770 721 3904 774 scri-

2319 810 2516 861 pserant
2542 807 2653 863 post
2673 815 2833 852 annos
2851 801 3038 866 decem,
3062 818 3237 856 rursus
3258 801 3514 858 Bethleem
3540 823 3629 860 ora
3650 824 3898 870 reserare.

2319 883 2453 937 Tum
2501 886 2886 957 subsequentes
2912 890 3044 944 duas
3073 891 3171 946 sub
3198 897 3438 949 numeris
3483 895 3612 952 LIII.
3658 909 3714 954 et
3757 899 3898 956 LIV.

2317 988 2541 1042 quarum
2572 977 2738 1031 altera
2762 979 2827 1032 ad
2855 979 3157 1048 Paulinum,
3184 983 3330 1038 initia
3353 985 3732 1044 Conversionis
3752 993 3895 1060 ejus,

2316 1065 2428 1120 sive
2460 1069 2788 1135 perfectioris
2830 1082 3059 1141 arrepta:
3104 1075 3226 1128 vita:
3274 1075 3431 1146 (qua:
3475 1079 3723 1134 nimirum
3772 1081 3900 1138 huic

2314 1172 2458 1212 anno
2491 1160 2596 1215 394
2617 1160 2925 1232 deputatur)
2970 1165 3186 1220 laudat:
3219 1166 3386 1222 altera
3413 1169 3479 1224 ad
3508 1169 3719 1225 Furiam
3741 1214 3757 1239 ,
3786 1189 3895 1243 qua

2313 1261 2372 1300 se
2401 1257 2624 1303 testatur
2650 1261 2768 1305 ante
2793 1255 2949 1322 ferme
2979 1255 3232 1309 biennium
3259 1256 3414 1312 libros
3450 1271 3627 1316 contra
3659 1261 3899 1318 Jovinia-

2311 1354 2432 1392 num
2459 1339 2692 1397 edidisse
2719 1358 2734 1396 :
2767 1359 2886 1414 qua:
2911 1344 3151 1414 ejusdem
3177 1349 3299 1402 anni
3327 1349 3394 1404 ad
3420 1351 3578 1406 liuent
3601 1368 3895 1423 properan-

2312 1430 2378 1484 tis
2405 1439 2528 1484 nota
2555 1441 2654 1486 cst.

2867 1548 3093 1606 CAPUT
3131 1550 3319 1608 XXIV.

2309 1656 2351 1712 1.
2382 1658 2590 1714 Recedit
2607 1677 2926 1730 parumpera
2957 1664 3145 1734 Bullini
3174 1667 3400 1721 amicitia
3425 1669 3765 1727 declaratione
3791 1690 3892 1729 sua

2375 1750 2597 1816 quadam
2621 1752 2673 1805 in
2698 1751 2990 1822 Origenem.
3019 1756 3082 1809 II.
3111 1756 3238 1824 Qua:
3257 1760 3308 1812 in
3328 1770 3554 1829 apertam
3578 1764 3891 1821 simultatem

2377 1841 2480 1894 abit
2523 1843 2788 1897 occasione
2813 1844 3059 1899 adventus
3085 1847 3146 1902 S.
3179 1846 3461 1918 Epiphanii
3487 1850 3886 1926 Jerosolymam.

2376 1932 2464 1988 Ill.
2495 1933 2631 1987 Hinc
2658 1936 2938 2004 primordia
2965 1938 3248 1992 schismatis
3269 1940 3704 2012 Jerosolymitani,
3736 1949 3888 2018 cujus

2377 2027 2749 2096 prtestringitur
2776 2027 3004 2080 historia.
3039 2027 3125 2082 IV.
3156 2028 3345 2084 Noster
3373 2034 3436 2086 ab
3461 2032 3741 2104 Epiphanii
3763 2055 3887 2107 par-

2377 2114 2506 2168 tibus
2524 2125 2621 2169 stat
2638 2126 2814 2169 contra
2838 2118 3168 2188 Origenistas,
3191 2119 3419 2191 lia/finus
3447 2122 3639 2178 Joanni
3661 2126 3880 2183 Jeroso-
3911 2122 3918 2128 ’

2374 2202 2618 2274 lymitano
2659 2206 2902 2261 adliceret.
2928 2207 2990 2262 V.
3023 2207 3240 2263 Dissidii
3268 2222 3419 2265 aucta
3451 2215 3646 2269 occasio
3671 2218 3886 2273 ordina-

2373 2296 2509 2349 tione
2533 2293 2830 2351 Paulinioni
2866 2298 3040 2367 fratris
3069 2298 3369 2372 Hieronymi
3393 2303 3454 2357 ab
3480 2303 3773 2374 Epiphanio
3799 2314 3885 2379 fa-

2371 2396 2470 2440 cta.
2502 2385 2588 2441 VI.
2612 2387 2642 2440 1
2649 2398 2745 2440 tem
2765 2390 2933 2442 acrius
2953 2389 3013 2444 ob
3034 2392 3260 2460 ejusdem
3286 2393 3563 2464 Epiphanii
3591 2396 3884 2466 Epistolam

2369 2477 2443 2531 ad
2486 2477 2738 2532 Joannem
2789 2479 2965 2535 Graece
3010 2482 3282 2553 scriptam,
3335 2501 3487 2555 quam
3539 2485 3884 2558 Hieronymus

2369 2569 2554 2624 Latine
2591 2573 2763 2638 vertit,
2807 2583 2957 2644 atque
2993 2575 3098 2629 alia
3125 2577 3193 2630 ad
3219 2575 3606 2634 Pammachium
3644 2581 3882 2653 Epistola

2369 2661 2612 2733 defendit.

2368 2799 2408 2854 l.
2434 2799 2507 2853 Ea
2529 2799 2726 2854 eratad
2747 2799 2864 2855 haec
2884 2815 3052 2871 usque
3073 2809 3336 2872 tempora,
3362 2811 3612 2859 antcerte
3633 2807 3882 2875 proxime

2297 2889 2672 2960 praecedentia,
2707 2890 3090 2963 Hieronymum
3121 2892 3262 2947 inter
3288 2903 3448 2964 atque
3476 2894 3749 2950 Rttflinum
3775 2912 3878 2952 ne-

2295 2982 2597 3049 cessitudo,
2647 2998 2765 3052 quae
2793 2982 3112 3039 Christianis
3142 2985 3390 3040 omnibus
3418 2987 3664 3056 exemplo
3693 2999 3840 3044 esset
3859 3031 3873 3053 .

2294 3082 2350 3128 et
2376 3089 2533 3128 nemo
2562 3090 2666 3129 non
2696 3074 3052 3129 admiraretur
3088 3087 3189 3129 tam
3217 3093 3363 3132 caras
3396 3077 3472 3148 (ut
3501 3079 3731 3148 loquitur
3755 3082 3876 3136 Au-

2293 3168 2558 3236 gustinus)
2577 3167 2950 3239 familiaresque
2968 3185 3228 3236 personas,
3258 3171 3449 3224 cunctis
3479 3188 3604 3240 pene
3630 3171 3874 3228 Ecclesiis

2293 3259 2551 3313 notissimo
2569 3261 2803 3314 amicitia:
2823 3261 3018 3314 vinculo
3041 3262 3303 3332 capulatas
3325 3261 3514 3331 (Epist.
3531 3262 3665 3333 CX).
3689 3263 3874 3321 Rebus

2292 3365 2485 3420 nempe
2530 3351 2778 3416 cmteris,
2827 3351 3020 3421 quibus
3064 3367 3160 3421 par
3205 3355 3436 3406 nectitur
3479 3354 3767 3420 amicitiae,
3817 3366 3875 3410 ut

2292 3456 2525 3511 nempea
2558 3445 2723 3511 prima
2755 3458 2923 3511 usque
2952 3443 3306 3498 adolescentia
3333 3443 3514 3512 juncta
3541 3446 3630 3506 sit,
3663 3456 3718 3500 et
3748 3461 3871 3501 ma-

2289 3533 2406 3602 gnis
2429 3530 2676 3600 utrinque
2698 3532 2983 3585 virtutibus
3005 3533 3279 3598 innutrita,
3313 3531 3413 3586 loci
3447 3534 3760 3601 proximitas
3779 3549 3874 3588 ac-

2289 3623 2530 3689 cedebat,
2568 3623 2789 3695 (jamdiu
2813 3624 2952 3678 enim
2975 3623 3342 3694 Jerosolymte,
3373 3625 3462 3678 ubi
3485 3635 3537 3680 et
3562 3625 3872 3696 Presbyteri

2288 3715 2530 3771 ordinem
2559 3727 2902 3787 susceperat,
2935 3716 3178 3771 Bullinus
3206 3719 3536 3788 morabatur)
3568 3728 3625 3772 ut
3667 3735 3874 3777 conve-

2288 3807 2403 3861 nire
2431 3806 2759 3875 frequentius
2783 3817 3018 3876 possent,
3049 3807 3220 3877 deque
3243 3809 3354 3876 pari
3383 3809 3548 3864 l'ertne
3572 3809 3692 3863 vita:
3716 3811 3873 3865 insti-

2288 3906 2435 3964 tuto,
2468 3913 2530 3952 ac
2559 3899 2766 3952 ratione
2794 3897 3091 3952 studiorum
3134 3897 3257 3952 frui.
3288 3898 3425 3965 Quid
3453 3899 3590 3970 quod
3617 3899 3875 3970 Origenis

2287 3989 2499 4058 ingenio
2545 4000 2769 4058 uterque
2814 3990 3097 4057 plurimum
3125 3989 3510 4056 delectabatur,
3545 3992 3755 4044 tametsi
3787 3993 3874 4044 di-

2284 4094 2463 4145 verso,
2491 4088 2545 4133 ut
2569 4095 2690 4133 mox
2712 4079 2974 4142 dicemus,
2998 4079 3272 4135 intellectu
3299 4088 3459 4150 atque
3484 4080 3700 4134 animo?
3726 4079 3874 4140 Con-

2285 4170 2402 4239 tigit
2423 4186 2549 4225 vero
2575 4171 2770 4240 (annus
2803 4179 2927 4226 tunc
2952 4172 3210 4242 agebatur
3230 4171 3356 4242 595)
3391 4182 3446 4226 ut
3463 4171 3861 4245 Jerosolymam

2283 4261 2572 4316 advettiens
2599 4262 2848 4316 Aterbius
2877 4263 3058 4317 nescio
3081 4263 3202 4333 quis
3230 4279 3330 4318 una
3363 4278 3485 4319 cum
3512 4265 3652 4331 aliis,
3683 4266 3865 4321 dicam

2283 4367 2346 4408 ex
2388 4367 2453 4408 eo
2490 4353 2690 4408 diceret
2718 4353 2930 4407 Rullino
2954 4355 3357 4424 gravissimam,
3387 4355 3529 4425 quod
3569 4355 3867 4426 Origenem

2281 4452 2603 4508 sectaretur,
2635 4458 2808 4512 eaque
2833 4445 3207 4500 criminatione
3234 4445 3638 4516 Hieronymum,
3674 4455 3870 4517 utpote

2285 4534 2481 4590 Bullini
2512 4537 2776 4601 intimum,
2803 4547 2857 4591 et
2876 4536 3004 4592 olim
3025 4537 3327 4593 Adamantii
3355 4553 3656 4608 praeconem
3677 4539 3872 4595 obvol-

2280 4635 2449 4682 veret.
2483 4625 2616 4680 lliuc
2646 4626 2812 4697 prima
2835 4627 2960 4681 mali
2984 4627 3150 4692 labes,
3182 4637 3236 4683 et
3254 4627 3638 4683 discordiarum
3662 4629 3825 4684 turbo
3851 4648 3867 4685 :

2279 4716 2638 4789 Hieronymus
2657 4719 2799 4774 enim
2834 4735 2990 4790 quem
3023 4735 3127 4773 non
3152 4721 3222 4775 ita
3245 4721 3579 4792 Origeniante
3597 4721 3870 4777 doctrina:

2279 4809 2562 4864 admiratio
2607 4821 2858 4880 ceperat,
2890 4820 2947 4866 ut
2993 4827 3096 4866 non
3147 4812 3372 4867 subinde
3401 4812 3762 4882 intelligeret,
3795 4815 3870 4868 ab

2279 4901 2396 4971 ejus
2420 4902 2522 4957 sibi
2547 4917 2667 4957 esse
2710 4904 2979 4959 erroribus
3026 4905 3371 4959 metuendum
3393 4946 3407 4970 ,
3439 4903 3650 4973 ejurare
3681 4906 3868 4973 palam

2278 4992 2394 5062 ejus
2415 4994 2784 5048 auctoritatem
2803 5036 2818 5059 ,
2852 4993 3008 5064 eique
3037 4995 3238 5050 erranti
3269 4995 3510 5049 nuntium
3540 4994 3827 5050 remittere
3848 5036 3866 5060 ,

2278 5083 2410 5139 nihil
2437 5084 2714 5139 dubitavit.
2745 5083 2986 5139 Bullinus
3014 5099 3045 5140 e
3065 5088 3336 5140 contrario
3358 5084 3496 5140 baud
3521 5084 3654 5138 satis
3679 5085 3869 5140 sciens

2275 5174 2466 5228 studiis
2491 5174 2601 5227 suis
2630 5174 2894 5228 moderari
2922 5213 2937 5238 ,
2965 5176 3180 5230 clausus
3221 5175 3399 5239 domi,
3435 5189 3503 5229 ne
3528 5173 3713 5229 videre
3744 5175 3874 5245 qui-

2275 5262 2396 5319 dem
2426 5263 2704 5317 Aterhium
2735 5277 2897 5318 ausus
2936 5275 3052 5332 est,
3084 5265 3322 5319 damnari
3369 5273 3546 5318 autem
3575 5263 3646 5318 ab
3683 5266 3870 5320 amico

2273 5355 2672 5420 Adantautium,
2699 5373 2950 5428 perquam
2973 5375 3113 5429 aegre
3137 5361 3274 5430 tulit.
3297 5359 3427 5414 Rem
3451 5370 3633 5414 narrat
3651 5360 3714 5416 S.
3747 5362 3868 5430 ipse

2275 5446 2430 5500 Pater
2457 5446 2890 5502 luculentissimis
2915 5449 3090 5503 verbis
3118 5449 3211 5502 lib.
3236 5450 3324 5504 lll.
3353 5448 3628 5519 Apologia!
3659 5468 3673 5504 :
3708 5451 3863 5518 Quis,

2273 5535 2516 5606 inquiens
2535 5579 2550 5601 ,
2581 5539 2771 5593 Aterbii
2798 5551 2976 5593 contra
3006 5549 3072 5604 te,
3104 5549 3150 5592 et
3177 5551 3473 5594 cceterorum
3497 5541 3692 5595 rabiem
3732 5559 3867 5596 con~

2273 5628 2482 5681 citavit?
2532 5629 2717 5683 Nonne
2762 5629 2848 5683 ille
2895 5640 2967 5685 est
3009 5631 3096 5698 qni
3123 5639 3170 5681 et
3217 5647 3295 5682 me
3333 5631 3625 5685 htereticum
3669 5648 3736 5688 ex
3765 5637 3872 5688 tuis

2273 5718 2506 5774 amicitiis
2539 5719 2848 5786 iudicabat?
2884 5737 2997 5772 cum
3024 5719 3372 5790 satisfecissent
3399 5721 3737 5777 damnatione
3765 5725 3871 5778 do-
