4050 6188
140 258 193 314 93
1372 265 1428 319 S.
1476 260 1847 319 HIERONYMI
1890 260 2045 315 V'ITA
2060 301 2073 315 .
3312 272 3382 329 οι

140 378 329 439 gntalttm
350 366 611 439 Origenis,
632 378 683 423 tu
709 371 912 427 clausus
936 372 1074 425 domi
1094 389 1367 442 numquam
1386 388 1499 426 eum
1525 374 1691 427 videre

141 476 267 514 ausus
288 477 356 522 es,
388 478 453 514 ne
479 472 569 515 aut
592 462 867 517 damnares
891 464 1026 534 quod
1048 465 1274 529 nolebas,
1301 476 1387 516 aut
1417 473 1591 529 aperte
1613 480 1693 517 re-

139 552 318 617 sistens,
347 552 592 607 Itwreseos
617 554 857 607 invidiam
899 558 1186 610 sustineres.
1222 557 1298 609 Αη
1330 556 1518 608 idcirco
1556 556 1692 608 testis

138 653 290 694 contra
322 653 368 695 te
393 659 499 696 esse
525 645 725 712 poterit,
757 647 875 714 quia
898 658 1158 700 accusator
1185 648 1257 698 tui
1287 646 1402 699 est?
1427 656 1479 700 et
1509 645 1693 714 paucis

136 736 401 804 interjectis
433 754 445 790 :
478 736 715 790 Acerbius
741 748 917 789 contra
940 748 988 791 te
1015 738 1233 791 latrabat
1259 736 1623 806 Jcrosolyntis,
1645 744 1693 787 et

134 828 219 879 nisi
242 829 333 880 cito
362 828 579 894 abiisset,
614 830 846 883 sensisset
870 833 1103 883 baculum
1130 848 1230 883 non
1261 832 1582 897 litterariunt,
1606 829 1694 883 sed

134 918 333 971 dextercc
358 929 475 985 tuta,
499 937 597 989 quo
618 930 671 972 tu
697 938 848 974 canes
875 922 1075 991 abigere
1104 923 1420 975 consuevisti.

190 1008 250 1062 Il.
281 1008 403 1063 llrec
443 1010 603 1080 igitur
641 1011 810 1079 prima
860 1012 1171 1083 Hieronymi
1214 1014 1266 1065 iu
1294 1013 1576 1082 Origenem
1605 1012 1696 1067 de-

133 1099 358 1165 claratio,
392 1118 497 1155 non
540 1118 723 1171 parum
754 1102 952 1156 Ruflini
989 1104 1057 1158 ab
1086 1119 1153 1159 eo
1201 1106 1435 1158 animum
1465 1106 1694 1171 avertit,

133 1188 204 1241 cui
230 1188 299 1243 ob
326 1189 377 1243 id
410 1192 642 1245 maxime
669 1194 813 1245 visus
840 1203 921 1246 est
950 1203 1191 1247 mutuam
1219 1194 1507 1248 amicitiam
1532 1194 1698 1248 hede-

132 1294 195 1341 re,
230 1280 376 1348 quod
409 1297 477 1335 ne
501 1281 568 1333 ab
595 1283 674 1335 sui
716 1282 969 1336 amicitiis
1016 1284 1105 1337 ille
1132 1284 1368 1339 haeretici
1401 1293 1579 1338 nolam
1609 1299 1700 1338 su-

130 1368 271 1435 biret,
326 1369 677 1425 damnatione
722 1370 811 1424 illa
886 1372 1193 1442 dogmatum
1256 1374 1703 1443 Origeniauorum

130 1462 319 1515 cavisse
372 1462 740 1529 proﬁteretur.
777 1463 896 1517 Non
924 1465 1017 1518 diu
1067 1475 1246 1520 autem
1281 1465 1379 1518 hac
1427 1465 1531 1520 ﬁne
1556 1468 1704 1520 stetit

130 1551 311 1604 malum
343 1591 359 1612 ,
393 1566 541 1603 anno
580 1553 722 1605 enim
766 1552 1069 1622 insequenti
1112 1556 1223 1609 sive
1264 1556 1369 1609 594
1411 1555 1514 1610 hoc
1544 1556 1702 1608 nimi-

128 1657 255 1705 rum,
288 1640 355 1693 ad
400 1656 561 1709 quem
604 1656 701 1695 nos
748 1642 872 1695 vita:
917 1644 1342 1714 Hieronymianm
1385 1647 1555 1699 series
1605 1647 1702 1699 de-

128 1730 293 1792 duxit,
324 1730 377 1782 in
409 1736 649 1798 apertam
678 1730 1005 1785 simultatem
1057 1735 1209 1795 abiit,
1266 1736 1501 1802 rixisque
1540 1746 1699 1803 atque

128 1820 252 1873 odiis
279 1820 608 1889 gravissimis
632 1822 877 1890 utrinque
901 1823 1117 1876 exarsit.
1142 1822 1284 1876 Facti
1305 1825 1516 1877 occasio
1541 1836 1697 1894 atque

128 1910 336 1964 historia
360 1909 432 1963 ita
469 1909 644 1964 habet.
676 1910 805 1965 Cum
834 1927 974 1981 aagre
990 1912 1276 1966 admodum
1305 1913 1465 1967 ferret
1487 1916 1541 1968 S.
1570 1915 1696 1983 Epi-

126 2002 341 2071 phanius
368 2001 649 2057 Salamina:
690 2000 851 2072 Cypri
881 2003 1201 2071 Episcopus,
1264 2005 1546 2073 partiarios
1574 2003 1697 2058 Ori-

127 2095 267 2161 genis
295 2093 567 2162 pervagari
586 2092 761 2156 latius,
788 2092 1006 2162 jamque
1029 2095 1215 2160 sciret,
1248 2094 1420 2162 ipsum
1444 2095 1699 2150 Ecclesia:

128 2185 585 2256 Jerosolymitana:
614 2185 924 2239 Antistitem
962 2184 1226 2240 Joannem
1259 2186 1311 2241 in
1358 2202 1546 2242 eorum
1575 2203 1701 2257 per-

131 2284 347 2328 tractnm
380 2284 579 2343 partes,
611 2276 855 2344 gliscenti
883 2275 936 2329 in
967 2274 1083 2329 dies
1134 2277 1298 2341 male,
1342 2286 1401 2331 ut
1442 2280 1703 2334 maturius

130 2375 449 2431 occurreret,
482 2367 622 2419 circa
650 2365 777 2420 dicti
802 2366 929 2420 anni
960 2366 1167 2420 Pascha
1198 2366 1589 2438 Jerosolymam
1613 2383 1705 2423 ve-

130 2456 219 2509 nit.
261 2456 530 2526 Exceptus
550 2457 618 2511 ab
640 2456 848 2512 Joanne
878 2457 1114 2527 hospitio
1152 2466 1207 2512 et
1250 2473 1435 2513 mensa
1463 2499 1479 2523 ,
1508 2458 1704 2514 blande

132 2547 269 2601 illum
300 2562 396 2616 pro
418 2562 485 2602 eo
509 2562 571 2601 ac
594 2547 800 2613 debuit,
829 2549 1029 2603 erroris
1084 2548 1499 2603 commonefecit
1526 2566 1539 2602 ε
1562 2549 1703 2619 quod

134 2648 295 2693 tamen
315 2638 451 2691 adeo
476 2638 683 2693 videtur
705 2638 939 2693 Joannes
965 2654 1153 2710 parum
1174 2655 1410 2703 curasse.
1445 2649 1502 2695 ut
1533 2656 1705 2710 neque

132 2732 356 2782 anitnum
379 2728 668 2783 adverterit
702 2727 809 2800 (Ea:
832 2729 999 2799 Epist.
1028 2728 1318 2783 LXXXII.
1347 2740 1395 2783 et
1420 2729 1509 2785 lib.
1535 2740 1699 2784 contr.

132 2815 331 2887 Joan.).
357 2818 436 2872 Ita
467 2819 743 2873 enimvero
776 2820 1049 2874 conciliari
1098 2835 1257 2890 posse
1287 2830 1525 2888 autumo,
1560 2819 1703 2892 quod

134 2917 245 2977 post
294 2924 379 2975 ea,
415 2924 535 2963 cum
583 2909 758 2979 palam
791 2910 842 2963 in
876 2910 1117 2965 Ecclesia
1147 2920 1425 2981 correptus
1451 2921 1535 2967 est
1558 2954 1573 2979 ,
1606 2928 1702 2966 ve-

134 2998 409 3054 hementer
458 2998 648 3063 doluit,
691 3010 743 3053 et
782 2999 1131 3070 jurejurando
1184 3000 1508 3069 afﬁrmavit,
1573 3003 1706 3058 nihil

136 3093 300 3161 primo
327 3106 510 3146 secum
556 3091 717 3145 fuisse
742 3106 803 3145 ea
833 3092 901 3146 de
932 3107 991 3146 re
1036 3092 1272 3147 locutum
1310 3093 1705 3163 Epiphaniam:

137 3184 181 3238 id
226 3184 367 3254 quod
408 3183 527 3238 falsi
575 3182 749 3252 arguit
793 3181 1175 3253 Hieronymus,
1208 3184 1535 3237 contrarium
1569 3186 1710 3238 evin-

138 3290 330 3331 cerese
360 3290 520 3345 posse
544 3273 817 3329 afﬁrmans
854 3274 1102 3329 adductis
1147 3274 1397 3338 testibus,
1430 3274 1531 3328 nisi
1582 3276 1711 3344 Epi-

137 3383 347 3438 scopum
375 3366 596 3436 perjurii
643 3380 793 3419 reum
848 3379 1029 3434 agere,
1083 3365 1236 3419 nefas
1267 3372 1501 3434 putaret.
1530 3367 1715 3420 luvisit

138 3459 324 3515 deinde
346 3459 437 3513 ille
458 3468 512 3512 et
533 3457 914 3527 Hieronymum
941 3465 1209 3523 nostrum,
1223 3455 1363 3526 apud
1381 3471 1536 3526 quem
1552 3456 1714 3510 etiam

140 3552 460 3606 diversatum
510 3550 695 3615 fuisse,
744 3557 927 3619 postea
972 3538 1254 3603 dicemus:
1285 3557 1394 3603 tum
1442 3548 1715 3603 Rufﬁnum

140 3646 261 3697 satis
303 3642 622 3709 diligenter,
677 3655 836 3710 quem
891 3638 1120 3693 maxime
1170 3639 1377 3694 sciebat
1427 3639 1706 3695 erroribus

141 3732 384 3804 Origenis
437 3732 725 3796 irretitum,
757 3740 811 3785 et
853 3745 1010 3800 quem
1044 3738 1101 3783 ut
1151 3728 1361 3784 facilius
1396 3729 1711 3797 dedoceret,

142 3843 199 3881 ac
249 3827 520 3881 saniorem
571 3825 638 3878 ad
690 3834 921 3878 mentem
963 3832 1020 3877 ut
1064 3822 1412 3887 retraheret,
1468 3822 1534 3876 ad
1573 3824 1717 3893 pacis

150 3932 357 3987 quoque
393 3916 663 3979 osculum,
690 3925 743 3969 et
774 3915 838 3967 ad
865 3928 1051 3983 preces
1081 3914 1310 3983 excepit.
1349 3912 1452 3967 Sed
1478 3924 1565 3966 aut
1587 3913 1719 3967 nihil

149 4008 448 4076 proﬁciens,
480 4016 575 4061 aut
600 4015 748 4061 certe
788 4020 973 4075 parum
999 4004 1217 4074 privatis
1236 4003 1499 4073 ejusmodi
1523 4004 1721 4059 adhor-

149 4102 459 4163 tationibus,
497 4099 710 4153 tandem
741 4099 912 4166 palam
938 4106 1097 4166 atque
1125 4097 1177 4150 in
1207 4097 1387 4167 p0puli
1418 4096 1720 4167 frequentia

148 4192 196 4245 in
224 4193 485 4253 Anastasi.
511 4193 624 4246 sive
644 4190 867 4259 Temple
894 4189 1347 4254 Resurrectionis,
1376 4204 1564 4259 magna
1612 4190 1727 4244 ani-

152 4286 216 4337 mi
270 4284 621 4339 contentione
650 4280 907 4335 adversus
959 4280 1245 4352 Origenem
1285 4280 1621 4363 declamavit,
1672 4289 1728 4335 et

152 4374 429 4439 Joannem,
463 4373 557 4443 qui
600 4372 787 4427 aderat
818 4380 1000 4441 utpote
1030 4371 1273 4440 ejusdem
1325 4370 1585 4437 doctrina:
1610 4370 1729 4424 alu-

152 4479 328 4517 mnum
361 4480 467 4517 non
514 4462 743 4517 obscure
790 4461 1122 4530 perstrinxit,
1155 4461 1246 4516 ubi
1291 4460 1582 4515 admonere
1609 4475 1729 4516 eum

154 4554 347 4619 voluit,
378 4571 442 4608 ne
480 4554 593 4606 Arii
623 4561 853 4619 patrem,
889 4550 1154 4622 Origenem
1182 4550 1396 4615 scilicet,
1437 4560 1484 4603 et
1509 4552 1731 4605 aliarum

158 4638 404 4691 httreseon
442 4636 691 4701 radicem,
724 4645 775 4695 et,
818 4644 1076 4704 parentem
1117 4635 1329 4688 laudare
1378 4637 1730 4703 imposterum

158 4732 331 4786 vellet.
369 4732 464 4786 llis
490 4730 729 4785 Joannes
756 4744 921 4798 usque
948 4728 1084 4783 adeo
1126 4726 1412 4782 excanduit
1438 4769 1453 4794 ,
1485 4738 1545 4780 ut
1570 4729 1735 4782 misso

156 4830 327 4876 statim
354 4822 750 4877 Archidiacono
779 4822 1048 4875 silentium
1082 4821 1154 4874 illi
1185 4821 1498 4889 imposuerit
1528 4862 1543 4886 ,
1588 4830 1641 4875 et
1668 4821 1735 4876 ab

158 4914 385 4985 incoepta
434 4915 644 4983 publica
676 4915 955 4977 concione,
990 4922 1046 4966 ut
1098 4913 1405 4977 desisteret,
1438 4912 1734 4983 imperarit.

160 5004 280 5061 Data
322 5006 469 5060 haud
526 5006 689 5060 multo
728 5015 849 5075 post
892 5006 1180 5061 occasione
1208 5047 1223 5071 ,
1272 5007 1325 5059 in
1373 5005 1487 5060 tede
1530 5005 1739 5060 Sanctze

159 5095 340 5154 Crucis
370 5111 566 5153 omnes
592 5113 621 5149 a
650 5113 707 5152 se
755 5097 966 5152 habitos
992 5112 1272 5153 sermones
1302 5099 1351 5152 in
1385 5097 1738 5169 Quadragesi-

158 5203 237 5243 ma
269 5192 391 5260 (sub
415 5192 535 5262 ejus
565 5191 748 5260 utique
774 5189 956 5255 ﬁnem,
985 5201 1077 5244 aut
1106 5199 1251 5244 certe
1278 5204 1383 5243 non
1413 5190 1579 5244 multo
1621 5197 1742 5259 post

159 5277 351 5335 Pascha
386 5300 401 5338 :
430 5283 501 5338 ob
528 5297 692 5352 quam
736 5295 953 5336 causam
1009 5279 1060 5332 in
1091 5280 1141 5332 id
1171 5279 1425 5349 temporis
1455 5279 1739 5349 Epiphanii

154 5367 541 5446 Jerosolymam
591 5374 883 5428 adventum
922 5371 1234 5440 rejicimus,
1282 5372 1436 5427 unica
1490 5373 1741 5427 oratione

155 5464 474 5533 complexus,
505 5479 620 5519 non
666 5462 847 5517 solum
890 5478 984 5531 pro
1012 5459 1262 5532 Origene,
1294 5472 1455 5531 atque
1481 5463 1615 5516 adeo
1648 5476 1743 5529 pro

160 5562 213 5603 Ie
251 5554 419 5609 multa
449 5552 803 5625 disputavit;
842 5552 935 5608 sed
987 5562 1041 5608 et
1071 5552 1742 5622 Anthropomorphitarum

160 5638 416 5714 lla-resina,
448 5662 574 5718 qua:
598 5644 893 5699 humanam
922 5645 1029 5699 Deo
1061 5643 1286 5699 formam
1316 5642 1517 5709 tribuit,
1542 5650 1596 5696 et
1618 5640 1739 5693 Ori-

1800 373 2041 442 genianae
2067 372 2329 428 doctrina:
2356 388 2421 429 ex
2448 374 2715 433 diametro
2752 382 3061 451 opponitur,
3092 401 3255 444 ausus
3299 402 3383 446 est

1802 465 2014 533 publice
2043 464 2344 535 Epiphanio
2374 467 2629 536 objicere.
2654 469 2843 526 Statim
2875 474 2973 530 iste
3003 488 3179 533 notam
3205 480 3302 535 abs
3322 496 3383 545 se

1803 556 2074 611 harreseos
2100 556 2345 627 depulit,
2377 560 2550 627 palam
2595 560 2875 630 professus
2926 568 3134 634 probari
3168 572 3382 640 quidem

1801 644 1903 698 sibi
1935 644 2156 701 Joannis
2187 648 2539 714 concionem,
2563 660 2618 705 et
2669 651 2977 709 damnatam
3004 656 3071 709 ab
3104 674 3170 712 eo
3200 660 3383 716 haene-

1802 735 1902 789 sim
1925 734 2196 801 damnari,
2239 739 2376 793 velle
2398 748 2575 794 autem
2607 750 2668 794 ut
2717 743 2956 796 vicissim
2986 745 3053 797 ah
3086 747 3175 819 illo
3203 747 3386 819 Orige-

1804 825 1957 878 niana
1999 826 2245 897 dogmata
2288 843 2697 900 respuerentur.
2730 833 2927 887 Verum
2949 835 3188 891 Joannes
3210 842 3389 896 animo

1801 915 2007 969 rixandi
2055 918 2212 971 avido
2244 922 2369 974 nihil
2413 922 2511 975 nisi
2552 938 2743 976 causas
2773 925 3019 980 vindictae
3065 930 3342 996 qua‘rebat
3372 968 3387 993 ι,

1805 1012 2056 1071 tantaque
2096 1006 2153 1060 S.
2180 1007 2501 1080 Episcopum
2541 1014 2787 1066 molestia
2842 1014 3040 1082 affecit,
3070 1029 3126 1071 ut
3156 1019 3279 1075 inde
3324 1022 3391 1076 ad

1804 1092 2103 1149 Bethlecmi
2150 1113 2419 1153 secessqu
2456 1102 2608 1157 abire
2647 1116 2865 1160 coactus
2896 1108 2981 1160 sit.
3020 1109 3087 1163 Et
3114 1127 3391 1179 regressus

1804 1184 2019 1251 quidem
2064 1196 2146 1240 est
2172 1188 2347 1244 denuo
2370 1190 2761 1264 Jerosolymam
2811 1196 3021 1252 hortatu
3052 1216 3115 1254 ac
3145 1205 3391 1271 precibus

1808 1273 2198 1328 monachorum
2222 1318 2236 1338 ,
2270 1288 2329 1332 ut
2374 1280 2563 1335 iterum
2610 1282 2872 1339 Joannem
2910 1288 2976 1342 de
3008 1288 3110 1343 ﬁde
3138 1296 3391 1346 conveni-

1809 1374 1930 1424 ret;
1962 1364 2055 1417 sed
2087 1380 2208 1419 cum
2234 1383 2457 1437 vespere
2482 1354 2575 1425 'vix
2607 1388 2671 1427 eo
2697 1378 3010 1432 accessisset
3034 1419 3049 1443 ,
3081 1384 3390 1450 compulsus

1810 1449 1935 1504 inde
1984 1462 2063 1506 est
2114 1451 2296 1523 fugere
2337 1458 2437 1512 sub
2482 1462 2714 1517 mediam
2760 1474 2971 1519 noctem
2998 1508 3012 1528 ,
3073 1449 3392 1541 rursumque

1808 1542 1946 1609 apud
1990 1543 2374 1615 Hieronymum
2431 1563 2763 1623 ett-torosque
2826 1559 3099 1615 solitarius
3150 1563 3387 1619 divertit.

1808 1631 2055 1687 Testatus
2088 1644 2211 1688 tunc
2237 1640 2393 1691 etiam
2418 1653 2520 1708 est,
2554 1644 2707 1699 valde
2756 1664 2815 1702 se
2845 1658 3238 1712 communionis
3270 1675 3389 1714 cum

1805 1720 2014 1776 Joanne
2043 1727 2269 1796 aliisque
2302 1732 2569 1796 partiariis
2597 1736 2711 1803 ejus
2741 1737 2969 1807 habitae,
3000 1747 3287 1811 paenitere.

1873 1814 1959 1869 Ill.
1986 1815 2096 1871 Hoc
2118 1819 2501 1878 discordiarum
2535 1828 2742 1884 turbine
2772 1834 2851 1885 via
2884 1836 3221 1893 muniebatur
3245 1841 3389 1896 schi-

1804 1904 1960 1957 smati
1993 1906 2463 1979 Jerosolymitano.
2495 1913 2624 1968 Cum
2666 1920 2807 1972 enim
2857 1921 2925 1975 ab
2954 1924 3258 1995 Epiphanii,
3298 1946 3389 1986 ca-

1807 1992 2020 2049 tholicis
2048 1997 2296 2054 videlicet
2322 2005 2562 2071 partibus
2606 2017 2769 2063 staret
2820 1992 3192 2086 Hieronymus.
3220 1992 3274 2073 et
3299 2024 3387 2091 qui

1806 2100 2001 2153 magno
2042 2103 2265 2143 numero
2317 2095 2565 2148 monachi
2608 2099 2767 2153 vitam
2796 2116 2918 2155 eum
2953 2106 3067 2172 ipso
3096 2108 3389 2165 Bethleemi

1808 2176 2037 2243 agebant
2068 2178 2358 2235 rRufﬁuus
2414 2183 2549 2239 hanc
2581 2188 2735 2243 avide
2783 2195 3122 2249 occasionem
3170 2198 3223 2251 in
3269 2215 3389 2254 eum

1808 2265 2065 2321 velitandi
2110 2271 2374 2339 arripuit,
2428 2288 2591 2343 quum
2625 2293 2705 2342 se,
2747 2294 3006 2351 suamque
3048 2286 3115 2340 de
3163 2287 3392 2359 Origene

1812 2368 2236 2426 prteconceptam
2272 2362 2580 2431 opinionem
2612 2370 2744 2422 tueri
2776 2371 3053 2439 Ecclesiae,
3081 2378 3232 2444 cujus
3275 2393 3393 2437 erat

1809 2447 1957 2502 clero
1978 2449 2297 2519 adscriptus,
2316 2453 2519 2523 judicio
2564 2456 2777 2515 licebat.
2825 2462 3063 2520 Adhaesit
3094 2468 3271 2537 itaque
3302 2472 3391 2527 ille

1810 2540 2066 2593 continuo
2095 2539 2288 2597 Joanni
2315 2585 2332 2611 ,
2383 2546 2467 2599 cui
2516 2548 2677 2602 etiam
2726 2551 2940 2607 videtur
2965 2554 3389 2626 Origenistarum

1808 2628 2080 2723 doctrinas
2109 2633 2444 2723 propinasse,
2475 2646 2530 2692 et
2559 2653 2772 2695 causam
2817 2659 2913 2712 pro
2956 2646 3209 2716 dignitate
3231 2661 3392 2723 atque

1809 2720 2127 2775 auctoritate
2170 2722 2335 2790 sedis,
2385 2742 2543 2795 quam
2597 2732 2910 2798 obtinebat,
2970 2720 3391 2805 promovendam

1811 2814 2116 2869 tradidisse.
2154 2813 2339 2886 Neque
2388 2817 2495 2874 hoc
2538 2834 2670 2877 sane
2709 2823 2984 2893 ignorabat
3017 2827 3351 2898 Epiphanius
3375 2873 3391 2897 ,

1812 2904 1902 2973 qui
1934 2921 2078 2972 eum,
2104 2914 2161 2960 ut
2189 2907 2442 2975 diximus,
2463 2927 2583 2966 cum
2609 2913 2795 2981 primis
2817 2928 3174 2984 convenerat,
3200 2923 3396 2990 quique

1812 3010 1973 3049 omne
1996 3010 2057 3050 se
2099 3006 2352 3065 punctum
2389 3000 2576 3055 tulisse
2604 3002 2964 3066 existimabat,
2997 3006 3039 3058 si
3070 3022 3189 3059 eum
3221 3009 3287 3063 de
3314 3020 3395 3063 te-

1752 3129 1773 3147 ,
1814 3100 1963 3139 mere
1996 3098 2245 3156 suscepto
2274 3087 2520 3159 Origcnis
2550 3092 2849 3159 patrocinio
2872 3093 3243 3151 deterruisset.
3288 3098 3394 3155 No-

1817 3185 1984 3229 tatum
2019 3176 2069 3229 id
2125 3191 2337 3246 quoque
2369 3180 2566 3248 saepius
2619 3180 2961 3251 Hieronymo,
3008 3194 3063 3240 et
3085 3186 3223 3241 libro
3254 3203 3399 3258 pra:-

1818 3266 2002 3319 sertim
2026 3266 2119 3321 illo
2146 3276 2329 3321 contra
2359 3267 2641 3336 Joannem,
2663 3273 2750 3326 ubi
2782 3274 2926 3329 hunc
2958 3278 3246 3347 increpans
3266 3295 3401 3346 que-

1819 3366 2053 3421 rentem,
2088 3357 2189 3413 sibi
2216 3360 2460 3429 privatim
2503 3362 2571 3417 ab
2598 3362 2899 3433 Epiphanio
2926 3375 3051 3422 ante
3089 3372 3400 3426 concionem

1822 3447 2090 3517 publicam
2134 3466 2241 3504 non
2272 3450 2437 3507 fuisse
2467 3453 2705 3523 objectas
2755 3456 3054 3513 Adamantii
3091 3471 3290 3529 partes,
3333 3462 3402 3519 de

1822 3541 2016 3609 quibus
2046 3542 2218 3612 palam
2244 3543 2438 3600 deinde
2476 3546 2622 3602 illum
2650 3552 2984 3605 accusaverit
3011 3569 3023 3605 :
3046 3550 3165 3617 Ille,
3198 3553 3292 3619 ait,
3312 3555 3402 3608 ob-

1812 3633 2001 3703 jecisse
2028 3651 2081 3687 so
2107 3635 2233 3687 dicit
2259 3654 2278 3699 ;
2307 3646 2359 3689 tu
2409 3655 2582 3709 negas.
2615 3638 2716 3694 Ille
2760 3652 2905 3697 testes
2952 3649 3184 3716 profert;
3214 3657 3267 3700 tu
3298 3664 3401 3701 non

1824 3724 1897 3777 vis
1929 3726 2108 3779 audire
2138 3728 2433 3795 productos.
2460 3728 2560 3783 Ille
2586 3733 2737 3784 etiam
2756 3746 3133 3799 commemorat,
3162 3735 3403 3791 ALIUM

1827 3830 1934 3868 esse
1973 3827 2294 3883 conventum,
2328 3828 2382 3871 tu
2433 3836 2524 3887 pro
2569 3830 2780 3890 utroque
2823 3823 3132 3877 dissimulas.
3172 3825 3241 3877 Et
3286 3829 3407 3895 quis

1828 3904 1930 3959 iste
1988 3908 2121 3963 alius
2187 3909 2380 3975 fuerit,
2447 3926 2552 3964 non
2602 3911 2766 3965 alium
2822 3911 3028 3967 scilicet
3076 3928 3105 3966 a
3155 3913 3406 3981 Rufﬁno,

1830 4000 2060 4068 explicat
2114 3998 2198 4054 his
2244 3999 2336 4054 lib.
2389 4000 2475 4055 ΙΙΙ.
2530 4002 2821 4072 ΔρυΙυςίω,
2856 4001 2994 4072 Ergo
3048 4004 3272 4073 pollutus
3320 4008 3413 4058 erit

1836 4087 2154 4158 Epiphanius
2184 4130 2198 4152 ,
2245 4090 2332 4157 qui
2376 4090 2463 4142 tibi
2508 4107 2683 4159 pacem
2738 4092 2875 4144 dedit
2932 4100 2977 4144 et
3021 4092 3074 4145 in
3122 4109 3215 4145 suo
3265 4097 3415 4148 corde

1833 4181 2006 4234 dolum
2037 4180 2269 4235 servavit.
2320 4178 2422 4231 Cur
2461 4196 2560 4232 non
2597 4180 2726 4232 illud
2770 4181 2934 4233 verius
2981 4182 3088 4244 sit,
3136 4184 3270 4251 quod
3320 4183 3415 4238 TE

1838 4270 2145 4329 PRIMUM
2180 4270 2464 4324 monuerit?
2497 4270 2693 4324 Fuerat
2721 4272 2881 4325 etiam
2914 4272 3160 4327 Rufﬁnus
3186 4290 3249 4328 ex
3296 4275 3376 4329 bis
3397 4318 3413 4343 ,

1841 4367 1928 4436 qui
1964 4363 2323 4434 Epiphaniam
2356 4363 2407 4416 in
2434 4363 2692 4417 concione
2714 4363 2799 4416 illa
2829 4364 3037 4433 publica
3065 4366 3410 4437 deriserunt:

1839 4460 1983 4530 quod
2014 4458 2213 4514 dudum
2240 4458 2452 4511 laudato
2479 4466 2662 4511 contra
2683 4456 2944 4511 Joannem
2970 4459 3104 4513 libro
3130 4464 3420 4530 exprobrat

1839 4555 1897 4611 S.
1927 4556 2106 4609 Pater.
2141 4552 2378 4618 Quando,
2408 4550 2602 4621 inquit,
2636 4561 2813 4604 contra
2852 4549 3121 4621 Origenem
3149 4554 3201 4607 in
3236 4554 3419 4609 Eccle-

1841 4648 1917 4700 sia
1945 4655 2031 4697 tua
2058 4642 2207 4710 Papa
2240 4640 2563 4713 Epiphanius
2589 4642 2888 4712 loquebatur
2905 4658 2923 4695 :
2944 4644 3145 4713 quando
3172 4645 3265 4698 sub
3285 4648 3424 4699 illius

1844 4736 2045 4789 nomine
2071 4736 2123 4787 in
2150 4750 2235 4787 vos
2256 4735 2436 4805 jacula
2466 4735 2845 4804 torquebantur,
2878 4743 2931 4787 tu
2978 4745 3021 4789 et
3068 4733 3263 4787 Chorus
3311 4746 3425 4788 tuus

1843 4826 2026 4880 canino
2049 4826 2179 4879 rictu
2200 4866 2214 4889 ,
2245 4826 2550 4896 naribusque
2594 4826 2866 4879 contractis
2916 4826 3200 4892 sculpentes
3232 4826 3421 4893 copim,

1845 4916 2060 4970 delirum
2089 4933 2258 4970 senem
2288 4916 2489 4969 nutibus
2529 4915 2888 4985 loquebamini,
2922 4924 3030 4969 etc.
3056 4914 3187 4979 Qum
3210 4930 3423 4968 rursum

1847 5006 1947 5076 ipsi
1971 5006 2186 5061 Rufﬁno
2211 5008 2538 5075 improperat
2567 5006 2659 5060 lib.
2691 5006 2778 5058 lll.
2825 5004 3124 5072 Apologim.
3155 5003 3424 5074 Simulque

1847 5102 2003 5154 risum
2046 5111 2211 5155 tenere
2253 5116 2353 5153 non
2385 5115 2623 5167 possum,
2670 5096 2807 5162 quod
2834 5112 2865 5147 a
2907 5096 3127 5165 quodam
3182 5098 3429 5165 prudente

1851 5192 2223 5252 commonitus,
2280 5190 2334 5242 in
2379 5187 2554 5242 laudes
2588 5185 2870 5254 Epipltcnii
2925 5201 3185 5254 personas.
3223 5184 3322 5238 llic
3354 5196 3427 5238 est

1847 5281 1935 5333 ille
1957 5278 2148 5332 delirus
2174 5294 2343 5341 senex,
2376 5278 2457 5329 hic
2487 5285 2559 5329 est
2586 5275 3125 5344 Ant/trapetnorpltites
3146 5317 3160 5341 ,
3190 5285 3294 5330 etc.
3327 5276 3433 5332 De-

1850 5369 2032 5437 nique,
2063 5378 2119 5421 ut
2146 5366 2355 5437 gemina
2400 5366 2483 5419 his
2510 5365 2613 5418 alia
2643 5364 2897 5435 pleraque
2933 5367 3426 5433 prodet-mittamus.

1855 5457 2100 5514 Ruiﬁnus
2151 5457 2378 5527 ipsemet
2423 5454 2525 5512 sub
2554 5456 2714 5509 ﬁnem
2762 5455 2973 5526 Prologi
3018 5454 3069 5510 in
3111 5457 3425 5527 Apologiam

1852 5549 2114 5619 Pamphili
2167 5563 2270 5602 non
2319 5557 2497 5616 partes
2548 5562 2608 5601 se
2645 5546 2803 5602 modo
2857 5547 3084 5609 Joannis
3130 5548 3304 5619 sequi,
3333 5548 3429 5603 sed

1855 5656 1952 5695 nec
1983 5642 2137 5694 aliam
2183 5649 2366 5693 tenere
2422 5637 2579 5693 ﬁdem
2608 5638 2798 5709 jactat,
2829 5655 2987 5710 quam
3016 5653 3132 5709 qua:
3155 5641 3429 5711 Jerosoty-
