4050 6188
677 277 750 334 93
1945 270 2003 323 δ.
2045 264 2422 322 llIERONYm
2465 266 2641 323 VITA.
3865 283 3923 341 go

679 390 895 444 mitanze
915 384 1167 445 Ecclesia:
1193 382 1261 435 ab
1287 379 1380 436 illo
1409 378 1816 449 prredicabatur.
1848 375 1993 444 Hice,
2049 377 2242 448 inquit,

678 479 1012 550 Ierosolymis
1050 480 1104 529 in
1148 473 1376 527 Ecclesia
1409 470 1503 525 Dei
1550 488 1583 524 a
1615 471 1805 526 Sancto
1838 471 2114 525 Sacerdote
2141 475 2251 541 ejus

679 572 882 628 Joanne
902 568 1259 641 predicantttr.
1288 561 1418 618 Haec
1443 581 1533 619 nos
1577 581 1693 618 cum
1719 565 1835 634 ipso
1868 573 1917 618 et
1958 565 2172 618 dicimus
2197 573 2246 616 et

680 675 923 720 tenemus.

748 753 840 809 ιν.
877 753 1053 820 Atque
1090 749 1205 805 Ittec
1230 757 1376 803 tanta
1419 748 1726 818 Hieronymi
1761 747 2106 802 inimicorum
2133 761 2264 800 con-

672 844 900 914 junctio,
934 857 1162 912 quormn
1215 841 1441 895 alterum
1482 839 1576 894 ira:
1603 840 1951 908 impotentem
2002 837 2264 892 efferebat

674 935 870 1007 gradus
897 935 1208 995 auctoritas,
1239 933 1466 986 alterum
1512 931 1962 1004 oﬂ’ensaelrecens
2003 929 2261 982 amicitia:

674 1026 929 1097 suspicio.
955 1033 1010 1079 et
1029 1023 1253 1093 qua-sita
1283 1023 1532 1076 vindicta:
1562 1021 1932 1090 apportnniuts
1953 1019 2258 1087 aslierabat,

675 1121 762 1174 vix
789 1119 934 1173 dictu
964 1127 1067 1182 est,
1095 1130 1230 1187 quas
1265 1113 1324 1170 S.
1375 1114 1588 1168 Doctori
1616 1113 1892 1166 molestias
1913 1112 2126 1164 crearit.
2159 1111 2261 1162 Ac-

675 1210 838 1264 cessit
866 1218 1042 1261 tamen
1075 1206 1214 1260 unde
1239 1214 1289 1259 et
1315 1203 1436 1273 jure
1476 1203 1526 1256 in
1558 1203 1794 1271 speciem
1822 1201 1990 1270 (πατρτί
2017 1200 2085 1253 de
2119 1198 2257 1268 Epi-

675 1300 873 1370 phanio
893 1314 957 1354 ac
994 1298 1319 1367 Hieronymo
1345 1295 1513 1349 videri
1549 1303 1789 1364 possent,
1814 1301 1906 1345 aut
1936 1292 2127 1346 saltem
2149 1305 2256 1359 quo

675 1391 866 1444 horum
897 1389 965 1445 de
1004 1399 1148 1444 recta
1191 1389 1296 1442 fide
1336 1386 1723 1456 postulationes
1775 1383 2075 1447 eluderent,
2109 1384 2248 1435 rixa-

672 1495 898 1550 rumque
941 1492 1157 1534 causam
1209 1492 1446 1542 onmem,
1479 1485 1534 1530 et
1575 1479 1784 1544 culpam
1815 1475 1866 1527 in
1907 1488 2002 1527 eos
2041 1482 2258 1541 torque-

673 1583 814 1627 rent.
848 1571 1171 1637 Pauliniani,
1195 1571 1434 1638 inquam,
1461 1567 1641 1622 fratris
1673 1567 2004 1637 Hieronymi,
2039 1565 2255 1619 ordina-

676 1663 754 1717 tio
774 1661 841 1715 ab
869 1660 1172 1730 Epiphanio
1202 1660 1362 1723 facta,
1385 1658 1592 1713 Joanne
1621 1657 1685 1711 ad
1708 1657 1861 1726 cujus
1888 1656 1978 1710 ille
1999 1656 2256 1710 hactenus

679 1753 956 1821 parmtiam
987 1753 1334 1821 pertinuerat,
1369 1749 1689 1804 inconsulto.
1721 1749 1798 1803 Ita
1827 1764 1954 1802 vero
1995 1747 2176 1801 habuit
2198 1764 2257 1802 se

691 1856 800 1898 res.
829 1841 1177 1914 Jerosolymis
1202 1841 1386 1895 abiens
1440 1841 1797 1910 Epiphanius,
1843 1839 1950 1893 imo
1980 1841 2256 1908 aufugiens

683 1944 866 2000 noctu,
905 1934 975 1989 ob
1019 1948 1111 1988 eas
1157 1947 1287 2003 quas
1333 1933 1563 1987 diximus
1605 1947 1815 1996 causas,
1861 1932 1913 1984 in
1962 1931 2253 1985 Bethleemi

676 2039 738 2080 se
775 2024 1109 2079 monasterio
1157 2024 1378 2093 recepit.
1431 2022 1596 2077 Multa
1652 2022 1720 2075 ibi
1771 2021 1839 2075 de
1883 2021 2070 2082 turbis,
2120 2037 2252 2090 quas

669 2116 906 2172 Joannes
931 2115 1248 2176 concitarat,
1272 2114 1444 2184 deque
1468 2123 1712 2182 suspecta
1739 2112 1854 2181 ejus
1876 2111 2253 2188 communione

671 2215 1020 2276 conquestus,
1050 2204 1245 2258 multos
1263 2204 1499 2258 vicissim
1529 2219 1561 2258 c
1603 2203 1881 2256 monachis
1909 2217 2250 2271 conqueren-

671 2307 752 2351 ιιτε
790 2297 978 2359 audiit,
1005 2295 1146 2364 quod
1171 2294 1550 2366 Presbyterum
1592 2311 1696 2348 non
1721 2294 2002 2360 haberent,
2041 2296 2130 2365 qui
2155 2295 2251 2350 Sa-

669 2388 777 2442 cris
803 2395 1120 2456 Operaretur
1153 2407 1167 2440 :
1203 2395 1258 2441 et
1285 2385 1330 2438 si
1360 2400 1446 2440 res
1497 2385 1681 2450 ferret,
1717 2393 1774 2439 ut
1804 2400 1863 2439 se
1889 2384 1957 2439 ab
1999 2384 2250 2456 EpiscOpi

665 2476 1098 2547 Jerosolymitani
1126 2475 1505 2530 communione
1532 2475 1896 2544 sejungerent,
1927 2491 2085 2531 nemo
2115 2494 2251 2534 unus

665 2567 803 2638 apud
833 2582 892 2622 se
937 2575 1120 2632 esset,
1171 2565 1260 2636 qui
1297 2566 1646 2620 Sacramenta
1703 2567 2018 2621 conficeret.
2067 2568 2250 2622 Enim-

666 2671 795 2712 vero
824 2655 1200 2727 Hieronymus,
1223 2667 1280 2711 et
1297 2655 1629 2721 Vincentius,
1653 2665 1712 2710 ut
1730 2655 1861 2710 alias
1883 2665 2122 2711 notatum
2145 2670 2248 2727 est,

663 2763 986 2820 quamquam
1017 2746 1245 2802 fuissent
1271 2747 1408 2802 alter
1433 2748 1754 2814 Antiochiae,
1784 2747 1920 2803 alter
1945 2748 2252 2804 Constanti-

665 2842 846 2911 nopoli
876 2840 1257 2912 Presbytcratu
1287 2841 1498 2905 initiati,
1529 2856 1817 2910 numquam
1854 2853 2031 2897 tamen
2057 2844 2249 2899 adduci

660 2919 946 3002 [*Otueruut
982 2942 1190 3002 prapter
1219 2932 1549 2986 reverentiam
1570 2942 1617 2986 et
1661 2933 2016 2999 humilitatem,
2047 2943 2106 2988 ut
2131 2935 2251 2988 offi-

658 3023 744 3079 cio
773 3023 864 3079 illo
901 3023 1266 3093 fungerentur,
1293 3037 1357 3079 ac
1379 3021 1574 3078 Noster
1601 3023 1850 3088 maxime,
1873 3024 1965 3094 qui
2003 3023 2246 3081 ordinem

658 3129 723 3170 ea
759 3115 1069 3170 conditione
1107 3124 1442 3186 susceperat.
1497 3113 1862 3184 Dignabantur
1912 3125 2091 3192 autem
2141 3132 2247 3172 uno

659 3221 849 3264 omnes
876 3221 973 3262 ore
998 3207 1389 3270 Paulinianum,
1419 3221 1483 3262 ex
1511 3221 1638 3277 quo,
1669 3208 1713 3261 si
1743 3207 2121 3278 Presbyterum
2160 3225 2248 3264 or-

660 3299 834 3353 dinari
862 3313 921 3352 se
949 3297 1240 3367 aliquando
1279 3298 1504 3360 sineret,
1536 3299 1825 3368 plurimam
1857 3299 2107 3355 universo
2126 3315 2245 3354 mo—

660 3389 896 3442 nasterio
926 3386 1211 3442 utilitatem
1238 3386 1470 3440 reditum
1501 3389 1564 3440 iri
1606 3387 1968 3444 afﬁrmabant.
2008 3389 2116 3445 Sed
2153 3401 2245 3445 aut

663 3479 857 3533 frustra
889 3486 1144 3543 tentatus,
1177 3485 1235 3530 ut
1275 3477 1409 3530 alias
1437 3491 1604 3544 stupe,
1633 3485 1760 3531 tunc
1787 3478 1876 3531 ille
1904 3489 1986 3533 est
2008 3481 2154 3550 (nam
2190 3489 2246 3535 et

660 3567 781 3637 fuga
839 3581 898 3622 se
955 3564 1244 3636 aliquando
1284 3565 1353 3618 ab
1401 3563 1665 3634 ejusmodi
1714 3565 2055 3622 ordinatione
2108 3570 2238 3625 sub-

659 3665 844 3734 traxit)
868 3671 958 3716 ant
987 3673 1346 3733 Opportuuam
1397 3671 1544 3717 certe
1570 3663 1739 3733 magis
1766 3666 2105 3722 occasionem
2141 3684 2238 3723 au-

657 3755 839 3825 cupari
872 3753 1199 3825 Epiphanius
1226 3754 1277 3807 in
1307 3754 1487 3808 animo
1507 3752 1710 3809 habuit.
1737 3757 1892 3810 Anno
1918 3756 2077 3827 igitur
2099 3760 2242 3815 inse-

657 3846 841 3916 qnenti
884 3861 1004 3900 cum
1043 3860 1111 3912 ex
1143 3844 1332 3900 eodem
1367 3845 1697 3900 monasterio
1737 3847 1952 3918 quidam
2003 3849 2070 3904 ad
2115 3867 2238 3907 eum

655 3937 977 4006 Episcopum
1012 3945 1257 4006 agentem
1286 3947 1436 4000 tunc,
1467 3945 1525 3989 ut
1553 3937 1782 4002 videtur,
1810 3938 2236 4010 Eleuthempoli,

654 4029 813 4099 legati
840 4030 1084 4094 fuissent,
1112 4037 1168 4082 ιιι
1197 4028 1246 4082 ei
1279 4028 1459 4082 nescio
1479 4028 1671 4096 quibus
1697 4029 1766 4084 de
1807 4032 1982 4086 causis
2025 4033 2239 4089 satisfao

652 4130 860 4187 cerent,
893 4128 1146 4190 essetque
1184 4119 1324 4173 inter
1349 4133 1444 4173 eos
1472 4118 1811 4175 Paulinianus
1835 4161 1852 4188 ,
1885 4121 1970 4176 ille
2000 4129 2054 4176 et
2079 4121 2238 4192 hujus

653 4211 925 4271 meritum.
952 4211 1193 4265 omnium
1228 4210 1611 4264 monachorum
1642 4212 1950 4267 testimonio
1975 4213 2076 4268 sibi
2103 4216 2231 4269 olim

651 4303 1095 4371 comprobatum,
1150 4311 1206 4356 et
1255 4302 1628 4357 necessitatem
1671 4305 1981 4358 monasterii
2051 4321 2234 4362 secum

652 4393 832 4446 animo
858 4403 1127 4462 reputans,
1163 4394 1490 4463 propositum
1523 4395 1692 4448 sancti
1721 4395 2098 4463 adolescentis,
2131 4415 2234 4468 qua

654 4482 1118 4538 athortationibus
1139 4525 1153 4547 ,
1181 4499 1354 4554 quave
1382 4486 1621 4553 imperiis
1641 4489 1983 4556 expugnavit,
2002 4506 2234 4561 eumque

653 4573 876 4628 invitum
906 4571 1072 4627 ferme
1115 4588 1175 4628 ac
1223 4574 1571 4630 reluctantem
1617 4577 1788 4646 primo
1816 4577 2136 4646 Diaconum,
2187 4593 2234 4637 et

649 4675 921 4737 postquam
969 4663 1303 4731 ministrauit,
1339 4681 1513 4719 rursus
1563 4663 1917 4737 Presbyterum
1941 4671 2228 4726 ordinavit.

648 4754 802 4824 Quod
868 4752 1086 4826 quidem
1134 4767 1240 4807 non
1299 4753 1437 4808 intra
1485 4753 1950 4826 Jerosolymitante
2014 4760 2232 4816 ditionis

647 4845 781 4900 .ines
805 4853 1060 4914 przestare
1086 4857 1248 4898 ausus
1276 4853 1380 4910 est,
1411 4844 1505 4899 sed
1545 4845 1598 4898 in
1640 4848 1946 4902 monasterio
1969 4849 2186 4918 fratrum
2211 4893 2226 4917 ,

644 4947 689 4990 et
715 4939 930 5008 fratrum
964 4935 1376 5006 Peregrinarum,
1427 4937 1512 5007 qui
1542 4939 1811 5006 provincia:
1852 4939 2073 4998 Joannis
2099 4945 2229 4999 nihil

646 5027 876 5082 deberent
907 5043 929 5083 :
959 5029 1010 5081 in
1044 5030 1391 5095 monasterio,
1423 5029 1660 5098 inquam,
1687 5031 1827 5100 quod
1863 5031 2013 5087 Vetus
2043 5037 2226 5105 appel-

647 5120 876 5184 labatur,
914 5121 1052 5174 intrr
1073 5120 1458 5192 Jerosolymam
1481 5131 1535 5176 et
1577 5128 1870 5192 proximam
1903 5125 2223 5183 Eleuthero-

649 5209 809 5278 polim
859 5211 1004 5277 sito,
1031 5223 1410 5280 exstructoque
1446 5212 1572 5266 olim
1617 5214 1685 5268 ab
1731 5215 1847 5284 ipso
1900 5215 2223 5286 Epiphanio.

649 5297 1006 5355 Nihilominus
1033 5305 1083 5356 in
1115 5321 1180 5357 eo
1205 5319 1262 5357 se
1305 5303 1539 5359 Joannes
1564 5307 1796 5374 graviter
1818 5308 2104 5375 oll'ensum,
2135 5313 2224 5365 lze-

651 5405 816 5458 saqne
846 5393 1078 5458 parmlia:
1110 5409 1220 5446 suae
1247 5395 1363 5459 jura
1404 5405 1656 5463 reputans
1678 5437 1692 5460 ,
1721 5399 1922 5453 exarsit
1959 5402 2056 5467 ira,
2090 5403 2226 5457 mul-

653 5488 811 5544 taque
839 5479 1080 5544 privatim
1116 5493 1169 5532 et
1193 5483 1401 5549 publice
1429 5495 1753 5552 conquesms
1799 5497 1900 5550 est,
1943 5504 2056 5544 rem
2103 5505 2224 5546 sese

658 5565 911 5617 minitans
948 5566 1086 5632 apud
1132 5583 1337 5634 omnes,
1378 5580 1432 5626 et
1474 5573 1703 5628 maxime
1731 5573 2096 5632 Occidentales
2126 5595 2220 5648 per

651 5655 856 5708 litteras
885 5655 1266 5724 cvulgaturum.
1303 5661 1514 5716 Interim
1550 5661 1685 5715 hanc
1708 5667 1984 5731 praetexuit
2011 5668 2218 5725 discor-

2368 379 2576 434 diarum
2605 381 2674 435 ab
2701 380 3000 452 Epiphanio
3018 425 3033 448 ,
3068 393 3122 438 et
3167 381 3493 458 Hieronymo
3540 405 3752 450 causam
3779 438 3793 464 ,
3817 414 3923 455 om-

2373 485 2604 541 nemque
2648 472 2703 526 in
2736 487 2830 526 eos
2862 473 3134 529 transtulit
3162 478 3500 542 querelarum
3536 481 3798 542 invidiam.
3832 492 3926 546 Au-

2370 575 2464 612 sus
2509 572 2588 615 est
2617 564 2776 616 etiam
2814 564 3050 619 scribere
3078 565 3143 619 ad
3173 566 3532 634 Theoiihilum
3573 575 3889 636 Alexandria
3909 626 3922 649 ,

2369 652 2507 718 quod
2529 664 2798 722 antequam
2826 652 3167 710 Paulinianus
3193 656 3464 729 Presbyter
3485 663 3646 730 fieret,
3677 685 3926 738 numquam

2369 755 2424 793 se
2451 739 2602 809 Papa
2630 742 2956 810 Epiphanius
2981 762 3136 815 super
3163 747 3400 818 Origenis
3446 769 3616 808 errore
3645 765 3924 816 convenerit.

2367 831 2520 896 Quod
2546 848 2753 887 rursum
2785 849 2889 888 noo
2918 836 3038 890 sine
3072 839 3352 893 stomacho
3401 841 3562 896 refert
3591 845 3926 921 Hieronymus

2370 923 2606 991 Epistula
2625 925 2691 977 ad
2719 926 2970 981 eumdem
2993 927 3350 998 Theophilum
3377 931 3639 991 LXXXII.
3669 941 3926 1011 Antequam

2366 1016 2688 1070 ordinaretur
2714 1018 2876 1087 frater
2903 1037 3042 1073 mens
3083 1021 3780 1100 (Paulinianus),numquam
3807 1037 3926 1090 dixit

2365 1109 2522 1176 fuisse
2555 1110 2685 1162 inter
2723 1127 2780 1164 se
2807 1120 2853 1164 et
2881 1122 3111 1164 sanctum
3151 1111 3351 1183 Papam
3383 1114 3736 1188 Epiphaniam
3764 1127 3823 1179 de
3841 1128 3918 1182 do-

2364 1199 2614 1266 gmatibus
2641 1203 2982 1265 qutzstionem.
3008 1202 3076 1255 Et
3103 1221 3217 1274 qua
3256 1223 3370 1260 eum
3395 1214 3528 1262 ratio
3575 1217 3887 1284 compellebat
3911 1259 3924 1282 ,

2363 1291 2491 1343 sicut
2512 1292 2619 1360 ipse
2644 1295 2847 1346 tandem
2872 1294 3068 1357 scribit,
3111 1296 3230 1348 inde
3253 1298 3386 1351 inter
3412 1302 3630 1370 populos
3659 1307 3925 1374 disputare,

2362 1382 2496 1435 unde
2530 1398 2672 1434 nemo
2701 1384 3005 1452 querebat.’
3047 1384 3154 1440 Nec
3187 1387 3310 1442 laesa
3357 1391 3519 1445 modo
3562 1397 3794 1462 parcetize
3822 1413 3925 1452 suae

2358 1471 2500 1541 jura,
2544 1483 2831 1544 utcumque
2881 1485 3084 1531 temere
3134 1487 3190 1532 et
3223 1479 3394 1546 falso,
3439 1483 3534 1536 sed
3563 1496 3618 1538 et
3643 1485 3922 1544 Pauliniani

2362 1576 2574 1620 tetatem
2627 1567 2867 1621 nondum
2951 1570 3226 1624 acerdotio
3273 1571 3516 1627 idoneam
3575 1578 3922 1635 causabatur:

2361 1673 2478 1727 qua:
2503 1657 2609 1712 duo
2635 1659 2692 1714 S.
2725 1656 2883 1714 Pater
2910 1662 2978 1714 ita
3010 1662 3265 1718 exsufflat
3299 1681 3311 1716 :
3346 1663 3580 1720 Fratrem
3609 1685 3772 1723 meum
3811 1689 3925 1727 cou-

2359 1765 2468 1801 sam
2493 1750 2612 1802 dicit
2641 1765 2748 1803 esse
2773 1751 3038 1804 discordia:
3065 1794 3080 1817 ,
3130 1753 3380 1807 hominem
3410 1757 3498 1825 qui
3523 1759 3728 1826 quiescit
3751 1762 3799 1814 in
3823 1780 3926 1816 mo-

2359 1840 2569 1891 nasterii
2587 1839 2791 1902 cellula,
2823 1851 2869 1894 et
2898 1839 3202 1895 Clericatum
3232 1861 3332 1898 non
3373 1844 3610 1900 honorem
3639 1849 3925 1919 interpreta-

2358 1937 2442 1980 tur
2459 1969 2476 1994 ,
2508 1929 2597 1982 sed
2617 1946 2766 1982 onus.
2794 1930 3061 1996 Quumque
3089 1948 3181 1986 nos
3200 1949 3356 2002 usque
3381 1936 3450 1987 ad
3475 1950 3768 2004 praesentem
3796 1944 3923 1996 diem

2358 2019 2478 2086 ficta
2505 2020 2646 2088 pacis
2668 2022 2947 2074 ostentione
2975 2023 3255 2090 lactarerit,
3285 2024 3684 2084 Occidentalium
3709 2049 3924 2089 commo-

2356 2113 2426 2164 uit
2454 2127 2624 2172 aures,
2669 2113 2842 2166 dicens
2868 2130 2985 2166 eum
3036 2116 3470 2172 adolescentulum
3499 2130 3544 2173 et
3572 2138 3698 2190 pene
3721 2141 3926 2193 puerum

2356 2202 2408 2254 in
2431 2202 2647 2271 partetia
2687 2218 2781 2255 sua
2809 2201 3064 2257 Bethleem
3109 2203 3469 2277 Presbyterum
3497 2213 3831 2267 constitutum.
3867 2217 3926 2270 Si

2358 2294 2452 2347 hoc
2481 2310 2654 2348 verum
2681 2304 2755 2348 est
2777 2335 2793 2359 ,
2823 2296 2994 2349 cuncti
3043 2293 3311 2351 Palatstini
3352 2297 3599 2370 Episcopi
3637 2319 3734 2357 non
3786 2305 3927 2376 igno-

2355 2395 2490 2439 rant.
2531 2385 2898 2441 Monasterium
2947 2388 3079 2442 enim
3109 2388 3172 2444 S.
3206 2388 3380 2445 Patris
3407 2391 3704 2463 Epiphanii,
3732 2400 3927 2454 nomine

2369 2478 2518 2533 Vetus
2543 2480 2755 2545 dictum,
2787 2479 2840 2532 in
2867 2496 2967 2549 quo
2987 2485 3146 2551 frater
3163 2499 3300 2538 meus
3329 2485 3592 2542 ordinatus
3617 2499 3688 2542 est
3715 2489 3924 2564 Presby-

2354 2576 2450 2632 ter,
2482 2571 2537 2623 iu
2570 2567 3082 2638 Eleuthempolitano
3107 2573 3364 2628 territorio
3383 2617 3399 2642 ,
3423 2587 3471 2629 et
3499 2594 3599 2631 non
3629 2579 3681 2634 in
3705 2579 3929 2638 xElicnsi

2353 2660 2504 2713 situm
2525 2667 2616 2713 est.
2649 2658 2821 2714 Porro
2847 2670 2970 2715 tetas
2997 2663 3104 2732 ejus
3131 2672 3178 2716 et
3208 2663 3522 2720 Beatitudini
3549 2681 3650 2722 tute
3677 2680 3793 2724 nota
3830 2685 3927 2739 est,

2352 2759 2403 2803 et
2446 2766 2561 2803 cum
2584 2751 2652 2803 ad
2697 2751 2943 2821 tringinta
2987 2769 3237 2807 annorum
3279 2756 3445 2825 spatia
3471 2758 3585 2828 jam
3633 2764 3927 2830 pervenerit,

2354 2849 2476 2908 puto
2496 2856 2608 2893 eam
2638 2841 2693 2893 in
2736 2841 2832 2893 ltoc
2863 2857 2964 2895 non
2991 2859 3098 2897 esse
3123 2845 3606 2915 reprehendendam,
3649 2866 3759 2918 qua:
3774 2853 3930 2922 juxta

2355 2933 2650 3003 mysterium
2664 2937 2910 3002 ossumpti
2925 2934 3142 2989 hominis
3163 2935 3214 2990 in
3236 2935 3438 2992 Christo
3469 2943 3689 3009 perfecta
3709 2954 3799 3006 est,
3820 2955 3929 3000 etc.

2355 3024 2594 3095 Denique
2628 3032 2687 3080 ut
2721 3024 2838 3080 lucc
2868 3038 3087 3095 possent
3113 3027 3320 3098 objecta
3365 3033 3632 3098 excusari,
3663 3032 3788 3088 illud
3821 3051 3930 3104 pra:

2352 3118 2564 3172 caeteris
2604 3117 2655 3172 in
2693 3117 2898 3173 crimen
2939 3118 3205 3186 vocabat,
3232 3119 3373 3190 quod
3405 3121 3684 3192 promissis
3709 3123 3932 3193 Epipha-

2352 3210 2475 3266 nius
2503 3209 2782 3267 defuisset.
2807 3212 3101 3267 Asserebat
3125 3213 3268 3267 enim
3290 3254 3304 3277 ,
3335 3229 3394 3269 se
3434 3231 3524 3284 per
3546 3227 3773 3271 sanctum
3796 3216 3930 3272 Pre-

2351 3302 2605 3372 sbyterum
2624 3312 2673 3356 et
2701 3301 2938 3357 Abbatem
2957 3301 3324 3358 Monac/torum
3343 3303 3639 3375 Gregorium
3664 3308 3934 3363 mandasse

2351 3391 2451 3455 illi,
2480 3407 2544 3445 ne
2581 3407 2880 3462 quemquam
2906 3393 3194 3458 ordinaret;
3227 3405 3281 3449 et
3327 3394 3416 3450 ille
3445 3395 3539 3448 hoc
3568 3397 3822 3464 pollicitus
3864 3401 3932 3452 sit

2350 3480 2522 3534 dicens
2553 3495 2572 3534 :
2605 3479 2870 3551 Numquid
2898 3483 3096 3548 iuvenis
3142 3500 3276 3549 sum,
3327 3494 3417 3537 aut
3445 3500 3662 3538 canones
3705 3487 3931 3556 ignoro?

2421 3571 2483 3626 V.
2513 3571 2638 3627 Haec
2679 3572 2767 3628 ille
2794 3572 3094 3642 Epiphanio
3119 3575 3344 3630 crimina
3370 3573 3653 3644 objiciebat
3692 3591 3811 3646 quae
3837 3577 3933 3632 hic

2347 3661 2554 3718 diluere
2587 3664 2770 3717 statim
2799 3666 2990 3734 sategit
3018 3664 3130 3718 miti
3161 3664 3421 3733 Epistola,
3450 3681 3568 3734 qua:
3595 3681 3735 3720 nunc
3780 3667 3927 3722 inter

2349 3751 2789 3824 llieronymiauas
2840 3754 3274 3824 quinquagesima
3339 3756 3508 3824 prima
3564 3757 3808 3811 habetur.
3863 3757 3935 3812 Et

2349 3843 2578 3910 primum
2605 3842 2820 3912 quidem
2841 3883 2857 3906 ,
2889 3843 2957 3897 de
2983 3843 3112 3897 lasso
3138 3844 3341 3898 scilicet
3363 3845 3620 3919 ‘parmtia:
3644 3845 3933 3919 Jerosoly-

2348 3933 2563 3987 mitante
2579 3934 2720 4002 jure,
2753 3933 2941 3988 iisdem
2963 3933 3152 3998 ferme,
3183 3951 3299 4003 qua:
3321 3935 3478 3989 modo
3503 3951 3568 3990 ex
3597 3935 3936 4008 Hieronymo

2346 4025 2761 4080 deliberavimus
2790 4025 2967 4078 verbis
2995 4026 3174 4092 (unice
3203 4025 3344 4079 enim
3373 4041 3497 4079 vera
3529 4028 3812 4096 responsio
3841 4029 3936 4084 illa

2345 4125 2430 4170 est
2454 4116 2472 4182 )
2517 4115 2732 4170 refutat.
2761 4115 3003 4170 Alterum
3033 4115 3101 4170 de
3128 4115 3421 4170 Pauliniani
3464 4117 3699 4171 nondum
3728 4118 3938 4173 idonea

2344 4205 2411 4258 ad
2463 4205 2898 4277 Presbyteratum
2965 4214 3122 4260 tetatc
3185 4221 3404 4276 prorsus
3471 4207 3728 4277 negligit,
3783 4210 3939 4278 quod

2346 4309 2540 4364 nempe
2564 4296 2754 4349 falsum
2779 4305 3072 4360 constaret,
3084 4296 3308 4366 jamque
3323 4297 3604 4366 explosum
3622 4297 3938 4354 videretur.

2345 4387 2586 4442 Tertium
2612 4403 2741 4444 vero
2772 4387 2855 4443 his
2883 4388 3113 4458 gravius,
3149 4403 3254 4458 quo
3285 4389 3503 4443 minime
3548 4390 3768 4444 stetisse
3798 4403 3950 4444 con.

2343 4480 2518 4536 ventis
2539 4479 2838 4546 dicebatur,
2866 4481 2934 4534 ita
2964 4480 3063 4534 sub
3087 4479 3418 4549 jurejurandi
3442 4479 3808 4535 obtestatione
3833 4481 3947 4535 abs

2341 4589 2400 4627 se
2429 4580 2689 4628 removet.
2717 4571 2875 4638 Audi,
2917 4571 3105 4642 inquit,
3147 4571 3402 4625 veritatem
3447 4571 3501 4624 in
3525 4585 3758 4624 sermone
3789 4567 3927 4636 Dei,

2345 4681 2422 4716 me
2451 4663 2544 4718 hoc
2568 4679 2660 4716 nec
2687 4662 2890 4724 audisse
2909 4703 2926 4728 ,
2961 4678 3050 4715 nec
3075 4677 3240 4725 nosse,
3269 4677 3359 4715 nec
3387 4661 3530 4714 istius
3557 4661 3812 4714 sermonis
3847 4679 3953 4728 pe-

2343 4757 2476 4809 nitus
2504 4755 2780 4808 recordari.
2811 4753 3114 4823 Suspicatus
3139 4762 3305 4807 autem
3348 4768 3478 4816 sum,
3508 4767 3572 4805 ne
3595 4755 3820 4822 forsitan
3853 4753 3952 4804 in-

2343 4855 2416 4898 ter
2440 4845 2618 4910 multa,
2645 4847 2788 4916 quasi
2816 4845 2965 4898 homo
3007 4843 3189 4898 oblitus
3237 4858 3413 4907 essent,
3457 4851 3505 4895 et
3548 4841 3609 4894 ob
3640 4842 3779 4896 hanc
3812 4860 3955 4895 can.

2341 4953 2450 4988 smn
2499 4946 2731 4989 sanctum
2775 4934 3076 5005 Gregorium
3117 4935 3388 4987 suscitatus
3415 4949 3546 4994 sum,
3577 4942 3624 4985 et
3667 4931 3957 4990 Zenonem

2345 5027 2722 5098 Presbyterum,
2746 5029 2831 5097 qui
2857 5044 2970 5079 cum
2994 5045 3050 5080 eo
3070 5036 3162 5080 est.
3182 5026 3229 5080 Ε
3255 5027 3435 5096 quibus
3453 5025 3617 5079 Abbas
3645 5025 3961 5096 Gregorius

2340 5119 2618 5187 respondit,
2653 5133 2705 5170 se
2733 5117 2826 5169 hoc
2853 5118 3051 5186 penitus
3074 5118 3328 5186 ignorare.
3371 5115 3544 5170 Zenon
3571 5127 3742 5169 autem
3771 5119 3955 5183 dixit,

2339 5208 2458 5273 quia
2474 5223 2588 5259 cum
2619 5206 2690 5258 eis
2720 5203 2988 5274 Presbyter
3008 5202 3240 5277 Rnffinus
3265 5207 3432 5259 nescio
3458 5221 3571 5270 qua:
3591 5205 3701 5259 alia
3728 5216 3858 5260 tran
3871 5213 3924 5260 si
3933 5238 3963 5250 -

2339 5297 2464 5348 t0rie
2489 5296 2792 5364 loqueretur,
2822 5297 2973 5350 etiam
3021 5297 3114 5350 hoc
3159 5296 3341 5348 dixerit
3379 5312 3398 5348 :
3443 5295 3672 5349 Putasne
3723 5297 3962 5361 aliquos

2339 5387 2666 5438 crdinaturus
2690 5396 2762 5440 est
2782 5395 2986 5439 sanctus
3014 5385 3298 5455 Episcopus
3321 5384 3347 5437 ?
3372 5394 3418 5436 rt
3439 5385 3700 5454 hucusque
3727 5388 3966 5442 stetisse

2336 5493 2634 5530 sermonem.
2689 5477 2802 5548 Ego
2851 5488 3016 5530 autem
3063 5476 3389 5556 Epiphanius
3432 5492 3522 5530 nec
3568 5478 3750 5532 audiui
3782 5482 3968 5549 quid-

2332 5590 2506 5644 quam,
2539 5592 2629 5628 nec
2669 5575 2926 5642 respondi.
2961 5575 3154 5631 Molcet
3189 5574 3420 5645 denique
3449 5561 3767 5634 mitioribus
3820 5597 3971 5636 ver-

2338 5669 2418 5723 bis
2453 5665 2725 5721 hominem
2755 5664 2957 5720 rixandi
2988 5663 3217 5727 avidum,
3246 5680 3410 5733 seque
3438 5667 3504 5720 ah
3529 5683 3596 5721 eo
3625 5673 3969 5741 appetitum
