4050 6188
189 266 252 322 91
1460 261 1518 316 8.
1560 253 1941 315 RIERONYMI
1980 251 2162 311 VITA.
2830 319 2838 327 ,
3404 269 3474 326 93

193 384 528 439 demonstrat
586 397 697 440 non
742 383 809 440 ob
853 379 1158 450 impositum
1208 376 1421 447 quidem
1464 374 1781 430 Pauliniano

194 473 519 545 Presbyterii
548 474 912 530 characterem
932 514 947 537 ,
996 470 1092 527 sed
1120 471 1189 525 ob
1216 470 1603 539 reprehensum
1634 467 1686 520 in
1712 481 1779 519 eo

194 566 425 619 studium
450 564 901 634 Origenianorum
925 564 1262 633 dogmatum,
1306 577 1336 614 a
1376 560 1572 630 quibus
1600 558 1778 611 denuo

193 666 250 713 ut
274 658 373 712 sibi
398 668 611 723 caveat,
645 657 834 713 sedulo
862 656 1124 710 hortatur.
1156 650 1230 707 Te
1253 662 1443 716 autem,
1467 652 1561 715 ait,
1593 651 1775 720 frater,

192 748 364 801 liberet
388 747 548 814 Deus,
576 757 625 802 et
662 757 888 802 sanctum
915 744 1164 815 populum
1195 742 1403 807 Christi,
1434 743 1518 812 qui
1549 740 1639 793 tibi
1668 755 1777 792 cre-

190 840 324 892 ditus
354 849 448 903 est,
481 850 528 893 et
553 856 725 893 omnes
768 839 954 908 fratres
980 837 1067 906 qui
1104 844 1263 889 tecum
1290 844 1429 899 sunt,
1480 842 1528 887 et
1556 832 1777 884 maxime

192 928 449 999 Reginum
488 930 839 1001 Presbyterum
870 930 932 983 ab
960 929 1140 983 hteresi
1163 927 1427 997 Origenis,
1454 936 1500 980 et
1524 924 1640 978 aliis
1666 926 1777 977 hcc-

190 1022 410 1087 resibus,
440 1033 487 1076 et
523 1022 809 1091 perditione
847 1036 1042 1075 earum.
1095 1018 1255 1073 Missa
1298 1017 1541 1085 Epistola
1571 1026 1653 1069 est
1682 1029 1776 1085 per

181 1110 453 1167 Clericnm
505 1128 600 1167 seu
641 1112 920 1167 Lectorem
949 1131 963 1166 :
994 1113 1271 1181 ipsamque
1320 1096 1665 1163 authenticam
1720 1107 1774 1159 in

180 1218 338 1255 mrinu
368 1202 578 1257 Rufilni
609 1204 800 1256 uenisse
838 1202 1179 1272 (quamquam
1219 1202 1335 1269 ipse
1379 1201 1627 1269 ignorare
1654 1211 1774 1252 eam

178 1307 229 1346 se
253 1293 567 1361 aliquando
593 1293 966 1360 simulaverit)
998 1293 1055 1346 S.
1088 1293 1283 1346 Doctor
1324 1291 1463 1344 libro
1490 1290 1556 1343 lll
1585 1298 1772 1343 contra

176 1387 439 1441 eumdem
466 1388 643 1441 evicit.
666 1386 734 1441 Et
754 1401 887 1440 sane
913 1385 1185 1440 debuisset
1211 1383 1516 1451 hujusmodi
1540 1381 1773 1435 officium

174 1477 626 1548 Jerosnlymitani
672 1477 942 1531 Antistitis
975 1476 1211 1529 animum
1254 1474 1588 1543 recolligere,
1621 1487 1773 1526 cum-

174 1584 279 1638 que
312 1566 651 1637 Epiphanio,
682 1577 732 1620 et
778 1567 1105 1636 Hieronymo
1149 1565 1237 1634 qui
1268 1564 1338 1617 ab
1367 1564 1481 1632 ejus
1532 1562 1771 1631 partibus

175 1658 374 1719 stabat,
413 1671 597 1726 pacem
639 1656 1092 1724 concordiamque
1126 1653 1403 1707 reducere.
1452 1652 1641 1705 Evenit
1691 1660 1770 1704 ta-

173 1766 297 1805 men
325 1749 542 1819 penitus
569 1762 600 1801 e
623 1747 920 1801 contrario.
950 1745 1172 1800 Summo
1203 1743 1291 1796 illa
1319 1757 1441 1796 cum
1472 1742 1654 1809 plausu
1694 1740 1764 1793 ab

173 1840 296 1894 aliis
320 1847 518 1908 preter
554 1836 819 1892 Joannem
847 1836 1070 1905 ejusque
1101 1833 1385 1903 partiarios
1429 1840 1649 1900 excepta
1675 1840 1761 1885 est

174 1929 436 2001 Epistula,
464 1928 689 1997 ejusque
718 1926 1030 1995 exemplaria
1058 1923 1287 1977 certatim
1332 1920 1626 1974 Palaestina:
1674 1938 1760 1972 ra-

172 2026 442 2093 piebantur
471 2026 547 2078 vel
588 2023 646 2077 ob
676 2022 914 2076 Auctoris
950 2021 1205 2082 meritum,
1236 2016 1313 2071 vel
1341 2016 1401 2070 ob
1453 2017 1757 2086 elegantiam

172 2119 441 2173 sermonis.
484 2115 542 2171 Id
599 2128 725 2169 vero
776 2113 948 2181 ipsum
995 2110 1163 2179 magis
1225 2108 1501 2178 magisque
1550 2109 1758 2160 animos

172 2210 398 2266 Joannis
442 2205 812 2276 exasperabat,
860 2204 949 2273 qui
996 2201 1181 2256 laudes
1228 2201 1369 2261 illas,
1422 2200 1757 2269 gratiamque

172 2303 430 2357 adversus
458 2297 813 2369 Epiphaniam
842 2295 895 2349 in
942 2294 1022 2349 sui
1054 2291 1438 2346 contumeliam
1466 2288 1758 2345 transfere-

173 2394 279 2447 bat.
327 2392 422 2446 illa
472 2406 562 2459 per
591 2388 863 2442 multorum
910 2400 1003 2438 ora
1046 2381 1301 2446 volitabat,
1339 2390 1387 2435 et
1440 2381 1757 2434 mirabantur

170 2500 279 2537 eam
314 2481 451 2535 docti
485 2479 711 2550 pariter,
755 2487 801 2530 et
840 2474 1073 2529 indocti:
1102 2473 1215 2542 ipse
1244 2471 1440 2526 nodum
1486 2471 1537 2525 in
1580 2470 1756 2541 scirpo

169 2589 433 2646 qmrrere,
462 2580 680 2640 captare
708 2566 1063 2629 rumusculos,
1093 2564 1334 2617 tristitias
1362 2573 1416 2617 et
1443 2562 1588 2616 rixas
1616 2561 1754 2614 inter

170 2667 359 2721 fratres
400 2666 704 2727 concitare,
755 2670 809 2715 et
837 2658 986 2728 queri
1016 2672 1170 2710 suam
1213 2654 1482 2711 hmrescos
1509 2663 1631 2707 nota
1655 2653 1753 2707 do-

166 2759 393 2812 ctrinam
418 2755 683 2823 fidemque
713 2748 996 2822 perstringi
1029 2760 1287 2817 perquam
1319 2745 1599 2813 injuriose,
1629 2758 1749 2813 qua:

165 2848 231 2903 ab
250 2844 564 2902 Ortbodoxa
592 2843 814 2897 veritate
838 2838 975 2893 adeo
1004 2853 1107 2891 non
1128 2836 1510 2896 desciscerent,
1546 2842 1602 2886 ut
1628 2848 1745 2887 eam

168 2938 345 3007 potius
368 2936 435 2990 ab
462 2933 920 2995 adversariorum,
948 2927 1024 2982 uti
1055 2926 1252 2990 aiebat,
1280 2925 1575 2979 rusticitate
1597 2937 1748 2977 asse-

166 3035 430 3082 rerentac
457 3023 812 3077 vindicarent.
842 3018 1034 3087 Pejore
1078 3016 1199 3069 loco
1226 3028 1311 3068 res
1335 3024 1449 3068 erat
1472 3054 1487 3077 ,
1522 3011 1664 3081 quod
1695 3011 1747 3065 in

166 3126 412 3187 promptu
450 3114 525 3169 illi
568 3123 730 3178 esset,
772 3128 801 3164 a
828 3109 1019 3180 quibus
1048 3107 1206 3161 etiam
1239 3119 1428 3177 pugnas
1455 3112 1745 3172 repeteret,

166 3216 216 3262 et
241 3207 297 3261 in
319 3220 457 3278 quos
476 3204 609 3259 iram
633 3201 932 3257 eï¬‚'underet
959 3198 1327 3268 expleretque.
1359 3194 1746 3264 Hieronymum

163 3312 353 3367 quam,
382 3295 535 3365 cujus
582 3293 876 3364 praesertim
930 3304 1089 3344 causa
1136 3295 1313 3341 motus
1376 3285 1509 3339 istos
1560 3284 1746 3339 conci-

166 3396 297 3441 tatos
334 3385 584 3448 volebat,
618 3392 672 3439 et
700 3383 786 3453 qui
818 3380 917 3436 sub
946 3380 1063 3450 ipso
1093 3386 1247 3433 erant
1292 3376 1487 3430 fratres
1513 3416 1528 3441 ,
1555 3384 1744 3445 utpote

166 3475 422 3532 doctrinis
451 3475 639 3529 iisdem
664 3488 728 3529 ac
743 3472 934 3527 studiis
966 3469 1220 3525 imbutos.

224 3567 315 3623 Vl.
344 3567 451 3623 Sed
478 3565 713 3620 nondum
737 3574 914 3619 tamen
940 3560 1335 3617 communionis
1357 3560 1607 3628 utrinque
1638 3558 1736 3613 ab-

162 3668 313 3729 rupta
355 3659 584 3712 societas
624 3665 776 3720 erat,
809 3670 966 3724 quam
1011 3660 1160 3707 certe
1192 3649 1546 3719 Epiphanium
1575 3647 1641 3701 ad
1687 3648 1739 3702 id

166 3764 325 3818 usque
353 3747 611 3817 temporis
637 3744 962 3809 custodisse,
989 3751 1096 3795 tota
1127 3741 1215 3794 illa
1257 3739 1492 3808 Epistola
1541 3737 1735 3807 prodit,

164 3838 248 3893 ubi
274 3839 355 3893 vel
393 3853 452 3891 se
500 3838 554 3891 in
604 3835 867 3891 Joannem
908 3832 1140 3885 habuisse
1185 3830 1462 3893 caritatem,
1491 3843 1652 3897 quam
1695 3828 1739 3881 is

164 3928 396 3983 studiose
424 3927 697 3997 diruptam
741 3927 863 3988 iret,
894 3925 976 3978 vel
1004 3938 1102 3992 pro
1132 3922 1249 3990 ipso
1280 3921 1330 3973 in
1359 3920 1588 3987 publicis
1612 3932 1706 3987 pre
1725 3946 1737 3955 -

164 4020 306 4074 cibus
334 4034 394 4073 se
424 4032 580 4072 orare
608 4016 825 4070 solitum
851 4056 866 4080 ,
897 4012 1152 4066 declarat.
1185 4010 1426 4064 Produnt
1451 4009 1610 4062 etiam
1650 4008 1738 4061 illa

166 4112 325 4165 multo
349 4109 697 4172 luculentius,
728 4106 918 4176 quibus
944 4103 1189 4158 eumdem
1231 4101 1490 4173 Joannem
1534 4108 1735 4163 monet,

166 4212 216 4254 ut
240 4202 305 4255 ab
333 4199 565 4269 Origene
596 4195 834 4259 recedat,
886 4195 937 4248 in
968 4208 1074 4263 quo
1100 4192 1183 4245 sin
1224 4190 1401 4244 minus
1437 4188 1537 4242 sibi
1578 4187 1737 4242 obse-

168 4306 327 4360 quens
374 4289 569 4352 fuerit,
608 4286 923 4342 minitantur
975 4283 1123 4337 velut
1190 4280 1383 4352 pedem
1426 4278 1638 4333 oculum
1678 4293 1742 4332 ac

168 4400 396 4446 manum,
440 4396 562 4452 quae
590 4378 842 4434 seandalo
884 4376 1023 4439 sint,
1053 4374 1205 4444 juxta
1233 4371 1501 4440 Evangelii
1536 4386 1738 4441 prtece-

170 4484 326 4542 ptum,
357 4472 455 4527 abs
486 4486 546 4525 se
571 4469 839 4524 abcissum
870 4467 956 4521 iri.
988 4465 1056 4519 Et
1094 4481 1201 4531 vos,
1233 4464 1424 4532 inquit,
1455 4464 1559 4516 sive
1606 4461 1740 4516 oculi

169 4562 335 4627 uestri,
366 4563 472 4615 sive
499 4561 653 4631 pedes
683 4558 879 4630 fueritis
904 4598 920 4624 ,
961 4555 1153 4610 similia
1192 4554 1515 4609 sustinebitis.
1558 4552 1742 4621 Neque

170 4653 295 4705 enim
310 4652 646 4716 sustinuistis,
666 4649 821 4714 dixit,
837 4656 928 4701 aut
943 4646 1219 4709 sustinetis,
1234 4644 1327 4699 sed
1342 4642 1663 4709 sustinebitis,
1685 4650 1742 4695 ut

139 4773 142 4777 Î¹
174 4742 397 4795 nondum
428 4740 496 4795 ab
522 4739 637 4809 ejus
664 4754 723 4793 se
749 4737 1129 4793 communione
1151 4747 1433 4804 separasse
1459 4732 1739 4802 signiticet,

170 4844 279 4885 cum
323 4830 441 4885 lucc
464 4831 745 4885 scriberet.
778 4828 932 4896 Quod
972 4826 1018 4882 si
1048 4826 1283 4881 nondum
1311 4824 1424 4892 ipse
1464 4836 1544 4885 se,
1572 4822 1742 4877 multo

136 4976 140 4985 Î½
171 4922 343 4975 minus
381 4919 670 4975 monachos
698 4916 1083 4974 Bethleemitas
1109 4914 1177 4969 ab
1207 4912 1459 4982 Episcopi
1494 4912 1576 4966 sui
1603 4912 1743 4966 cari-

170 5016 265 5067 tate
284 5010 497 5080 sejuugi
523 5019 641 5064 tunc
668 5010 924 5073 voluisse,
967 5004 1233 5076 putandus
1262 5011 1365 5057 est.
1398 5002 1537 5070 Quin
1565 5003 1741 5071 potius

138 5092 377 5171 â€˜,spparet
400 5116 464 5155 ex
496 5098 805 5171 Hieronymi
835 5106 1021 5154 contra
1051 5096 1311 5151 Joannem
1345 5094 1505 5159 libro,
1532 5093 1739 5147 litteras

138 5164 146 5199 â€™
171 5164 344 5248 aii-eos
370 5191 589 5248 dedisse
611 5232 627 5258 ,
657 5164 855 5261 quibus
904 5190 1153 5244 monebat
1173 5228 1189 5252 ,
1223 5194 1281 5241 ut
1320 5185 1372 5239 in
1401 5185 1539 5254 ejus,
1567 5182 1743 5253 quoad

174 5281 272 5337 ï¬eri
292 5292 525 5353 poterat,
555 5284 941 5337 communione
962 5288 1283 5352 perstarent.
1305 5276 1412 5332 Sed
1438 5278 1619 5345 utique
1643 5275 1746 5328 ali-

171 5386 351 5444 quanto
390 5385 552 5449 post,
583 5391 710 5430 cum
744 5388 917 5442 neque
963 5370 1215 5441 Epistula:
1262 5384 1374 5423 suze
1425 5380 1742 5434 responsum

173 5465 385 5528 Joannes
412 5472 643 5533 faceret,
693 5481 872 5536 neque
924 5467 1162 5521 revocari
1190 5462 1256 5517 ad
1301 5461 1578 5515 meliorem
1644 5457 1747 5510 fru-

174 5574 272 5628 gem
299 5578 458 5634 posse
487 5562 776 5617 videretur
801 5598 818 5623 ,
847 5559 954 5612 imo
982 5572 1112 5613 vero
1139 5554 1375 5625 majores
1402 5550 1455 5604 in
1483 5548 1598 5602 dies
1639 5556 1749 5600 tur-

172 5648 247 5707 bas
283 5654 633 5715 concitaret,â€˜
660 5647 1075 5716 obfirmarctqne
1124 5646 1176 5698 in
1227 5641 1457 5709 Origene
1507 5634 1745 5705 patrocis

1898 370 2074 427 nando
2101 370 2359 437 animum,
2385 381 2579 427 auctor
2605 373 2707 428 illis
2735 372 2850 441 fuit,
2881 391 2948 432 ne
2981 385 3182 434 temere
3206 379 3469 450 imposte-

1886 479 2004 517 rum
2026 479 2148 519 eum
2187 466 2279 521 illo
2304 466 2764 521 communicarent
2792 507 2809 532 ,
2851 482 2914 523 ac
2938 470 3039 523 nisi
3086 473 3235 540 prius
3262 472 3331 528 de
3363 474 3466 531 title

1885 554 2245 619 satisfaceret,
2268 556 2336 609 ab
2349 556 2469 625 ejus
2486 558 2863 612 communione
2882 561 3099 615 omnino
3115 563 3465 621 abstinerent.

1884 644 2019 697 Cum
2049 646 2209 714 igitur
2236 646 2365 701 dare
2391 647 2483 701 ille
2516 645 2637 701 fidei
2664 647 3089 703 satisfactionem
3133 654 3331 720 nollet,
3374 672 3459 709 se-

1882 736 2181 791 cessionem
2240 736 2307 791 ab
2356 753 2421 793 eo
2468 739 2728 801 fecerunt,
2782 739 3085 809 Epiphanio
3127 754 3359 809 auctore,
3413 757 3469 801 et

1885 826 2248 898 llierooymo,
2276 838 2334 882 ut
2378 828 2508 882 nihil
2564 829 2926 895 dissimulem,
2972 831 3131 887 duce.
3183 832 3466 889 Enimvero

1880 930 2001 969 cuin
2031 917 2151 971 fidei
2181 918 2450 987 negotium
2472 919 2751 989 agebatur,
2773 922 2977 975 nullum
3001 921 3087 977 lnc
3103 923 3318 979 volebat
3344 940 3463 981 csse

1881 1006 2290 1063 dissimulationi
2324 1010 2498 1066 locum
2525 1028 2540 1077 ;
2576 1012 2690 1080 ipse
2719 1021 2897 1067 autem
2925 1029 3261 1081 nequaquam
3292 1017 3463 1085 impe-

1884 1106 2025 1153 trare
2050 1098 2146 1153 abs
2169 1114 2230 1155 se
2279 1101 2394 1169 ipso
2426 1111 2635 1171 poterat
2662 1141 2677 1165 ,
2708 1111 2765 1156 ut
2790 1118 2913 1157 cum
2941 1103 3221 1170 hxretico,
3250 1117 3341 1159 aut
3369 1107 3459 1176 qui

1880 1194 2000 1255 ejus
2028 1188 2165 1243 labis
2209 1192 2519 1261 suspicione
2546 1192 2850 1259 laboraret,
2877 1195 3140 1249 sinceram
3172 1198 3223 1250 in
3251 1196 3465 1252 Christo

1884 1293 2069 1347 pacem
2094 1280 2544 1350 concordiamque
2570 1280 2816 1336 haberet.

1956 1368 2067 1422 VII.
2099 1370 2249 1425 Tunc
2280 1386 2407 1426 vero
2454 1375 2537 1425 vix
2567 1372 2742 1427 dictus
2780 1383 2859 1429 est
2884 1416 2900 1439 ,
2945 1386 3195 1445 quantam
3224 1376 3461 1433 Joannes

1882 1460 1955 1513 illi
1983 1460 2121 1529 apud
2148 1476 2337 1515 omnes
2363 1464 2642 1517 virulentis
2666 1465 3148 1519 obtrectationibus
3177 1468 3453 1530 invidiam,

1878 1560 1931 1602 et
1960 1564 2091 1617 quas
2114 1552 2336 1605 asseclis
2366 1551 2481 1619 ejus
2526 1553 2801 1606 molestias
2848 1557 3062 1609 crearit.
3095 1556 3459 1612 Calumniatus

1872 1640 2129 1693 continuo
2153 1648 2236 1693 est
2260 1681 2276 1705 ,
2317 1641 2457 1709 quod
2487 1638 2768 1695 Ecclesium
2798 1641 2898 1695 Dei
2937 1647 3221 1699 scinderent
3243 1690 3257 1711 ,
3287 1658 3454 1717 atque,

1872 1730 2136 1794 proprium
2176 1731 2270 1783 sibi
2299 1732 2521 1799 facerent
2563 1733 2907 1800 principatum
2940 1750 2959 1786 .Î‡
2984 1736 3292 1805 duriterque
3318 1741 3455 1792 adeo

1870 1818 2055 1872 habuit
2078 1860 2094 1882 ,
2128 1828 2185 1873 ut
2210 1822 2368 1873 etiam
2401 1837 2497 1889 pro
2526 1823 2803 1891 sacrilegis
2833 1823 3159 1891 traduceret,
3192 1838 3357 1898 atque
3386 1831 3453 1883 ab

1867 1910 2010 1964 omni
2036 1927 2215 1965 rerum
2244 1927 2518 1966 sacrarum
2540 1927 2658 1977 usu,
2691 1923 2850 1983 atque
2881 1919 2997 1983 ipso
3033 1916 3453 1974 Bethleemitica:

1867 2003 2111 2057 ecclesiae.
2148 2005 2387 2071 ingressu
2434 2003 2764 2073 prohiberet.
2792 2005 3048 2070 Qumdam
3079 2023 3199 2077 qua:
3228 2010 3445 2065 molitus

1865 2104 1948 2147 est
1993 2093 2119 2157 illis,
2167 2104 2258 2146 aut
2305 2109 2492 2161 reapse
2538 2094 2717 2148 intulit
2744 2095 2907 2157 mala,
2942 2096 3105 2150 refert
3138 2098 3249 2165 ipse
3277 2100 3453 2155 obiter

1865 2183 1922 2239 S.
1950 2187 2105 2239 Pater
2126 2185 2224 2239 sub
2254 2184 2411 2239 finem
2438 2184 2757 2253 libri,quem
2785 2195 2971 2239 contra
3002 2186 3173 2253 ipsum
3204 2189 3269 2240 ad
3297 2190 3452 2243 Patit-

1866 2276 2133 2330 macbium
2166 2276 2381 2345 scripsit
2406 2317 2422 2339 ,
2469 2285 2523 2329 et
2556 2292 2676 2344 qum
2706 2285 2923 2343 praestat
2952 2276 3019 2329 ab
3060 2277 3176 2345 ipso
3216 2281 3400 2336 audire
3434 2300 3447 2335 :

1862 2367 1940 2419 An
1986 2384 2085 2420 non
2135 2376 2189 2419 tu
2246 2368 2413 2437 potius
2456 2368 2646 2422 scindis
2687 2367 2990 2433 Ecclesiam,
3033 2372 3121 2437 qui
3160 2374 3448 2442 praecpiin

1861 2455 2117 2510 Bethleem
2147 2455 2458 2527 Presbyteris
2484 2459 2619 2521 tuis,
2652 2473 2713 2509 ne
2738 2456 3151 2527 Coinpetentibus
3178 2464 3366 2515 nostris
3388 2464 3440 2516 in

1861 2545 2068 2599 Pascha
2102 2545 2425 2615 Baptismum
2454 2548 2732 2609 traderent,
2764 2564 2890 2615 quos
2931 2566 3022 2603 nos
3065 2549 3346 2620 Diospolim
3376 2554 3446 2606 ad

1858 2634 2206 2705 Confessorem
2253 2645 2297 2689 et
2325 2633 2634 2706 Episcopum
2674 2638 2904 2692 misimus
2944 2638 3245 2711 Dionysium
3270 2642 3440 2711 bapti-

1854 2730 2088 2783 zandus?
2116 2729 2397 2783 Ecclesiam
2425 2730 2658 2784 scindere
2683 2731 2921 2792 dicimur,
2955 2733 3042 2801 qui
3069 2744 3212 2787 extra
3230 2736 3441 2788 cellulas

1856 2829 2051 2872 nostras
2081 2820 2246 2872 locum
2272 2819 2519 2873 Ecclesia:
2549 2836 2649 2872 non
2680 2820 2965 2874 habemus?
2992 2822 3070 2873 An
3102 2839 3202 2875 non
3232 2833 3285 2874 tu
3307 2824 3440 2876 scinâ€”

1854 2910 1933 2961 dis
1962 2908 2261 2974 Ecclesiam,
2287 2910 2372 2977 qui
2402 2910 2615 2962 mandas
2642 2907 2850 2962 Clericis
2871 2912 2990 2972 tuis,
3010 2919 3062 2960 ut
3083 2911 3126 2962 si
3154 2913 3264 2979 quis
3293 2909 3439 2964 Pau-

1854 3000 2103 3052 linianum
2126 2998 2189 3050 ab
2232 2998 2525 3066 Epiphanio
2558 2997 2815 3065 Episcopo
2841 3009 3188 3049 consecratum
3214 2997 3438 3070 Presby-

1854 3099 2016 3142 terum
2041 3088 2255 3151 dixerit,
2300 3085 2580 3139 Ecclesium
2608 3086 2932 3154 prohibeatur
2960 3086 3152 3139 intrare
3172 3089 3197 3140 7
3225 3086 3308 3141 Ex
3328 3106 3429 3158 quo

1853 3190 2077 3247 tempore
2100 3194 2257 3247 usque
2281 3178 2334 3231 in
2364 3187 2659 3248 prtesentem
2682 3178 2815 3231 diem
2844 3178 3070 3231 videmus
3092 3190 3286 3234 tantum
3312 3198 3433 3249 spe-

1853 3287 1968 3324 cum
1995 3269 2237 3333 Domini,
2280 3278 2327 3323 et
2376 3269 2628 3323 hazreticis
2682 3270 3005 3335 intrantibus,
3062 3272 3242 3341 procul
3284 3274 3435 3341 positi

1849 3362 2180 3431 suspiramus.
2211 3358 2391 3414 Nosne
2418 3376 2593 3413 sumus
2620 3360 2708 3427 qui
2738 3359 3018 3415 Ecclesium
3045 3364 3342 3427 scindimus,
3366 3382 3432 3417 an

1848 3453 1934 3507 ille
1956 3453 2043 3522 qui
2058 3452 2178 3505 vivis
2203 3452 2569 3513 habitaculum,
2592 3452 2802 3505 mortuis
2832 3454 3115 3521 sepulcrum
3137 3456 3329 3526 negat?
3345 3459 3432 3526 qui

1846 3549 2062 3617 fratrum
2081 3543 2257 3597 exsilia
2273 3544 2523 3612 postulat?
2542 3542 2666 3609 Quis
2684 3545 3080 3614 potentissimam
3103 3547 3245 3600 illam
3267 3551 3427 3617 [erant

1846 3639 1993 3690 totius
2010 3636 2143 3690 orbis
2154 3636 2424 3690 cervicibus
2442 3637 2798 3701 imminentem,
2814 3646 2991 3691 contra
3005 3648 3201 3693 nostras
3218 3644 3430 3695 cervices

1844 3728 2129 3797 specialiter
2153 3727 2421 3779 incitavit?
2449 3726 2559 3792 quis
2604 3743 2719 3779 ossa
2758 3727 3089 3789 Sanctorum,
3122 3739 3167 3780 et
3196 3733 3430 3783 innoxios

1844 3822 2035 3874 cineres
2060 3820 2317 3885 hucusque
2355 3816 2603 3871 verberari
2649 3818 2712 3868 ab
2754 3818 2995 3869 imbribus
3024 3820 3184 3869 sinit?
3217 3821 3287 3871 De
3318 3823 3432 3873 cxi-

1845 3912 1939 3978 lio,
1971 3928 2077 3981 quo
2112 3913 2223 3974 ait,
2257 3910 2354 3963 sibi
2384 3918 2438 3963 et
2465 3907 2719 3962 fratribus
2750 3908 3108 3976 procurando,
3160 3907 3423 3962 Jo:innem

1846 4005 2118 4058 laborasse
2146 4044 2160 4066 ,
2191 4017 2375 4056 rursus
2405 4001 2469 4054 ad
2505 3999 2753 4055 eumdem
2796 3999 3152 4069 Theophilum
3200 4001 3432 4068 loquitur

1846 4094 2081 4162 Epistola
2105 4091 2364 4146 LXXXII.
2389 4090 2591 4158 Nuper,
2612 4090 2879 4158 inquiens,
2898 4091 3039 4144 nobis
3061 4091 3355 4159 postulavit,
3385 4101 3431 4143 et

1846 4182 2128 4252 impetravit
2156 4181 2410 4244 exsilium,
2440 4189 2587 4247 atque
2614 4179 2809 4230 utinam
2829 4178 3059 4245 implere,
3085 4181 3350 4247 potuisset,
3378 4189 3431 4231 ut

1846 4274 1971 4326 sicut
2000 4272 2077 4324 illi
2102 4270 2334 4323 voluntas
2360 4269 2641 4336 imputatur
2668 4282 2759 4335 pro
2789 4282 2940 4335 opere
2975 4282 2993 4319 :
3019 4268 3091 4319 ita
3116 4277 3163 4320 et
3207 4284 3300 4320 nos
3328 4284 3429 4321 non

1846 4364 2009 4417 solum
2037 4361 2313 4425 voluntate,
2342 4358 2432 4412 sed
2472 4367 2518 4411 et
2544 4355 2725 4423 e/I'ectu
2755 4372 2993 4409 coronam
3018 4356 3313 4412 haberemus
3339 4375 3430 4412 ex-

1845 4455 1968 4510 silii.
1999 4453 2189 4508 Feram
2221 4461 2398 4506 autem
2427 4451 2592 4514 illam,
2624 4465 2784 4521 quam
2803 4450 3427 4519 vocatpotentissimam,

1846 4546 2012 4601 videri
2044 4544 2275 4598 diximus
2307 4541 2578 4596 lluflinum
2603 4541 2815 4596 Arcadii
2847 4550 3100 4608 tutorem,
3126 4544 3279 4598 illum
3309 4558 3431 4612 per-

1845 4638 2101 4701 duellem,
2130 4636 2217 4705 qui
2238 4634 2535 4691 Gothorum
2554 4633 2745 4713 ducem
2762 4634 3033 4691 Alaricum
3056 4645 3242 4690 contra
3265 4637 3433 4689 Arca-

1846 4729 1991 4783 dium
2022 4727 2325 4792 arcessivit,
2356 4735 2414 4782 ut
2463 4726 2581 4795 ejus
2622 4725 2738 4795 ipse
2782 4726 3065 4792 imperium
3121 4734 3429 4792 Occuparet.

1845 4822 1996 4890 Quod
2025 4824 2149 4878 item
2180 4821 2535 4878 verosimilius
2564 4835 2629 4875 ex
2681 4836 2748 4875 eo
2777 4819 2836 4872 fit
2863 4819 3003 4888 quod
3044 4814 3271 4878 addidit,
3320 4831 3427 4870 non

1850 4916 2084 4982 potuisse
2125 4913 2385 4968 Joannem
2434 4912 2657 4982 implere
2713 4909 2856 4979 quod
2907 4906 3121 4961 volebat
3162 4908 3427 4975 :rcpulso

1848 5006 1989 5058 enim
2020 5004 2263 5069 Alarico,
2300 5002 2593 5057 trucidatus
2626 5009 2707 5053 est
2728 4997 2977 5051 Ruffinus
3007 4996 3107 5049 sub
3147 4997 3271 5051 anni
3323 4998 3428 5052 595

1850 5098 2029 5160 linem,
2061 5094 2281 5163 ejusque
2332 5093 2466 5146 adeo
2503 5089 2839 5153 llescriptum
2895 5087 2963 5140 de
3006 5085 3335 5156 Hieronymo
3379 5088 3431 5143 in

1849 5187 2095 5241 exsilium
2126 5184 2483 5252 deportanda,
2518 5180 2667 5232 nihili
2697 5179 2812 5231 fuit.

1924 5276 2032 5328 VII.
2078 5279 2198 5326 lmc
2228 5273 2392 5323 movit
2434 5268 2657 5322 feritatis
2698 5282 2763 5321 ac
2807 5267 3021 5321 duritiei
3074 5268 3324 5337 exempla
3378 5270 3431 5323 in

1850 5364 2067 5420 Joannis
2100 5361 2324 5416 efferato
2377 5359 2593 5421 animo,
2656 5358 2932 5427 multaque
2976 5357 3299 5428 Origenismi
3348 5361 3433 5416 lue

1853 5454 2067 5518 infecto,
2100 5459 2219 5505 nata
2246 5448 2312 5502 ad
2335 5446 2704 5503 deducendum
2733 5448 2804 5504 ab
2827 5464 3011 5505 errore
3034 5449 3305 5506 hominem
3331 5494 3346 5517 ,
3378 5463 3436 5507 et

1851 5543 2073 5613 gratiam
2090 5555 2210 5596 cum
2239 5539 2356 5609 ipso
2381 5535 2829 5595 reconciliandam
2864 5540 3146 5611 Epiphanii
3168 5539 3433 5611 Epistoli.

1857 5632 1961 5688 Sed
1990 5640 2045 5687 et
2072 5628 2265 5685 accidit
2290 5642 2356 5684 ex
2387 5626 2702 5697 Hieronymi
2734 5640 2886 5700 parte
2922 5631 3079 5701 paulo
3109 5640 3230 5699 post
3278 5642 3435 5701 quam
