4050 6188
534 362 541 367 η
613 310 682 366 99
1864 301 1921 356 S.
1962 298 2332 356 HIERONYMI
2376 298 2556 358 VITA.

615 427 702 479 illa
731 424 798 479 ad
828 422 967 492 vulgi
996 433 1181 476 manus
1208 415 1439 478 devenit,
1484 423 1544 468 ut
1574 414 1879 485 graviorum
1901 412 2071 467 ferme
2102 413 2179 466 rio

614 530 806 567 xarum
832 513 1032 567 semina
1058 510 1380 577 jacerentur,
1403 520 1521 573 qua:
1548 514 1667 573 post
1693 503 1859 557 ferme
1884 517 2078 555 annum
2128 510 2183 555 et

616 619 708 657 sex
730 615 956 663 menses,
990 608 1046 650 ut
1068 599 1178 649 suis
1202 596 1333 648 locis
1359 595 1619 658 dicemus,
1650 593 2031 648 eﬂ'erbuerunt.
2059 593 2183 646 Pla-

614 703 703 747 cet
725 706 850 745 vero
879 687 1018 757 quod
1049 688 1101 739 in
1142 701 1293 741 more
1323 686 1551 755 positum
1584 685 1875 747 habemus,
1906 685 2184 752 ipsiusmet

616 785 673 837 S.
703 782 873 834 Patris
897 778 1077 832 verbis
1098 778 1235 832 hanc
1261 793 1470 847 quoque
1492 793 1604 831 rem
1632 777 1798 845 loqui.
1820 775 1966 836 Erat,
1991 776 2179 843 inquit,

614 876 667 925 in
696 872 1008 925 Honasterio
1032 881 1201 923 nostra
1226 872 1301 922 rir
1323 870 1461 937 apud
1488 884 1606 921 suos
1642 867 1779 919 haud
1807 867 2040 937 ignobilis
2067 864 2182 917 Eu-

612 962 777 1013 sebius
816 959 1185 1023 Cremonersis,
1212 959 1300 1027 qui
1324 973 1438 1009 cum
1455 958 1563 1010 [nec
1588 958 1607 1025 (
1633 954 1945 1025 Epiphanii)
1977 953 2184 1021 Episto-

614 1051 665 1101 ια
691 1066 779 1117 per
807 1049 1081 1100 multorum
1123 1064 1212 1101 ora
1239 1049 1501 1111 volitaret,
1532 1056 1578 1099 et
1614 1047 1924 1098 mirarentur
1946 1061 2057 1097 eam
2093 1060 2184 1111 pro

612 1138 862 1200 doctrina,
887 1147 932 1190 et
960 1138 1178 1204 puritate
1202 1138 1465 1200 sermonis,
1493 1137 1627 1188 docti
1651 1137 1843 1205 pariter
1877 1144 1925 1187 et
1968 1134 2181 1199 indocti,

613 1230 758 1295 coepit
787 1245 819 1280 a
842 1244 922 1280 me
945 1228 1125 1280 obnixe
1146 1238 1328 1295 petere,
1356 1236 1408 1277 ut
1434 1226 1529 1279 sibi
1554 1242 1663 1278 eam
1690 1226 1741 1307 in
1758 1224 2002 1277 Latinum
2030 1236 2186 1275 terte-

615 1333 738 1377 rem,
767 1326 813 1368 et
835 1326 1040 1383 propter
1068 1314 1382 1383 intelligendi
1409 1313 1705 1380 facilitatem
1726 1314 1949 1379 apertius
1963 1313 2187 1379 explica-

612 1423 719 1459 rem
747 1423 766 1459 .'
796 1406 960 1459 (ἕναεεὶ
998 1408 1129 1458 enim
1156 1406 1340 1473 eloquii
1387 1405 1585 1473 penitus
1635 1405 1842 1473 ignarus
1894 1413 2021 1455 erat.
2063 1399 2187 1453 Feci

610 1497 746 1563 quod
770 1497 943 1559 voluit,
992 1497 1247 1564 accitoque
1277 1492 1514 1558 Notario,
1542 1495 1727 1561 raptim
1763 1492 2083 1561 celeriterque
2103 1490 2186 1542 di-

613 1590 744 1639 ctaei
767 1628 783 1654 ,
812 1605 873 1641 ex
902 1589 1057 1640 latere
1082 1588 1132 1639 in
1161 1588 1347 1655 pagina
1377 1586 1587 1637 breviter
1611 1584 1882 1647 adnotans,
1928 1600 2073 1652 quem
2101 1584 2189 1637 in-

615 1681 859 1731 trinsecus
886 1695 1085 1731 sensum
1109 1677 1310 1745 singula
1330 1675 1553 1743 capitula
1584 1675 1914 1737 continerent;
1931 1675 1972 1726 si
1988 1674 2187 1742 quidem

614 1778 659 1819 et
690 1770 805 1831 hoc,
836 1777 892 1818 ut
917 1768 1009 1820 sibi
1036 1767 1129 1819 soli
1152 1770 1394 1834 facerem,
1438 1765 1626 1831 oppido
1646 1764 1925 1831 ﬂagitaret.
1960 1761 2190 1815 Postula-

615 1857 759 1923 vique
781 1855 843 1907 ab
864 1871 920 1908 eo
949 1864 1143 1917 mutuo,
1172 1862 1226 1905 ut
1243 1853 1379 1905 domi
1397 1852 1597 1905 haberet
1624 1851 1901 1919 exemplar,
1924 1868 2013 1904 nec
2040 1853 2189 1920 facile

614 1944 667 1996 in
694 1945 872 2012 vulgus
912 1942 1161 2011 proderet.
1198 1939 1296 1993 Res
1325 1941 1395 1993 ita
1416 1956 1551 1992 anno
1581 1950 1626 1993 et
1656 1957 1745 1993 sex
1774 1941 2021 1994 mensibus
2048 1951 2188 1993 tran-

613 2036 718 2098 siit,
750 2036 905 2087 donec
927 2034 1219 2102 supradicta
1247 2033 1590 2099 interpretatio
1617 2031 1681 2084 de
1708 2032 1908 2084 scriniis
1937 2032 2045 2101 ejus
2090 2047 2187 2084 no-

614 2140 673 2178 υο
694 2124 951 2194 praestigio
972 2122 1347 2190 Jerosolymam
1374 2121 1739 2190 commigravit.
1793 2119 1927 2171 Nam
1953 2120 2184 2189 pecunia,

612 2224 667 2267 ut
702 2214 960 2282 perspicue
980 2212 1194 2278 intelligi
1220 2211 1392 2275 datur,
1424 2212 1501 2263 vel
1532 2212 1757 2279 gratuita
1782 2212 1998 2275 malitia,
2030 2220 2082 2263 ut
2107 2212 2187 2264 in-

612 2318 811 2356 cassum
836 2310 1103 2370 corruptor
1124 2301 1299 2352 nititur
1324 2302 1644 2368 persuadere,
1672 2298 1957 2367 compilatis
2000 2300 2187 2353 chartis

611 2397 721 2466 ejus
748 2403 794 2447 et
837 2393 1116 2460 sumptibus
1136 2430 1152 2457 ,
1178 2389 1344 2444 ludas
1370 2394 1534 2459 factus
1562 2399 1635 2443 est
1662 2390 1924 2459 proditor,
1956 2390 2189 2458 deditque

613 2485 914 2538 adversariis
940 2481 1162 2535 latrandi
1186 2490 1361 2533 contra
1380 2496 1459 2533 me
1484 2481 1815 2547 occasionem,
1855 2490 1909 2533 ut
1937 2481 2065 2532 inter
2088 2481 2187 2533 im-

617 2575 801 2643 peritos
860 2572 1216 2625 concionentur
1236 2609 1251 2635 ,
1285 2586 1363 2623 me
1409 2570 1705 2640 falsarium,
1734 2586 1813 2623 me
1856 2571 2059 2624 verbum
2089 2587 2189 2624 non

616 2663 891 2733 expressise
908 2662 970 2715 de
986 2662 1151 2725 verbo,
1180 2677 1272 2728 pro
1294 2660 1597 2715 honorabili
1620 2662 1808 2714 dixisse
1833 2662 2186 2725 carissimum,

616 2766 664 2810 et
692 2756 916 2824 maligna
941 2752 1373 2821 interpretatione,
1398 2752 1531 2821 quod
1561 2752 1703 2820 nefas
1730 2753 1867 2804 dictu
1891 2752 1985 2816 sit,
2014 2756 2190 2806 αἰδεσι-

614 2856 830 2914 μώτοιτον
850 2848 1047 2898 πάππαν
1068 2883 1082 2908 ,
1114 2842 1337 2895 noluisse
1364 2845 1657 2911 transferre.
1703 2840 2076 2896 Concitaverat
2098 2858 2191 2896 au-

619 2950 723 2992 tem
747 2938 842 2991 has
869 2934 1047 2989 turbas
1067 2947 1254 2987 omnes
1270 2930 1379 2986 Ruf
1379 2932 1536 2998 linus,
1554 2932 1703 3001 cujus
1718 2941 1835 2986 erat
1854 2947 1920 2985 eo
1937 2932 2191 2986 infensior

616 3034 845 3097 animus,
876 3039 1033 3100 atque
1061 3028 1339 3083 inimicitia
1362 3067 1376 3093 ,
1426 3026 1568 3095 quod
1614 3028 1665 3081 in
1704 3027 1874 3080 aciem
1902 3024 2189 3094 procedere

615 3127 834 3181 minime
878 3138 1039 3179 ausus
1063 3162 1079 3187 ,
1111 3122 1248 3176 clam
1276 3120 1343 3175 ad
1374 3119 1573 3189 scorpii
1598 3158 1612 3182 ,
1641 3127 1697 3173 ut
1724 3118 1820 3172 abs
1868 3118 2190 3186 Hieronymo

616 3225 851 3282 vocatur,
889 3216 1055 3269 instar
1082 3211 1325 3277 feriebat,
1352 3210 1578 3280 aliisque
1598 3208 2003 3275 rixandiansas,
2030 3216 2189 3276 atque

613 3320 760 3360 arma
790 3302 1187 3373 suppeditabat.

582 3384 587 3387 ’
685 3395 857 3462 Atque
881 3393 994 3460 ejus
1021 3389 1236 3459 quidem
1263 3403 1391 3442 novo
1408 3387 1665 3458 priestigio
1687 3387 1910 3457 imputat
1930 3387 1986 3442 S.
2010 3386 2185 3450 Pater,

615 3482 756 3553 quod
786 3482 849 3534 de
865 3481 1063 3534 scriniis
1092 3478 1304 3533 Eusebii
1329 3477 1704 3546 Jerosolymam
1730 3477 2075 3546 commigravit
2099 3476 2187 3529 illa

620 3570 880 3639 Epistola,
922 3578 974 3623 et
1004 3568 1070 3623 ad
1102 3568 1268 3636 ipsius
1314 3581 1505 3621 manus
1530 3606 1545 3632 ,
1586 3566 1921 3635 aliorumque
1956 3566 2185 3620 hostium

616 3672 834 3715 suorum
874 3658 1038 3713 venit.
1068 3658 1268 3725 Aperte
1294 3696 1310 3723 ,
1341 3657 1501 3710 etiam
1550 3655 1759 3724 culpam
1812 3655 2084 3721 monachi,
2116 3655 2182 3710 ad

617 3750 817 3807 furtum
847 3746 1260 3819 perpetrandum
1286 3746 1579 3810 sollicitati,
1604 3746 1657 3800 in
1684 3760 1807 3800 eum
1835 3747 2048 3815 regerit,
2076 3746 2187 3801 Ista

614 3855 707 3912 est,
735 3846 999 3913 inquiens,
1029 3841 1263 3912 Epistola
1281 3840 1510 3910 quamde
1529 3839 1760 3893 cubiculo
1786 3840 1962 3910 fratris
1983 3839 2187 3895 Eusebii

612 3935 831 3989 nummis
874 3932 1043 3985 aureis
1094 3929 1403 3999 produxisti.
1449 3928 1781 3997 Quamquam
1837 3936 1960 3981 sunt
1997 3928 2187 3996 quibus

611 4022 969 4080 verosimilius
1015 4020 1246 4083 videtur,
1295 4018 1460 4072 fuisse
1502 4019 1724 4087 gratuita
1754 4018 1949 4071 malitia
1986 4017 2183 4072 furtum

612 4114 744 4170 illud
774 4113 1093 4180 admissum,
1113 4110 1537 4181 quandoquidem
1559 4108 2053 4179 pseudomonaclius
2078 4124 2183 4163 non

610 4206 799 4260 chartis
822 4205 981 4260 modo
1004 4244 1019 4271 ,
1055 4203 1149 4259 sed
1178 4202 1339 4259 etiam
1367 4203 1647 4271 sumptibus
1675 4202 1946 4273 improbas
1992 4215 2184 4257 manus

611 4296 805 4351 dicitur
844 4296 1093 4364 injecisse
1122 4309 1135 4346 :
1161 4307 1333 4362 neque
1361 4307 1455 4363 par
1484 4307 1613 4347 sane
1636 4292 1705 4346 sit
1729 4291 1950 4347 credere
1972 4332 1987 4356 ,
2022 4291 2184 4346 fuisse

614 4383 761 4438 illum
793 4385 966 4453 pretio
992 4382 1315 4438 conductum
1335 4421 1353 4449 ,
1390 4390 1447 4435 ut
1493 4381 1635 4436 aliud
1664 4397 1823 4451 quam
1852 4382 2065 4436 chartas
2114 4381 2181 4435 de

613 4472 825 4525 scriniis
851 4472 1066 4526 Eusebii
1097 4471 1349 4527 auferret.
1376 4470 1730 4526 Nihilosecius
1751 4485 1870 4525 cum
1892 4470 2032 4524 haud
2053 4472 2182 4525 satis

612 4568 845 4622 constet,
877 4560 1002 4628 quid
1032 4561 1131 4613 sibi
1175 4575 1240 4615 eo
1282 4560 1384 4613 loci
1410 4560 1536 4613 velit
1563 4570 1791 4630 sumptus
1840 4560 2177 4626 vocabulum,

611 4667 676 4707 ac
703 4651 868 4721 possit
900 4649 969 4705 de
1005 4651 1260 4719 ejusmodi
1306 4651 1424 4704 aliis
1450 4651 1650 4704 chartis
1675 4660 1767 4704 aut
1797 4652 1955 4706 rebus
1978 4652 2177 4720 accipi,

611 4744 663 4799 in
692 4759 824 4813 quas
856 4742 1117 4797 Eusebius
1145 4742 1412 4810 impensas
1442 4744 1631 4811 egerit,
1658 4742 1827 4796 levior
1855 4744 1940 4797 illa
1968 4744 2179 4798 videtur

611 4836 882 4891 excusatio
906 4874 921 4898 ,
973 4848 1130 4903 quant
1162 4848 1281 4901 qua:
1318 4847 1543 4900 purgare
1570 4831 1837 4885 Bullinum
1858 4872 1873 4897 ,
1929 4832 2177 4887 callidum

608 4940 759 4990 sane,
787 4936 840 4980 et
865 4938 1171 4993 magnarum
1203 4920 1393 4975 virium
1422 4922 1783 4975 adversarium
1824 4922 2010 4991 possit.
2039 4922 2177 4988 Quin

609 5018 724 5086 ipse
753 5018 911 5070 etiam
934 5015 1143 5070 videtur
1166 5014 1288 5075 alibi
1320 5011 1456 5083 apud
1488 5012 1889 5083 Hieronymum,
1921 5013 2036 5081 ejus
2052 5029 2175 5067 cor-

612 5116 883 5176 ruptorem
934 5122 992 5161 se
1020 5105 1287 5168 monachi,
1317 5113 1517 5158 tantum
1548 5120 1655 5158 non
1699 5104 1957 5158 inliciari:
1990 5102 2056 5156 Et
2083 5121 2176 5157 au-

608 5198 691 5250 det
715 5196 919 5265 quidam
941 5211 1003 5249 ex
1022 5196 1084 5248 iis
1115 5196 1319 5265 (utique
1344 5194 1608 5263 Bullinus)
1634 5194 1854 5247 adducto
1882 5194 2171 5261 supercilio,

608 5296 653 5340 et
672 5286 1081 5355 concrepantibus
1102 5286 1272 5355 digitis
1300 5294 1526 5338 eructare
1567 5293 1612 5337 et
1663 5284 1829 5338 dicere
1852 5299 1866 5335 :
1894 5284 2015 5353 quid
2042 5285 2174 5337 enim

604 5378 650 5429 si
666 5377 891 5440 redemit,
912 5377 954 5427 si
980 5376 1258 5429 sollicitavit
1284 5376 1310 5429 7
1334 5372 1476 5427 Fecit
1496 5374 1630 5441 quod
1655 5374 1746 5427 sibi
1768 5376 1978 5444 profuit.
2004 5374 2171 5441 Quem

615 5464 969 5531 Hieronymus
990 5464 1237 5517 insectari
1268 5464 1457 5532 pergit,
1488 5463 1939 5532 Mira,inquiens,
1970 5462 2170 5517 sceleris

610 5550 855 5617 defensio,
882 5549 1022 5615 quasi
1050 5565 1145 5601 non
1176 5560 1223 5603 et
1252 5553 1491 5619 latrones,
1517 5561 1561 5608 et
1583 5556 1740 5622 fures,
1770 5562 1816 5608 et
1861 5554 2040 5621 piratte
2084 5556 2167 5624 fa-

609 5636 747 5688 ciant
784 5634 915 5700 quod
943 5634 1034 5686 sibi
1064 5637 1281 5702 prodest.
1330 5639 1470 5694 Certe
1498 5643 1666 5694 Annus
1692 5651 1738 5696 et
1768 5641 1987 5710 Caiphae
2016 5644 2166 5698 sedu-

2934 228 3007 237 ο..-

3760 312 3857 369 ίοο

2284 426 2447 468 centes
2471 415 2720 483 infelicent
2741 413 2955 479 ludant,
2979 418 3203 483 fecerunt
3227 417 3362 485 quod
3393 418 3489 472 sibi
3518 419 3641 473 κιὶιι
3682 423 3844 477 mu.

2286 506 2508 557 mabant.
2544 504 2706 574 Urget
2735 505 2964 573 idipsnm
3000 506 3092 559 lib.
3118 506 3207 559 ΙΙΙ.
3247 509 3520 578 Apologia:
3543 551 3561 576 ,
3607 511 3695 566 ubi
3743 515 3859 582 ejus

2285 594 2486 647 artibus
2512 608 2575 648 ac
2601 594 2739 648 dolis
2767 596 3009 663 imputat,
3028 596 3163 649 clam
3194 596 3359 651 fuisse
3403 599 3641 655 codicem
3668 618 3858 671 quem-

2286 680 2407 733 dam
2450 682 2745 736 Betbleemi
2793 684 2845 736 in
2898 685 3158 738 cubiculis
3185 685 3242 739 S.
3282 686 3515 742 Fabiola:
3542 694 3770 745 senioris
3808 703 3858 748 et

2287 770 2505 834 Oceani,
2537 782 2761 840 utroque
2790 774 2960 826 inscio
2986 814 3002 838 ,
3026 776 3380 840 collocatum,
3417 778 3559 843 Quis,
3593 783 3859 849 inquietis,

2285 858 2541 913 Bethleem
2569 862 2633 915 de
2657 862 2884 915 cubiculo
2906 866 3080 932 fratris
3108 863 3311 918 Eusebii
3336 870 3534 936 furatus
3558 881 3627 922 est
3656 871 3861 938 Epistoo

2288 952 2389 1004 lant
2406 954 2738 1006 laudatricem
2764 956 2945 1007 tuam?
2972 959 3118 1025 cujus
3143 958 3381 1024 artiﬁcio,
3414 970 3460 1012 et
3488 977 3520 1011 a
3547 964 3692 1029 cujus
3712 964 3861 1015 mini~

2287 1044 2405 1096 stris
2446 1045 2498 1096 in
2526 1056 2719 1098 sanctis
2747 1045 2979 1099 Fabiulce
3008 1049 3227 1116 hospitio
3246 1088 3261 1112 ,
3292 1058 3338 1101 et
3379 1052 3472 1102 viri
3514 1050 3788 1106 Christiani
3814 1066 3862 1107 et

2288 1133 2550 1201 prudentis
2578 1133 2785 1198 Oceani,
2836 1136 3065 1188 inventus
3090 1146 3161 1189 est
3187 1139 3378 1201 codex,
3415 1156 3559 1208 quem
3601 1142 3681 1194 illi
3710 1159 3861 1195 num-
3942 1128 3949 1133 ’

2287 1236 2440 1284 quam
2460 1222 2686 1275 viderant
2710 1224 2735 1275 ?
2756 1224 2837 1277 An
2875 1226 3064 1278 idcirco
3094 1237 3142 1280 te
3166 1228 3415 1282 existimes
3436 1232 3768 1295 innocentem,
3816 1235 3863 1286 si

2288 1310 2529 1378 quidquid
2554 1324 2695 1364 tuum
2723 1323 2795 1366 est
2818 1314 2871 1367 in
2894 1316 3022 1368 alios
3043 1320 3273 1385 conferas
3289 1318 3315 1369 .’
3334 1318 3595 1375 Existimo
3617 1323 3862 1391 quardam

2288 1404 2446 1453 etiam
2469 1402 2535 1456 de
2562 1403 2651 1457 illa
2680 1404 2943 1472 Epistola,
2974 1423 3093 1473 qua:
3124 1408 3280 1462 facile
3320 1410 3370 1463 in
3398 1411 3717 1466 calumniam
3748 1424 3859 1467 tra-

2290 1489 2345 1542 hi
2377 1499 2632 1558 possent,
2662 1492 2878 1546 Ruftino
2900 1495 3104 1563 pridem
3139 1498 3439 1553 suboluisse
3466 1516 3479 1551 :
3511 1500 3861 1569 quamobrem

2289 1582 2578 1635 scelestum
2606 1583 2923 1638 monachum
2952 1586 3019 1639 ad
3047 1588 3382 1656 compilanda
3428 1590 3640 1645 Eusebii
3666 1594 3860 1646 scrinia

2290 1671 2681 1727 sollicitaverit.
2708 1674 2787 1728 Re
2807 1677 2949 1729 enim
2981 1692 3104 1730 vera
3125 1694 3245 1731 cum
3276 1680 3330 1733 in
3356 1694 3479 1734 suas
3502 1680 3732 1751 denique
3753 1699 3863 1739 ma-

2290 1773 2389 1812 nus
2423 1774 2485 1813 ea
2514 1762 2679 1827 venit,
2727 1770 2805 1815 tot
2833 1764 2955 1817 illos
3001 1766 3300 1834 triumphos
3353 1769 3481 1837 egit,
3513 1780 3568 1823 et
3596 1770 3863 1827 clamores

2289 1850 2556 1913 excitavit,
2588 1851 2806 1919 perinde
2827 1867 2888 1905 ac
2912 1867 3024 1906 rem
3052 1854 3143 1907 diu
3176 1856 3505 1926 multumque
3544 1861 3856 1928 expetitam,

2292 1937 2501 1989 tandem
2528 1949 2671 1992 esset
2698 1950 3034 1994 consecutus.
3066 1941 3253 1996 Nullus
3285 1954 3395 1997 tum
3418 1946 3537 1998 linis
3569 1948 3861 2003 insultaudi

2291 2025 2508 2080 liberius
2556 2028 2608 2080 in
2649 2028 2955 2099 llieronymi
2981 2042 3161 2099 caput,
3205 2047 3269 2086 ac
3312 2033 3863 2107 debacchandi,ejus-

2290 2131 2393 2184 que
2414 2132 2519 2171 non
2546 2128 2650 2172 tam
2673 2119 2953 2188 imperitiae
2977 2122 3278 2189 carpendae,
3308 2139 3465 2193 quam
3495 2125 3637 2190 fidei,
3666 2129 3864 2198 quippe

2289 2208 2379 2276 qui
2426 2209 2543 2263 aliis
2582 2220 2741 2279 atque
2770 2212 2823 2263 in
2851 2210 3039 2266 Grieco
3068 2222 3222 2266 erant
3240 2255 3256 2280 ,
3280 2216 3563 2270 sententiis
3591 2231 3654 2271 ac
3686 2219 3864 2272 verbis

2290 2297 2585 2367 Epistolam
2614 2300 2757 2353 illam
2787 2301 2839 2353 in
2864 2299 3110 2355 Latinum
3135 2304 3508 2358 transtulisset.

2357 2387 2540 2458 Neque
2560 2404 2722 2458 porro
2752 2400 3051 2445 nostrarum
3073 2402 3155 2447 est
3174 2394 3401 2462 partium
3426 2393 3543 2449 heic
3561 2394 3684 2462 loci,
3722 2394 3865 2451 ferre

2289 2479 2357 2534 de
2394 2480 2482 2534 illa
2508 2481 2944 2551 interpretatione
2968 2482 3247 2551 judicium,
3274 2494 3329 2539 et
3353 2500 3566 2540 causam
3594 2485 3649 2541 S.
3672 2487 3868 2541 Docto-

2290 2570 2366 2623 ris
2388 2571 2643 2626 adversus
2679 2573 2993 2627 tumulorum
3038 2574 3467 2645 impugnationes
3514 2576 3669 2631 tueri.
3722 2578 3865 2645 Quin

2300 2659 2453 2713 lateri
2480 2662 2656 2730 potius
2678 2676 2782 2715 non
2805 2662 2978 2727 decet,
2994 2662 3256 2732 siquidem
3276 2670 3644 2733 αἰδισιμὼτατον
3662 2673 3866 2722 πάππαν

2290 2749 2547 2805 Joannem
2568 2750 2785 2805 honoris
2812 2753 2979 2821 gratia
3007 2754 3336 2823 Epiphanius
3357 2757 3711 2825 compellavit,
3743 2773 3866 2812 ma-

2293 2839 2342 2894 le
2368 2841 2505 2893 lianc
2531 2842 2845 2895 reverentia:
2870 2842 3311 2911 signiﬁcationem
3340 2843 3504 2900 fuisse
3532 2846 3600 2900 ab
3644 2847 3734 2900 illo
3772 2857 3867 2902 aut

2292 2932 2503 3000 penitus
2556 2932 3014 3000 praetermissam,
3055 2943 3145 2987 aut
3175 2934 3425 2990 dilutiore
3462 2937 3564 2990 alia
3615 2937 3865 3007 quapiam

2293 3020 2520 3074 formula
2570 3021 2923 3075 imminutam.
2981 3023 3206 3077 Maxime
3244 3038 3372 3079 vero
3410 3026 3478 3079 ob
3521 3040 3637 3079 eam
3685 3041 3865 3081 rerum

2291 3110 2652 3164 conditionem
2705 3125 2769 3164 ac
2828 3112 3122 3180 temporis,
3164 3128 3330 3179 cum,
3378 3114 3865 3184 ingravescentibus

2292 3201 2541 3270 utrinque
2569 3201 2868 3255 animorum
2912 3204 3145 3258 motibus
3170 3214 3331 3274 atque
3357 3206 3514 3273 odiis,
3554 3208 3693 3278 quod
3733 3224 3865 3263 casu

2291 3302 2450 3362 atque
2482 3293 2624 3347 aliud
2661 3308 2825 3363 agens
2852 3294 2903 3348 in
2933 3294 3072 3349 illius
3114 3296 3506 3353 observantiam
3559 3312 3858 3368 peccasset,

2291 3384 2380 3437 vix
2407 3392 2633 3452 poterat,
2662 3392 2754 3437 aut
2782 3399 2850 3439 ne
2876 3386 2963 3439 vix
2986 3386 3198 3455 quidem
3228 3388 3525 3443 oscitantize
3557 3389 3730 3443 tribui.
3770 3389 3863 3446 Ul-

2294 3482 2377 3527 tro
2405 3474 2565 3526 etiam
2592 3473 2830 3528 dederim
2858 3514 2873 3539 ,
2899 3490 3016 3529 eam
3058 3476 3549 3546 interpretationem
3579 3480 3718 3534 vitiis
3761 3496 3866 3538 nec

2293 3562 2575 3616 levissimis
2599 3578 2747 3629 sane,
2777 3580 2876 3619 nec
2894 3567 3073 3635 paucis
3097 3566 3362 3636 laborare,
3382 3570 3637 3639 siquidem
3656 3586 3829 3641 expen
3842 3602 3866 3616 -

2290 3652 2461 3707 denda
2487 3669 2572 3708 res
2592 3664 2673 3709 est
2698 3670 2729 3709 a
2765 3654 2967 3711 Graacis
2990 3672 3113 3727 quae
3160 3670 3447 3729 supersunt
3477 3663 3673 3727 verbis,
3730 3672 3787 3718 et
3828 3678 3864 3717 a

2291 3745 2481 3813 quibus
2526 3745 2737 3799 initium
2785 3746 3013 3801 ducebat
3041 3748 3321 3818 Epiphanii
3351 3751 3607 3819 Epistula,
3635 3740 3746 3808 ιξδη
3771 3760 3866 3823 γάρ

2292 3843 2437 3902 ἡμᾶς,
2467 3838 2701 3902 ἀγαπητὶ,
2727 3850 2796 3904 μὴ
2820 3854 2879 3908 τῇ
2905 3845 3056 3899 einen
3076 3851 3164 3893 τῶν
3188 3850 3365 3922 κλήρωέ
3392 3850 3711 3913 φίρισθαιγὰρ,
3739 3860 3866 3913 qua:

2290 3928 2367 3979 sic
2388 3927 2457 3980 ab
2481 3927 2808 3997 Hieronymo
2850 3928 3057 3983 reddita
3084 3939 3229 3994 sunt,
3267 3930 3541 3999 Oportebat
3568 3950 3658 3987 nos
3685 3975 3700 4000 ,
3730 3935 3868 3987 dite-

2289 4019 2524 4083 ctissime,
2548 4017 2823 4073 Clericatus
2852 4019 3040 4073 honore
3066 4038 3167 4075 non
3186 4021 3322 4075 abuti
3344 4025 3396 4076 in
3424 4023 3726 4093 superbiant.
3755 4025 3867 4081 Ne-

2288 4122 2391 4176 que
2415 4110 2555 4161 enim
2594 4111 2718 4177 jure
2745 4110 2971 4178 primum
3011 4111 3139 4165 illud
3163 4114 3253 4184 γάρ
3294 4115 3705 4181 praetermissum
3750 4126 3861 4182 est,

2291 4213 2387 4252 nec
2416 4207 2561 4252 recte
2590 4199 2853 4253 redditum
2884 4202 3099 4266 ἀγαπητι
3143 4201 3462 4257 dilectissime
3504 4218 3602 4273 pro
3653 4205 3862 4272 dilecte,

2290 4298 2398 4341 tum
2429 4287 2666 4341 additum
2690 4289 2898 4352 honore,
2927 4288 3069 4359 quod
3094 4291 3314 4347 minime
3331 4294 3382 4346 in
3402 4291 3588 4348 Graeco
3610 4295 3863 4362 habetur,

2286 4376 2515 4446 denique
2559 4378 2695 4430 abuti
2734 4379 2786 4431 in
2836 4379 3121 4448 superbiant
3151 4397 3247 4450 pro
3293 4397 3358 4438 eo
3406 4384 3545 4454 quod
3576 4395 3657 4439 est
3703 4393 3866 4447 οἴησιι

2286 4477 2522 4539 pipiabat,
2554 4470 2787 4524 alienum
2816 4469 3043 4526 fortasse
3063 4471 3238 4527 adhuc
3262 4476 3430 4543 magis
3451 4475 3712 4529 videatur.
3736 4479 3866 4531 Alia

2286 4559 2545 4626 ejusmodi
2569 4561 2768 4615 cursim
2798 4560 3011 4615 dictata:
3055 4563 3506 4633 interpretationis
3532 4566 3654 4619 vilia
3700 4565 3869 4623 facile

2285 4650 2517 4705 adducar
2560 4651 2611 4705 in
2656 4652 2864 4722 reliquo
2892 4661 3143 4707 contextu
3165 4656 3481 4717 occurrisse,
3512 4665 3567 4708 ut
3596 4654 3814 4709 credam
3843 4674 3862 4711 :

2285 4742 2423 4794 absit
2466 4752 2672 4808 tamen,
2707 4754 2763 4796 ut
2794 4742 2917 4797 hinc
2967 4753 3143 4811 putem
3193 4746 3383 4798 merito
3408 4744 3463 4799 S.
3505 4745 3867 4813 lnterpretem

2284 4833 2495 4887 Rullino
2514 4849 2696 4903 pinnas
2720 4834 2951 4894 dedisse.
2973 4836 3121 4890 Mitto
3146 4838 3285 4905 quod
3313 4837 3506 4890 nullum
3537 4837 3590 4890 in
3622 4837 3703 4893 his
3726 4854 3866 4892 sen-

2284 4939 2374 4979 sus
2396 4926 2727 4995 dispendium
2756 4929 3088 4991 est,tametsi
3138 4928 3345 4996 longius
3383 4927 3643 4981 interdum
3696 4929 3869 4996 phra-

2283 5027 2369 5067 ses
2396 5023 2451 5067 et
2475 5016 2635 5067 verba
2685 5015 2962 5068 ablndunt.
2996 5015 3111 5070 Una
3150 5016 3237 5069 illa
3286 5015 3670 5086 HierOnymum
3717 5021 3867 5073 ratio

2281 5114 2517 5170 excusat,
2540 5112 2810 5173 totamque
2831 5105 2947 5172 ejus
2983 5120 3196 5159 causam
3236 5106 3559 5159 validissimo
3604 5107 3867 5174 praesidio

2281 5195 2469 5257 munit,
2526 5192 2666 5261 quod
2698 5193 2748 5246 in
2781 5194 3018 5260 privatos
3042 5195 3199 5250 amici
3228 5209 3354 5247 usus
3374 5234 3389 5258 ,
3417 5205 3472 5248 et
3501 5195 3637 5248 intra
3663 5197 3867 5251 dome-

2279 5283 2443 5336 sticos
2469 5282 2696 5349 parietes
2721 5291 2978 5350 perpetuo
2995 5282 3332 5337 detinendam
3358 5283 3863 5352 interpretatiOnem

2280 5374 2421 5427 illam
2477 5371 2785 5439 adornarit,
2839 5373 2969 5426 nihil
2996 5373 3138 5426 aliud
3168 5372 3425 5426 sollicitus
3445 5412 3461 5439 ,
3510 5388 3670 5443 quam
3702 5385 3759 5428 ut
3788 5376 3867 5431 ab

2278 5465 2462 5534 ignaro
2485 5462 2656 5519 Graeci
2687 5464 2947 5518 sermonis
2970 5464 3204 5530 alumno,
3236 5478 3388 5517 mens
3411 5478 3709 5533 sensusque
3743 5467 3867 5520 Au-

2278 5554 2443 5608 ctoris
2469 5554 2692 5621 apertius
2722 5552 3123 5621 intelligeretur.
3158 5552 3236 5608 Ad
3270 5553 3410 5607 hunc
3455 5553 3591 5608 tueri
3618 5567 3679 5608 se
3731 5569 3867 5609 mo-

2282 5643 2408 5698 dum
2450 5643 2579 5698 satis
2606 5643 2718 5711 ipse
2748 5640 2906 5697 habet
2932 5639 3100 5710 Epist.
3146 5640 3301 5695 LVII.
3346 5640 3470 5696 Volo
3510 5644 3565 5696 in
3604 5643 3870 5700 chartulis
