4050 6188
132 309 214 374 IOI
709 371 712 374 .
1396 312 1455 372 S.
1495 311 1882 375 HIERONYMI
1930 315 2120 375 VITA.

140 436 240 491 aleis
259 436 521 505 quaslibet
550 435 764 510 ineptias
789 435 1002 492 scribere
1024 477 1039 502 ,
1089 432 1419 491 commentari
1447 434 1511 490 de
1552 434 1702 491 Scri-

148 530 293 600 ptaris.
325 531 625 585 remordere
661 528 900 584 (cedentes
927 570 939 593 ,
991 528 1216 599 digerere
1264 529 1597 591 stomachum,
1651 527 1705 580 in

153 623 252 677 locis
275 638 348 676 me
374 639 614 676 exercere
639 620 1009 686 communibus,
1039 631 1084 674 et
1111 620 1253 689 quasi
1284 619 1486 674 limatas
1521 618 1590 672 ad
1618 633 1705 686 pu-

147 715 380 787 gnandum
407 717 626 786 sagittas
656 729 902 782 reponere
930 729 949 766 :
969 713 1210 783 quamdiu
1241 729 1342 766 non
1378 714 1582 782 profero
1611 725 1700 762 co-

147 807 299 876 gitata,
325 807 596 860 maledicta
619 848 634 871 ,
664 822 763 859 non
798 804 1014 858 crimina
1039 812 1156 858 sunt
1180 819 1198 868 ;
1223 803 1326 855 imo
1350 817 1412 855 ne
1438 801 1706 854 maledicta

145 899 323 967 quidem
343 939 358 960 .
426 913 543 968 qua:
577 913 722 951 aures
763 896 976 966 publica
1021 895 1265 949 nesciant.
1289 892 1370 947 Tu
1409 906 1706 962 corrumpas

144 989 363 1054 servulos,
391 989 635 1043 sollicites
655 988 882 1053 clientes,
907 998 952 1040 et
978 997 1032 1040 ut
1050 988 1104 1040 in
1127 985 1316 1058 fabulis
1342 984 1555 1055 legimus
1577 998 1704 1036 auro

140 1082 199 1133 ad
224 1081 447 1137 Danaem
472 1090 702 1152 penetres
724 1121 742 1148 ,
770 1079 1188 1146 dissimulatoque
1230 1079 1366 1150 quod
1395 1077 1596 1149 feceris,
1627 1090 1708 1129 me

142 1175 398 1242 falsarium
433 1191 580 1230 voces
610 1190 630 1228 :
656 1190 812 1242 quum
842 1173 1000 1227 multo
1027 1173 1172 1242 pejus
1202 1172 1392 1225 crimen
1418 1168 1707 1223 accusando

135 1265 178 1318 in
212 1274 261 1318 te
290 1267 607 1335 conﬁtearis,
639 1281 792 1334 quam
817 1265 872 1317 in
904 1280 983 1317 me
1007 1263 1206 1333 arguis.
1234 1261 1503 1316 Caeterum
1534 1273 1710 1328 neque

134 1355 203 1409 illa
237 1353 428 1424 inepta
451 1353 629 1410 \‘ersio
646 1354 824 1408 habita
854 1362 957 1418 est,
987 1369 1162 1422 neque
1185 1352 1305 1406 aliis
1346 1352 1485 1406 bene
1528 1349 1710 1404 multis

131 1447 276 1502 bona:
303 1447 765 1516 interpretationis
802 1445 1049 1500 laudibus
1073 1444 1265 1499 caruit.
1311 1443 1522 1498 Scimus
1550 1441 1709 1497 etiam

129 1539 185 1593 ab
215 1538 416 1592 Alvaro
436 1536 621 1591 saeculi
646 1536 737 1591 IX.
761 1536 1035 1606 Scriptore
1063 1552 1168 1590 non
1185 1533 1579 1590 contemnendo
1595 1534 1710 1587 lau-

127 1629 229 1683 dari
260 1629 311 1682 in
341 1628 399 1682 S.
431 1627 637 1697 Eulogii
671 1626 806 1692 Vita,
843 1637 899 1680 ut
926 1627 1062 1680 alios
1086 1641 1279 1696 magno
1307 1639 1532 1680 numero
1557 1639 1711 1680 secu-

127 1722 186 1774 tis
211 1719 447 1773 maxime
477 1717 806 1787 temporibus
836 1726 1236 1786 praetereamus.

192 1811 303 1866 VII.
359 1809 464 1865 Sed
508 1819 562 1863 et
589 1807 866 1864 commode
912 1809 966 1862 in
1015 1822 1127 1863 rem
1155 1808 1470 1862 litterariam
1497 1821 1563 1862 ac
1602 1821 1701 1860 no-

126 1916 280 1956 stram
303 1903 489 1968 cessit,
517 1899 658 1969 quod
707 1899 796 1954 illa
823 1899 1224 1954 concertatione
1276 1907 1597 1967 provocatus
1638 1894 1698 1950 S.

126 1996 312 2060 Pater,
376 2004 432 2047 ut
497 1993 793 2048 calumnias
855 1990 1284 2047 adversariorum
1351 1988 1697 2056 retunderet,

123 2103 374 2158 suamque
403 2087 453 2141 in
479 2086 686 2142 Grazcis
715 2084 947 2140 maxime
987 2082 1345 2154 Scriptoribus
1387 2081 1579 2136 Latine
1606 2095 1702 2135 ex-

126 2178 379 2250 plicandis
423 2178 687 2233 rationem
722 2177 1115 2246 comprobaret,
1145 2188 1338 2229 novam
1367 2173 1434 2227 ad
1462 2173 1702 2227 Pamma-

123 2273 292 2326 chium
329 2271 614 2340 Epistulam
646 2269 946 2334 adornavit,
995 2267 1059 2321 de
1096 2267 1287 2337 optimo
1337 2281 1519 2336 genere
1544 2265 1700 2318 inter-

120 2364 369 2433 pretandi,
400 2364 452 2416 in
487 2378 590 2432 qua
639 2372 747 2417 tam
787 2370 1028 2416 veterum
1072 2359 1311 2413 omnium
1340 2357 1694 2422 eruditorum,

119 2472 269 2525 quam
299 2470 468 2510 sacra:
495 2453 782 2524 Scriptura:
814 2452 1166 2522 lnterpretum
1195 2449 1512 2505 testimoniis
1538 2458 1698 2518 atque

119 2545 376 2615 exemplis
400 2544 574 2609 docet,
606 2542 873 2613 quodnam
911 2542 982 2596 sit
1021 2541 1279 2610 eptimmn
1325 2540 1443 2605 ejus
1491 2539 1698 2593 artiﬁcii

118 2655 299 2710 genus,
361 2637 490 2693 illud
541 2637 744 2692 scilicet
785 2650 905 2692 esse
949 2633 1259 2698 ostendens,
1303 2648 1408 2702 quo
1437 2647 1627 2687 sensus
1666 2646 1698 2687 e

117 2745 294 2797 sensu,
325 2745 429 2784 non
463 2728 676 2783 verbum
706 2743 738 2784 e
771 2727 936 2783 verbo
972 2724 1310 2780 transfertur.
1339 2725 1462 2790 Alii,
1504 2724 1689 2793 inquit,

118 2824 336 2894 syllabas
385 2831 700 2893 aucupentur
751 2829 796 2876 et
830 2821 1021 2885 literas,
1077 2828 1132 2872 tu
1181 2832 1351 2888 quaere
1401 2815 1691 2871 sententias.

116 2916 311 2971 Locum
344 2922 489 2971 tenet
515 2914 629 2970 hinc
657 2915 711 2969 in
741 2923 922 2969 nostra
971 2910 1285 2966 recensione
1328 2908 1485 2964 LVII.
1526 2919 1580 2964 et
1605 2908 1693 2964 cui

116 3009 326 3080 proprie
355 3008 423 3062 sit
452 3008 673 3076 hujusce
699 3006 842 3068 anni,
874 3006 926 3059 in
965 3003 1116 3074 cujus
1147 3001 1370 3057 historia
1395 3016 1690 3067 versamur,

113 3102 236 3170 395,
267 3103 406 3172 parti
435 3098 808 3162 adscribenda,
835 3096 966 3152 satis
993 3095 1206 3152 abunde
1251 3096 1304 3149 in
1342 3092 1695 3162 Chronologi-

118 3198 187 3250 cis
214 3195 280 3249 ad
311 3209 430 3249 eam
457 3194 599 3248 notis
626 3192 1048 3248 demonstratum
1073 3199 1176 3244 est.
1209 3188 1434 3257 Reliqua
1455 3201 1553 3242 nos
1573 3201 1694 3256 qua:

118 3288 175 3343 ad
205 3288 383 3343 Vitam
406 3287 467 3343 S.
495 3286 738 3342 Doctoris
767 3284 1057 3355 pertinent,
1088 3295 1493 3352 persequamur.

646 3417 871 3476 CAPUT
910 3413 1146 3473 XXVIII.

117 3534 153 3590 I.
189 3533 509 3591 Dissidentes
534 3535 585 3588 in
615 3531 937 3587 concordiam
962 3528 1188 3598 redigere
1212 3524 1490 3579 Archelaus
1516 3522 1694 3577 Comes

174 3631 434 3684 incassum
479 3627 677 3681 nititur.
715 3624 777 3679 Il.
821 3623 888 3677 Id
922 3623 1088 3692 ipsum
1126 3617 1439 3688 Theophilus
1474 3615 1696 3669 Alexan-

178 3721 357 3774 drinus
406 3718 692 3791 Episcopus
723 3720 915 3787 frustra
943 3722 1172 3767 conatur.
1216 3709 1298 3764 III.
1350 3707 1512 3777 Culpa
1538 3707 1696 3777 potis-

177 3813 362 3866 simum
389 3809 582 3864 lsidori
615 3805 904 3876 Presbyteri
933 3803 1252 3873 Origenistaz,
1284 3816 1433 3870 quem
1472 3799 1696 3869 legatum

177 3904 232 3957 in
263 3919 374 3957 eam
420 3917 529 3956 rem
569 3900 792 3954 miserat.
834 3894 924 3951 IV.
963 3894 1095 3949 Hinc
1143 3891 1411 3961 Theophili
1452 3891 1696 3944 adversus

179 3995 554 4065 Hieronymum
603 3989 946 4046 benevolentia
1008 3983 1307 4057 refrigescit.
1380 3981 1446 4037 V.
1504 3981 1694 4038 Scribit

177 4087 511 4142 nihilominus
538 4084 762 4140 Sanctus
786 4079 944 4134 Pater
970 4079 1036 4131 ad
1062 4094 1176 4132 eum
1203 4077 1408 4146 sapius.
1435 4072 1521 4127 Vl.
1549 4071 1694 4128 Scri-

179 4183 246 4236 bit
275 4181 426 4236 etiam
467 4179 536 4232 ad
577 4175 900 4240 Marcellam,
928 4182 974 4226 et
1019 4169 1352 4240 Epitaphium
1398 4165 1694 4235 Nepotiani.

180 4274 297 4330 VII.
336 4269 743 4329 Commentarios
791 4283 988 4337 quoque
1031 4265 1084 4318 in
1138 4261 1348 4316 lanam.
1395 4258 1540 4323 VIII,
1588 4255 1693 4326 IX,

178 4365 248 4420 Χ.
295 4364 420 4418 Tum
442 4365 575 4418 alias
607 4361 674 4415 ad
701 4360 829 4414 alios
860 4357 1140 4430 Epistolas,
1167 4355 1220 4409 in
1245 4353 1428 4426 quibus
1455 4350 1699 4406 nonnulla

179 4460 243 4512 de
276 4458 588 4530 Origeniana
617 4470 791 4518 causa.

184 4574 220 4628 Ι.
274 4574 718 4643 Ingravescentes
757 4565 996 4638 quotidie
1035 4563 1202 4633 magis
1246 4561 1506 4616 Joannem
1561 4558 1701 4612 inter

117 4677 267 4735 atque
309 4666 694 4737 Epiphanium,
723 4663 836 4718 sive
861 4660 984 4716 illos
1011 4661 1100 4730 qui
1133 4657 1200 4711 ab
1229 4653 1539 4709 alterutrins
1569 4667 1692 4720 par-

116 4759 248 4812 tibus
281 4759 515 4822 stabant,
558 4756 858 4810 animorum
889 4760 1066 4805 motus
1110 4761 1453 4815 compescere
1496 4743 1700 4798 studuit

115 4852 412 4906 Archelaus
466 4850 706 4910 Comes,
747 4859 904 4915 quem
949 4848 1107 4896 ornat
1149 4839 1503 4908 Hieronymus
1541 4835 1702 4887 diser-

113 4943 294 4996 tissimi
319 4953 366 4995 et
395 4936 810 4995 Christianissimi
832 4934 932 4989 viri
960 4933 1203 4988 laudibus
1222 4929 1357 4994 (Lib.
1378 4940 1536 4982 contr.
1560 4926 1592 4980 J
1599 4927 1698 4996 0.).

112 5033 214 5088 Hoc
267 5030 639 5086 intercedente
681 5029 823 5098 pacis
869 5034 1156 5089 sequestro,
1196 5022 1444 5090 quoniam
1490 5017 1702 5071 violattc

112 5123 226 5178 ﬁdei
256 5123 506 5194 suspicio
556 5119 854 5176 discordias
880 5124 1182 5187 pepererat,
1211 5111 1556 5166 constitutum
1597 5116 1705 5180 est,-

110 5225 159 5267 ut
182 5233 212 5268 a
243 5218 371 5271 ﬁdei
408 5213 747 5284 professione
775 5214 858 5262 via
888 5207 954 5262 ad
998 5203 1340 5263 concordiam
1383 5200 1700 5254 nmuiretur.

117 5304 436 5362 Postulatum
476 5315 571 5368 est,
616 5301 785 5370 inquit
821 5298 878 5355 S.
924 5299 1100 5363 Pater,
1132 5305 1183 5349 ut
1213 5298 1399 5364 futura:
1423 5288 1706 5344 concordia:

112 5399 234 5461 ﬁdes
281 5402 476 5470 jaceret
530 5395 887 5468 fundamenta.
929 5389 1209 5448 Condieto,
1262 5386 1314 5439 in
1369 5397 1529 5453 quem
1586 5394 1707 5447 pars

112 5500 336 5563 utraque
379 5493 566 5548 locum
611 5483 944 5549 conveniret,
993 5481 1247 5546 pollicitus
1286 5477 1394 5545 ipse
1438 5473 1597 5527 etiam
1629 5477 1711 5523 est

112 5583 362 5657 Joannes,
390 5603 504 5643 esse
551 5600 608 5638 se
653 5588 938 5636 venturum.
987 5575 1252 5629 lnstabant
1296 5570 1402 5623 dies
1449 5563 1710 5618 Pascha:

114 5678 339 5742 [ﬂuens
365 5675 760 5735 Honachorum
793 5669 940 5724 turba
967 5671 1265 5721 convenerat
1293 5677 1310 5716 :
1337 5658 1425 5713 ille
1457 5668 1596 5710 unus
1625 5667 1714 5705 ex-

109 5774 424 5842 Wabatur
457 5773 516 5830 ia
549 5770 669 5824 loco
693 5782 713 5819 :
747 5772 793 5818 et
831 5761 954 5834 quid
993 5761 1182 5830 faceret
1221 5751 1469 5810 nesciebat
1497 5765 1514 5806 :
1544 5745 1708 5804 verba

559 5859 630 5933 8.
677 5857 1076 5926 Htenourut.
1123 5849 1175 5920 ι.

3296 329 3401 387 102

1816 447 1942 490 sunt
1969 433 2298 506 Hieronymi.
2324 433 2484 505 cujus
2505 433 2724 507 vestigia
2742 446 2981 498 accurate
3002 446 3394 514 persequimur.

1815 527 2358 599 Repentexmandavit,
2391 536 2642 598 agrotare
2680 530 2844 584 nescio
2881 549 3028 601 quam
3063 551 3081 588 :
3109 537 3198 590 illo
3237 540 3317 592 die
3344 557 3398 595 se

1811 637 1913 675 non
1943 637 2087 689 posse
2109 623 2292 674 venire.
2325 619 2578 683 Ludione,
2613 620 2884 693 subjungit
2915 625 3286 698 Hieronymus,
3327 650 3396 686 an

1816 710 2100 782 Episcopus
2125 713 2231 767 hac
2261 711 2530 782 loqu'tur?
2564 710 2707 768 Pone
2736 730 2907 768 verum
2937 732 3046 770 esse
3087 721 3220 788 quod
3249 724 3393 789 diris,

1813 814 2018 873 propter
2055 804 2205 858 unius
2235 803 2552 858 muliercula:
2583 804 2816 869 delicias,
2847 823 2911 861 ne
2935 818 2982 861 te
3006 808 3207 863 absente
3235 799 3400 867 doleat

1812 904 1984 964 caput,
2026 895 2291 967 fastidium
2325 897 2589 961 sustineat,
2619 897 2882 952 stomacho
2910 900 3260 971 perfrigescat,
3303 905 3404 959 Ec-

1812 984 1980 1040 clesia
2005 1002 2213 1040 causam
2251 987 2505 1057 ncgligis.’
2553 997 2621 1040 tot
2653 989 2877 1042 virorum
2916 1000 2961 1043 et
3001 990 3401 1049 Christianorum

1813 1084 1860 1130 et
1890 1074 2259 1129 Monac/torum
2283 1078 2563 1131 contemnis
2585 1083 2931 1148 prastantiam
2952 1083 2979 1135 i‘
3005 1080 3278 1137 Noluimus
3310 1103 3393 1139 oc-

1815 1167 2067 1221 casionem
2111 1167 2235 1222 dare
2263 1184 2282 1222 :
2313 1169 2602 1224 videbamus
2651 1172 2784 1224 enim
2831 1175 3094 1242 stropham
3138 1177 3398 1232 dilationis

1817 1266 1935 1320 tute,
1961 1258 2204 1324 iniuria-rt
2234 1261 2476 1329 patientia
2523 1261 2753 1316 vicimus.
2787 1263 3033 1318 Rescribit
3072 1265 3350 1322 Archelaus
3379 1286 3398 1323 :

1818 1361 1984 1405 monet
2012 1353 2172 1406 altero
2195 1361 2240 1407 et
2269 1355 2413 1408 tertio
2435 1354 2526 1419 die
2562 1371 2783 1420 manere,
2837 1357 2882 1409 si
2921 1358 3065 1412 vellet
3105 1362 3289 1413 venire.
3333 1363 3398 1413 At

1817 1440 1905 1494 ille
1941 1452 2218 1512 occupatus
2256 1442 2582 1514 (muliercula
2624 1448 2756 1500 enim
2796 1463 2992 1502 vomere
3027 1467 3126 1503 non
3171 1455 3399 1523 cessarit)

1817 1533 1939 1586 dum
1962 1550 2202 1588 nauseam
2231 1536 2489 1601 evasisset,
2519 1539 2680 1592 nostri
2715 1540 2914 1608 penitus
2941 1541 3125 1597 oblitus
3151 1553 3246 1598 est.
3285 1544 3401 1599 Mo-

1813 1625 1957 1677 nenti
1989 1624 2235 1678 nimirum
2286 1627 2570 1691 Archelao,
2617 1637 2672 1682 et
2723 1629 2790 1683 ad
2848 1633 3226 1700 paciscendum
3279 1637 3398 1703 pln-

1811 1709 1920 1765 ries
1965 1711 2244 1778 invitanti,
2295 1713 2484 1769 eadem
2533 1716 2790 1772 continuo
2838 1733 2964 1773 usus
3021 1724 3391 1789 excusatione,

1809 1800 2026 1856 minime
2057 1804 2252 1873 paruit.

1878 1891 1944 1948 Il.
1993 1893 2120 1948 Post
2158 1895 2287 1950 duos
2323 1912 2516 1952 menses
2543 1898 2744 1953 tandem
2770 1910 3094 1971 exspectatus
3118 1905 3250 1960 venit
3278 1904 3392 1961 Isi-

1807 1983 1962 2038 dorus
2006 1983 2218 2057 (Ibid.),
2265 1988 2492 2044 celebris
2523 1990 2612 2045 ille
2658 1991 2948 2064 Presbyter
2990 1996 3390 2056 Alexandrinus

1807 2087 1863 2132 et
1913 2076 2221 2144 Monachus,
2277 2079 2484 2150 legatus
2531 2081 2598 2136 ad
2649 2082 2912 2139 Joannem
2963 2093 3124 2156 atque
3175 2091 3312 2145 alios
3363 2108 3393 2145 a

1809 2167 2110 2237 Theophilo
2133 2171 2502 2225 Alexandrino
2528 2172 2796 2242 Episcopo
2823 2175 3022 2230 missus
3051 2193 3172 2232 cum
3199 2180 3391 2248 literis,

1807 2262 2000 2332 quibus
2037 2265 2414 2319 contentiones
2444 2265 2564 2320 illas
2609 2267 2819 2332 sedare,
2852 2268 3211 2340 adversosque
3255 2275 3392 2330 invi-

1805 2369 1923 2410 cem
1955 2355 2006 2409 in
2030 2356 2250 2426 gratiam
2283 2358 2491 2413 animos
2517 2358 2773 2415 reducere
2803 2361 3058 2416 tentabat.
3092 2362 3215 2419 Sive
3245 2368 3389 2422 enim

1805 2460 2051 2504 censeret
2079 2450 2168 2504 ille
2195 2449 2359 2506 ofﬁcii
2389 2451 2491 2506 hoc
2521 2452 2601 2506 sui
2633 2465 2774 2515 esse,
2807 2468 2906 2524 pro
2933 2455 3078 2510 sedis
3107 2473 3268 2528 quam
3299 2460 3395 2514 ob-

1807 2541 2013 2596 tinebat
2032 2542 2241 2613 fastigio
2271 2562 2285 2598 :
2319 2543 2452 2610 sive,
2476 2544 2616 2614 quod
2635 2545 2730 2600 abs
2759 2545 3086 2619 Hieronymo
3112 2551 3380 2620 proditum

1803 2643 1906 2698 est,
1931 2633 2151 2689 Joannis
2175 2634 2424 2706 precibus
2449 2644 2505 2690 et
2528 2636 2767 2706 querelis
2793 2641 3079 2710 excitatus,
3108 2651 3166 2696 ut
3203 2643 3289 2698 his
3325 2660 3386 2702 se

1801 2725 2292 2780 concertationibus
2321 2736 2638 2797 opponeret,
2661 2729 2920 2784 arbitrum
2947 2746 3006 2786 se
3033 2732 3172 2788 inter
3194 2742 3388 2790 utram-

1800 2830 1905 2886 que
1933 2826 2137 2885 partem
2171 2816 2339 2873 dedit.
2388 2819 2583 2874 Verum
2627 2819 2766 2875 idem
2807 2822 2923 2891 ipse
2960 2838 3021 2878 ea
3069 2833 3388 2894 tempestate

1800 2905 2013 2976 Origeni
2045 2906 2274 2973 favebat,
2316 2911 2516 2980 quippe
2543 2911 2633 2980 qui
2673 2920 2818 2967 totus
2847 2913 3105 2970 adversus
3144 2916 3386 2971 Anthro-

1800 3000 2190 3070 pomorphitas,
2217 3001 2544 3072 Origeniano
2568 3003 2809 3071 dogmati
2840 3007 3141 3074 oppositos,
3173 3007 3385 3064 fereba-

1803 3098 1909 3146 tur.
1940 3093 2141 3146 Anctor
2178 3107 2388 3161 quoque
2429 3101 2512 3146 est
2556 3093 2828 3148 Palladius
2874 3094 2926 3149 in
2977 3095 3096 3152 Vita
3144 3097 3385 3170 Chryso-

1802 3182 1984 3244 stomi,
2019 3181 2249 3250 scriptas
2305 3181 2373 3236 ab
2419 3197 2486 3236 eo
2541 3182 2750 3238 litteras
2803 3183 2967 3241 fuisse
3019 3187 3085 3242 ad
3137 3188 3387 3246 Siricium

1803 3272 2050 3338 Romam,
2085 3271 2278 3342 quibus
2334 3271 2690 3342 Epiphaniqu
2744 3281 3015 3344 tamquam
3072 3277 3382 3337 hcereticum

1801 3375 1964 3435 atque
1994 3374 2267 3420 auctorem
2312 3365 2637 3431 schismatis,
2673 3367 2744 3422 ob
2793 3367 3091 3427 Pauliniani
3137 3373 3392 3432 videlicet

1800 3458 2214 3521 ordinationem,
2260 3459 2588 3514 traducebat.
2647 3460 2728 3515 Ad
2779 3462 2896 3518 lucc
2937 3475 3054 3520 erat
3104 3468 3218 3538 ipse
3264 3483 3384 3524 cum

1801 3549 2004 3605 Joanne
2023 3559 2078 3605 et
2104 3548 2340 3614 Ruffiuo,
2364 3549 2632 3619 discipulo
2662 3551 2789 3606 olim
2821 3567 2940 3618 suo,
2958 3554 3178 3625 junctus
3203 3560 3390 3614 amici-

1802 3644 1896 3709 tia,
1925 3657 2221 3711 eorumque
2246 3642 2495 3712 opinione
2512 3642 2826 3712 jamdudum
2855 3656 3167 3715 occupatus.
3211 3647 3387 3714 Quare

1802 3734 1942 3790 istud
1991 3735 2133 3790 inter
2159 3743 2353 3790 cetera
2391 3734 2515 3803 jure
2562 3735 2867 3801 expostulat
2911 3735 2968 3790 S.
3022 3737 3207 3802 Pater,
3241 3739 3383 3806 quod

1801 3827 2039 3884 Joannes
2067 3826 2136 3882 ad
2166 3826 2585 3882 Alexandrinum
2630 3825 2977 3894 EpiscOpum,
3011 3827 3076 3879 ad
3105 3843 3266 3894 quem
3301 3829 3386 3881 ni-

1804 3917 1876 3973 hil
1906 3918 1976 3973 de
2001 3917 2284 3972 Palaestina
2332 3914 2654 3991 pertinebat,
2693 3915 2872 3984 potius
2901 3930 3061 3984 quam
3099 3915 3166 3969 ad
3206 3915 3386 3969 Caesa-

1802 4008 2058 4071 riensem,
2104 4007 2190 4062 cui
2220 4006 2438 4061 suberat
2467 4015 2733 4076 tamquam
2775 4005 3160 4076 metropolitze,
3203 4014 3257 4061 et
3285 4006 3388 4070 cui,

1803 4099 1899 4165 ait,
1930 4107 2100 4168 spreta
2128 4098 2476 4152 communione
2511 4106 2619 4164 tua,
2647 4098 3016 4152 communicare
3045 4113 3136 4151 nos
3178 4111 3389 4152 noveras

1805 4188 1994 4260 (Ibid.
2032 4188 2084 4255 ),
2161 4186 2244 4242 vel
2324 4186 2390 4240 ad
2471 4186 2866 4241 Antiorlienum
2939 4187 3094 4240 totius
3167 4184 3390 4240 Orientis

1805 4277 2191 4341 Patriarcham,
2220 4276 2432 4331 litteras
2475 4290 2600 4330 suas
2623 4275 2927 4330 direxisset.
2964 4274 3071 4330 Sed
3097 4277 3232 4341 novi,
3261 4276 3391 4331 sub-

1805 4372 1904 4439 dit,
1952 4387 2044 4425 cur
2083 4368 2377 4433 Caesarium,
2421 4383 2508 4421 cur
2548 4367 2869 4421 Antiochiam
2908 4367 3131 4421 nolueris
3174 4368 3382 4423 mittere.

1808 4462 2016 4519 Sciebas
2048 4461 2172 4531 quid
2201 4461 2418 4532 fugeres,
2447 4458 2570 4529 quid
2603 4459 2806 4512 vitares.
2841 4457 3073 4512 Maluisti
3103 4473 3388 4514 occursus

1806 4554 2012 4608 auribus
2039 4552 2321 4606 molestiam
2350 4553 2534 4622 facere,
2575 4566 2726 4620 quam
2752 4549 2971 4604 debitum
3000 4551 3388 4623 metropolitano
3463 4554 3470 4561 ’

1808 4655 1893 4700 tuo
1920 4646 2158 4698 honorem
2181 4643 2412 4698 reddere.
2449 4641 2560 4698 Nec
2605 4643 2699 4696 hoc
2723 4644 2860 4710 dico,
2887 4645 3025 4715 quod
3053 4656 3236 4716 praeter
3270 4661 3390 4700 Αιιι-

1808 4752 2000 4801 ειτιλε,
2032 4751 2144 4805 qua:
2185 4735 2523 4805 suspicionem
2561 4744 2822 4805 generant,
2869 4736 3144 4805 quidquam
3174 4735 3226 4786 in
3255 4733 3395 4801 lega-

1809 4830 1942 4884 tione
1989 4827 2379 4896 reprehendam.
2429 4825 2668 4896 Denique
2711 4825 2886 4880 fuerat
2924 4827 3084 4878 etiam
3117 4840 3145 4875 a
3180 4821 3397 4878 Ruffiuo

1809 4934 1952 4989 saepe
1981 4919 2032 4972 in
2077 4918 2460 4989 Ilieronymum
2503 4917 2804 4985 instigatus,
2849 4915 2989 4982 quod
3042 4913 3128 4965 hic
3170 4911 3394 4966 Paulum

1809 5009 2094 5081 quemdam
2133 5010 2351 5062 incerta:
2381 5005 2526 5061 sedis
2554 5006 2606 5059 in
2648 5003 2881 5072 Ευριο
2913 5002 3257 5071 Episcopum,
3287 5001 3397 5069 eje-

1811 5112 1956 5156 ctum
1982 5116 2010 5154 a
2041 5099 2364 5167 Tlteuphilo,
2395 5097 2447 5151 in
2483 5111 2582 5150 suo
2611 5093 2933 5149 Monasterio
2970 5092 3282 5161 recepisset,
3315 5103 3390 5158 et,

1814 5203 1870 5247 ut
1896 5193 2119 5246 aemulus
2163 5192 2252 5245 ille
2295 5187 2613 5250 blaterabat,
2666 5199 2864 5238 summo
2907 5185 3043 5250 nisu,
3087 5193 3132 5236 et
3162 5185 3395 5238 omnibus

1814 5281 1996 5338 studiis
2043 5279 2353 5348 defenderet,
2387 5278 2544 5342 eique
2587 5284 2774 5329 auctor
2802 5281 2968 5339 esset,
3004 5282 3060 5327 ut
3100 5291 3189 5346 per
3224 5273 3400 5344 Impe-

1815 5372 1944 5427 riale
1961 5371 2137 5424 Rescri
2142 5378 2283 5437 ptum
2298 5367 2542 5435 reciperet
2561 5363 2918 5429 sacerdotium,
2941 5365 3082 5434 quod
3110 5365 3404 5436 Episcopali

1812 5463 2010 5535 judicio
2049 5460 2286 5513 amiserat
2345 5456 2476 5523 Qua:
2509 5456 2577 5508 ita
2623 5455 2837 5526 quidem
2893 5455 2984 5512 ille
3022 5459 3402 5528 exaggerabat,

1819 5554 2173 5623 vertebatque
2200 5552 2250 5604 in
2272 5546 2558 5616 Theophili
2576 5549 2978 5613 contumeliam,
3004 5550 3242 5605 utetiam
3269 5547 3404 5617 ejus-

1821 5648 1943 5702 dem
1971 5646 2036 5701 ad
2067 5645 2446 5713 Hieronymum
2474 5639 2750 5708 epistolas,
2788 5657 2858 5696 ne
2888 5641 3266 5705 redderentur,
3306 5640 3405 5690 uli-

1823 5739 2036 5819 quando
2075 5733 2426 5818 prohibuerit.
2466 5731 2595 5791 Merc
2643 5744 2833 5801 autem,
2888 5735 3104 5802 reponit
3145 5734 3203 5792 S.
3251 5731 3402 5791 Pater

2697 5826 3009 5917 ιρυαιηο)
