4050 6188
633 312 737 369 103

633 428 730 482 iib.
763 422 851 479 Ill.
880 419 1174 491 Apologim,
1205 409 1593 475 communionis,
1633 417 1680 461 ct
1738 405 1899 472 Papa:
1950 399 2218 469 Theophili

635 517 835 572 nullum
882 514 1042 567 alium
1077 517 1249 562 testem
1290 503 1496 565 vocabo,
1540 499 1637 553 nisi
1663 499 1850 569 ipsum,
1895 510 2040 563 queat
2082 508 2112 544 a
2141 506 2220 544 me

632 624 821 664 suasuri
847 604 1054 659 simulas
1086 615 1105 652 :
1132 599 1277 668 cujus
1310 589 1568 663 Epistolas
1595 589 1662 643 ad
1707 605 1786 642 me
1816 601 2012 654 semper
2041 583 2211 645 datas,

629 701 784 756 aiam
825 712 885 751 eo
932 703 1153 759 tempore
1199 705 1302 742 non
1354 687 1580 758 ignoras,
1637 697 1738 752 ato
1781 679 1904 732 mihi
1943 693 2027 730 eas
2074 673 2216 736 reddi

625 797 971 847 Z‘ROBIBEBLS,
1000 791 1048 836 et
1075 779 1300 849 quotidie
1327 777 1493 830 missis
1523 771 1801 828 tabellariis
1823 769 2084 824 inimicum
2108 765 2220 833 ejus

656 881 846 935 tmicum
893 884 1122 932 nostrum
1165 881 1213 927 et
1261 868 1719 940 familiarissimum
1739 863 2036 933 jactitabas,
2086 869 2130 912 et
2160 873 2219 910 ea

653 987 743 1031 pta:
781 984 918 1023 nunc
971 964 1297 1036 impudenter
1336 959 1536 1024 scribis,
1585 954 1927 1020 mentiebaris,
1981 960 2035 1005 ut
2079 950 2218 1009 illius

649 1072 808 1116 :ontra
835 1076 927 1115 nos
950 1057 1070 1113 odia
1095 1055 1394 1119 concitares,
1422 1061 1471 1106 et
1495 1050 1702 1121 injuria:
1720 1047 1886 1114 dolor,
1926 1043 2046 1113 ﬁdei
2077 1042 2218 1111 ﬁeret

642 1170 659 1210 )
664 1173 696 1225 ρ
702 1154 915 1224 prcssio.

703 1244 792 1300 Ill.
836 1243 1004 1314 Hujus
1053 1248 1171 1297 erat
1200 1237 1399 1309 ingenii
1446 1232 1797 1303 Theophilus,
1853 1230 2036 1300 sicque
2090 1236 2217 1282 tunc

634 1336 891 1406 temporis
917 1334 1204 1398 animatus,
1234 1340 1430 1384 caetera
1470 1326 1683 1396 pietatis
1705 1325 1855 1394 juxta
1894 1330 2056 1390 alque
2094 1333 2219 1376 eru-

634 1428 849 1482 ditionis
889 1425 1142 1481 laudibus
1179 1423 1411 1477 maxime
1460 1417 1704 1488 insignis.
1757 1413 1991 1470 Isidorus
2037 1421 2216 1465 autem

633 1523 738 1586 ille,
768 1532 928 1590 quem
956 1516 1024 1572 ad
1053 1516 1313 1572 Joannem
1341 1511 1706 1580 adlegaverat,
1735 1517 1790 1562 et
1819 1505 1972 1574 cujus
2003 1502 2220 1558 volebat

633 1629 791 1682 opera
820 1614 1071 1667 incensos
1119 1609 1327 1663 animos
1359 1603 1606 1666 delinire,
1652 1613 1836 1655 merus
1873 1605 1990 1652 erat
2033 1596 2220 1665 Orige-

632 1706 790 1769 nista,
821 1702 1046 1758 Joannis
1083 1707 1141 1754 et
1171 1697 1372 1752 Bullini
1401 1695 1638 1765 partibus
1671 1692 1911 1760 impense
1951 1688 2216 1753 addictus,

633 1794 916 1849 turbandis
941 1792 1174 1861 denique
1209 1789 1390 1856 rebus,
1429 1802 1587 1856 quam
1614 1781 1998 1852 componendis
2023 1780 2216 1848 aptior.

634 1891 764 1943 Ante
797 1897 896 1940 tres
924 1900 1116 1939 menses
1142 1897 1298 1953 quam
1328 1878 1720 1948 Jerosolymam
1743 1874 2044 1937 accederet,
2075 1871 2220 1924 litte-

631 1993 722 2034 ras
749 1976 918 2042 dedit,
969 1989 1089 2045 qua:
1139 1971 1387 2042 portantis
1437 1984 1607 2022 errore
1665 1967 1806 2038 (sive
1855 1975 1911 2019 ut
1952 1962 2219 2017 Vastelius

633 2068 918 2140 legendum
963 2074 1202 2125 autumat
1243 2066 1294 2117 in
1325 2061 1590 2115 Vindiciis
1644 2067 1901 2127 portantes
1953 2065 2216 2117 terrorem,

633 2176 808 2230 neque
835 2159 979 2214 enim
1022 2158 1155 2213 satis
1184 2156 1359 2226 placet
1389 2161 1646 2222 portantes
1672 2166 1891 2204 errorem
1922 2146 2058 2219 [Lib.
2079 2155 2215 2200 cont.

635 2249 838 2322 Joan.],
865 2248 1008 2321 quod
1041 2248 1160 2303 libri
1196 2245 1415 2314 quidem
1457 2258 1647 2299 omnes
1688 2241 1905 2312 habent)
1961 2239 2220 2294 Vincentio

632 2344 933 2414 Presbytero
980 2341 1192 2396 reddita:
1237 2348 1374 2403 sunt,
1416 2338 1596 2408 quibus
1646 2335 2004 2391 cohortabatur
2041 2334 2221 2388 ducem

633 2437 878 2492 exercitus
907 2433 1006 2498 sui,
1041 2442 1094 2486 ut
1118 2447 1272 2501 super
1297 2439 1508 2500 ‘petram
1557 2427 1676 2491 ﬁdei
1705 2427 1834 2497 (hoc
1881 2427 2078 2496 quippe
2122 2439 2222 2480 n0-

637 2525 780 2580 mine
809 2523 1207 2594 Origenismum
1240 2521 1495 2589 donabat)
1522 2519 1689 2586 stabili
1716 2517 2003 2589 persisteret
2030 2517 2217 2586 gradu,

637 2633 728 2670 nec
754 2616 1085 2687 Ilieronymi,
1119 2614 1343 2683 ejusque
1367 2622 1690 2668 sectatorum
1720 2611 1870 2665 minis
1900 2620 2171 2665 terreretur
2203 2625 2223 2665 :

637 2709 930 2778 pollicitus,
959 2707 1121 2762 etiam
1148 2716 1421 2776 antequam
1445 2704 1707 2774 legationis
1751 2711 1876 2756 esset
1919 2701 2027 2754 ulla
2054 2701 2223 2770 suspi-

637 2802 736 2868 cio,
769 2800 1061 2855 alluturum
1101 2813 1160 2855 se
1205 2796 1517 2868 propediem
1545 2795 1611 2850 ad
1651 2809 1853 2850 cuneos
1881 2795 2222 2849 adversario-

638 2907 759 2947 rum
799 2890 1175 2962 proterendos.
1225 2887 1491 2954 Quomodo
1531 2886 1754 2956 (aiebat)
1800 2889 1970 2956 fumus
2013 2885 2066 2939 in
2110 2900 2226 2939 aere

637 2983 952 3049 dissolvitur,
980 2991 1029 3036 et
1053 2997 1168 3036 cera
1193 2980 1262 3034 ad
1288 2981 1526 3034 viciniam
1561 2980 1694 3051 ignis
1717 2980 1943 3050 liquescit
1968 2994 1988 3032 :
2015 2979 2089 3032 ita
2130 2978 2238 3032 diso‘

638 3077 942 3146 sipabuntur
985 3074 1072 3143 qui
1113 3089 1310 3144 semper
1350 3070 1726 3127 Ecclesiasticte
1759 3071 1880 3140 ﬁdei
1917 3067 2220 3134 resistentes,

639 3185 772 3224 nunc
809 3185 896 3240 per
937 3168 1164 3223 homines
1191 3165 1448 3236 simplices
1471 3165 1617 3236 (puta
1659 3164 1969 3236 Monachos)
2001 3165 2227 3218 eamdem

641 3262 796 3328 ﬁdem
818 3259 1098 3326 inquietare
1143 3267 1416 3311 conantur.
1449 3257 1515 3312 Et
1557 3257 1825 3326 designari
1869 3257 2085 3326 quidem
2129 3271 2228 3326 per

641 3351 821 3404 ducem
847 3349 1096 3402 exercitus
1125 3346 1424 3410 Bullinum,
1468 3362 1534 3401 ex
1574 3346 1657 3402 his
1709 3346 1994 3401 manifesto
2039 3347 2226 3416 liquet,

642 3457 762 3510 anc
793 3440 981 3494 eadem
1010 3439 1122 3492 fere
1153 3437 1316 3492 verba
1348 3438 1400 3490 in
1445 3452 1570 3491 eum
1621 3438 1826 3506 profert
1872 3439 2229 3508 Hieronymus

643 3533 737 3588 lib.
774 3530 860 3587 IlI.
891 3529 1166 3600 Apologia:
1205 3528 1294 3583 ubi
1319 3528 1388 3582 dc
1419 3527 1522 3582 illis
1555 3527 1742 3583 Isidori
1772 3530 1982 3592 litteris,
2018 3528 2103 3583 Ne
2126 3531 2232 3583 ira-

647 3634 841 3691 scatur,
880 3622 1069 3692 inquit,
1102 3623 1146 3676 is
1174 3622 1281 3686 tibi,
1307 3625 1394 3692 qui
1423 3630 1600 3675 contra
1636 3620 1835 3692 Papam
1882 3621 2230 3692 Epiphaniam

644 3717 714 3770 ad
749 3725 796 3770 te
822 3713 1082 3785 Epistolas
1110 3712 1353 3784 dirigens,
1391 3712 1710 3777 hortabatur,
1743 3723 1797 3768 ut
1835 3730 2153 3782 permaneres
2177 3716 2232 3770 in

647 3807 768 3877 ﬁdei
791 3808 1018 3873 veritate,
1055 3815 1103 3860 et
1131 3821 1232 3860 non
1273 3814 1494 3858 mutares
1531 3805 1639 3860 ullo
1671 3814 1860 3859 terrore
1881 3806 2180 3860 sententiam
2209 3823 2228 3862 .'

645 3916 760 3972 quae
781 3899 1016 3970 Epistola
1038 3897 1357 3968 Italograplta
1379 3905 1575 3951 tenetur
1594 3896 1656 3950 ab
1678 3897 1777 3962 Itis,
1798 3895 1867 3949 ad
1887 3913 2011 3966 quos
2034 3897 2232 3964 perlata

647 4001 744 4058 est,
774 3991 1027 4045 nimirum
1053 4005 1086 4042 a
1119 3987 1384 4042 Vincentio
1412 3986 1737 4058 Presbytero.
1769 3986 1851 4042 Ad
1883 3988 2024 4042 hunc
2052 3988 2234 4058 itaque

651 4082 866 4140 modum
918 4081 1186 4136 animatus
1240 4080 1386 4135 venit
1433 4080 1679 4150 egregius
1725 4080 1830 4135 iste
1871 4081 2015 4150 pacis
2043 4095 2234 4150 seque-

647 4186 760 4234 ster
788 4191 804 4233 :
832 4173 1097 4231 Joannem
1123 4173 1345 4244 ejusque
1372 4171 1610 4227 asseclas
1637 4171 1768 4238 adit,
1798 4171 2232 4243 legationemque

646 4282 798 4325 suam
844 4264 1140 4322 renuntiat.
1190 4263 1315 4318 Adit
1358 4263 1521 4318 etiam
1553 4262 1835 4334 Theophili
1877 4265 2094 4318 nomine
2131 4245 2246 4318 ite-'

650 4375 765 4414 eum
795 4374 857 4414 ac
887 4358 1045 4413 tertio
1075 4355 1482 4425 Hieronymum,
1529 4353 1623 4409 sed
1664 4355 1980 4409 commissas
2019 4353 2121 4410 sibi
2166 4353 2230 4408 ad

653 4457 790 4502 nunc
819 4449 1002 4503 literas
1044 4445 1270 4502 reddere
1310 4460 1583 4514 nunquam
1614 4445 1797 4502 voluit.
1833 4445 2114 4514 Quumque
2151 4444 2235 4500 di-

649 4548 794 4595 ceret
818 4539 876 4595 S.
917 4540 1094 4604 Pater,
1137 4535 1196 4592 Si
1236 4538 1428 4607 legatus
1453 4554 1526 4600 es,
1549 4537 1703 4590 redde
1727 4538 1994 4608 legationis
2021 4537 2202 4608 Episto

655 4639 725 4688 las
758 4633 842 4688 :si
871 4630 1131 4702 Epistolas
1175 4647 1275 4685 non
1305 4632 1479 4694 habes,
1510 4630 1759 4700 quomodo
1787 4631 2005 4702 legatum
2045 4641 2092 4685 te
2118 4648 2236 4702 pro-

647 4727 831 4781 dabis?
858 4723 1142 4794 Respondit
1171 4739 1224 4778 se
1252 4723 1435 4776 habere
1461 4722 1662 4794 quidem
1690 4723 1864 4777 literas
1889 4739 1908 4777 :
1939 4723 2234 4795 adjuratum

647 4829 814 4870 tamen
882 4816 944 4869 ab
1004 4813 1445 4885 Jerosolgmorum
1504 4812 1798 4883 Episcopo,
1869 4831 1932 4870 ne
1995 4832 2080 4869 eas
2121 4818 2236 4871 red-

649 4909 786 4960 deret
839 4904 1020 4976 (Ibid.
1051 4903 1091 4975 ).
1147 4905 1222 4960 Ila
1273 4903 1572 4959 studiosum
1619 4919 1679 4958 se
1728 4904 1950 4961 Joannis
2004 4907 2234 4962 manife-

649 5006 734 5052 sto
776 4997 1027 5067 prodens,
1058 5011 1208 5067 spem
1242 4995 1388 5066 pacis
1427 5011 1642 5051 onmem
1674 4999 1924 5066 peremit,
1961 5014 2125 5069 reque
2155 5001 2237 5055 in-

651 5087 787 5144 lecta
835 5089 1104 5144 discessit.
1151 5088 1453 5144 Discedenti
1502 5087 1736 5144 Joannes
1783 5091 2100 5161 Apologiam
2138 5108 2236 5164 pro

647 5195 744 5235 sua
785 5195 946 5236 causa
991 5181 1058 5236 ad
1097 5180 1456 5251 Theophilum
1506 5180 1852 5236 deferendam
1892 5183 2039 5239 dedit
2090 5203 2103 5240 :
2150 5186 2235 5241 cui

649 5273 1032 5328 concinnandae
1055 5289 1274 5344 operam
1303 5273 1417 5343 ipse
1457 5289 1606 5327 suam
1639 5274 1871 5329 Isidorus
1897 5277 2224 5344 contulerat,

648 5373 704 5416 ut
731 5363 864 5415 idem
889 5374 1036 5428 esset,
1062 5363 1512 5432 quemadmodum
1540 5364 1894 5437 Hieronymus
1915 5369 2227 5436 exprobrat,

649 5462 695 5506 et
738 5453 952 5505 dictator
990 5463 1036 5505 et
1062 5453 1263 5518 bajulus
1317 5455 1579 5509 literarum
1625 5455 1835 5528 (lbid.).
1891 5459 1998 5514 Has
2039 5459 2240 5516 deinde

650 5542 860 5596 litteras
886 5540 1028 5595 idem
1065 5541 1520 5614 Jerosolymorum
1567 5547 1865 5619 Episcopus
1902 5565 2235 5620 quaquaver-

608 5644 616 5656 '
649 5645 770 5685 sum
813 5630 977 5698 misit,
1019 5639 1180 5699 utque
1215 5648 1310 5701 per
1353 5643 1522 5690 totum
1554 5639 1740 5693 orbem
1779 5640 2226 5712 dilfunderentur,

650 5723 956 5800 prascrtim
999 5737 1133 5780 vero
1172 5733 1230 5778 ut
1273 5725 1676 5782 Occideiuatium
1715 5730 2048 5790 Sacerdotum
2089 5747 2234 5794 αανεε

1919 291 1973 346 8.
2019 280 2394 344 ΙΙΙΕΒΟΝΥΜΙ
2436 281 2614 338 νιτΑ.

3819 279 3916 354 liii

2327 405 2710 459 commoveret,
2758 408 2969 461 summa
2998 393 3174 452 studio
3204 396 3332 466 egit.
3375 395 3431 464 In
3470 397 3578 453 illis
3609 400 3909 469 appetitum

2327 504 2386 544 se
2412 489 2480 542 ab
2510 488 2812 558 Epiphanio
2842 504 2937 557 per
2957 502 3220 542 summam
3247 489 3520 557 injuriam.
3545 490 3768 558 minime,
3792 509 3919 548 vero

2331 582 2399 634 ob
2426 581 2674 634 violatam
2723 581 2827 634 ulla
2873 596 2936 636 ex
2993 589 3140 650 parte
3185 580 3525 650 Origcnianis
3575 583 3937 652 dogmatibus.

2331 671 2508 734 (idem,
2542 687 2604 726 ex
2635 687 2699 726 eo
2739 672 3074 741 potissimum
3105 673 3436 736 declarabat,
3472 673 3615 743 quod
3643 689 3796 728 suam
3829 676 3920 750 ille

2326 765 2764 820 communionem
2809 780 3082 834 nunquam
3125 765 3415 835 refugerat.
3468 765 3698 820 Proinde
3729 766 3922 832 Hiero-

2329 872 2571 927 nymum,
2605 865 2788 926 totque
2817 874 2938 913 cum
2970 873 3036 912 eo
3074 857 3456 912 JIonaclmrum
3503 858 3720 932 choros,
3767 863 3918 930 quasi

2329 948 2584 1004 factiosos
2615 949 2882 1014 homines,
2913 959 3073 1018 atque
3103 949 3286 1003 hostes
3313 949 3555 1018 publicos
3580 951 3918 1014 traducebat.

2399 1041 2487 1097 IV.
2532 1041 2639 1096 Nec
2683 1057 2811 1096 sane
2845 1058 2930 1096 res
2961 1044 3097 1096 male
3127 1058 3190 1095 ex
3231 1041 3454 1098 luatuiis
3484 1044 3750 1106 sententia
3797 1059 3918 1097 sue-

2325 1133 2505 1196 cessit,
2531 1144 2825 1202 occupatus
2871 1133 3134 1204 siquidem
3184 1134 3330 1186 hisce
3360 1134 3476 1200 eius
3525 1133 3720 1193 literis.
3753 1144 3919 1204 atque

2328 1223 2512 1283 Isidori
2541 1224 3056 1282 insusurratiouibus
3079 1225 3362 1292 TheOphili
3385 1226 3598 1280 animus
3618 1243 3762 1295 mgre
3780 1228 3922 1282 ferre

2325 1317 2471 1370 visus
2517 1326 2620 1383 est,
2669 1317 3058 1389 Hieronymum
3094 1320 3244 1388 pacis
3269 1318 3628 1385 conditiones,
3674 1321 3740 1374 ad
3785 1335 3922 1391 quas

2327 1407 2474 1462 illum
2508 1424 2602 1476 per
2629 1409 2862 1478 legatum
2905 1426 3060 1465 suum
3107 1410 3447 1476 invitaverat,
3494 1416 3784 1482 respuisse.
3820 1413 3920 1474 Diu

2327 1500 2484 1570 igitur
2510 1504 2844 1574 multumque
2879 1504 2998 1571 fuit,
3041 1520 3206 1574 quum
3252 1506 3427 1560 nullas
3470 1507 3536 1562 ad
3565 1522 3688 1562 cum
3734 1508 3921 1562 literas

2326 1595 2492 1659 dedit,
2526 1613 2700 1667 neque
2728 1597 2797 1651 ab
2837 1598 2926 1653 illo
2955 1599 3182 1668 scriptas
3219 1599 3286 1654 ad
3314 1614 3372 1654 se
3404 1599 3512 1656 ullo
3541 1614 3807 1667 responso
3837 1599 3921 1654 di-

2326 1701 2516 1757 gnatus
2538 1699 2640 1743 est.
2670 1690 2775 1745 Sed
2813 1707 3103 1762 numquam
3141 1701 3318 1748 tamen
3358 1695 3426 1748 ab
3460 1693 3652 1748 officiis
3681 1695 3922 1751 cessavit

2328 1780 2384 1834 8.
2419 1780 2595 1845 Pater,
2626 1789 2680 1836 et
2723 1782 3022 1838 subiratum
3062 1794 3248 1840 contra
3291 1801 3352 1840 se
3387 1785 3542 1840 malis
3569 1785 3916 1840 adversario-

2326 1888 2444 1927 rum
2485 1873 2913 1943 instigationibus
2944 1876 3114 1932 virum
3149 1888 3343 1932 caetera
3371 1878 3586 1933 eximiis
3623 1880 3921 1934 virtutibus

2329 1968 2628 2037 prwditum,
2679 1970 2870 2039 suique
2917 1981 3073 2026 antea
3113 1972 3410 2026 studiosum
3441 1972 3692 2039 delinire,
3727 1985 3781 2028 et
3806 1990 3916 2044 qua

2328 2074 2498 2119 voce.
2548 2075 2651 2130 qua
2699 2061 2914 2131 scriptis
2960 2065 3305 2132 interpellare
3355 2079 3626 2132 nunquam
3679 2065 3916 2121 destitit.

2327 2150 2564 2206 Tandem
2593 2161 2647 2207 et
2694 2154 2818 2208 vicit
2859 2154 3066 2210 crebris
3111 2155 3301 2212 officiis
3344 2155 3640 2220 hominem,
3669 2159 3758 2226 qui
3791 2158 3921 2212 diu-

2330 2252 2543 2299 turnum
2583 2247 2853 2301 silentium
2896 2249 3056 2317 rupit,
3097 2257 3146 2302 et
3189 2249 3503 2304 subamaras
3532 2247 3773 2317 quidem,
3817 2250 3922 2306 sed

2331 2337 2513 2392 literas
2556 2348 2734 2394 tamen
2785 2340 2852 2394 ad
2898 2339 2958 2395 S.
3007 2341 3289 2395 Doctorem
3332 2341 3501 2395 dedit.
3555 2341 3613 2396 In
3655 2340 3740 2395 his
3789 2358 3920 2397 eum

2329 2430 2500 2498 primo
2555 2430 2622 2485 de
2664 2446 2938 2486 sacrorum
2989 2431 3264 2487 Canonum
3315 2431 3650 2486 observantia
3707 2444 3923 2498 mouet,

2328 2521 2468 2590 quod
2499 2522 2746 2577 nimirum
2791 2523 3055 2594 Episcopo
3083 2539 3179 2578 suo
3207 2523 3654 2595 Jerosolymitauo
3684 2540 3791 2578 non
3821 2526 3927 2580 ob-

2329 2623 2662 2682 sequeretur,
2707 2614 2865 2684 eique
2904 2615 3342 2680 communicaret,
3384 2623 3439 2670 et
3481 2613 3699 2670 fratrem
3736 2616 3924 2676 Pauli-

2331 2706 2550 2759 nianum
2599 2707 2701 2762 rite
2743 2707 3048 2762 ordinatum
3093 2708 3461 2764 contenderet.
3510 2709 3672 2775 Queri
3723 2708 3930 2766 deinde

2331 2799 2558 2864 videtur,
2612 2799 2755 2868 quod
2807 2800 3130 2870 Origeniano
3180 2802 3402 2866 nomini,
3448 2800 3670 2870 ejusque
3718 2801 3930 2870 ingenii

2331 2889 2662 2965 amatoribus
2709 2906 2877 2961 usque
2922 2892 3058 2947 adeo
3113 2892 3377 2946 infensum
3429 2908 3488 2946 se
3531 2902 3770 2962 gereret,
3829 2893 3928 2948 ubi

2332 2979 2537 3034 nullum
2569 2979 2718 3036 Fidei
2749 2981 3086 3052 dispendium
3113 2991 3274 3037 esset.
3314 2982 3440 3038 llaec
3477 2997 3574 3038 nos
3604 2985 3932 3052 excepimus

2331 3074 2682 3142 querimonias
2725 3075 2922 3143 potius,
2975 3089 3132 3143 quam
3175 3075 3528 3130 arnicitiarum
3582 3083 3637 3130 et
3680 3076 3930 3130 benevo-

2333 3163 2512 3217 lentia:
2557 3165 2706 3234 signa
2738 3181 2802 3219 ex
2853 3166 3130 3235 ipsiusmet
3168 3163 3226 3221 S.
3274 3166 3445 3222 Patris
3473 3169 3825 3237 responsione
3855 3169 3934 3230 ad

2333 3254 2717 3324 Theophilum,
2754 3272 2872 3327 qua:
2913 3258 3088 3313 locum
3132 3259 3187 3314 in
3228 3259 3540 3314 recensione
3571 3270 3752 3314 nostra
3796 3260 3936 3331 Epi-

2335 3347 2592 3401 stolarum
2638 3356 2784 3402 tenet
2827 3348 3016 3406 LXIII.
3049 3358 3103 3406 et
3145 3365 3302 3420 quam
3353 3349 3457 3405 huc
3505 3351 3711 3406 referre
3741 3367 3935 3420 operte

2336 3439 2567 3508 pretium
2595 3449 2697 3495 est.
2729 3440 2981 3508 Meminit,
3027 3442 3216 3510 inquit,
3262 3440 3532 3496 Beatitudo
3558 3453 3666 3509 tua,
3701 3444 3840 3513 quod
3871 3461 3938 3499 eo

2338 3521 2580 3597 tempore,
2621 3548 2718 3607 quo
2759 3534 3013 3587 nobiscum
3059 3532 3276 3597 tacebas,
3328 3550 3601 3604 numquam
3645 3537 3708 3588 ab
3749 3521 3943 3604 officiis

2336 3639 2474 3676 meus
2502 3639 2664 3677 sermo
2691 3625 2954 3678 cessaverit
2985 3640 3004 3678 :
3031 3641 3121 3679 nec
3149 3625 3568 3679 consideraverim
3603 3626 3726 3696 quid
3751 3637 3803 3679 tu
3831 3643 3942 3696 pro

2338 3699 2710 3782 dispensatione
2738 3723 2855 3768 tunc
2884 3715 3093 3791 faceres,
3138 3716 3224 3770 sed
3265 3715 3386 3785 quid
3426 3733 3504 3770 me
3533 3718 3704 3787 facere
3741 3734 3946 3772 conre-

2338 3808 2485 3860 niret.
2518 3807 2586 3860 Et
2616 3825 2749 3880 nunc
2778 3811 2993 3877 sumptis
3038 3799 3487 3880 Dignationisitute
3521 3809 3785 3880 Epistolis,
3807 3797 3947 3880 fru-

2337 3890 2474 3952 ctum
2521 3903 2740 3970 aliquem
2776 3901 2967 3970 cepisse
3005 3919 3083 3956 me
3127 3903 3268 3956 video
3310 3902 3630 3973 Evangelij
3671 3903 3948 3960 lectionis.

2340 3990 2409 4045 Et
2442 3981 2601 4072 paulo
2637 4004 2778 4062 post,
2821 3992 2972 4058 Quod
2998 3994 3062 4048 de
3089 3993 3379 4050 Canonibus
3412 3993 3786 4048 Ecclesiasticis
3816 4013 3952 4051 nio-

2339 4083 2448 4148 nes,
2477 4085 2668 4154 gratias
2690 4085 2888 4155 agimus
2915 4103 2934 4140 :
2963 4102 3119 4158 quem
3151 4087 3294 4142 enim
3320 4087 3493 4158 diligit
3526 4088 3782 4143 Dominus
3807 4104 3961 4143 cor-

2342 4165 2487 4250 ripit,
2521 4187 2577 4234 et
2619 4177 2854 4249 ﬂagellat
2885 4195 3098 4235 omnem
3130 4180 3316 4246 lilium,
3362 4196 3520 4252 quem
3561 4181 3772 4252 recipit.
3819 4183 3958 4237 Sed

2341 4279 2509 4324 tamen
2551 4271 2677 4324 scito
2708 4271 2849 4325 nobis
2899 4273 3028 4325 nihil
3075 4290 3180 4344 esse
3220 4273 3498 4348 antiquius,
3541 4290 3694 4344 quam
3738 4273 3964 4331 Christi

2338 4363 2454 4433 jura
2484 4377 2702 4424 servare,
2732 4378 2822 4416 nec
2843 4363 3058 4416 Patrum
3090 4363 3367 4434 transferre
3408 4366 3664 4428 terminos,
3696 4381 3964 4434 semper-

2343 4467 2434 4518 que
2461 4452 2763 4517 meminisse,
2812 4451 3097 4507 Romanam
3135 4455 3309 4524 ﬁdem,
3353 4456 3642 4524 Apostolico
3683 4472 3770 4508 ore
3809 4455 3965 4511 lau-

2342 4543 2535 4606 datam,
2567 4545 2714 4612 cujus
2737 4562 2791 4599 se
2827 4561 2935 4601 esse
2975 4548 3274 4616 participem
3303 4547 3650 4604 Alexandrina
3698 4546 3974 4608 Ecclesia

2343 4637 2606 4706 gloriatur.
2645 4638 2919 4709 Denique:
2947 4638 3118 4709 Super
3141 4641 3339 4711 nefaria
3371 4641 3551 4696 hieresi
3581 4640 3868 4710 (Origvnia
3887 4663 3978 4695 im

2347 4730 2543 4800 otique)
2570 4731 2707 4801 quod
2731 4731 2941 4785 multam
2967 4733 3263 4800 patientiam
3294 4735 3445 4803 geris,
3479 4742 3526 4788 et
3554 4743 3704 4800 putas
3747 4733 3937 4787 Eccl..-

2343 4823 2430 4876 siie
2483 4826 2752 4880 visceribus
2809 4825 3102 4880 incubantes
3148 4839 3236 4880 tua
3275 4843 3421 4896 posse
3458 4829 3649 4897 corrigi
3697 4828 3976 4896 leuitate,

2358 4918 2514 4972 uultis
2559 4918 2764 4973 Sanctis
2793 4920 3045 4988 displicet,
3088 4936 3151 4973 ne
3194 4916 3317 4973 dum
3360 4929 3635 4990 paucorum
3678 4921 3974 4987 pwuitcrr

2347 5009 2464 5059 tiam
2503 5009 2834 5076 praestolaris,
2869 5010 3064 5064 nutrias
3089 5010 3359 5065 audaciam
3399 5011 3732 5081 perditorum,
3771 5021 3821 5065 et
3872 5017 3978 5081 fa-

2345 5098 2441 5151 ctio
2468 5099 2720 5152 robustior
2745 5099 2854 5166 ﬁat.
2889 5101 3012 5155 Haec
3041 5101 3165 5156 data
3202 5111 3286 5157 est
3318 5103 3553 5171 Epistula
3581 5116 3727 5155 anno
3768 5104 3980 5163 circi-

2346 5197 2424 5242 ter
2471 5190 2594 5253 597;
2645 5189 2748 5244 hoc
2801 5191 3050 5245 nimirum
3099 5194 3273 5262 spatio
3329 5193 3606 5260 temporis,
3657 5193 3714 5246 in
3771 5196 3980 5263 cujus

2343 5281 2696 5337 describenda
2726 5283 2945 5338 historia
2973 5271 3272 5348 versamur,
3307 5293 3364 5337 ut
3392 5284 3521 5336 satis
3551 5283 3853 5340 manifesto
3916 5291 4004 5350 in

2341 5372 2748 5442 Chronologicis
2777 5372 2842 5427 ad
2869 5389 2986 5429 eam
3019 5373 3168 5428 Notis
3189 5375 3543 5428 ostendimus.

2416 5464 2502 5519 IV.
2543 5465 2647 5520 Sed
2677 5475 2730 5520 et
2763 5465 2866 5520 alia
2912 5466 3070 5536 paqu
3098 5477 3244 5531 ante,
3285 5465 3354 5520 ab
3382 5481 3522 5519 anno
3549 5467 3756 5522 scilicet
3799 5468 4000 5532 395.

2343 5557 2533 5613 mediis
2560 5558 2611 5612 in
2643 5558 3083 5614 altercationibus
3109 5559 3324 5626 scripsit
3349 5557 3406 5613 8.
3430 5558 3612 5624 Pater,
3642 5576 3768 5630 qua:
3809 5564 4018 5630 here

2345 5653 2395 5706 in
2429 5667 2588 5706 unum
2615 5665 2899 5706 recensere
2931 5649 3167 5703 historiae
3187 5650 3354 5705 series
3385 5658 3546 5718 atque
3581 5651 3723 5706 ordo
3763 5655 4025 5732 ξιιιηη,

2346 5745 2528 5800 Pt'iol‘t‘.
2576 5746 2693 5798 loco
2734 5743 2881 5798 Venit
2937 5741 3179 5812 Epistola
3227 5739 3292 5795 ad
3345 5741 3654 5798 Marcellam
3703 5763 4026 5820 uitiae",
