4050 6188
153 271 253 337 Μ

156 390 443 454 praeolat;
473 383 617 463 LiX.
641 400 741 471 qua
781 394 983 449 sancta:
1026 386 1241 444 feminae
1271 389 1562 460 respondet
1588 404 1735 461 qua:-

153 475 286 539 renti
314 476 459 531 inter
484 488 699 540 caetera,
726 479 852 551 quid
883 478 1013 534 illud
1044 480 1135 546 sit,
1166 482 1307 551 quod
1350 499 1438 551 per
1467 482 1734 535 transitum

152 564 201 618 in
250 567 361 641 ejus
410 566 687 643 qusculis
730 570 926 645 legisse
975 571 1226 627 dicebat:
1257 575 1391 645 quod
1436 573 1603 644 Agni,
1644 574 1733 643 qui

149 665 279 710 stant
306 632 572 741 adea-tris,
602 668 650 715 et
838 661 924 737 qui
950 671 1081 716 stant
1111 681 1143 716 a
1171 665 1411 729 sinistris,
1457 664 1731 719 Christiani

148 758 303 804 essent
330 760 478 822 atque
510 740 861 825 βεηιιίθέίεί
884 772 986 809 non
1027 755 1194 826 potius
1224 754 1340 810 boni
1372 767 1417 809 et
1447 758 1588 813 mali.
1621 757 1730 812 Re-

146 842 372 910 spondet
403 824 603 910 autem,
636 843 739 925 poc
768 860 827 900 se
853 848 1135 925 scripsisse
1162 847 1474 917 aliquando,
1510 850 1728 906 minime

144 932 355 1000 quidem
393 928 664 1009 recordari
710 954 724 990 :
766 948 1023 1008 quantmn
1073 948 1248 995 tamen
1284 940 1505 1007 dictauti
1549 942 1728 997 subito

143 1027 415 1095 memoriae
462 1028 721 1097 occurrit,
767 1030 1005 1085 secundo
1033 1043 1221 1089 contra
1249 1033 1588 1089 Jovinianum
1632 1050 1728 1089 vo-

139 1116 338 1172 lumine
375 1120 445 1189 ab
470 1136 529 1175 se
554 1123 740 1176 nescio
770 1122 899 1193 quid
939 1124 1115 1180 simile
1143 1125 1495 1197 disputatum.
1529 1126 1725 1196 Conje-

136 1208 303 1262 cimus
320 1210 462 1287 adeo
487 1227 589 1283 nos
614 1213 674 1268 S.
705 1214 876 1269 Patris
898 1216 1188 1286 Epistolam
1216 1217 1453 1289 (quando
1476 1219 1726 1289 propiora

132 1301 187 1349 ait
219 1315 422 1355 verum
468 1316 785 1374 argumenta
818 1321 925 1359 non
950 1300 1338 1380 suppetebant)
1381 1318 1501 1382 post
1525 1312 1729 1381 aliquot

131 1405 324 1458 annos,
382 1396 522 1448 duos
550 1406 699 1464 puta,
729 1406 822 1450 aut
850 1406 957 1453 tres
996 1399 1065 1454 ab
1094 1402 1324 1457 exaratis
1364 1388 1547 1457 contra
1586 1402 1732 1458 Jovi-

130 1485 352 1541 nianum
383 1486 559 1553 libris,
595 1504 718 1543 nam
743 1506 918 1560 neque
947 1493 1072 1559 alia,
1104 1510 1263 1565 quam
1295 1510 1415 1566 qua:
1442 1495 1495 1550 in
1525 1492 1725 1577 Praefat-

129 1575 272 1631 tione
316 1576 852 1645 Commentariorum
891 1583 945 1636 in
992 1582 1182 1639 Jonam
1241 1596 1626 1651 memorantur,
1671 1575 1726 1642 et

128 1669 193 1722 ab
238 1683 390 1723 anno
436 1668 545 1724 592
574 1669 641 1724 ad
673 1671 780 1727 595
810 1673 1121 1729 elucubrata
1161 1685 1304 1744 sunt,
1339 1678 1547 1733 videtur
1575 1670 1719 1734 Mar-

128 1759 262 1813 cella
294 1774 406 1829 pra:
435 1762 610 1815 oculis
658 1770 782 1816 tunc
828 1763 1080 1818 habuisse
1110 1782 1124 1818 :
1156 1780 1330 1834 neque
1359 1766 1716 1837 Hieronymus

128 1852 195 1905 ita
222 1866 416 1906 recens
455 1853 699 1923 vulgatos
740 1853 838 1907 abs
866 1869 926 1910 se
964 1864 1150 1910 contra
1178 1855 1514 1911 Jovinianum
1543 1856 1711 1913 libros

126 1942 410 2012 signiﬁcat,
454 1953 512 2003 ιιι
552 1961 666 2000 rem
705 1947 886 2001 animo
916 1948 1200 2025 repetenti,
1233 1948 1323 2023 ille
1370 1948 1583 2005 demum
1630 1950 1711 2005 lo-

122 2048 213 2088 cus
280 2044 611 2092 occurreret.
651 2036 753 2093 Per
798 2036 939 2107 idem
989 2048 1217 2115 tempus,
1268 2039 1382 2097 sive
1430 2041 1550 2113 ipso
1601 2040 1708 2097 595

123 2137 354 2182 exeunte
394 2142 559 2194 anno,
611 2129 790 2184 subito
821 2129 955 2187 febri
1006 2140 1284 2202 correptus
1333 2133 1563 2189 eximius
1614 2133 1707 2189 ille

124 2218 436 2274 Altiniensis
485 2219 743 2279 Ecclesia:
790 2220 973 2287 decor,
1021 2222 1075 2279 in
1122 2239 1230 2295 quo
1275 2241 1380 2307 uno
1426 2222 1707 2291 Clericalis

121 2310 239 2363 vita:
277 2320 596 2369 ornamenta
640 2315 816 2381 otnnia
853 2316 1088 2391 reposita
1135 2317 1473 2382 videbantur,
1524 2317 1702 2389 Nepo-

121 2402 295 2458 tianus
336 2404 484 2463 diem
531 2406 686 2471 obiit.
718 2407 846 2461 Erat
888 2408 962 2467 illi
1004 2409 1115 2483 jam
1165 2409 1291 2465 inde
1336 2424 1366 2463 a
1418 2425 1604 2479 puero,
1649 2419 1706 2465 ut

119 2494 310 2561 sepius
359 2506 633 2551 narratum
682 2499 930 2568 superius
985 2508 1087 2565 est,
1143 2500 1505 2572 Hieronymus
1555 2501 1702 2575 omni

119 2584 390 2645 voluntate
416 2586 837 2657 addictissimus,
866 2590 1157 2647 accedente
1197 2592 1262 2647 ad
1299 2603 1521 2661 caeteras
1563 2593 1699 2649 San-

118 2677 184 2731 cti
213 2678 578 2745 adolescentis
608 2681 816 2747 laudes,
848 2699 967 2755 qua:
1002 2700 1239 2740 amorem
1276 2686 1344 2741 a‘b
1380 2687 1560 2741 invitis
1598 2702 1695 2743 ex-

117 2778 443 2840 torquereut,
487 2784 668 2829 vetere
693 2776 942 2843 avunculi
991 2777 1419 2848 ejus-lieliodori
1466 2796 1585 2835 cum
1632 2780 1687 2837 S.

115 2862 342 2923 Doctore
377 2867 634 2935 amicitia,
676 2884 795 2939 qua:
822 2885 1010 2926 causas
1058 2871 1446 2928 benevolentia:
1491 2874 1693 2928 condn-

114 2958 353 3025 plicaret.
394 2960 633 3033 Denique
675 2977 797 3016 cum
846 2963 981 3034 ipse,
1024 2964 1244 3020 luctante
1272 2970 1461 3030 anima,
1511 2982 1691 3038 supre-

114 3064 219 3102 mas
240 3049 354 3117 jam
384 3066 546 3107 voces
569 3054 863 3121 emitteret,
888 3055 1222 3127 apprehensa
1251 3059 1495 3112 avunculi
1531 3075 1691 3114 manu

113 3140 520 3197 necessitudinis
557 3158 679 3209 cum
708 3143 1031 3217 Hieronymo
1064 3146 1396 3213 recordatus,
1428 3149 1580 3214 lianc,
1609 3148 1690 3202 in-

109 3233 234 3299 quit,
279 3236 508 3288 tunicam
551 3251 653 3305 qua
695 3237 867 3290 utebar
905 3239 958 3291 in
1006 3239 1280 3307 ministerio
1318 3239 1521 3304 Christi,
1553 3240 1692 3294 mitte

111 3326 426 3381 dilectissimo
455 3328 601 3394 milii,
631 3338 776 3383 (etate
805 3330 962 3399 patri,
994 3330 1159 3403 ‘fratri
1195 3331 1424 3402 collegio,
1467 3339 1511 3384 et
1535 3332 1687 3402 quid-

110 3418 219 3484 quid
254 3435 287 3471 ιε
335 3429 384 3472 te
430 3420 600 3489 nepoti
627 3419 893 3491 debebatur
914 3420 1148 3493 aﬂ'ectus,
1177 3423 1229 3476 in
1255 3423 1398 3477 illum
1442 3423 1682 3492 transfer,

108 3525 240 3576 quem
287 3527 487 3565 mecum
529 3512 719 3582 pariter
759 3514 1021 3587 diligebas.
1065 3515 1227 3584 Atque
1268 3515 1321 3569 in
1369 3516 1491 3568 talia
1540 3514 1687 3569 verba

105 3600 295 3670 defecit,
323 3604 565 3659 avunculi
585 3620 809 3683 manum,
839 3606 933 3660 mei
960 3604 1314 3683 (Iiieronymi)
1339 3606 1685 3663 recordatione

103 3702 425 3747 contrectans.
456 3694 639 3764 Itaque
671 3696 761 3750 illo
784 3696 851 3765 ad
880 3712 1107 3768 superos
1135 3699 1413 3765 translato,
1446 3714 1551 3753 non
1580 3714 1680 3769 po.

102 3784 191 3838 tuit
226 3784 285 3840 S.
320 3785 481 3849 Pater
520 3787 647 3856 quin
695 3787 865 3843 vicem
905 3803 1077 3865 suam,
1125 3798 1180 3845 et
1215 3790 1370 3845 amici
1408 3790 1678 3846 Heliodori

100 3874 310 3942 doleret,
340 3893 508 3949 seque
531 3889 585 3933 et
612 3878 784 3946 illum,
809 3878 981 3950 quoad
1011 3879 1126 3961 ejus
1154 3878 1267 3937 ﬁeri
1300 3890 1526 3952 poterat,
1551 3897 1679 3937 con-

100 3969 380 4034 solaturus,
413 3968 468 4022 in
511 3968 744 4024 defuncti
777 3969 1021 4025 laudibus
1047 3971 1387 4026 celebrandis
1413 3975 1673 4045 tantisper

101 4062 475 4129 acquiesceret.
508 4062 750 4135 Arripuit
789 4063 966 4133 itaque
1002 4065 1222 4136 stylum,
1252 4074 1306 4121 et
1343 4064 1454 4145 LX.
1494 4068 1544 4121 in
1575 4084 1671 4123 no-

100 4163 197 4209 stra
224 4156 545 4210 recensione
594 4155 890 4225 Epistolam
930 4155 997 4211 ad
1044 4156 1393 4212 Heliodorum
1437 4159 1668 4229 scripsit,

100 4258 206 4312 (tum
228 4255 284 4301 ut
310 4249 367 4302 in
397 4247 809 4318 Cbronologicis
837 4248 902 4305 ad
933 4264 1050 4304 eam
1077 4249 1251 4314 Notis,
1281 4250 1353 4305 ita
1385 4250 1544 4305 debet
1572 4251 1676 4305 ini-

103 4336 167 4388 tio
193 4339 314 4391 anni
340 4338 472 4405 596,
506 4340 873 4411 initio‘adﬁgi,
906 4350 963 4409 ut
992 4356 1167 4413 neque
1194 4342 1421 4397 ulterius
1447 4341 1671 4411 diﬁ'erri,

101 4428 226 4493 quod
272 4430 471 4496 passim
523 4430 668 4491 docti
716 4430 960 4487 homines
997 4432 1219 4497 iaciunt,
1270 4445 1444 4504 neque
1485 4446 1673 4488 rursus

102 4519 321 4588 μηδι)οηὶ
361 4520 489 4589 jure
534 4521 725 4591 possit.
770 4523 1095 4595 Argumenta
1139 4524 1333 4593 quibus
1371 4523 1422 4578 id
1449 4522 1673 4580 evicisse

102 4605 235 4667 nobis
264 4614 533 4683 videmur,
566 4616 1121 4684 recolendaomnino,
1154 4626 1317 4689 atque
1355 4617 1459 4672 huc
1500 4628 1673 4672 trans-

102 4697 298 4759 icrenda
345 4714 495 4771 sunt,
528 4721 598 4761 ne
638 4706 828 4761 iisdem
872 4707 1177 4781 repetendis
1215 4708 1486 4779 longiores
1515 4723 1670 4779 aequo

98 4793 267 4862 εὶιιιιιε,
290 4807 347 4853 et
376 4797 524 4855 ﬁlum
554 4796 877 4871 abrumpere
917 4815 1141 4857 necesse
1166 4801 1235 4856 sit
1256 4800 1490 4856 historia:
1509 4816 1667 4875 quam

100 4889 333 4945 teximus.

154 4981 212 5037 γ.
258 4982 349 5038 Ab
379 4982 478 5039 hac
508 4986 848 5058 panegyriea,
890 4996 948 5042 ut
974 4987 1047 5043 ita
1090 4987 1285 5057 dicam,
1328 4986 1565 5058 Epistola
1598 4988 1668 5044 ad

97 5072 538 5132 Co'nmentarium
563 5078 930 5133 adornandum
954 5081 1005 5135 in
1035 5080 1226 5137 Jonam
1250 5096 1310 5138 se
1337 5082 1566 5137 contulit
1604 5080 1663 5138 S.

96 5163 255 5229 Pater.
287 5169 433 5240 quod
476 5185 613 5240 opus
656 5171 794 5226 intra
831 5175 959 5227 anni
990 5174 1095 5231 396
1140 5175 1274 5229 ﬁnes
1322 5174 1663 5245 conjicimus,

98 5255 203 5313 licet
220 5263 611 5334 subsequentis
638 5265 785 5318 initia
814 5265 1075 5333 attigisse,
1116 5276 1171 5322 et
1201 5267 1353 5321 nobis
1379 5266 1510 5337 ipsis
1538 5282 1664 5336 per-

94 5362 290 5409 suasum
316 5354 616 5425 aliquando
643 5354 826 5420 fuerit,
851 5365 905 5411 et
930 5372 1061 5427 quas
1085 5357 1141 5413 S.
1180 5358 1296 5426 ipse
1324 5358 1482 5412 Pater
1505 5357 1668 5412 ratio-

96 5456 177 5500 nes
202 5447 300 5503 init
325 5448 381 5505 in
410 5448 673 5520 Prologo,
723 5449 962 5505 indicare
1002 5451 1299 5505 videantur.
1346 5451 1665 5516 Triennium,

95 5537 259 5611 inquit,
279 5544 483 5599 circiter
508 5543 688 5614 ﬂuxit,
723 5552 989 5613 postquam
1023 5546 1241 5616 quinque
1271 5542 1554 5611 Prop/tetas
1584 5541 1669 5594 in-

94 5637 364 5701 terpretatus
402 5653 546 5699 sunt,
593 5633 891 5703 Michwam,
934 5633 1137 5705 Naum,
1188 5636 1409 5698 Abacuc,
1455 5632 1663 5704 Sapha-

94 5726 223 5795 ιὲαιπ,
253 5730 538 5801 Aggteam;
566 5736 617 5787 et
642 5727 748 5783 alio
790 5744 939 5800 opere
979 5729 1208 5798 detentus
1250 5744 1352 5781 non
1394 5726 1534 5799 potui
1564 5725 1663 5781 im-

1435 277 1492 334 s.
1535 272 1915 363 tpEnQNYut
1952 274 2141 361 virs.

3332 306 3434 363 106

1846 390 1983 457 plere
2002 392 2138 461 quod
2160 410 2410 465 creperum
2439 413 2459 453 :
2484 402 2664 472 scripsi
2690 406 2820 461 enint
2848 408 3025 466 librum
3048 413 3111 467 de
3131 414 3430 478 Illnstribns

1850 478 2004 549 Viris,
2048 494 2095 539 et
2126 487 2391 545 adversum
2419 491 2749 551 Iovinianum
2792 501 2890 555 duo
2925 506 3200 575 volumina,
3229 512 3427 583 Apolo-

1838 574 2055 641 geticum
2083 594 2301 651 quoque,
2343 592 2390 637 et
2430 585 2495 638 de
2534 584 2743 657 Optimo
2766 607 2945 661 genere
2968 574 3330 668 interpretandi
3355 608 3426 663 ad

1839 660 2258 737 Pammachium,
2300 681 2348 726 et
2390 675 2462 762 id
2512 660 2879 750 Nepotianum,
2920 686 2998 739 vel
3025 660 3109 741 de.
3133 660 3426 762 Nepotiane

1837 754 1965 813 duos
1994 759 2170 825 libros,
2201 771 2249 817 et
2273 765 2379 820 alia
2392 751 2523 838 ’ᾇιιω
2544 785 2841 829 enumerare
2861 775 3069 847 longum
3089 791 3184 835 est.
3213 751 3423 845 Scilicet

1834 845 2118 918 Nepotiani
2160 852 2522 924 Epitaphium,
2568 862 2657 931 qui
2704 862 2843 921 liber
2871 845 2984 922 sive
3024 868 3265 939 Epistola
3308 892 3423 932 ver.

1834 940 1916 996 bis
1957 942 2021 997 de
2058 942 2351 1014 Nepotiano
2404 950 2689 1021 indicatur,
2721 964 2777 1011 et
2810 973 2969 1028 quem
3010 976 3110 1019 nos
3150 966 3277 1021 anni
3319 970 3427 1027 596

1832 1028 1985 1086 initio
2013 1033 2334 1105 al'tigendmn
2364 1039 2619 1109 diximus,
2659 1054 2716 1100 ut
2745 1063 2918 1118 neque
2948 1052 3175 1112 ulterius
3200 1058 3422 1131 dill'erri,

1833 1134 2008 1190 neque
2051 1139 2240 1181 rursus
2283 1134 2522 1201 praeponi
2554 1134 2664 1197 ullo
2705 1140 2865 1194 modo
2893 1145 3081 1211 possit.
3116 1149 3271 1207 Adeo
3300 1169 3422 1209 cum

1832 1223 1862 1261 a
1908 1212 2148 1279 priorum
2201 1220 2439 1290 quinque
2488 1224 2876 1296 Prophetarum
2929 1234 3378 1308 interpretatione
3407 1292 3420 1311 ,

1834 1300 2060 1407 ipsoque
2086 1306 2225 1363 libro
2253 1310 2322 1366 de
2351 1312 2491 1370 Viris
2519 1316 2838 1390 lllustribus,
2861 1326 2927 1381 ad
2960 1300 3119 1399 hujus
3146 1300 3418 1407 Epitaph'i

1833 1391 2294 1455 elucubrationem
2322 1403 2487 1474 (quod
2514 1417 2597 1463 est
2623 1410 2691 1466 ab
2718 1426 2906 1472 θηοιο
2932 1427 2989 1473 ut
3013 1391 3244 1480 multum
3279 1391 3417 1483 ain...

1965 1488 2031 1541 ad
2061 1491 2211 1588 59d)
2238 1494 2355 1563 plus
2399 1514 2557 1567 quam
2588 1502 2799 1562 triennii
2828 1512 3055 1578 spatium
3085 1517 3411 1588 intercedat,

1828 1574 1987 1674 idque
2008 1593 2107 1648 per
2130 1582 2511 1657 Hieronymum
2539 1605 2729 1661 putare
2758 1574 2937 1669 liceat,
2971 1607 3059 1674 qui
3099 1574 3408 1670 circiterad:

1825 1667 2008 1722 verbio
2040 1685 2168 1726 usus
2195 1684 2277 1729 est
2306 1697 2320 1731 :
2353 1678 2492 1735 haud
2526 1691 2705 1740 tamen
2733 1688 2858 1745 licet
2897 1667 2965 1748 ad
2988 1667 3402 1770 subsequentett

1821 1770 1988 1827 usque
2016 1765 2304 1831 septimum
2334 1782 2491 1840 supra
2536 1783 2968 1840 trecentesimum
3000 1765 3407 1861 nonagesimum

1816 1860 2121 1915 excurrere,
2156 1865 2214 1909 ut
2239 1859 2369 1914 satis
2398 1862 2497 1917 sibi
2527 1865 2615 1920 illa
2645 1874 2899 1940 temporis
2927 1881 3132 1935 notatio
3156 1859 3401 1944 constet.

1815 1937 1985 1993 Aliter
2006 1941 2117 2010 jam
2159 1961 2263 2001 non
2309 1951 2582 2008 triennium
2612 1937 2874 2019 diceres.
2916 1966 3077 2025 Pater
3104 1937 3400 2046 demisit;

1814 2030 1907 2085 sed
1961 2036 2349 2103 quadriennium
2399 2059 2419 2097 :
2465 2046 2515 2100 in
2557 2064 2715 2118 quam
2760 2053 3044 2115 lectionem
3091 2065 3184 2133 qui
3224 2030 3403 2126 locum

1815 2122 1930 2189 ejus
1955 2125 2246 2184 sollicitare
2283 2147 2446 2190 ausus
2473 2147 2556 2192 est
2596 2142 2679 2195 vir
2706 2155 2885 2201 cetera
2925 2122 3290 2225 doctissimus,
3324 2170 3404 2216 te-

1812 2229 1960 2267 mere
1990 2228 2043 2272 et
2073 2231 2259 2276 contra
2293 2225 2551 2284 librorum
2588 2236 2828 2292 omnium
2861 2241 3018 2297 ﬁdem
3056 2248 3185 2316 egit,
3218 2259 3275 2303 ut
3301 2266 3402 2309 suo

1809 2320 1909 2360 nos
1937 2307 2055 2364 loco
2084 2315 2439 2374 ostendimus.
2472 2321 2584 2377 Hoc
2619 2324 2799 2395 igitur,
2843 2343 3042 2401 quanto
3070 2307 3284 2407 quidem
3311 2307 3402 2399 se;

1808 2396 1918 2451 rius
1950 2399 2091 2466 licet,
2143 2405 2245 2460 hoc
2273 2416 2450 2465 tamen
2479 2427 2639 2478 anno,
2670 2429 2793 2487 post
2831 2396 3029 2479 circiter
3067 2396 3284 2487 triennio
3308 2436 3398 2490 in-

1809 2495 2075 2558 terceptos
2104 2491 2157 2547 in
2186 2497 2418 2555 minores
2440 2502 2739 2576 Prophetas
2764 2510 3211 2587 Commentarios,
3236 2523 3395 2582 Pam-

1803 2580 1997 2636 machii
2027 2587 2277 2653 precibus
2301 2604 2586 2663 superatus
2611 2598 2679 2654 ad
2718 2600 2909 2661 Jonam
2934 2580 3307 2679 explicandum

1798 2674 2040 2731 contulit.

1871 2766 2046 2824 Facile
2076 2772 2236 2829 etiam
2261 2776 2437 2833 eidem
2480 2780 2839 2856 Pammachio,
2882 2792 2984 2848 sibi
3028 2809 3151 2853 cum
3196 2802 3387 2869 primis

1795 2860 2239 2929 conjunctissimo
2264 2909 2278 2934 ,
2324 2886 2459 2941 Opus
2506 2876 2822 2948 inscripsit:
2852 2889 3063 2942 tametsi
3118 2890 3171 2943 in
3197 2860 3384 2950 -editis

1794 2949 1965 3016 libris,
1994 2964 2049 3009 et
2068 2958 2262 3025 quibus
2289 2965 2510 3033 contigit
2537 2967 2602 3019 ad
2647 2969 2788 3023 hanc
2817 2971 2965 3027 diem
3005 2976 3082 3029 uti
3111 2993 3243 3032 mss.
3276 2949 3383 3036 mi?

1793 3041 1938 3096 nime
1966 3044 2054 3099 ille
2077 3047 2314 3115 quidem,
2347 3052 2444 3106 sed
2488 3055 2774 3112 Cromatius
2816 3060 2965 3130 Papa
3003 3070 3300 3125 oenembilis
3325 3072 3381 3129 in

1793 3131 2115 3191 Praelatione
2146 3142 2520 3209 compellatur.
2564 3146 2806 3205 Diximus
2852 3152 2951 3208 hac
2990 3170 3088 3212 nos
3115 3158 3183 3213 de
3222 3177 3283 3217 re
3322 3164 3380 3221 in

1790 3223 1942 3280 Notis
1970 3227 2036 3282 ad
2073 3243 2194 3284 eum
2226 3231 2403 3288 locum
2436 3252 2450 3289 :
2482 3252 2626 3294 nunc
2669 3241 2836 3309 aliud,
2883 3261 2983 3303 nec
3011 3264 3142 3308 sane
3184 3266 3379 3324 praner

1791 3316 2337 3392 verisimilitudinem,
2380 3327 2433 3382 in
2467 3340 2702 3388 mentem
2733 3338 2900 3392 venit.
2934 3339 3116 3399 Fuerit
3150 3347 3276 3403 olim
3320 3352 3375 3408 in

1788 3409 1968 3480 aliquo
1992 3415 2283 3485 exemplari
2311 3419 2569 3489 scriptum
2592 3423 2872 3495 Cliromati,
2897 3446 2996 3501 pro
3016 3450 3123 3505 quo
3147 3454 3375 3498 monue-

1787 3502 1856 3556 rit
1883 3503 2227 3575 Antiquarius
2268 3509 2335 3580 ad
2382 3512 2499 3568 libri
2533 3530 2682 3573 oram
2725 3502 3044 3581 Pamtnaclti’
3078 3533 3369 3590 restituen-

1784 3592 1909 3647 dum
1954 3612 1968 3648 :
2010 3596 2145 3652 alius
2186 3601 2276 3670 qui
2315 3606 2586 3675 exemplar
2643 3610 2769 3666 illud
2806 3614 2906 3669 sibi
2953 3617 3370 3683 describendum

1783 3689 2028 3758 sumpsit,
2062 3693 2262 3763 literas,
2305 3710 2644 3773 mentemque
2670 3706 2807 3775 ejus,
2839 3711 2927 3778 qui
2963 3718 3366 3787 emendaverat,

1780 3793 1886 3832 non
1917 3793 2257 3853 assequutus,
2291 3792 2489 3857 putarit
2530 3793 2599 3847 ibi
2628 3799 3044 3865 compendiariis
3088 3809 3231 3861 notis
3258 3826 3367 3867 non

1782 3866 2084 3927 Pammachi
2111 3876 2569 3949 (quandoquidem
2594 3883 2936 3943 Chromatius
2961 3891 3015 3945 in
3039 3901 3192 3948 textu
3225 3899 3369 3967 iege-

1779 3962 1957 4037 batur)
1987 3967 2079 4021 sed
2108 3968 2257 4041 Papa
2288 3970 2601 4031 Venerabilis
2620 3978 2934 4049 signiﬁcari,
2964 3986 3107 4055 quod
3130 3997 3185 4043 et
3207 3962 3366 4060 hujus

1781 4058 1993 4126 pr0pria
2013 4059 2233 4116 honoris
2247 4064 2562 4134 signiﬁcatio
2585 4080 2688 4138 est,
2711 4081 2766 4127 et
2786 4075 3189 4135 similitudinem
3218 4058 3365 4139 litte-

1779 4164 1957 4204 rarum
1988 4153 2273 4221 quamdam
2305 4157 2487 4225 habet,
2519 4173 2681 4231 atque
2730 4164 2846 4220 haec
2895 4169 3032 4225 adeo
3073 4174 3233 4227 verba
3268 4193 3365 4246 pro

1779 4242 1995 4298 nomine
2034 4243 2131 4297 illo
2174 4245 2469 4306 intruserit.
2504 4252 2573 4307 Ut
2601 4263 2663 4309 ut
2692 4255 2937 4313 habuerit
2976 4275 3036 4317 se
3073 4278 3180 4331 res,
3215 4242 3363 4323 certe

1779 4334 1919 4391 hunc
1947 4352 1976 4390 a
2005 4354 2063 4393 se
2094 4336 2256 4395 fuisse
2297 4341 2639 4401 Pammachio
2668 4350 2979 4421 inscriptum
3009 4354 3361 4416 Commenta.

1778 4427 1934 4493 rium,
1963 4443 2210 4486 asserere
2240 4432 2354 4502 ipse
2397 4435 2524 4489 alibi
2560 4434 2795 4495 Sanctus
2826 4442 2984 4500 Pater
3008 4447 3239 4518 videtur,
3276 4455 3363 4511 ubi

1774 4516 1948 4586 ipsum
1989 4519 2267 4589 alloquens
2298 4526 2528 4581 amicum
2559 4543 2734 4613 suum,
2779 4531 2968 4601 Tertio,
3016 4516 3361 4613 inquit,7post

1775 4609 1911 4680 longi
1940 4614 2180 4681 temporis
2221 4616 2474 4672 silentium
2512 4605 2727 4677 Abdiam
2761 4634 2808 4678 et
2842 4625 3032 4685 Ionam
3070 4605 3158 4687 tibi
3190 4605 3362 4704 vitupe-

1773 4703 1911 4755 ranti
1939 4703 2183 4760 edisserui
2205 4707 2390 4780 (Praef.
2417 4712 2505 4764 lib.
2540 4712 2659 4771 Ill.
2690 4722 2742 4770 ιιι
2775 4720 2971 4794 Amos).
3001 4724 3108 4778 Sed
3137 4732 3193 4779 et
3236 4703 3361 4794 pitt-

1775 4793 1923 4848 ribus
1964 4793 2051 4851 hic
2098 4797 2248 4853 locus
2295 4800 2695 4861 difﬁcultatibus
2739 4793 3011 4867 obnoxius
3052 4823 3157 4879 est,
3201 4793 3255 4870 et
3306 4829 3357 4873 ut

1773 4898 1916 4955 srepe
1942 4887 2074 4942 alias
2104 4889 2358 4953 diximus,
2385 4903 2438 4946 et
2464 4895 2653 4951 dicturi
2677 4899 2813 4953 infra
2844 4918 3048 4967 sumus,
3072 4909 3355 4963 commodo

1773 4994 1905 5049 OpllS
1924 4980 2083 5036 habet
2108 4982 2403 5053 interprete
2434 5005 2446 5040 :
2476 4999 2565 5041 aut
2589 5000 2693 5043 tota
2726 4992 2908 5046 isthmc
2934 4994 3000 5047 de
3014 4994 3352 5056 Commenta~

1773 5073 1854 5125 rio
1884 5073 1934 5126 in
1977 5073 2166 5129 Jonam
2214 5076 2457 5140 historia,
2497 5082 2799 5148 depravatis
2831 5086 3025 5139 alicubi
3066 5088 3355 5159 interpola-

1774 5171 1949 5218 torum
1977 5164 2161 5222 fraude
2192 5168 2533 5231 testimoniis,
2564 5173 2810 5238 componi
2830 5176 3047 5243 ’neqnit.
3090 5178 3355 5239 Cancrum

1771 5256 1995 5327 insignis
2021 5260 2071 5312 in
2098 5275 2209 5314 rem
2242 5272 2479 5314 nostram
2513 5261 2659 5315 locus
2684 5272 2767 5317 est
2794 5264 2845 5317 in
2872 5276 3033 5336 caput
3060 5268 3125 5324 ll.
3155 5287 3220 5327 ex
3251 5290 3358 5345 quo

1771 5347 1948 5403 adhuc
1975 5348 2294 5419 Origenismi
2328 5349 2645 5406 factionibus
2674 5356 2923 5422 agitatam
2950 5358 3358 5437 Jerosolymita-

1768 5426 1894 5496 itam
1926 5443 2237 5507 Ecclesiam,
2283 5457 2405 5496 cum
2444 5458 2507 5498 ea
2537 5447 2795 5504 scriberet
2825 5450 3049 5512 Sanctus
3099 5459 3254 5517 Pater
3289 5465 3360 5523 de

1772 5534 2116 5604 corruptione
2150 5542 2204 5589 et
2232 5535 2637 5604 incorruptione
2663 5553 2975 5613 corporum,
3007 5550 3190 5621 liquet.
3220 5554 3355 5627 Hoc,

1773 5630 1965 5698 inquit,
2004 5626 2084 5682 illi
2124 5625 2490 5700 (Origenistar)
2538 5631 2607 5684 ad
2653 5631 2979 5695 Occasionem
3021 5660 3127 5699 sua:
3168 5625 3360 5705 ducunt

1773 5723 2037 5790 luereseos,
2077 5731 2131 5778 ut
2167 5721 2259 5778 sub
2298 5736 2513 5791 persona
2553 5724 2745 5787 Christi
2775 5733 3077 5790 mentiantur
3102 5736 3364 5795 Antichri-
