4050 6188
614 359 715 446 toi

615 517 773 570 stunt,
805 495 1055 556 Ecclesiae
1088 489 1306 546 teneant,
1336 485 1387 529 ut
1420 479 1638 528 ventrem
1677 459 2064 537 pinguissimum
2102 468 2198 506 nu-

1932 549 2175 570 unum“,

618 549 773 570 .......,

618 599 793 658 triant,
823 600 869 645 et
896 580 1163 642 carnaliter
1197 573 1432 634 viventes,
1468 570 1644 618 contra
1687 568 1890 610 carnem
1919 549 2195 616 disputent.

1571 653 1583 658 “
1673 649 1707 658 “
1744 647 1755 658 ⁸
1869 645 1878 654 ⁹
1896 657 1899 658 ν
1967 641 1981 658 I
1997 656 2010 658 _
2023 639 2062 658 Ρ.
2076 650 2171 658 -,,

618 688 852 744 Joannes
887 675 1109 735 scilicet,
1152 666 1375 736 ejusque
1417 653 1634 714 assecla:
1668 645 1914 718 Origenis
1950 639 2203 695 defenso-

618 793 725 840 res,
771 781 944 840 neque
985 762 1130 820 enim
1172 735 1336 813 alium
1369 763 1530 822 quam
1578 744 1901 814 Episcopum
1946 735 2206 790 denotant

618 863 778 921 verba
821 866 876 913 ut
916 851 1174 910 Ecclesiae
1203 852 1426 908 teneant,
1458 831 1907 911 quemadmodum
1930 823 2206 883 erroribus

619 957 856 1016 irretitos
883 942 1223 1019 Origenianis
1245 940 1331 995 illa
1361 943 1538 990 contra
1567 943 1770 986 carnem
1796 925 2088 992 disputent;
2113 914 2210 969 sci-

620 1060 731 1105 tum
757 1052 844 1102 est
881 1041 1050 1104 enim,
1089 1031 1236 1106 quod
1273 1043 1398 1086 cum
1432 1035 1717 1093 corporum
1762 1009 2207 1071 resurrectionem

542 1137 562 1196 ἔ
621 1138 775 1196 fateri
830 1138 1188 1204 cogerentur,
1251 1133 1467 1178 carnem
1524 1112 1803 1168 nominare
1849 1099 2206 1172 refugiebant.

623 1233 983 1301 Hieronymus
1033 1226 1220 1276 contra
1264 1213 1552 1273 Joannem,
1602 1203 1669 1257 ad
1704 1195 2026 1267 decipiendus
2065 1203 2210 1242 aures

1731 1292 1743 1308 ‘
1785 1287 1972 1308 ~-’-‘--—-
2013 1295 2209 1308 ---.......

539 1323 546 1328 ’
625 1321 967 1398 ignorantium
992 1313 1162 1370 novies
1186 1321 1393 1377 corpus,
1433 1309 1481 1355 et
1508 1315 1569 1353 ne
1591 1292 1743 1351 semel
1771 1287 1975 1360 quidem
2007 1295 2211 1336 carnem

1310 1395 1351 1398 η
1684 1385 1696 1396 .
1749 1397 1755 1398 γ
1955 1373 2183 1398 *ΑΜ-,η

543 1491 547 1493 _
931 1406 1172 1474 Denique
1217 1373 1490 1453 Bullinum
1547 1385 1767 1459 propius
1814 1379 1905 1435 illa
1955 1373 2214 1446 perstrin-

623 1514 777 1580 gunt,
806 1511 860 1558 ut
883 1461 1105 1556 ventrem
1133 1487 1520 1564 pinguissimum
1555 1477 1804 1538 nutriant,
1837 1483 1996 1541 quem
2020 1461 2214 1534 saepius

623 1563 1002 1656 alibi-Sanctus
1028 1563 1208 1652 Pater,
1239 1583 1476 1654 pinguem
1496 1583 1542 1629 et
1568 1569 1786 1627 nitidum
1808 1574 1855 1621 et
1881 1563 2003 1617 bene
2037 1564 2217 1612 curata

624 1700 740 1746 cute
763 1686 1039 1744 hominem
1063 1677 1222 1733 ridet.

700 1740 996 1834 vlt—Aenit
1021 1780 1235 1840 quoque
1259 1760 1458 1834 stylum
1490 1769 1586 1826 per
1613 1751 1729 1806 haec
1763 1756 2003 1815 tempora
2030 1740 2218 1795 IIiero-

628 1883 824 1946 nymus
849 1869 905 1923 in
932 1859 1307 1934 Vigilantium,
1331 1852 1422 1923 qui
1447 1863 1570 1906 cum
1597 1853 1722 1899 ante
1751 1840 1918 1895 ferme
1946 1834 2218 1891 biennium

1371 1943 1380 1946 -
1492 1941 1503 1946 -
1657 1935 1692 1946 ..
1769 1932 1800 1946 ..
1847 1931 1859 1942 .
2009 1924 2218 1946 ,μη-,-

628 1924 769 2034 apud
809 1972 934 2016 eum
975 1924 1162 2008 fuisset
1199 1949 1254 2003 in
1295 1941 1598 2001 Palzestina,
1656 1931 1864 1989 Paulini
1907 1936 1967 1983 ut
2009 1924 2220 1979 videtur

631 2020 824 2109 litteris
851 2041 1276 2103 commendatus,
1317 2033 1419 2090 sibi
1451 2032 1564 2101 ipse
1593 2025 1782 2091 defuit,
1813 2020 2122 2087 nullumque
2155 2027 2222 2068 ex

631 2144 725 2200 illo
771 2134 1122 2197 contubernio
1172 2141 1331 2200 atque
1379 2120 1639 2190 exemplis
1687 2112 2068 2171 monachorum
2114 2106 2223 2160 fru-

631 2245 776 2290 ctum
803 2226 1040 2301 percepit
1071 2241 1084 2277 :
1117 2195 1262 2277 unde
1278 2228 1333 2274 et
1363 2215 1480 2286 ipso
1510 2225 1616 2281 quo
1653 2206 1962 2263 advenerat,
1991 2199 2072 2252 vel
2099 2195 2227 2251 sub-

633 2323 874 2398 sequenti
899 2319 1143 2392 proxime
1186 2326 1326 2368 anno
1347 2307 1481 2378 ,ejus
1517 2311 1772 2374 pertaesus
1800 2295 1922 2349 vita:
1956 2288 2223 2346 discessit.

634 2382 832 2477 Fuerat
857 2382 943 2469 hic
981 2407 1220 2466 subdola:
1250 2401 1443 2458 mentis
1467 2397 1629 2452 homo
1657 2391 1869 2446 natione
1894 2383 2078 2441 Gallus
2105 2382 2227 2451 (lia-

634 2469 1125 2575 ro'n'iursliispanum
1139 2497 1307 2569 putat)
1324 2487 1531 2559 Sulpitii
1548 2483 1732 2542 Severi
1749 2479 1816 2535 ad
1838 2469 2228 2532 PaulinumNo-

638 2603 843 2666 Ianum,
870 2563 1232 2654 etPauliniad
1266 2563 1645 2652 llicronymum
1670 2575 1966 2629 litterarum
1982 2563 2224 2635 portitor,

639 2705 799 2764 atque
820 2692 1011 2746 horum
1039 2685 1265 2740 fortasse
1301 2671 1622 2733 testimoniis
1644 2666 1878 2729 inﬂatus,
1905 2660 2024 2716 aliis
2051 2658 2229 2712 fucum

639 2756 861 2851 fecerat,
884 2793 938 2838 et
963 2781 1031 2836 ad
1059 2775 1466 2846 Presbyteratus
1501 2776 1715 2836 quoque
1753 2756 1975 2829 gradum
2014 2759 2232 2808 evectus

639 2891 741 2938 est.
773 2879 908 2934 Cum
937 2869 1229 2931 Betltlecmi
1255 2864 1395 2936 apud
1427 2861 1484 2918 8.
1527 2859 1810 2913 Doctorem
1851 2849 2226 2908 diversaretur,

640 2971 878 3037 Ruflino,
909 2976 967 3023 ut
993 2964 1252 3025 creditur,
1293 2968 1452 3012 aures
1477 2941 1922 3006 accommodavit,
1950 2950 2121 3006 eoque
2141 2948 2235 2988 au-

641 3075 788 3122 ctore
817 3063 1200 3130 llieronymum
1227 3045 1502 3118 deSpectui
1546 3039 1797 3096 habuisse
1827 3036 1877 3088 in
1911 3045 1977 3087 eo
2015 3028 2233 3090 dicitur,

642 3157 786 3231 quod
811 3163 865 3211 et
892 3121 1070 3222 legere
1097 3146 1273 3216 palam
1300 3135 1544 3207 Origenis
1575 3131 1759 3193 libros,
1803 3134 1858 3181 et
1897 3121 2049 3192 sequi
2093 3132 2237 3174 erro-

643 3210 736 3308 ;es
777 3210 1016 3301 auderet.
1061 3210 1161 3294 Cui
1203 3234 1260 3290 8.
1304 3231 1502 3285 Doctor
1545 3225 1671 3279 licet
1709 3217 1892 3274 multis
1928 3210 2238 3268 satisfacere

647 3337 1035 3400 contendisset,
1079 3325 1222 3384 haud
1262 3332 1441 3378 tamen
1491 3312 1777 3387 persuasit,
1823 3309 1938 3364 sive
1988 3304 2238 3360 edomare

648 3433 903 3491 effrcnem
942 3393 1058 3492 ejus
1102 3413 1302 3488 ingenii
1353 3408 1622 3466 licentiam
1653 3402 1817 3458 valuit
1849 3417 1862 3454 :
1893 3397 2022 3468 quin
2065 3393 2240 3464 potius

651 3523 720 3578 ab
745 3521 862 3591 ipso
903 3528 997 3584 per
1045 3517 1310 3564 summam
1356 3497 1605 3569 injuriam
1652 3492 1920 3547 Increseos
1963 3491 2242 3542 accusatus

653 3574 840 3678 est,'in
869 3612 1093 3672 eamque
1137 3599 1438 3669 pertractus
1481 3582 1907 3642 criminationem
1949 3587 2004 3632 et
2040 3574 2244 3631 calum-

655 3708 799 3764 niam
824 3697 1028 3755 amicus
1053 3691 1168 3763 ejus
1195 3685 1460 3748 Oceanus,
1505 3678 1595 3751 qui
1637 3677 1804 3731 Roma
1834 3681 1958 3726 tunc
1989 3666 2244 3737 temporis

656 3816 716 3855 se
744 3757 1098 3852 transtulerat
1131 3785 1184 3838 in
1226 3775 1585 3836 Palaestinam.
1613 3767 1798 3836 Neque
1837 3762 2006 3830 magis
2033 3757 2247 3828 acquie-

659 3895 736 3948 vit
760 3889 851 3946 ille
892 3877 1201 3940 testimonio
1243 3868 1688 3940 Presbyterorum
1732 3853 1996 3913 Vincentii
2031 3861 2086 3907 et
2111 3850 2248 3905 Pau-

661 3944 845 4040 liniani
869 3975 982 4048 (qui
1012 3983 1140 4027 tunc
1171 3967 1308 4021 forte
1335 3977 1368 4018 e
1392 3960 1570 4031 Cypro
1609 3953 1992 4022 Hieronymum
2029 3944 2246 4001 fratrem

662 4068 940 4136 inviserat)
989 4074 1162 4132 neque
1203 4056 1415 4112 demum
1463 4045 1677 4105 Eusebii
1725 4039 2106 4100 Cremonensis
2151 4049 2249 4106 pro

663 4175 810 4224 recta
838 4161 896 4218 8.
920 4129 1098 4214 Patris
1134 4150 1236 4206 lide
1272 4145 1525 4218 judicium
1555 4147 1638 4195 est
1661 4135 1882 4194 veritus.
1920 4129 2144 4201 Recepit
2169 4137 2251 4182 ta-

667 4273 790 4314 men
820 4268 880 4308 se
906 4246 1117 4306 tandem
1143 4235 1449 4310 aliquando,
1491 4243 1545 4289 et
1573 4230 1695 4286 facti
1723 4227 2010 4300 pmnitens,
2043 4219 2251 4277 veniam

668 4353 764 4407 abs
805 4345 1134 4413 Hieronymo
1171 4332 1344 4405 petiit,
1376 4325 1659 4394 eidemque
1703 4320 1773 4376 de
1813 4313 2252 4378 Resurrcctione,

670 4443 844 4510 deque
871 4432 1049 4490 carnis
1070 4426 1297 4483 veritate
1320 4417 1484 4475 verba
1515 4412 1750 4478 facienti,
1775 4407 2022 4465 manibus
2045 4413 2098 4460 et
2123 4415 2257 4458 voce

673 4525 956 4602 applausit.
1001 4522 1076 4575 Ita
1119 4517 1234 4572 sive
1261 4527 1326 4568 ex
1371 4509 1551 4563 animo
1577 4501 1974 4564 reconciliatus,
2018 4497 2130 4552 sive
2173 4509 2262 4549 re-

674 4613 1100 4680 conciliationem
1125 4604 1404 4666 simulans,
1427 4597 1658 4654 decessit
1695 4609 1727 4650 e
1758 4591 2045 4648 Palaestina
2069 4605 2083 4642 :
2107 4587 2261 4656 cujus

674 4717 944 4772 discessus
985 4712 1202 4759 causam
1240 4694 1406 4750 satius
1445 4689 1598 4745 duxit
1632 4686 1990 4754 Hieronymus
2023 4681 2088 4736 ad
2124 4681 2262 4734 Pau-

678 4811 844 4865 limum
895 4800 964 4855 de
1007 4794 1100 4851 illo
1146 4787 1408 4851 scribens,
1453 4796 1610 4852 quem
1650 4777 1750 4834 sibi
1777 4773 2261 4836 commendaverat,

683 4896 888 4956 silentio
913 4884 1209 4963 przcterire,
1232 4891 1391 4949 quam
1433 4873 1633 4930 dicere.
1663 4868 1785 4936 Cur,
1813 4867 2004 4937 inquit,
2036 4863 2266 4936 Vigilan-

689 4992 782 5045 Iius
808 4955 1037 5040 tam-cito
1074 4992 1108 5030 a
1152 4970 1300 5027 nobis
1347 4968 1602 5038 profectus
1633 4961 1720 5026 sit,
1770 4967 1817 5014 et
1860 4973 1950 5012 nos
1989 4955 2264 5026 reliquerit,

687 5098 785 5137 non
810 5088 1016 5148 possum
1041 5069 1226 5132 dicere,
1257 5077 1319 5116 ne
1339 5058 1520 5115 ltedere
1547 5051 1836 5124 quempiam
1863 5050 2034 5104 videar
2059 5063 2077 5103 :
2103 5057 2270 5102 tamen

686 5140 829 5246 quasi
859 5168 1239 5239 pratereuntem
1259 5162 1305 5210 et
1327 5151 1648 5224 festinantem
1670 5145 1938 5216 paululum
1958 5140 2142 5196 retinui
2163 5148 2266 5194 etc.

688 5229 980 5333 itcgressus
1006 5263 1184 5308 autem
1211 5247 1264 5302 in
1291 5241 1657 5305 Occidentem,
1689 5244 1850 5306 atque
1894 5233 2032 5288 hanc
2061 5229 2274 5302 preprie

687 5357 849 5412 Italize
877 5357 1078 5421 partem
1113 5358 1175 5398 ac
1209 5339 1480 5410 regionem
1522 5328 1908 5404 pertransiens,
1938 5327 2070 5380 inter
2104 5323 2276 5378 Attrita

689 5417 896 5521 fluctus,
913 5439 1160 5508 Cottiique
1182 5433 1332 5502 Regis
1349 5430 1518 5499 Alpes,
1543 5426 1718 5481 denuo
1739 5423 2116 5492 Hieronymum
2138 5417 2280 5487 ejus-

692 5553 795 5608 que
820 5531 1020 5590 amicos
1048 5522 1460 5596 reprehendere,
1488 5527 1544 5574 et
1573 5527 1842 5586 tamquam
1867 5512 2146 5568 haereticos
2170 5519 2278 5562 tra-

694 5629 892 5684 ducere
930 5615 1176 5685 occmpit,
1206 5613 1331 5680 quin
1359 5611 1521 5666 etiam
1566 5609 1620 5661 in
1666 5606 1888 5675 patriam
1928 5603 2092 5659 redux
2125 5601 2282 5655 laces—

693 5735 804 5778 sere
833 5709 1049 5779 scriptis
1072 5707 1129 5762 8.
1155 5705 1460 5768 Doctorem,
1491 5710 1546 5756 et
1572 5699 1902 5753 voluminibus
1931 5696 2034 5750 suis
2072 5694 2280 5748 obruere

695 5829 803 5878 non
830 5799 1104 5868 dubitavit.
1145 5794 1373 5852 Suarum
1417 5790 1640 5865 proinde
1674 5785 1898 5856 partium
1945 5799 2064 5854 esse
2100 5783 2283 5839 existi-

1881 339 1938 399 s.
1981 325 2365 395 tuenouvut
2401 301 2590 385 νιτΑί

2309 443 2474 501 mavit
2514 440 2744 496 Sanctus
2788 435 2967 501 Pater,
3011 433 3330 502 quamquam
3371 434 3481 478 non
3507 418 3554 474 is
3579 422 3724 473 esset
3756 413 3904 480 Vigi-

2309 538 2526 599 lantius,
2554 533 2643 604 qui
2675 542 2990 600 responsum
3035 525 3350 580 mereretur,
3383 525 3610 584 purgare
3637 507 3907 562 obtrectao

2311 630 2442 684 toris
2483 619 2934 695 impudentissimi
2961 613 3331 672 accusationes
3356 615 3410 662 et
3433 599 3728 660 calumnias
3762 615 3774 650 :
3808 597 3878 650 de

2310 719 2494 790 ditque
2521 718 2588 772 ad
2617 732 2739 773 eum
2767 711 3061 784 Epistolam
3100 707 3153 760 iu
3191 703 3505 760 recensione
3533 704 3716 751 nostra
3765 688 3883 764 LXI

2315 781 2424 884 qua
2446 821 2500 867 et
2542 809 2777 880 singulas
2815 781 2934 874 ejus
2972 800 3230 870 malignas
3274 789 3659 865 postulationes
3687 781 3910 848 refellit,

2315 913 2370 962 et
2417 913 2473 959 ut
2513 899 2798 972 aliquando
2827 872 2956 952 viere-
2977 909 3045 950 ex
3091 891 3269 948 animo
3295 882 3595 954 resipiscat,
3635 884 3692 932 et
3733 872 3911 944 pmni-

2317 997 2534 1054 tentiam
2572 1002 2715 1064 agat,
2745 991 3007 1046 hortatur.
3055 981 3344 1053 Scripsisse
3385 982 3564 1029 autem
3610 983 3730 1025 eam
3769 966 3913 1021 circa

2316 1089 2441 1143 anni
2485 1086 2588 1143 596
2610 1060 2792 1140 ⁷ίίιιεξιιι
2832 1080 2915 1135 vel
2959 1070 3334 1146 subsequentis
3364 1067 3534 1131 initia,
3562 1078 3630 1120 ex
3651 1060 3915 1115 hactenus

2318 1179 2476 1235 dictis
2505 1179 2708 1248 liquet;
2735 1175 2847 1244 jam
2877 1172 3024 1228 enim
3067 1166 3301 1223 redierat
3330 1157 3645 1229 Vigilantius
3678 1154 3731 1208 in
3760 1152 3917 1207 Occi-

2319 1273 2557 1336 dentem,
2585 1281 2640 1326 et
2671 1269 2727 1325 S.
2763 1266 3007 1322 Doctoris
3031 1276 3152 1317 cum
3181 1260 3234 1314 in
3264 1256 3478 1318 itinere,
3511 1262 3620 1304 tum
3646 1249 3699 1303 in
3737 1245 3915 1316 patria

2321 1368 2514 1419 famam
2550 1361 2848 1424 atterebat;
2879 1357 3184 1412 decesserat
3229 1362 3357 1404 vero
3400 1359 3433 1400 e
3485 1340 3767 1397 Palaestina
3805 1337 3920 1391 sive

2321 1448 2619 1505 Bethleenti
2661 1421 3009 1506 monasterio,
3047 1452 3168 1493 cum
3210 1435 3430 1503 degeret
3469 1427 3540 1483 ibi
3587 1423 3765 1479 adhuc
3798 1421 3922 1474 Vin-

2326 1541 2558 1608 centius,
2585 1552 2744 1609 quem
2775 1550 2916 1590 anno
2941 1531 3069 1597 597,
3116 1527 3217 1583 nisi
3255 1525 3298 1580 si
3349 1521 3513 1578 etiam
3560 1515 3730 1571 mavis
3775 1513 3918 1567 circa

2325 1629 2679 1703 praecedentis
2709 1627 2889 1691 linem,
2920 1632 3065 1679 certe
3091 1617 3306 1690 quidem
3354 1614 3514 1666 multo
3548 1617 3772 1676 tempore
3801 1612 3921 1656 ante

2327 1695 2601 1779 iiuflinum
2630 1721 2850 1775 Romam
2907 1715 3118 1777 venisse,
3162 1725 3229 1766 ex
3278 1702 3550 1777 Apologia:
3581 1698 3720 1754 libro
3759 1695 3921 1750 tertio

2325 1814 2601 1870 discimus.

2398 1904 2510 1960 VII.
2541 1902 2792 1973 Ejusdem
2819 1907 2901 1954 est
2927 1893 3204 1964 temporis,
3237 1895 3373 1944 utet
3397 1885 3568 1942 ferme
3595 1877 3919 1952 argumenti,

2327 2004 2485 2060 quam
2509 1960 2659 2043 dedit
2684 1987 2740 2040 S.
2774 1984 2931 2038 Pater
2962 1960 3122 2034 LXII.
3152 1979 3206 2031 in
3236 1971 3548 2029 recensione
3576 1973 3756 2020 nostra
3787 1960 3922 2030 Epi-

2328 2051 2522 2137 stolam
2554 2079 2622 2134 ad
2648 2073 3097 2145 Tranquillinum,
3120 2067 3210 2139 qui
3237 2064 3305 2120 ab
3331 2078 3395 2118 eo
3420 2058 3647 2133 petierat
3665 2053 3732 2108 de
3759 2051 3925 2106 |ibro~

2330 2190 2449 2230 rum
2475 2171 2720 2244 Origenis
2749 2167 3002 2231 lectione,
3029 2171 3206 2218 utrum
3236 2153 3450 2212 vitanda
3483 2151 3570 2206 illa
3597 2146 3806 2217 penitus
3831 2157 3923 2198 es-

2331 2275 2446 2333 set,
2488 2273 2546 2320 ut
2569 2233 2870 2320 vFaustinus
2895 2256 3079 2312 nescio
3106 2253 3227 2323 quis
3253 2244 3630 2308 contendebat,
3659 2254 3747 2302 an,
3777 2233 3925 2306 quod

2282 2371 2286 2374 ‘
2332 2361 2421 2415 alii
2450 2358 2647 2431 passim
2675 2350 3087 2415 existimabant,
3120 2338 3477 2416 permittenda
3511 2351 3577 2392 ex
3612 2340 3782 2404 parte.
3826 2328 3926 2384 Coi

2333 2453 2390 2510 8.
2437 2452 2617 2514 Pater,
2660 2448 2750 2519 qui
2793 2442 3112 2501 sententiam
3158 2438 3358 2492 hancce
3402 2431 3625 2486 alteram
3670 2421 3927 2495 praeferre

2335 2557 2670 2615 nequaquam
2698 2538 2929 2604 dubitat,
2957 2545 3209 2590 asserens
3234 2543 3350 2593 eos,
3373 2524 3459 2596 qui
3484 2525 3536 2577 in
3557 2533 3778 2574 amorem
3805 2513 3928 2568 Ori-

2335 2635 2476 2709 genis
2501 2635 2736 2699 nimium,
2764 2630 2840 2684 vel
2860 2629 2914 2683 in
2939 2625 3112 2681 odium
3140 2618 3387 2677 stomachi
3421 2616 3502 2671 sui
3541 2611 3785 2685 pravitate
3823 2607 3925 2660 du-

2335 2699 2540 2796 cuntur,
2575 2723 2844 2781 maledicto
2869 2719 3178 2789 Prophetico
3203 2714 3481 2784 subjacere,
3513 2705 3602 2762 Vte
3630 2704 3707 2758 his
3730 2700 3817 2773 qui
3845 2699 3929 2752 di-

2338 2831 2457 2877 cunt
2512 2823 2698 2876 bonum
2742 2815 2958 2879 malum,
3011 2821 3062 2865 et
3111 2807 3305 2862 malum
3350 2803 3793 2858 bonum:auctor
3844 2797 3930 2846 est
4007 2816 4022 2824 κ

2340 2924 2541 2980 tamen,
2557 2911 2678 2966 utin
2691 2907 2806 2979 cjus
2818 2903 3052 2960 auctoris
3077 2895 3458 2969 scriptionibus
3472 2901 3662 2948 cautus
3692 2883 3925 2948 incedat,

2339 2977 2647 3078 approbatis
2686 2977 2998 3056 melioribus
3022 3036 3038 3062 ,
3079 2989 3434 3068 sequioribus.
3457 2980 3692 3053 rejeCtis.
3740 2977 3931 3032 Elucet

2341 3103 2466 3157 hinc
2491 3113 2620 3155 vero
2649 3095 2779 3151 satis
2811 3099 3000 3163 aperte
3025 3083 3281 3156 temporis
3321 3065 3479 3143 nota;
3520 3075 3633 3146 jam
3679 3070 3818 3126 enim
3860 3082 3930 3122 ex

2340 3195 2562 3252 Oriente
2595 3187 2792 3245 invidia
2822 3181 3057 3240 nominis
3085 3173 3392 3248 Origeniani
3422 3167 3765 3226 Occidentem
3805 3177 3930 3232 per-

2343 3293 2576 3349 vaserat,
2606 3281 2788 3351 ibique
2831 3276 2972 3332 inter
3009 3271 3281 3328 variorum
3326 3263 3524 3327 studia,
3557 3258 3741 3314 turbas
3784 3254 3934 3309 ciere

2339 3379 2450 3447 jam
2480 3347 2724 3444 eruperat
2753 3389 2766 3424 :
2790 3383 2910 3439 qua:
2931 3377 3062 3420 sane
3087 3375 3193 3416 non
3218 3358 3381 3413 alium
3402 3367 3563 3426 quam
3605 3347 3712 3407 596
3732 3360 3933 3401 annum

2344 3480 2437 3527 aut
2463 3461 2841 3535 subsequentis
2869 3456 3020 3513 initia
3045 3451 3349 3522 designant.

2417 3561 2551 3618 VIII.
2581 3531 2690 3615 Sev‘d
2719 3557 2777 3608 lit
2803 3550 2991 3607 eadem
3018 3546 3188 3603 multo
3213 3543 3374 3599 etiam
3399 3537 3592 3594 clarior
3619 3548 3686 3589 ex
3713 3531 3935 3596 Oceani,

2348 3656 2669 3712 Rommtunc
2687 3645 2949 3719 degentis,
2967 3639 3261 3702 mentione,
3281 3647 3440 3706 quam
3469 3628 3660 3700 ingerit
3675 3626 3727 3681 in
3746 3623 3938 3680 eadem

2350 3745 2586 3817 Epistola
2639 3742 2696 3798 8.
2726 3740 2913 3801 Pater,
2936 3743 2991 3790 et
3035 3745 3137 3802 qua
3164 3735 3350 3784 notatu
3375 3738 3478 3778 non
3511 3719 3720 3789 indigna
3749 3729 3942 3771 eorum

2353 3849 2652 3906 temporum
2670 3830 2926 3888 memoria
2942 3826 3264 3882 continetur.
3290 3819 3580 3875 Succurrat
3599 3815 3755 3883 igitur
3771 3808 3944 3865 menti

2351 3928 2496 4002 quod
2525 3927 2758 3982 diximus
2787 3921 2944 3992 paulo
2969 3925 3095 3972 ante
3115 3956 3131 3982 ,
3175 3912 3339 3968 fuisse
3367 3911 3637 3966 Oceanum
3665 3915 3952 3973 superiore

2355 4021 2596 4094 proxime
2636 4031 2777 4073 anno
2816 4008 3185 4082 Jerosolymis,
3210 4007 3322 4061 sive
3351 4004 3402 4058 in
3431 3997 3724 4056 Betldeemi
3751 4007 3950 4050 mona-

2355 4115 2542 4179 sterio,
2569 4111 2656 4167 ubi
2683 4121 2917 4180 praesens
2946 4119 2977 4158 a
3003 4097 3322 4171 Vigilantio,
3355 4095 3444 4166 qui
3475 4093 3671 4163 pariter
3705 4087 3776 4143 ibi
3819 4096 3956 4142 tunc

2357 4209 2568 4280 agebat,
2594 4178 2866 4258 ltmrcseos
2896 4203 3178 4252 accusatus
3199 4199 3300 4244 est.
3332 4187 3459 4241 Post
3480 4181 3692 4253 aliquod
3713 4178 3960 4248 spatium

2360 4299 2636 4368 temporis,
2655 4292 2844 4347 eodem
2863 4297 3038 4342 tamen
3052 4296 3190 4336 anno
3203 4278 3269 4334 ad
3289 4279 3447 4332 linem
3467 4279 3801 4344 properante,
3821 4267 3964 4323 dum

2362 4394 2416 4449 in
2453 4363 2729 4457 utramque
2757 4389 2958 4452 partem
2985 4377 3052 4431 de
3080 4370 3402 4442 Origeniana
3437 4363 3676 4421 doctrina
3719 4367 3969 4414 conten-

2363 4483 2537 4544 ditur,
2563 4477 2737 4533 subita
2763 4469 3119 4526 Barbarorum
3147 4461 3370 4531 irruptio
3397 4458 3572 4528 plures
3594 4454 3820 4508 Romani
3847 4450 3968 4504 im-

2365 4573 2499 4646 perii
2527 4565 2848 4642 provincias,
2885 4561 3084 4630 hasque
3111 4555 3249 4612 inter
3287 4551 3622 4609 Palaestinam
3659 4555 3750 4598 aut
3790 4545 3979 4612 depo-

2368 4667 2545 4738 pulata
2590 4670 2693 4727 cst,
2733 4665 2825 4712 aut
2863 4660 3010 4710 certe
3047 4647 3214 4705 eladis
3254 4643 3592 4717 proximitate
3640 4635 3975 4707 perterruit.

2371 4726 2503 4814 ἐσσε
2531 4756 2618 4810 tibi
2645 4749 2861 4824 (inquit,
2891 4747 3121 4802 Sanctus
3157 4741 3315 4795 Pater
3346 4732 3581 4806 Epistola
3606 4729 3672 4784 ad
3702 4726 3986 4782 Heliodo-

2372 4866 2493 4906 rum
2531 4818 2670 4914 ΒΧ.)
2710 4818 2843 4897 anno
2887 4837 3142 4910 praeterita
3196 4829 3431 4902 (scilicet
3477 4823 3615 4892 595)
3654 4835 3716 4875 ea:
3763 4818 3988 4872 ultimis

2374 4939 2590 4998 Caucasi
2616 4908 2826 5006 rupibus
2851 4908 3064 4985 irinuissi
3102 4925 3154 4978 in
3191 4937 3302 4986 nos,
3340 4934 3438 4973 non
3473 4915 3585 4985 iant
3619 4909 3841 4974 Arabiae,
3872 4908 3996 4962 sed

2379 5027 2749 5104 Septentrionis
2780 5025 2910 5093 lupi,
2932 5029 3099 5075 tantas
3119 5013 3254 5070 brevi
3275 5006 3555 5082 provincias
3577 5009 3959 5074 percurrerunt
3972 5040 3993 5054 .

2383 5127 2514 5195 Quot
2544 5091 2850 5177 monasteria
2874 5113 3066 5184 capta?
3094 5116 3295 5180 quantae
3313 5091 3586 5174 ﬂuviorum
3611 5109 3756 5165 aqua:
3781 5093 4008 5146 huma—

2380 5236 2447 5274 no
2488 5231 2662 5271 cruore
2699 5218 2905 5265 mutata:
2938 5183 3101 5261 sunt?
3147 5193 3359 5256 Obsessa
3397 5189 3702 5254 Antiochia,
3739 5195 3784 5240 et
3823 5183 4011 5239 urbes

2382 5310 2606 5379 reliqute,
2648 5319 2772 5374 quas
2819 5299 2990 5364 "alis,
3033 5295 3258 5366 Cydnus,
3302 5287 3534 5343 Orontes.
3580 5279 4019 5350 Eupltratesquc

2385 5365 2754 5476 prauerjiuunt.
2786 5391 2956 5447 Tracti
2983 5365 3156 5460 greges
3179 5377 3490 5450 captivorum
3518 5387 3538 5426 :
3562 5370 3778 5434 Arabia,
3816 5365 4018 5420 Plue-

2387 5457 2516 5558 λῦσε,
2542 5457 2843 5547 Palaestina.
2873 5457 3126 5554 .Eggptus
3147 5476 3324 5529 timore
3342 5466 3573 5536 captivae.
3598 5462 3838 5519 Vixdum
3860 5457 4026 5517 [nec

2389 5589 2697 5656 scripserat,
2721 5593 2840 5633 cum
2873 5551 2990 5646 ipsa
3012 5569 3110 5625 sibi
3135 5565 3202 5621 ob
3223 5560 3406 5617 oculos
3437 5555 3746 5614 Palaestina.
3779 5551 4026 5606 Barba-

2391 5695 2571 5737 rorqu
2595 5684 2880 5731 coruscare
2904 5663 3108 5737 gladios
3135 5657 3349 5723 suisque
3371 5648 3655 5702 imminere
3678 5643 4026 5702 cervicibus

2396 5735 2580 5830 sensit.
2618 5735 2924 5821 Hunnorum
2951 5751 3154 5829 (inquit
3185 5745 3354 5818 Epist.
3395 5735 3710 5810 LXXVII.)
3752 5735 4026 5794 examina
