4050 6188
168 266 267 328 109

167 413 448 486 pernicibus
473 419 620 490 equis
644 419 739 477 huc
762 423 978 498 illucque
999 430 1283 503 volitantia,
1301 435 1453 492 credis
1473 439 1664 508 pariter
1689 455 1752 494 ac

169 508 368 562 terroris
395 521 583 566 cuncta
611 517 994 586 complebant...
1026 521 1287 595 Insperati
1315 528 1496 600 ubique
1513 532 1748 597 aderant,

166 610 209 652 et
232 603 419 670 famam
440 606 700 664 celeritate
725 611 972 670 vincentes
989 657 1004 681 ,
1033 633 1134 672 non
1154 621 1424 691 religioni,
1450 641 1554 680 non
1574 627 1743 696 digni-

164 692 363 760 tatibus,
391 711 494 750 non
521 699 661 752 atati
685 706 978 773 parcebant,
1003 725 1102 762 non
1124 713 1366 782 vagientis
1385 716 1748 773 miserebantur

161 783 454 854 infantia...
481 788 744 848 Consonus
768 796 901 852 inter
926 815 1096 854 omnes
1123 820 1314 871 rumor,
1349 817 1517 876 petere
1538 826 1621 864 eos
1647 811 1743 866 Je-

157 878 481 948 rosolgmam,
511 891 558 936 et
586 883 647 938 ob
673 886 882 942 nimiam
909 891 1023 944 auri
1051 895 1375 962 cupiditatem
1399 899 1469 952 ad
1491 901 1622 955 hanc
1650 919 1740 956 ur-

155 968 258 1020 bem
301 988 668 1040 percurrere...
706 976 852 1034 Tunc
885 991 934 1036 et
968 1000 1060 1039 nos
1092 989 1340 1058 compulsi
1358 1007 1529 1046 sumus
1555 1011 1741 1064 parare

150 1075 315 1124 naves,
349 1079 458 1118 esse
485 1066 538 1120 in
570 1067 754 1134 littore,
793 1072 1064 1129 adventum
1100 1077 1320 1134 hostium
1351 1099 1630 1151 prwcavere
1649 1127 1663 1151 ,
1691 1095 1738 1140 et

145 1151 464 1208 stet'ientibus
486 1158 666 1226 ventis,
689 1161 850 1232 magis
877 1161 1129 1221 Barbaros
1155 1180 1393 1238 metuere,
1415 1189 1567 1242 quant
1601 1191 1736 1229 nau-

142 1242 368 1310 fragium
391 1263 410 1299 :
428 1264 533 1301 non
555 1258 655 1302 tant
676 1253 900 1320 propria:
918 1257 1090 1321 saluti,
1113 1275 1264 1328 quant
1293 1260 1554 1332 Virginum
1585 1267 1737 1321 casti-

142 1335 326 1388 moniae
376 1339 715 1405 providentes.
763 1341 892 1396 Erat
937 1346 1026 1401 illo
1071 1357 1290 1419 tempore
1330 1356 1562 1422 quwdam
1599 1358 1738 1427 apud

138 1440 215 1478 nos
241 1426 514 1483 dissensio
537 1431 627 1501 (de
645 1432 888 1502 Origenis
907 1438 1111 1494 scilicet
1130 1440 1369 1498 doctrina
1386 1460 1509 1500 cum
1529 1447 1735 1506 Joanne

133 1513 595 1590 Jerosolymitano
619 1562 634 1587 ,
666 1523 879 1583 Rnllino
899 1539 1060 1601 atque
1099 1533 1222 1588 aliis
1259 1534 1573 1607 Origenistis
1597 1556 1731 1597 con-

133 1611 381 1674 certatio,
415 1621 464 1665 et
490 1612 835 1670 Barbarorum
863 1637 1088 1692 pugnam
1117 1624 1389 1682 domestica
1415 1630 1547 1685 bella
1573 1650 1725 1702 supe-

131 1706 330 1757 rabant.
367 1705 462 1760 His
497 1723 674 1762 rerum
703 1713 966 1780 angustiis
993 1727 1044 1770 et
1070 1715 1330 1774 bellorum
1368 1731 1573 1778 terrore
1601 1741 1722 1793 per-

130 1795 310 1852 culsus
331 1796 597 1864 Oceanus,
619 1799 709 1868 qui
731 1816 851 1855 cum
874 1801 1069 1861 Sancta
1090 1807 1306 1865 Fabiola
1325 1811 1717 1887 Jerosolymam

128 1899 350 1944 venerat
380 1888 802 1963 (voluisseutque
831 1894 884 1950 in
915 1893 1124 1953 Sanctis
1149 1899 1281 1956 locis
1307 1903 1570 1974 reliquum
1593 1907 1715 1964 vita:

131 1981 348 2053 degere)
383 1984 666 2053 despondit
695 1986 934 2044 animum
957 2031 974 2057 ,
1014 2000 1175 2064 atque
1221 2011 1322 2050 una
1361 2013 1484 2053 cum
1529 2012 1711 2058 sancta

130 2074 323 2128 lctnina
377 2081 427 2129 in
473 2078 696 2146 patriam
725 2120 741 2145 ,
786 2080 1009 2138 Romam
1036 2085 1304 2154 videlicet,
1334 2106 1580 2150 reversus
1607 2105 1710 2151 est.

129 2163 237 2220 Nos
263 2167 464 2238 (subdit
486 2168 855 2244 Hieronymus)
883 2175 934 2229 in
960 2175 1161 2234 Oriente
1185 2190 1446 2238 tenuerunt
1456 2187 1569 2255 jam
1591 2189 1714 2257 [iam

125 2261 281 2322 sedes,
309 2269 356 2313 et
388 2261 709 2318 inveteratum
737 2276 1025 2324 sanctorum
1066 2270 1317 2329 Locorum
1358 2276 1661 2333 desiderium
1690 2299 1710 2337 .'
1768 2293 1774 2298 '

122 2350 209 2404 illa
240 2351 508 2421 (Fabiola,
531 2358 752 2428 ejusque
780 2359 988 2418 itineris
1009 2379 1192 2421 comes
1222 2381 1512 2439 perpetuus
1535 2373 1708 2430 Ocea-

125 2442 240 2515 nus)
272 2460 388 2507 quae
413 2455 518 2500 tota
545 2448 597 2502 in
626 2450 840 2505 sarcinis
865 2463 990 2519 erat,
1019 2464 1067 2510 et
1095 2457 1147 2511 in
1175 2461 1314 2514 omni
1338 2463 1460 2518 urbe
1483 2472 1704 2539 peregri-

123 2550 205 2600 na,
242 2551 444 2590 reversa
486 2548 558 2592 est
601 2541 672 2594 ad
711 2544 951 2612 patriam.
998 2546 1334 2608 Trabebatur
1369 2555 1478 2626 jam
1526 2559 1703 2632 itaque

120 2641 287 2680 annus
313 2628 441 2695 596,
467 2640 521 2684 et
547 2631 701 2687 valde
738 2634 895 2690 etiam
937 2651 1306 2711 processerat,
1336 2656 1393 2700 ttt
1421 2662 1487 2703 ex
1515 2665 1705 2709 conse-

118 2721 400 2788 quentibus
427 2723 637 2791 planum
660 2724 773 2782 lict.
801 2727 1034 2786 Joannes
1057 2733 1199 2788 enim
1219 2734 1700 2812 Jerosolymitanus

113 2810 423 2879 jamdudum
452 2829 603 2870 suam
633 2817 777 2872 illam
804 2819 1064 2878 adversus
1095 2810 1472 2898 Hieronymum
1502 2836 1698 2905 Apolo-

115 2905 272 2972 giant,
317 2913 377 2959 ut
413 2906 464 2959 in
507 2908 638 2962 alias
670 2910 950 2983 plerasque
979 2917 1129 2973 orbis
1168 2931 1380 2990 partes,
1410 2928 1478 2980 ita
1505 2937 1560 2982 et
1589 2929 1697 2985 Ro-

118 3011 251 3050 mam
280 2997 536 3064 miserat,
565 3001 652 3056 ubi
679 3011 732 3056 et
764 3003 992 3072 plurium
1019 3009 1226 3065 animos
1251 3013 1359 3082 jam
1389 3032 1696 3076 commove-

113 3098 205 3140 rat.
250 3089 369 3143 Alia
418 3105 484 3144 ex
524 3101 672 3162 parte
715 3097 983 3152 restiterat
1028 3101 1139 3170 jam
1183 3114 1402 3163 strenue
1449 3109 1695 3173 Oceanus

117 3178 298 3246 turbis,
328 3196 463 3250 quas
489 3184 750 3253 scriptura
783 3187 866 3241 illa
895 3190 945 3242 in
978 3190 1120 3248 Urbe
1148 3209 1450 3266 pepererat,
1474 3217 1691 3259 corum-

110 3285 201 3340 que
229 3272 558 3343 insipientia:
584 3289 910 3347 occurrerat,
940 3284 1030 3352 qui
1061 3299 1121 3339 se
1149 3288 1484 3354 patiebantur
1507 3292 1692 3365 Orige-

111 3363 364 3418 cistarum
395 3365 600 3421 artibus
637 3367 831 3439 decipi.
878 3374 1052 3444 Atque
1099 3374 1215 3431 haec
1258 3381 1470 3449 quidem
1511 3363 1689 3442 omnia

106 3450 157 3506 S.
181 3452 342 3509 Pater
367 3470 488 3512 cum
518 3457 885 3530 Tranquillino
914 3467 1208 3536 respondit,
1233 3471 1302 3525 ab
1323 3472 1438 3541 ipso
1455 3478 1686 3544 primum

109 3558 356 3603 narrante
401 3549 654 3608 didicisse
682 3569 741 3608 se
771 3555 964 3612 indicat
1000 3577 1013 3613 :
1042 3575 1161 3630 qua:
1199 3561 1337 3618 haud
1381 3581 1512 3622 sane
1552 3569 1686 3627 levis

106 3649 177 3693 est
203 3641 271 3695 ab
295 3639 496 3698 Oceani
523 3632 772 3714 regressu
796 3647 848 3702 in
879 3652 1120 3719 patriam,
1155 3659 1408 3726 temporis
1437 3661 1683 3720 interme-

101 3730 162 3783 dii
204 3743 350 3786 nota.
402 3733 570 3803 Quod,
616 3737 808 3808 inquit,
853 3741 1000 3808 dicis,
1029 3743 1262 3815 Origenis
1298 3750 1482 3806 multos
1511 3771 1680 3812 errore

100 3821 344 3892 deceptos,
360 3834 410 3879 et
428 3837 660 3882 sanctum
690 3829 861 3903 lium
890 3849 1051 3887 meum
1085 3835 1340 3893 Oceanum
1367 3842 1567 3899 illorum
1593 3848 1676 3902 in-

98 3917 242 3968 sania:
280 3933 587 3988 repugnare,
629 3930 676 3974 et
715 3921 860 3976 doleo
893 3924 1047 3979 simul
1087 3937 1134 3981 et
1169 3931 1367 3999 gaudeo
1397 3948 1416 3986 :
1443 3934 1563 3989 dum
1589 3947 1676 3991 aut

97 4007 402 4075 supplantati
422 4020 541 4065 sunt
559 4012 835 4083 simplices,
858 4026 946 4070 aut
967 4015 1030 4070 ab
1050 4019 1246 4074 erudito
1269 4023 1374 4077 viro
1394 4029 1675 4084 errantibus

95 4098 395 4156 subvenitur.

153 4190 242 4245 IX.
286 4193 394 4248 Per
436 4193 578 4250 idem
621 4206 832 4268 tempus
867 4199 980 4256 sive
1033 4216 1174 4257 anno
1203 4203 1319 4261 fere
1345 4207 1525 4264 medio
1566 4213 1671 4268 397

94 4285 293 4353 scripsit
341 4286 703 4361 Hieronymus
764 4291 832 4346 ad
894 4293 1216 4367 Principiam
1277 4300 1332 4354 in
1398 4302 1669 4361 Psalmum

92 4371 264 4431 XLIV.
294 4388 347 4433 et
371 4380 647 4451 aliquanto
677 4393 796 4453 post
829 4386 895 4439 ad
923 4387 1326 4447 Pammachium
1358 4411 1570 4468 quoque
1598 4399 1667 4456 de

92 4478 248 4524 morte
280 4469 516 4527 Paulina:
545 4490 807 4544 :quarum
835 4479 1194 4549 Epistolarum
1233 4500 1354 4540 cum
1401 4489 1530 4543 satis
1565 4491 1664 4546 ab-

90 4561 212 4616 unde
258 4566 328 4619 sit
369 4568 646 4636 explorata
685 4570 891 4639 epocha
935 4573 987 4628 in
1031 4574 1426 4649 chronologicis
1464 4581 1530 4636 ad
1568 4599 1663 4641 eas

90 4650 240 4721 .iotis,
266 4672 375 4712 non
403 4669 486 4713 est
506 4674 602 4714 cur
629 4661 819 4718 iisdem
842 4664 1207 4723 edisserendis
1245 4670 1441 4727 diutius
1470 4673 1661 4732 immo-

89 4760 268 4804 remnr.
309 4750 422 4806 Sed
442 4762 492 4806 et
529 4755 814 4824 Augustini
838 4759 904 4813 ad
931 4759 1310 4833 Hieronymum
1340 4765 1534 4823 littera:
1555 4769 1657 4827 huc

88 4843 328 4910 temporis
356 4843 656 4902 referendae
694 4858 848 4914 sunt,
887 4851 1081 4921 quibus
1116 4855 1163 4908 ei
1206 4857 1430 4926 gratiam
1473 4859 1652 4930 habet,

85 4933 201 4998 quod
240 4949 341 5001 pro
368 4936 645 5008 subscripta
670 4941 976 4998 salutatione
1001 4947 1204 5015 plenam
1232 4947 1520 5020 Epistolcnn
1549 4955 1652 5011 sibi

83 5023 413 5086 reddidisset.
452 5027 571 5084 Hac
604 5042 784 5088 autem
819 5034 1021 5104 jamdiu
1061 5039 1188 5094 olim
1229 5041 1518 5113 intercidit,
1553 5064 1652 5105 nec

82 5125 216 5183 supra
237 5133 404 5189 quam
440 5122 745 5190 conjectura
773 5127 1027 5199 colligere
1054 5131 1210 5200 licet,
1237 5135 1428 5192 eruditi
1459 5138 1649 5195 existi-

82 5219 221 5275 mant,
257 5211 308 5265 in
340 5227 405 5267 ea
436 5213 826 5287 Hieronymum
854 5219 922 5274 de
942 5221 1174 5292 Origene
1194 5225 1417 5296 ejusque
1442 5232 1646 5286 errori-

81 5295 158 5354 bus
175 5313 324 5372 capta
351 5308 640 5364 occasione
667 5309 831 5365 fuisse
853 5311 1145 5382 loquutum,
1171 5324 1227 5371 et
1251 5295 1646 5389 Hipponensem

82 5384 374 5464 Episcopum
408 5398 612 5467 pietate
644 5400 756 5470 jam
797 5410 908 5457 tum
950 5403 1230 5462 orentem
1260 5384 1422 5479 atque
1461 5414 1645 5469 erudi-

84 5478 211 5546 liene,
232 5488 445 5556 quicum
469 5490 572 5545 sibi
599 5492 788 5546 notitia
811 5495 984 5564 aliqua
1009 5497 1407 5564 intercesserat,
1423 5517 1645 5562 monere

82 5575 297 5643 soluisse,
324 5592 382 5637 ut
402 5583 470 5639 ab
494 5586 768 5655 serpentis
795 5586 846 5642 in
875 5588 989 5644 dies
1019 5594 1188 5664 magis
1209 5593 1296 5650 lue
1321 5595 1643 5664 Origenismi

81 5673 276 5725 meret.
310 5673 605 5732 Emmvcro
648 5677 799 5734 istaec
838 5681 1121 5751 Augustini
1161 5683 1464 5756 Responsio
1495 5686 1638 5759 (qua:

81 5749 167 5820 ejus
184 5765 424 5822 secundae
439 5777 568 5824 sunt
589 5766 658 5822 ad
673 5749 1161 5847 Nostrumvlitterm)
1177 5774 1245 5833 de
1261 5775 1491 5850 Origene
1506 5795 1637 5853 prm-

1434 296 1494 354 S.
1536 299 1913 360 HIERONYMI
1955 305 2133 368 VITA.

3347 351 3454 413 0

1863 447 2047 504 sertim
2068 450 2329 525 loquitur,
2349 460 2507 533 cujus
2527 472 2701 524 tamen
2723 485 2933 533 errores
2953 478 3054 536 sibi
3080 496 3267 553 parum
3289 499 3445 547 notos

1855 541 2087 606 postulat
2109 545 2354 608 indicari.
2380 551 2548 622 Illud,
2578 558 2770 632 inquit,
2792 565 2856 622 de
2883 541 3156 638 prudentia
3175 541 3440 638 doctrina:

1849 647 1948 702 que
1976 644 2065 690 tua
2093 640 2463 710 desiderabam,
2499 661 2548 705 et
2582 655 2752 711 adhuc
2790 660 3042 732 desidero,
3071 676 3125 720 ut
3151 681 3271 726 nota
3294 677 3438 733 nobis

1847 724 2017 830 [.
2037 745 2097 784 ea
2257 737 2366 805 eius
2392 740 2680 817 (Origenis)
2708 761 2894 819 errata,
2926 724 3108 826 quibus
3125 775 3158 814 a
3179 724 3281 830 de

1845 817 1964 870 tatis
1999 819 2090 876 ille
2127 825 2206 878 vir
2231 837 2404 886 tantus
2432 839 2698 894 recessisse
2737 817 3073 906 convincitur.
3121 817 3435 927 Quanquam

1842 921 1972 963 vero
2000 910 2123 969 data
2155 930 2217 972 ea
2242 917 2403 978 fuerit
2423 923 2637 984 hocmet
2655 947 2798 987 anno
2831 934 3095 1007 Epistola,
3121 910 3327 1002 rwcddit'a
3359 961 3438 1005 ta-

1841 1012 1964 1055 men
1992 1011 2074 1058 est
2097 1008 2267 1064 multo
2292 1014 2487 1081 serius,
2515 1027 2570 1074 et
2601 1032 2721 1090 post
2752 1025 2941 1083 saltent
2970 1033 3096 1088 anni
3127 1033 3432 1098 intermedii

1839 1093 2092 1194 spatium.
2136 1100 2376 1174 Denique
2422 1108 2480 1164 8.
2519 1109 2682 1169 Pater
2721 1115 2788 1172 ad
2824 1118 3186 1194 Castrucium,
3218 1093 3431 1190 Pana;

1838 1181 1987 1237 nium
2016 1185 2309 1261 hominem,
2339 1200 2594 1269 scripsit,
2629 1206 2782 1276 cujus
2809 1225 2939 1268 sane
2968 1214 3063 1271 fuit
3093 1219 3427 1282 admirabilis
3505 1293 3508 1298 ,

1838 1275 2060 1298 -41----

1837 1275 2095 1337 adversus
2119 1299 2242 1340 eum
2263 1303 2416 1346 amor
2439 1308 2502 1349 ac
2527 1275 2795 1369 studium;
2827 1319 2949 1360 nam
2990 1309 3116 1367 licet
3144 1315 3312 1372 oculis
3342 1317 3426 1374 la-

1835 1367 2068 1441 boraret,
2101 1377 2217 1447 ejus
2243 1381 2502 1443 invisendi
2527 1367 2844 1465 cupiditate,
2872 1399 2976 1457 iter
2999 1404 3052 1459 in
3079 1405 3419 1468 Palmstinam

1833 1461 2156 1538 instituerat,
2211 1488 2276 1529 ac
2316 1491 2537 1536 venerat
2580 1461 2738 1556 usque
2780 1461 2995 1562 Cissam,
3041 1497 3172 1553 nihil
3217 1503 3422 1560 veritus

1831 1556 2081 1614 Adriatici
2105 1562 2268 1621 Maris
2295 1580 2449 1626 cestus
2465 1613 2479 1638 ,
2509 1583 2557 1628 et
2778 1593 2929 1652 atque
2959 1556 3100 1646 Ionii
3117 1556 3297 1650 subire
3309 1556 3419 1652 dis;

1826 1647 2056 1713 crimina,
2089 1662 2145 1704 ut
2169 1655 2272 1709 nisi
2309 1673 2429 1715 eum
2459 1665 2577 1732 pius
2621 1647 2839 1737 fratrum
2865 1679 3154 1736 retinuisset
3175 1685 3412 1757 affectus,

1822 1737 2124 1796 voluntatem
2173 1761 2323 1815 opere
2362 1757 2679 1825 complesset.
2726 1763 3024 1837 Acceperat
3065 1737 3244 1831 autem
3295 1737 3412 1836 hare

1820 1824 2178 1903 Hieronymus
2217 1837 2283 1894 de
2322 1840 2467 1899 illius
2492 1861 2616 1918 erga
2647 1863 2709 1907 se
2739 1857 3101 1924 prolixissima
3132 1865 3406 1926 voluntate

1814 1918 1883 2032 )
1928 1921 2173 1982 Heraclio
2215 1931 2481 2004 Diacono,
2511 1957 2670 2012 quem
2696 1918 2954 2007 Amabilis
2982 1918 3407 2032 quamijgji;

1814 2008 1936 2067 dem
1981 2018 2246 2088 regionis,
2291 2026 2406 2083 sive
2453 2030 2742 2092 Pannonia:
2772 2008 3092 2116 Episcopus,
3127 2008 3398 2111 Bethleem

1815 2107 2074 2178 miserat,
2115 2125 2172 2170 ut
2215 2120 2627 2190 explicationem
2668 2128 2855 2188 decem
2899 2135 3050 2193 lsaize
3092 2141 3355 2200 visionum
3382 2189 3398 2214 ,

1812 2211 1970 2298 quam
1999 2201 2134 2258 alias
2166 2221 2310 2278 saepe
2336 2225 2366 2265 a
2397 2211 2456 2269 S.
2490 2215 2720 2275 Doctore
2761 2220 3094 2294 agitaverat
3114 2272 3129 2296 ,
3163 2201 3402 2302 praesens

1812 2286 1902 2344 ille
1943 2291 2270 2362 impetraret.
2305 2300 2457 2368 Quod
2487 2307 2704 2376 quidem
2737 2286 2860 2369 cum
2887 2286 3210 2379 obtinuisset
3227 2286 3397 2398 ,

1810 2380 2002 2438 stolam
2029 2400 2241 2459 quoque
2275 2391 2332 2448 8.
2366 2394 2540 2453 Patris
2566 2400 2844 2463 Castrucio
2872 2380 3398 2478 deferendam'acce-

1809 2471 2020 2541 pitzex
2068 2494 2174 2549 quo
2217 2483 2479 2557 intelligas
2527 2499 2810 2568 utramque
2835 2501 2904 2558 ad
2936 2519 3098 2562 unum
3145 2471 3394 2584 idemque

1809 2572 2019 2635 tempus
2043 2572 2384 2644 scriptionem
2415 2584 2702 2650 pertinere.

1874 2654 1942 2712 .
1973 2661 2151 2718 Altera
2172 2677 2349 2724 autem
2371 2672 2557 2731 isthaac
2579 2679 2629 2733 in
2652 2679 2838 2740 decem
2857 2685 3006 2746 Isaia!
3023 2692 3256 2754 visiones
3277 2707 3388 2757 tum

1801 2748 2051 2808 chronica
2094 2766 2220 2813 nota
2265 2761 2544 2836 insignior,
2575 2778 2683 2827 tum
2727 2775 3148 2842 elucubrationis
3187 2805 3388 2859 genere

1799 2843 1969 2898 multo
1998 2856 2082 2902 est
2120 2852 2472 2915 nobilissima.
2513 2861 2846 2938 Quamquam
2891 2888 2950 2929 se
2993 2877 3069 2930 ait
3111 2879 3170 2933 8.
3187 2843 3385 2952 "Pater,

1799 2949 1891 3002 pro
1917 2943 2151 3008 angustia
2176 2946 2317 3001 illius
2347 2956 2620 3022 temporis,
2648 2961 2772 3026 quid
2799 2963 2895 3016 sibi
2922 2967 3174 3023 videretur
3202 2973 3255 3025 in
3280 2943 3387 3029 sin;

1795 3026 1950 3095 gulis,
1974 3030 2105 3084 brevi
2132 3051 2360 3093 sermone
2380 3047 2734 3109 perstrinxisse
2755 3067 2776 3105 :
2803 3069 2956 3123 reque
2981 3057 3094 3128 ipsa
3120 3026 3386 3123 historiam

1798 3126 2018 3185 tantum,
2050 3124 2187 3188 quod
2213 3127 2472 3186 Amabilis
2497 3137 2712 3205 petebat,
2744 3124 3082 3204 cdisseruerit.
3131 3151 3386 3214 Postmo-

1794 3205 1921 3262 dum
1967 3219 2164 3278 tamen,
2205 3230 2327 3272 cum
2361 3220 2416 3274 in
2456 3232 2614 3280 totum
2645 3227 2960 3303 Prop/ictam
2987 3239 3385 3306 Commentarios
3456 3285 3463 3294 -

1791 3299 2057 3368 scriberet,
2089 3315 2249 3378 atque
2273 3325 2337 3365 eo
2375 3311 2478 3370 loci
2508 3299 2858 3393 pervenisset,
2889 3337 3204 3406 superuum
3230 3351 3382 3402 ratus

1790 3403 1879 3445 aut
1897 3395 2072 3451 eadem
2096 3416 2271 3458 rursus
2290 3405 2492 3476 iterare,
2520 3423 2609 3468 aut
2628 3415 2680 3470 in
2709 3435 2811 3476 uno
2833 3439 2986 3493 opere
3011 3429 3235 3490 diversas
3259 3453 3377 3494 sen-

1789 3485 1968 3540 tentias
1994 3505 2200 3559 ponere,
2224 3497 2452 3563 quintum
2471 3502 2525 3556 in
2550 3503 2748 3564 Isaiam
2770 3485 2978 3572 Librum
3003 3535 3069 3576 ex
3101 3522 3203 3581 hoc
3226 3525 3375 3600 fecit,

1785 3575 2152 3691 quinquondam
2189 3587 2329 3644 solus
2365 3593 2533 3650 editus
2569 3607 2661 3654 est.
2695 3601 2864 3661 Verba
2895 3575 3023 3666 sunt
3059 3575 3374 3691 Hieronymi

1785 3664 1840 3769 in
1868 3665 2186 3731 Prmiatione
2211 3678 2328 3748 ejus
2353 3681 2497 3740 Libri
2524 3688 2592 3744 ad
2621 3664 3184 3776 Eustochium,

1779 3850 1846 3905 ad
1875 3855 2192 3926 Amabilem,
2220 3862 2513 3935 fluensque,
2542 3850 2730 3941 inquit,
2747 3894 2836 3947 per
2859 3881 3052 3939 litteras
3067 3850 3364 3962 agitabas:

1778 3955 1832 3997 ut
1860 3945 1951 3999 tibi
1994 3948 2164 4005 decem
2190 3955 2422 4024 visiones,
2452 3977 2568 4030 quae
2595 3964 2648 4018 in
2678 3945 2820 4024 Isaia
2839 3945 3208 4037 obscurissime
3226 3945 3364 4053 sunt:

1776 4033 2016 4092 historica
2036 4044 2352 4110 expositione
2369 4050 2702 4111 dissererem.
2715 4098 2728 4112 .
2761 4077 2938 4134 meque
2963 4033 3360 4147 retractantem:

1775 4136 1822 4180 et
1855 4130 2258 4188 molestissimum
2299 4142 2672 4208 etplanationis
2699 4130 2861 4220 genus
2897 4157 2952 4211 in
2994 4169 3187 4232 tempus

1773 4219 2109 4293 diierentem,
2145 4228 2425 4298 sepissime
2448 4242 2818 4298 commonebas.
2867 4245 2980 4302 Hoc
3017 4263 3186 4309 autem
3226 4275 3361 4315 anno

1770 4312 1952 4366 misisti
1993 4315 2158 4384 [ilium
2203 4329 2429 4376 nostrum
2470 4323 2768 4385 Heracliam
2809 4333 3116 4409 Diaconum,
3154 4348 3242 4417 qui
3278 4366 3358 4406 me

1769 4420 1924 4459 manu
1953 4418 2183 4463 conserta
2220 4411 2276 4466 in
2309 4414 2404 4484 jus
2431 4429 2650 4489 vocaret,
2680 4432 2729 4477 et
2778 4429 3083 4496 promissum
3113 4455 3206 4508 per
3240 4459 3354 4498 mo-

1767 4506 1933 4551 menta
1959 4500 2195 4572 exigeret.
2216 4502 2285 4559 Et
2309 4505 2411 4562 sub
2437 4509 2620 4580 linem,
2641 4513 2704 4570 Si
2723 4517 2896 4590 latius,
2915 4523 3010 4594 ait,
3033 4500 3168 4585 nitar
3189 4549 3350 4607 expo-

1765 4605 1901 4658 nere,
1925 4595 2097 4648 multis
2116 4596 2258 4653 libris
2277 4617 2406 4671 opus
2425 4605 2538 4673 erit,
2562 4616 2610 4662 et
2629 4616 2879 4671 exactoris
2904 4620 3002 4674 mei
3024 4595 3278 4697 navigatio
3297 4632 3350 4686 in

1761 4699 1952 4740 annum
1974 4687 2188 4743 alterum
2227 4692 2508 4761 differetur.
2543 4699 2728 4773 Itaque
2753 4716 2808 4761 ut
2839 4710 2933 4777 vis,
2961 4687 3176 4786 singulis
3205 4722 3347 4774 testi-

1760 4777 1941 4832 moniis
1961 4779 2130 4836 breves
2143 4787 2462 4844 sententiolae
2481 4796 2746 4864 coaptabo,
2772 4808 2826 4851 ut
2848 4777 3073 4858 nontam
3093 4823 3344 4877 exponam

1757 4869 1880 4939 quid
1901 4873 2114 4928 sentiam
2135 4916 2150 4942 ,
2184 4893 2336 4947 quant
2374 4881 2552 4949 paucis
2579 4889 2739 4942 verbis
2765 4890 2855 4944 tibi
2882 4869 3342 4955 sentienda'dimit-

1756 4970 1879 5016 tam.
1909 4963 2174 5023 Dictamus
2197 4969 2324 5036 lucc,
2356 4988 2458 5028 non
2480 4977 2740 5032 scribimus
2818 4993 3052 5038 currente
3089 4985 3339 5048 Notario-

1753 5070 1866 5108 rum
1895 5072 2068 5120 manu,
2097 5061 2254 5114 currit
2282 5064 2465 5118 oratio.
2497 5065 2775 5138 Temporis
2803 5082 2980 5127 autem
3007 5080 3336 5141 notationem

1752 5145 1894 5216 quod
1920 5157 2161 5217 spectat,
2193 5167 2300 5206 non
2325 5154 2537 5209 videtur
2563 5157 2870 5227 ambigendi
2898 5163 3048 5221 locus
3067 5209 3083 5234 ,
3107 5173 3234 5241 quin
3265 5176 3336 5232 sit

1749 5249 1891 5290 anno
1918 5236 2021 5291 597
2049 5239 2424 5310 adtribuenda,
2467 5261 2574 5315 quo
2604 5248 2832 5317 primum
2861 5236 3143 5317 Heraclius
3170 5279 3201 5319 e
3227 5266 3334 5322 Pa-

1749 5324 1956 5380 laastina
1979 5342 2254 5398 regressus
2272 5339 2356 5386 est
2378 5331 2432 5388 in
2460 5334 2812 5397 Pannoniam.
2835 5343 2969 5401 Nam
2990 5363 3110 5407 cum
3136 5354 3326 5416 iterum

1749 5429 1816 5471 ex
1837 5415 1936 5471 hac
1958 5420 2176 5490 regione
2197 5421 2248 5477 in
2270 5422 2543 5481 Orientem
2563 5432 2860 5502 contendit,
2886 5437 3076 5496 Vitalis
3100 5443 3332 5522 Presby-

1747 5510 1849 5565 teri
1891 5510 2072 5568 literas
2114 5513 2182 5569 ad
2221 5514 2608 5589 Hieronymum
2637 5523 2866 5596 detulit,
2898 5532 3092 5604 quibus
3116 5537 3216 5597 iste
3239 5510 3328 5600 re-

1747 5601 2046 5671 spondens,
2092 5603 2248 5662 Isaia:
2293 5605 2629 5682 Prop/teliam
2674 5601 2966 5691 memora;,
3007 5644 3160 5700 quam
3197 5635 3329 5692 inter

1746 5692 1914 5748 decem
1951 5694 2164 5754 visiones
2192 5715 2363 5761 nunn
2391 5703 2774 5778 interpretatum
2801 5728 2856 5769 se
2876 5692 3032 5775 dicit:
3051 5720 3324 5793 Agebatur

1745 5797 1874 5845 vero
1897 5793 2021 5847 tunc
2049 5803 2221 5852 anuus
2246 5794 2371 5866 398,
2417 5804 2476 5854 ut
2521 5814 2646 5858 mox
2688 5799 2788 5859 suo
2823 5801 2942 5863 loco
2969 5810 3130 5867 certis
3159 5826 3324 5881 argu-
