4050 6188
627 370 725 440 in

630 496 829 554 mentis
855 486 1217 551 ostendemus,
1249 490 1305 538 et
1345 479 1610 551 praecipve
1649 488 1714 530 ex
1748 473 1850 528 alia
1881 472 1998 541 ejus
2028 468 2211 537 uliq‘ue

631 593 758 648 aliut
789 585 1017 658 Epistula
1039 582 1102 634 ad
1130 575 1407 632 Lacinium
1433 578 1764 640 compertum
1786 572 1887 630 est,
1911 563 1998 618 ubi
2022 559 2209 616 eadem

633 696 764 741 usus
794 653 879 737 illa
909 670 1161 743 temporis
1185 668 1484 727 notatione,
1520 662 1720 732 Nuper,
1752 672 1811 713 se
1840 657 1914 710 ait
1938 655 1995 710 S.
2029 653 2210 717 Pater,

631 776 845 830 visiones
882 767 1036 821 Isaite
1072 762 1221 817 valde
1277 756 1656 814 obscurissimas
1697 749 1935 804 historica
1971 743 2213 815 explana-

631 871 768 923 tione
817 861 1132 920 disseruisse.
1190 855 1354 925 Igitur
1405 846 1731 920 praecedenti
1781 842 2026 913 proxime
2075 830 2216 890 anno

631 957 919 1017 edisseruit
941 997 955 1021 ,
1000 961 1058 1006 ut
1100 958 1155 1005 et
1197 949 1362 1009 illam,
1395 942 1462 998 de
1490 955 1595 1012 qua
1623 936 1855 995 diximus
1883 931 2040 1005 paulo
2069 936 2214 996 ante,

634 1049 954 1123 Epistulam,
988 1043 1053 1098 ad
1081 1038 1421 1116 Castrucium
1447 1032 1615 1089 dedit.

1196 1138 1424 1211 CAPUT
1462 1146 1656 1205 XXIX.

638 1280 673 1337 I.
723 1279 948 1351 Rufﬁnus
985 1275 1039 1329 in
1091 1254 1409 1327 Occidentem
1447 1276 1737 1319 reversurus
1765 1272 1877 1311 cum
1908 1253 2220 1321 Hieronymo

708 1377 762 1427 in
800 1345 985 1440 templo
1015 1363 1277 1421 Anastasis
1310 1375 1372 1414 ea:
1412 1354 1677 1411 inimicitia
1723 1348 1853 1429 redit
1887 1348 1939 1401 in
1982 1345 2217 1415 gratiam.

709 1464 777 1520 II.
821 1433 1020 1520 Annus,
1043 1472 1142 1526 quo
1166 1452 1221 1507 id
1245 1449 1474 1520 contigit,
1501 1446 1642 1501 novis
1666 1441 1975 1519 argumentis
1999 1433 2223 1489 adstrui-

709 1565 810 1608 tur.
840 1550 927 1605 IIl.
970 1540 1108 1603 Num
1151 1546 1244 1599 hoc
1280 1553 1523 1610 tempore,
1562 1546 1607 1590 et
1652 1531 1841 1604 Ruﬁini
1890 1527 2225 1595 Melaniwque

710 1661 824 1698 cum
852 1632 1029 1712 primis
1059 1653 1212 1707 opera
1238 1626 1509 1689 extinctum
1546 1627 1744 1699 penitus
1771 1623 1991 1677 schisma
2019 1616 2227 1671 Jcroso-

714 1720 1038 1805 lymitanum,
1062 1736 1296 1793 surtaque
1316 1738 1419 1790 pax
1442 1721 1506 1775 sit
1527 1720 1654 1773 inter
1681 1714 1933 1769 Joannem
1962 1723 2156 1780 quoque
2181 1714 2226 1759 et

716 1801 999 1878 Monachus
1023 1804 1282 1887 reliquos?
1318 1812 1408 1869 IV.
1438 1808 1757 1882 Argumentis
1783 1801 2228 1876 pro'asserentium

716 1927 859 1989 parte
884 1913 1212 1984 respondetur
1231 1951 1243 1973 ,
1274 1906 1475 1977 aliaque
1496 1890 1782 1971 a/feruittitr
1809 1888 1921 1970 qua:
1946 1896 2000 1949 id
2024 1900 2226 1963 negant.

716 1981 783 2064 ἦ.
811 1981 1056 2071 Quwdum
1079 2003 1235 2057 obiter
1255 1999 1318 2052 de
1344 1995 1601 2050 Palladio.
1626 1982 1715 2046 VI.
1754 1989 1960 2043 Interea
1982 1985 2042 2041 S.
2078 1981 2231 2036 Pater

715 2102 769 2156 in
810 2101 1073 2153 adversam
1118 2084 1453 2149 valeludinem
1495 2087 1705 2149 incidit,
1750 2092 1799 2138 et
1840 2081 1965 2152 febri
2006 2096 2095 2151 per
2132 2087 2232 2131 tres

716 2186 912 2247 menses
957 2189 1173 2244 laborat.
1220 2183 1335 2251 VII.
1384 2180 1572 2251 Scribit
1630 2175 1957 2230 nihilominus
1997 2168 2233 2243 qua'dam

716 2302 831 2357 qua:
881 2290 1218 2338 recensentur.
1249 2270 1387 2331 VIII.
1418 2256 1480 2327 in
1506 2273 1581 2326 liis
1599 2266 1996 2326 Commentarios
2022 2268 2076 2317 in
2102 2262 2237 2316 Mat-

717 2354 925 2431 lha’um.
969 2372 1062 2428 ιχ.
1096 2356 1164 2425 Et
1195 2378 1371 2423 contra
1412 2364 1667 2419 Joannem
1708 2359 1776 2413 ad
1803 2354 2190 2411 Pammac/tium
2217 2392 2231 2417 ,

720 2481 766 2525 et
811 2460 878 2522 ad
923 2462 1284 2535 TheOpItilum.
1316 2458 1385 2513 Χ.
1417 2446 1637 2535 Tempus
1666 2438 1998 2521 scriptionum
2025 2448 2236 2517 istarum

724 2564 987 2625 asseritur,
1017 2532 1077 2612 eti
1094 2555 1396 2610 vindicatur.
1420 2547 1515 2603 XI.
1554 2532 1771 2601 Demum
1800 2545 2078 2596 instaurata
2111 2538 2238 2591 inter

724 2669 895 2709 omnes
913 2665 1055 2723 pace,
1077 2646 1245 2702 scribit
1260 2645 1328 2698 ad
1348 2640 1618 2696 Fabiolam
1636 2640 1699 2690 de
1731 2634 1874 2687 Veste
1893 2627 2233 2687 Sacerdotali.

723 2793 766 2848 Ι.
787 2792 1101 2846 Postactam
1129 2791 1205 2839 tot
1233 2793 1407 2835 annos
1432 2779 1482 2831 in
1508 2775 1723 2830 Oriente
1746 2772 1933 2835 vitam,
1964 2766 2231 2830 Bullinus,

653 2886 769 2941 sive
790 2881 1089 2943 turbarum,
1113 2889 1233 2946 qua:
1259 2867 1761 2940 Jerosolymitanam
1786 2861 2083 2918 Ecclesium
2108 2871 2238 2913 exa-

654 2975 913 3047 gitabant,
938 2976 1199 3040 pertaesus
1231 2983 1245 3018 :
1278 2963 1412 3029 sive,
1438 2960 1581 3032 quod
1605 2958 1819 3028 propius
1840 2953 1906 3009 ad
1928 2966 2112 3008 verum
2134 2958 2235 3015 est,

656 3040 713 3122 ut
755 3061 997 3120 Melania:
1020 3100 1036 3127 ,
1083 3060 1184 3113 iter
1213 3054 1437 3110 Romam
1471 3051 1592 3106 aliis
1620 3049 1688 3104 de
1716 3046 1894 3103 causis
1936 3040 2238 3103 meditanti,

654 3157 1081 3225 obsequeretur,
1125 3156 1182 3204 et
1206 3144 1359 3203 lateri
1386 3157 1569 3199 comes
1610 3139 1950 3201 adhaereret,
1988 3135 2041 3188 in
2083 3131 2239 3187 Occi-

655 3224 872 3304 dentem
912 3248 1158 3298 remeare
1202 3237 1269 3293 ad
1320 3235 1517 3304 patrias
1559 3230 1717 3287 sedes
1745 3226 2043 3284 constituit.
2078 3224 2245 3278 Ante-

656 3352 816 3408 quam
866 3344 996 3388 vero
1036 3344 1095 3386 se
1138 3326 1314 3383 itineri
1345 3326 1537 3388 daret,
1581 3336 1799 3376 suarum
1846 3332 1967 3374 esse
2012 3314 2242 3385 partium

659 3405 832 3491 duxit,
855 3424 1146 3482 sollicitare
1165 3420 1232 3475 ad
1254 3431 1438 3489 pacem
1462 3412 1908 3480 concordiamque
1927 3405 2243 3477 Hieronymi

661 3520 901 3575 animum
928 3556 943 3583 ,
986 3524 1043 3569 ut
1070 3529 1139 3568 ne
1166 3510 1430 3567 olYensum
1461 3514 1524 3561 ac
1551 3505 1768 3560 dubium
1798 3502 1866 3557 de
1892 3514 1985 3554 sua
2018 3498 2121 3553 lide
2150 3499 2246 3551 bo-

646 3614 888 3675 :‘tinem,
917 3621 1055 3664 nova
1085 3603 1276 3675 injuria
1306 3599 1621 3662 cumularet;
1656 3596 2026 3667 privatumque
2065 3590 2246 3646 inimi-

672 3717 812 3776 cum,
843 3715 873 3754 a
902 3714 1007 3775 quo
1037 3695 1137 3751 sibi
1168 3692 1325 3748 valde
1355 3694 1617 3745 metueret
1642 3728 1655 3749 ,
1685 3686 1739 3740 in
1766 3684 2046 3739 Palaestina
2078 3681 2244 3736 relin-

663 3773 872 3866 queret.
904 3773 1050 3846 MOre
1080 3789 1259 3856 itaque
1285 3782 1511 3840 solemni
1541 3781 1593 3834 in
1634 3777 1890 3843 Anastasi,
1931 3782 2051 3843 post
2075 3773 2248 3828 Missae

665 3883 1011 3945 sacriﬁcium,
1043 3879 1221 3951 junxit
1251 3891 1373 3932 cum
1405 3873 1733 3943 Hieronymo
1762 3868 2060 3931 dexteram,
2090 3872 2250 3934 atque

666 3978 863 4036 animis
889 3976 1141 4042 utrinque
1169 3970 1236 4024 ad
1270 3982 1455 4039 pacem
1486 3961 1797 4033 compositis
1823 4001 1838 4026 ,
1879 3973 1947 4015 ex
1972 3957 2248 4013 inimicitia

665 4071 812 4127 redit
836 4070 889 4123 in
911 4067 1158 4138 gratiam.
1183 4063 1318 4118 Sunt
1343 4060 1433 4130 qui
1462 4062 1647 4127 putzmt
1677 4054 1728 4108 iu
1757 4053 1858 4107 hac
1883 4065 2012 4121 pace
2037 4060 2252 4105 errores

666 4160 919 4232 Origenis
943 4156 1159 4212 silentio
1176 4153 1457 4208 damnatos
1487 4165 1500 4202 :
1535 4147 1624 4203 alii
1649 4146 1921 4201 Bullinum
1945 4142 2142 4198 nullius
2166 4154 2254 4194 crs

668 4230 809 4311 roris
829 4256 1166 4321 compertum
1191 4245 1356 4301 fuisse
1374 4243 1559 4299 dicunt
1578 4258 1593 4307 ;
1611 4255 1671 4296 se
1693 4238 1836 4295 enim
1863 4238 1953 4293 ille
1972 4230 2254 4307 magniﬁce

667 4347 834 4415 iactat
862 4344 955 4398 lib.
991 4341 1054 4397 II.
1087 4339 1472 4396 Invectivarum
1498 4375 1513 4401 ,
1562 4332 1839 4399 Nunquam
1884 4346 1974 4400 ego
2016 4336 2256 4397 sequutus

610 4460 619 4468 ·
670 4455 783 4494 sum
805 4445 1056 4490 montem
1096 4441 1181 4486 aut
1205 4432 1362 4484 alium
1389 4427 1695 4498 quempiam,
1720 4422 1817 4478 nisi
1842 4420 2125 4475 Ecclesium
2154 4420 2257 4473 Ca-

675 4531 916 4585 tholicam
938 4532 1136 4596 sequar.
1166 4521 1427 4593 Numquid
1466 4535 1578 4573 utea
1614 4517 1808 4587 aliquid
1852 4514 2077 4584 proferre
2118 4518 2259 4582 potes

676 4622 881 4691 scripta,
905 4618 960 4671 in
986 4616 1164 4686 quibus
1190 4631 1268 4669 me
1290 4614 1366 4667 vel
1390 4614 1443 4665 in
1460 4611 1722 4681 juventute
1748 4623 1940 4663 errasse
1966 4604 2261 4661 convincas?

676 4714 898 4769 Slucere‘
920 4706 1280 4778 Hieronymus
1302 4719 1366 4758 ac
1387 4704 1526 4757 bona
1547 4701 1670 4764 title,
1697 4697 1762 4753 In
1786 4696 2040 4763 Anaslttsi,
2066 4696 2256 4767 inquit,

677 4804 939 4861 immolato
985 4800 1170 4871 Agno,
1208 4796 1441 4850 dexteras
1478 4791 1746 4862 junxiinus
1771 4806 1790 4844 :
1831 4798 1886 4843 et
1928 4789 2084 4858 paulo
2111 4795 2257 4853 ante,

678 4898 870 4955 Pacem
897 4892 1130 4948 dedimus
1151 4932 1167 4957 ,
1214 4904 1315 4943 non
1348 4884 1579 4941 haeresim
1614 4883 1925 4952 suscepimus
1958 4895 1975 4933 :
1994 4878 2262 4950 junximus

642 5047 656 5064 ,
680 4992 932 5057 dexteras;
958 4986 1198 5043 abeuntes
1236 4978 1484 5053 prosecuti
1513 4992 1705 5041 sumus,
1732 4982 1791 5028 ut
1816 4974 1846 5028 a
1878 4972 2080 5042 privata
2110 4970 2266 5026 dum-

681 5090 831 5139 taxat
849 5079 1121 5136 simultate
1149 5085 1277 5131 tunc
1305 5088 1364 5128 se
1389 5071 1599 5126 animos
1626 5066 1972 5136 recollegisse
1995 5105 2010 5131 ,
2040 5063 2259 5120 iudicet.

680 5173 945 5231 Ceterum
973 5168 1114 5241 quod
1142 5166 1431 5223 Anastasius
1454 5161 1732 5224 nominat,
1758 5160 1937 5214 locum
1970 5158 2022 5211 in
2063 5170 2169 5227 quo
2195 5155 2263 5209 ad

678 5263 1023 5322 concordiam
1065 5261 1397 5323 coaluerunt,
1430 5254 1711 5326 Templum
1746 5251 2036 5308 Dominicte
2060 5246 2265 5306 Resur-

679 5356 941 5414 rectionis
986 5353 1251 5425 signiﬁcat
1275 5393 1290 5415 ,
1335 5366 1365 5406 a
1392 5348 1746 5406 Constantino
1790 5346 1980 5416 Magno
2009 5344 2135 5398 olim
2165 5356 2265 5397 ex-

680 5457 965 5511 structum,
988 5454 1044 5500 et
1061 5443 1260 5499 Christi
1275 5443 1622 5513 Resurgentis
1644 5442 1917 5497 memoria:
1938 5440 2262 5500 dedicatum.

683 5539 801 5593 Duo
827 5536 1026 5604 quippe
1045 5533 1394 5604 Jerosolymai
1418 5535 1612 5611 templa
1633 5535 1746 5589 sive
1772 5528 2018 5589 basilicas
2043 5542 2267 5601 magnus

681 5629 773 5683 ille
817 5625 1117 5694 Imperator
1156 5626 1456 5693 exstruxit,
1504 5620 1731 5695 quorum
1778 5627 2006 5680 alterum
2049 5625 2102 5678 in
2149 5623 2267 5679 loco

681 5716 972 5782 Passionis,
1006 5710 1151 5783 quod
1178 5720 1232 5765 et
1257 5713 1394 5767 Crux
1419 5727 1464 5769 et
1498 5717 1804 5785 Martyrium
1829 5758 1843 5780 ,
1876 5714 2262 5784 appellabatur,

676 5815 908 5871 alterum
935 5809 990 5865 in
1014 5806 1415 5863 ltesurrectionis
1434 5809 1570 5874 loco,
1597 5808 1682 5863 cui
1709 5808 1980 5879 proprium
2001 5807 2264 5862 Anastasis

1897 357 1956 416 s.
2000 314 2377 413 incucurrit
2418 352 2599 409 Vl'l‘A.

3801 350 3905 406 “2

2316 484 2379 523 ex
2411 466 2597 524 Grmco
2629 453 2878 523 idiomate
2922 464 3116 522 nomen
3147 446 3263 521 iuit.
3310 440 3591 543 Peccziiuni
3644 463 3826 536 itaque
3854 468 3902 543 .ja

2319 560 2667 617 Beucdictino
2711 556 2930 614 Editore
2974 558 3103 612 satis
3146 558 3368 626 supine,
3401 538 3489 625 qui
3542 538 3802 611 Anastasii
3852 538 3903 611 iit

2320 655 2530 710 laudato
2573 650 2880 723 Hieronymi
2928 640 3073 705 textu
3107 663 3202 719 pro
3246 636 3667 723 AnastasiLCgit
3698 665 3711 700 :
3744 634 3903 719 qnam

2321 762 2419 802 nos
2442 761 2625 801 vocem
2672 742 3020 798 restituimus.
3067 740 3206 796 Alibi
3253 739 3312 796 S.
3346 722 3507 794 Pater
3533 724 3669 794 libro
3718 751 3907 795 contra

2320 830 2580 897 Joannem
2609 882 2622 905 ,
2654 834 2860 902 Nonne,
2896 835 3065 906 inquit
3091 877 3106 903 ,
3138 851 3249 888 cum
3277 833 3342 889 de
3367 816 3603 887 Anasiasi
3633 816 3912 923 pergeretis

2322 932 2390 986 ad
2419 933 2629 986 Crucem
2672 940 2766 983 etc.
2799 928 2884 984 ubi
2917 935 2969 983 et
2990 926 3190 983 Grazcis
3213 925 3382 981 literis
3404 913 3666 980 Ᾰναὰτὰἀει
3690 912 3911 979 codices

2323 1025 2565 1082 nonnulli
2597 1020 2901 1095 praeferunt.
2931 1020 3035 1077 Sed
3063 1016 3177 1075 haec
3206 1016 3487 1074 hactenus.
3714 1042 3724 1070 l

2397 1116 2459 1172 II.
2494 1112 2708 1183 Annus,
2734 1122 2840 1187 quo
2867 1114 2983 1169 haec
3010 1111 3389 1182 contigerunt,
3432 1102 3527 1187 seu
3552 1096 3658 1180 qud
3682 1090 3915 1161 Ruﬁnus

2324 1206 2377 1265 in
2404 1186 3062 1277 Occidentemnavigavit,
3093 1203 3225 1275 quin
3257 1202 3343 1257 bic
3367 1186 3480 1272 ipse
3521 1186 3681 1256 fuerit
3707 1200 3812 1255 ’597
3847 1200 3914 1254 ad

2326 1310 2484 1370 (luem
2511 1298 2725 1354 demum
2760 1313 2855 1368 per
2881 1311 3062 1352 rerum
3091 1284 3629 1370 Hieronytnianar'um
3657 1278 3918 1346 narratio.

2328 1408 2449 1448 nem
2496 1391 2808 1446 devenimus
2833 1431 2847 1456 ,
2895 1387 3117 1443 minime
3162 1386 3300 1440 inter
3330 1364 3571 1440 eruditos
3599 1378 3915 1454 ambigitur.

2329 1482 2383 1538 Id
2413 1484 2528 1555 ipse
2560 1484 2716 1538 etiam
2738 1494 2973 1550 nuperus
3000 1476 3135 1534 Vitae
3165 1476 3485 1532 Rufﬁniana:
3514 1472 3744 1546 scriptor
3774 1471 3920 1529 Fon-

2331 1579 2544 1632 taniuus
2575 1590 2670 1645 pro
2716 1583 2864 1630 certo
2904 1568 3086 1639 habet,
3138 1570 3191 1625 in
3220 1570 3446 1640 eamque
3486 1566 3601 1624 rem
3644 1567 3809 1623 multa
3850 1582 3920 1622 ex

2331 1669 2580 1739 Antiquis
2619 1666 2920 1722 testimonia
2947 1662 3224 1735 congerit,
3254 1668 3309 1717 et
3335 1660 3539 1717 Paulini
3568 1650 3758 1715 Nelani
3793 1674 3919 1715 cum

2331 1757 2518 1833 primis
2543 1801 2556 1823 ,
2589 1759 2741 1829 cujus
2767 1757 2927 1813 etiam
2957 1754 3316 1827 Epistolarum
3354 1768 3418 1809 ac
3464 1752 3727 1808 Natali‘um
3772 1751 3924 1807 ordi-

2333 1868 2454 1908 nem
2485 1860 2538 1907 et
2566 1844 2981 1921 Cbronologiam
3028 1833 3254 1925 tetigere
3296 1844 3362 1901 ex
3403 1845 3503 1900 hac
3546 1853 3921 1915 prmconcepta

2334 1943 2587 2015 opinione
2644 1926 2824 1997 audet.
2883 1939 3021 1995 Pace
3070 1922 3582 2015 tam‘en‘doctorum
3638 1934 3925 1989 hominum

2336 2012 2585 2102 dixerim,
2618 2034 2869 2088 videntur
2904 2024 2958 2085 bi
2987 2028 3142 2085 nobis
3171 2012 3507 2091 hallucinari,
3540 2031 3730 2098 partim
3774 2026 3927 2097 quod

2336 2131 2513 2187 minus
2543 2138 2792 2184 accurate
2820 2108 3170 2199 expcbderiut
3196 2168 3210 2190 ,
3242 2140 3344 2196 qua
3378 2123 3591 2195 proprie
3617 2122 3743 2178 anni
3771 2131 3930 2192 parte

2337 2224 2543 2279 dederit
2568 2221 2812 2277 Rultinus
2837 2236 2895 2276 se
2919 2221 3043 2286 vise,
3071 2208 3267 2290 partim
3295 2216 3455 2274 etiam
3482 2214 3624 2287 quod
3654 2214 3769 2270 lucc
3797 2231 3926 2270 cum

2338 2314 2458 2369 aliis
2496 2329 2560 2368 ex
2590 2312 2915 2384 Hieronymo
2954 2306 3275 2366 testimoniis
3314 2316 3629 2379 comparare
3667 2296 3928 2377 neglexe-

2338 2406 2463 2462 rint.
2516 2405 2758 2462 Pendeat
2798 2403 3073 2459 enimvero
3119 2402 3283 2457 multa
3323 2415 3442 2456 cum
3494 2390 3931 2471 Hieronymianzn

2340 2496 2497 2565 Vitae,
2530 2507 2639 2553 tum
2666 2494 2905 2552 historiae
2934 2510 3119 2550 eorum
3148 2498 3450 2563 temporum
3471 2533 3484 2557 ,
3513 2499 3567 2547 et
3588 2486 3932 2561 Origenianae

2341 2588 2656 2656 cumprimis
2686 2602 2861 2642 causa:
2879 2590 3148 2641 momenta
3177 2599 3243 2640 ex
3268 2591 3416 2639 recte
3446 2574 3758 2652 consignata
3790 2580 3928 2635 Ruf-

2342 2683 2434 2738 lihi
2462 2678 2733 2737 discessus
2759 2679 2960 2750 cpocba
2995 2684 3008 2733 ἑ
3038 2680 3156 2748 (iure
3193 2692 3353 2733 causa
3391 2682 3508 2740 est,
3535 2682 3632 2730 cur
3681 2674 3763 2729 his
3815 2685 3935 2729 tau-

2344 2768 2510 2845 tisper
2543 2772 2824 2828 immorari
2868 2786 2965 2827 nos
2993 2769 3211 2839 deceat.
3232 2769 3468 2824 Primum
3497 2766 3675 2837 itaque
3703 2780 3769 2820 ex
3805 2762 3935 2820 Pal-

2342 2865 2517 2931 Iadio,
2573 2865 2662 2935 qui
2725 2863 2966 2919 Melania!
3018 2862 3144 2929 iter,
3202 2875 3429 2933 quacum
3493 2853 3607 2916 erat
3659 2856 3933 2927 Rullinus,

2344 2956 2599 3014 describit
2624 2957 2677 3011 in
2705 2956 2935 3012 Historia
2954 2952 3233 3021 Lausiaca,
3262 2936 3595 3026 comperlum
3617 2960 3937 3023 certumque

2345 3058 2465 3117 est,
2498 3065 2592 3105 eos
2638 3042 2839 3120 percito
2878 3064 3039 3105 cursu
3081 3044 3244 3103 fuisse
3269 3063 3335 3104 ex
3360 3038 3578 3103 Oriente
3625 3036 3935 3101 in'ltaliam

2345 3152 2702 3199 transvectos.
2734 3140 2931 3195 Navem
2950 3181 2967 3208 ,
3015 3141 3184 3210 inquit
3207 3154 3325 3211 cap.
3354 3132 3585 3195 CXVIII.
3609 3138 3861 3201 ascendit,
3891 3142 3939 3191 et

2345 3234 2577 3291 Cwsarea
2606 3222 2870 3307 navigans,
2911 3234 3088 3306 viginti
3113 3233 3308 3288 dierum
3335 3232 3502 3302 spatio
3532 3229 3752 3286 Romam
3780 3231 3937 3286 venit.

2346 3325 2631 3397 Comperta
2662 3324 2856 3382 deinde
2900 3335 2984 3381 est
3026 3340 3091 3380 ex
3140 3316 3385 3391 Paulino,
3417 3339 3538 3380 cum
3583 3321 3661 3377 illi
3693 3322 3938 3378 terrestri

2348 3418 2541 3475 itinere
2565 3418 2793 3474 Romam
2821 3433 3007 3472 versus
3033 3457 3049 3483 ,
3080 3412 3269 3471 Nolam
3297 3416 3349 3470 in
3380 3404 3669 3486 Campania
3700 3408 3943 3471 advenev

2348 3518 2515 3575 runt,
2558 3524 2675 3579 quur
2706 3508 2830 3562 anui
2863 3514 3151 3576 tempestas
3180 3505 3455 3576 agebatur.
3485 3500 3696 3560 Initium
3741 3500 3947 3576 nempe

2348 3602 2513 3658 veris.
2560 3600 2694 3657 Cum
2737 3601 2879 3656 enim
2912 3596 3149 3671 Epistola
3180 3588 3373 3654 XXIX.
3406 3590 3471 3653 ad
3509 3586 3796 3669 Sulpitium
3846 3597 3948 3655 Sc-

2350 3710 2535 3749 verum
2578 3693 2759 3759 dicat,
2794 3692 3062 3747 Victorem
3106 3680 3427 3747 monachum
3469 3672 3708 3761 ejusdem
3752 3688 3948 3746 Severi

2354 3785 2691 3841 tabellarium
2721 3827 2733 3845 ,
2779 3782 2963 3839 Nolam
3018 3784 3083 3839 iis
3138 3778 3326 3839 diebus
3368 3774 3687 3847 advenisse,
3745 3782 3952 3853 quibus

2353 3876 2575 3933 Melania
2602 3890 2816 3947 quoque
2838 3876 3128 3931 advenerat
3147 3890 3179 3931 e
3199 3860 3506 3939 Palaestina,
3535 3870 3587 3928 in
3615 3868 3953 3945 prmCedenti

2356 3964 2421 4023 ad
2450 3968 2678 4024 eundem
2710 3966 2931 4034 seribit,
2982 3966 3155 4045 illum
3183 3965 3279 4021 abs
3325 3956 3387 4021 se
3433 3952 3582 4020 Nolae
3630 3973 3958 4034 susceptum

2357 4062 2622 4115 decedente
2659 4062 2773 4132 jam
2823 4054 3089 4115 HIEME.
3142 4057 3307 4129 Igitur
3363 4059 3463 4115 sUb
3512 4056 3704 4114 hiemis
3753 4058 3956 4128 tinent,

2356 4154 2548 4227 quibus
2575 4154 2755 4208 verbis
2784 4152 3061 4208 Februarii
3106 4152 3282 4206 exitus
3306 4191 3322 4218 ,
3370 4151 3546 4227 potius
3583 4166 3743 4221 quam
3772 4148 3963 4207 Martii

2357 4224 2575 4303 exordia
2608 4246 2993 4316 signiﬁcantur,
3021 4251 3080 4300 ut
3109 4240 3289 4300 Victor
3317 4244 3427 4313 ille,
3457 4224 3523 4300 de
3553 4237 3661 4316 quo
3692 4230 3965 4300 Paulinus

2359 4338 2411 4395 id
2441 4339 2606 4395 refert
2629 4312 2742 4405 ,ita
2773 4347 2825 4392 ct
2855 4336 3077 4392 Melania
3106 4330 3225 4392 cum
3258 4312 3470 4390 Bullini)
3499 4312 3597 4390 suo
3619 4312 3813 4390 Nolam
3839 4352 3857 4402 δ
3894 4336 3969 4391 ad

2361 4430 2573 4485 familia:
2608 4444 2720 4484 sua:
2750 4437 3006 4499 cognatos
3032 4416 3345 4484 diverterat.
3378 4426 3558 4483 Placet
3596 4425 3785 4481 audire
3817 4410 3971 4482 Pau-

2360 4523 2528 4579 Iinum
2555 4524 2769 4577 iterum.
2795 4521 3028 4591 Reliqua,
3066 4518 3237 4592 induit
3257 4570 3272 4586 ,
3301 4536 3409 4592 -,as
3430 4512 3713 4591 (Melaniae)
3747 4523 3977 4593 negotia

2363 4628 2423 4669 oc
2460 4623 2685 4685 tempora
2714 4612 2957 4681 transibo,
2987 4625 3032 4669 et
3070 4615 3163 4669 hoc
3186 4614 3352 4686 ipsum
3375 4655 3390 4680 ,
3418 4629 3514 4684 quo
3542 4602 3771 4667 remeans
3806 4614 3977 4668 navi-

2363 4704 2518 4778 gavit,
2547 4715 2601 4759 ut
2628 4722 2834 4760 cursum
2859 4707 2966 4777 ejus
2992 4707 3200 4762 aemuler
3223 4748 3238 4773 ,
3268 4703 3603 4776 transfretabo
3624 4746 3640 4772 ,
3674 4721 3774 4772 quo
3791 4705 3980 4778 Acilius

2365 4816 2644 4856 sermonem
2687 4812 2852 4853 meum
2887 4798 2940 4852 in
2968 4799 3076 4868 ejus
3119 4797 3349 4853 Adventu
3379 4797 3674 4869 exponendo
3714 4774 3982 4851 deiermi-

2366 4890 2478 4947 nem
2510 4909 2527 4946 :
2556 4891 2607 4945 in
2629 4906 2726 4962 quo
2747 4906 2945 4961 magna:
2964 4887 3061 4944 Dei
3080 4878 3258 4960 gratia:
3283 4898 3532 4958 spectator
3552 4876 3648 4957 fui.
3674 4884 3983 4956 Neapolim

2366 4983 2539 5036 urbem
2552 4980 2685 5036 brevi
2700 4981 2865 5050 spatio
2885 4996 2916 5033 a
2937 4978 3164 5047 Nolana,
3186 4996 3285 5051 qua
3302 4979 3546 5051 degimus,
3565 4962 3989 5032 civitdtedistin-

2370 5080 2536 5138 ctam,
2560 5071 2767 5124 advecta
2786 5080 2879 5131 est.
2903 5062 2983 5123 ubi
3005 5070 3228 5137 ﬁliorum
3256 5079 3591 5140 nepotumque
3618 5058 3845 5122 occursu
3875 5088 3993 5124 ex-

2369 5173 2533 5233 cepta,
2558 5177 2678 5216 mox
2697 5158 2890 5214 Nolam
2906 5159 2974 5214 ad
2987 5160 3289 5215 humilitatis
3310 5169 3494 5214 nostra:
3516 5146 3795 5229 hospitium
3822 5161 3990 5227 festi-

2369 5257 2528 5311 navit.
2563 5256 2727 5310 Parro
2755 5262 2932 5310 autent
2960 5253 3003 5308 sl
3032 5253 3191 5307 hieme
3205 5252 3470 5307 decedente
3491 5249 3684 5325 (Epist.
3708 5240 3824 5306 XX
3837 5251 3991 5322 IX.)

2369 5346 2555 5403 Nolam
2579 5342 2837 5401 venerunt
2861 5387 2875 5411 ,
2906 5353 2960 5401 et
2985 5353 3107 5398 ante
3133 5343 3307 5414 viginti
3343 5342 3451 5397 dies
3480 5342 3655 5397 navim‘
3690 5342 3745 5396 in
3774 5342 3956 5399 Caesa
3980 5376 3991 5384 -

2369 5450 2475 5495 rea:
2503 5437 2661 5509 portu
2693 5433 3155 5497 conscenderant,
3197 5438 3293 5501 par
3340 5433 3524 5502 utique
3571 5440 3659 5487 est
3706 5428 3992 5504 credere,

2368 5549 2486 5590 cum
2508 5532 2707 5603 pridem
2722 5530 3055 5601 Jerosolyma
3086 5518 3425 5580 discederent
3469 5524 3713 5580 terreSIri
3743 5526 3997 5597 itinere,

2367 5626 2476 5682 imo
2503 5632 2557 5681 et
2585 5622 2868 5692 antequam
2896 5616 3234 5675 discederent
3259 5656 3272 5679 ,
3302 5630 3424 5671 cum
3456 5631 3645 5687 pacem
3694 5618 3799 5673 abs
3838 5620 3999 5679 lIie.

2368 5731 2592 5787 rouyma
2623 5714 2998 5783 impetrarunt;
3030 5722 3223 5762 annum
3247 5707 3332 5760 vix
3359 5717 3468 5761 tum
3489 5707 3747 5777 erupisse.
3774 5712 3997 5770 Serui].

2369 5814 2581 5874 autem;
2616 5802 2716 5859 nisi
2767 5794 2850 5859 bis
2891 5800 3044 5856 fallor
3073 5796 3365 5853 rationibus
3393 5794 3795 5870 subducendis,
3858 5819 4006 5864 eum
