4050 6188
150 342 239 399 H3

152 462 260 525 597,
289 467 347 516 ut
387 452 579 516 volunt
602 501 617 527 ,
648 455 797 527 cujus
827 458 1021 525 nempe
1061 448 1265 524 primus
1292 448 1467 508 adhuc
1504 446 1712 506 mensis

151 553 418 610 Januarius
445 550 696 625 ageretur
718 592 732 617 ,
775 549 922 606 credi
967 537 1300 618 tiequaquam
1330 556 1514 616 posse.
1545 540 1714 598 auita

152 643 411 699 enimvero
464 636 591 697 sunt
634 640 833 710 scripta
892 628 1201 711 Hieronymi
1248 644 1303 693 et
1353 641 1540 707 gesta,
1596 645 1717 701 quae

152 734 369 790 bnicmet
397 728 541 789 anno
568 730 672 788 neti
704 730 909 788 ine’uuti
942 718 1170 793 tantum,
1199 726 1292 783 Sed
1327 734 1382 782 et
1406 723 1540 781 satis
1565 720 1721 777 adul-

155 835 222 893 to,
249 822 458 882 nemine
480 816 1003 904 jam-dissentiente;
1034 812 1362 885 tribuuntur,
1390 830 1516 888 quae
1537 819 1716 870 tamen

152 932 321 989 pacem
345 926 466 973 cum
489 904 703 973 Rutilno
728 916 1097 989 prtecessisse,
1122 904 1274 969 certo
1301 912 1503 968 certius
1531 909 1716 979 liquet.

154 1009 413 1078 Ejusmodi
442 1019 567 1066 sunt
595 1008 714 1080 qua:
736 1008 999 1079 superiori
1046 1006 1292 1077 proxime
1327 1005 1503 1075 capite
1532 1016 1722 1057 recen-

151 1104 383 1170 suimus;
432 1109 489 1158 et
535 1096 778 1171 Epistola
822 1112 944 1155 cum
988 1097 1176 1171 primis
1207 1088 1294 1151 illa
1342 1095 1401 1152 S.
1452 1093 1626 1149 Patris
1655 1089 1721 1146 ad

148 1193 538 1264 Theophilum,
587 1186 676 1247 tibi
724 1191 927 1247 Sanctis
970 1190 1253 1261 displicere
1290 1186 1364 1243 ait
1390 1185 1534 1257 quod
1570 1199 1725 1253 super

146 1268 336 1355 nefaria
361 1282 543 1339 lttrresi
569 1276 781 1337 multaut
798 1283 1087 1348 patientiam
1107 1287 1300 1352 gereret
1322 1278 1450 1349 (Ep.
1475 1274 1571 1331 LX
1579 1274 1602 1328 Ι
1611 1274 1634 1327 I
1646 1273 1669 1327 I
1683 1277 1723 1345 ).

147 1370 324 1429 Series
355 1373 571 1444 quoque
600 1388 778 1428 rerum
807 1358 1343 1442 Hieronymianarum
1366 1368 1434 1423 ab
1456 1364 1731 1422 adornatis

148 1466 187 1519 in
240 1464 444 1521 Joua‘m
494 1458 942 1530 Commentariis,
998 1478 1134 1535 quos
1183 1460 1323 1518 intra
1381 1458 1732 1532 prmcedentis

146 1538 386 1627 proxime
412 1552 540 1610 anni
572 1540 709 1610 lines
735 1554 1006 1625 conjicere
1052 1555 1137 1609 vix
1169 1548 1437 1624 potuimus
1461 1592 1476 1619 ,
1508 1551 1576 1607 εει
1617 1550 1733 1607 hate

148 1642 309 1717 usque
338 1640 602 1716 tempora;
630 1645 770 1700 haud
797 1647 930 1701 sane
952 1652 1124 1714 potest
1151 1644 1614 1714 paucissimorum,
1641 1642 1730 1712 qui

148 1730 481 1792 intercedunt
507 1720 774 1790 mensium
805 1738 981 1806 Spatio
1006 1724 1415 1805 comprehendi.

212 1827 319 1884 Sed
345 1826 453 1897 jam
483 1824 594 1882 suis
633 1827 847 1896 proprie
875 1826 1200 1897 argumentis
1237 1822 1540 1895 opinionem
1585 1822 1726 1879 illam

150 1919 475 1976 confutemus
497 1962 512 1987 ,
532 1925 585 1974 et
608 1919 697 1990 qui
729 1918 795 1973 ab
824 1932 886 1973 ea
915 1922 1057 1973 stant
1080 1959 1093 1981 ,
1124 1912 1262 1972 haud
1303 1918 1454 1972 statis
1481 1912 1729 1973 constare

153 2011 272 2078 sibi,
298 1996 663 2068 ostendamus.
701 2010 921 2065 Librum
949 2010 1004 2064 s.
1036 2008 1208 2065 Patris
1237 2008 1304 2063 ad
1332 2006 1729 2063 Pammachiutil

150 2115 329 2161 contra
379 2100 636 2160 Joan'n‘ein‘
684 2100 1185 2169 ierosolymitan‘um
1234 2100 1397 2157 fuisse
1449 2101 1549 2157 hoc
1591 2114 1732 2155 anno

150 2194 251 2252 397
297 2196 655 2266 conscriptum
682 2182 981 2249 autumant
1024 2210 1038 2247 :
1081 2186 1218 2259 Quin'
1260 2192 1369 2247 Iino
1419 2190 1470 2247 id
1541 2192 1734 2261 niagno

158 2286 346 2345 conatu
377 2292 555 2359 agunt,
579 2292 634 2343 'et
660 2292 861 2343 trivere
890 2284 1032 2356 quod
1059 2292 1144 2341 res
1170 2294 1273 2351 eat,
1291 2284 1484 2345 dicam.
1515 2284 1609 2353 per
1630 2282 1734 2336 vim

153 2388 306 2451 atque
334 2362 557 2434 invitum
586 2377 688 2433 huc
716 2382 837 2434 cuiu
858 2385 1076 2448 Cogunt,
1107 2376 1197 2447 qui
1226 2384 1345 2446 poSt
1388 2374 1553 2430 ferme
1590 2373 1740 2428 bien-

152 2470 291 2529 nium
319 2468 577 2542 scriptum
600 2472 657 2527 se
683 2454 878 2541 prodit.
898 2469 1080 2525 Fuerit
1107 2476 1305 2536 tamen;
1323 2477 1378 2523 ut
1402 2469 1602 2533 volunt,
1637 2466 1740 2525 ito'c

150 2576 287 2620 anno
312 2560 545 2634 scriptus
576 2566 591 2631 ι
623 2560 834 2633 quando
865 2564 1039 2632 neque
1086 2560 1246 2615 altius
1267 2560 1364 2630 ipsi
1393 2560 1559 2630 repeti
1584 2571 1738 2628 posse

152 2654 253 2711 ullo
292 2652 453 2712 modo
474 2697 490 2722 ,
516 2655 772 2719 sentiunt,
802 2658 974 2725 neque
1004 2664 1060 2709 ut
1099 2653 1378 2725 hypotltesi
1412 2666 1523 2707 sua:
1564 2654 1737 2708 inser.

152 2747 314 2814 viant,
344 2745 548 2817 epocha
578 2736 870 2802 vetustiore
898 2742 1031 2815 opds
1058 2743 1271 2800 habent.
1309 2745 1418 2798 Iloc
1443 2756 1542 2812 ego
1564 2744 1738 2813 ipsum

153 2836 401 2893 evincere
438 2837 524 2892 aio
555 2837 831 2908 palamque
858 2834 1170 2901 ostendere,
1204 2834 1436 2889 nondum
1479 2833 1569 2888 ilio
1595 2848 1738 2888 anno

154 2929 420 2986 Bullinum
448 2938 516 2986 ex
553 2918 776 2986 Oriente
797 2918 851 2984 in
893 2928 1095 2985 Italiam
1125 2928 1415 2999 tl‘ajecissc.
1448 2928 1739 2983 Enimvero

153 3024 194 3078 si
223 3016 439 3079 advenit
468 3021 556 3078 ille
581 3012 849 3076 decedente
871 3022 1063 3087 hieme;
1104 3020 1238 3076 liber
1257 3022 1397 3077 circa
1425 3023 1738 3075 autunlnuin

156 3116 401 3174 exaratus
443 3117 663 3173 omnino
720 3120 804 3171 "est
834 3132 848 3168 :
880 3118 935 3171 e’t
979 3110 1239 3185 siquidem
1291 3128 1399 3168 uno
1446 3113 1743 3182 eodemque

155 3222 291 3266 anno
316 3210 461 3278 597;
491 3218 613 3265 cum
646 3194 790 3264 illius
819 3207 1108 3271 adventus,
1139 3199 1248 3260 tuin
1279 3202 1395 3275 ejus
1416 3205 1744 3260 elucubratio

156 3300 411 3375 contigit,
469 3295 587 3357 Habe
641 3304 819 3356 tamen
872 3299 962 3354 illo
1003 3298 1264 3368 posterior
1304 3295 1525 3351 dimidio
1578 3294 1745 3350 ferme

156 3392 296 3453 anno
338 3394 462 3463 est;
493 3395 751 3468 quantum
774 3390 1058 3450 sciliceta'b
1094 3384 1284 3446 liiemis
1328 3389 1433 3444 line
1473 3386 1540 3444 ad
1584 3386 1745 3443 linem

157 3478 353 3544 absens
381 3494 397 3556 ;
430 3484 546 3544 sive
572 3485 813 3542 autumni
838 3483 1112 3539 exdrdi'um
1141 3474 1441 3537 intercedit.
1487 3477 1636 3535 Dabo
1663 3477 1744 3534 rei

155 3580 341 3637 teStem'
359 3572 646 3651 ipsumniet
664 3584 909 3634 sanctum
930 3577 1160 3642 Patrem,
1190 3575 1279 3646 qui
1312 3573 1413 3629 sub
1441 3573 1557 3644 ejus
1586 3574 1745 3629 linem

155 3672 296 3742 libri,
324 3654 565 3729 scribere
582 3686 704 3728 eum
726 3685 785 3728 se
812 3664 932 3742 post
961 3668 1158 3741 paucos
1186 3674 1398 3725 menses
1421 3681 1452 3722 a
1481 3664 1745 3724 Penteco-

156 3774 253 3828 ste.
270 3764 400 3836 piita
418 3764 644 3836 augusto
665 3771 757 3817 aut
773 3752 1058 3832 septembrl
1076 3758 1280 3823 mense;
1302 3758 1583 3830 signiﬁcat.
1609 3757 1663 3814 Ν
1667 3764 1744 3827 os,

156 3852 343 3926 Inquit,
370 3854 492 3909 aii't'e
530 3858 719 3924 paucos
737 3852 929 3906 menses
952 3852 1085 3905 circa
1111 3850 1217 3905 dies
1255 3843 1574 3904 Pentecoste:
1592 3889 1607 3915 ,
1633 3854 1748 3904 sum

157 3946 420 4001 obscurato
443 3947 573 4010 sole,
606 3933 771 3999 omnis
794 3934 1012 3998 mundus
1032 3936 1351 4013 jamja'niqu’e
1375 3942 1635 4013 uenturam
1660 3941 1750 4012 Ju-

157 4030 315 4093 ditem
343 4022 685 4111 formidaret;
716 4034 1053 4106 quadraginta
1096 4034 1306 4088 diversa:
1335 4032 1501 4089 astatis
1538 4041 1583 4087 st
1602 4048 1750 4087 sexus

160 4126 478 4200 Presbyter“
525 4127 626 4182 nus
665 4126 935 4182 obtulimus
961 4123 1308 4196 baptizandos.
1338 4122 1498 4193 Atqui
1534 4124 1751 4180 omnino

157 4219 462 4290 praecedere
480 4212 980 4275 Bulllmdlscessum
1002 4216 1055 4272 in
1072 4212 1255 4273 eorum
1275 4214 1554 4287 hypoth'esi
1571 4215 1750 4281 debet,

161 4310 322 4385 idque
369 4307 456 4368 εει
502 4310 688 4367 eortitn‘
714 4306 1089 4381 disputationis
1114 4308 1467 4380 praecipuum,
1501 4316 1610 4363 tum
1634 4308 1754 4364 aliis

158 4404 221 4460 de
256 4403 467 4469 caudis;
514 4404 638 4460 eum
674 4401 971 4474 praesertim
998 4442 1015 4470 ,
1044 4408 1101 4456 ut
1139 4412 1247 4472 quo
1292 4409 1529 4469 tempore
1567 4399 1657 4455 ille
1699 4400 1754 4456 in

158 4496 499 4558 Occidentem
544 4496 837 4566 remeant,
865 4488 1134 4555 sublatum
1175 4486 1287 4568 jam
1326 4496 1535 4567 penitus
1576 4494 1755 4551 dicant

159 4586 390 4649 schislhﬂ
441 4584 1315 4664 Jlil‘osolymitanum,sartamque
1376 4586 1518 4643 inter
1565 4588 1755 4643 omnes

156 4682 400 4752 gratiam.
435 4672 602 4756 Igilili-
626 4678 747 4753 post
766 4674 886 4738 tum
913 4668 1128 4739 Librum
1148 4722 1162 4746 ,
1185 4681 1276 4751 qui
1303 4678 1463 4735 scribi
1502 4688 1626 4734 ante
1661 4678 1756 4734 an.

158 4790 281 4831 num
306 4774 416 4833 39'!
443 4770 665 4831 oniiiino
705 4770 814 4830 ilo‘ri
859 4772 1063 4843 potuit,
1092 4771 1339 4828 Rtll‘llnus
1365 4770 1584 4828 advenit
1613 4788 1629 4827 :
1661 4770 1758 4827 ad-

156 4868 301 4922 venit
324 4867 463 4922 adeo
492 4854 868 4935 subsequentis
884 4864 1008 4921 anni
1034 4856 1140 4920 398
1168 4863 1339 4919 initio.

219 4957 361 5012 time
390 4958 709 5027 exitiorum,
727 4962 848 5030 quas
873 4952 1059 5014 contra
1085 4966 1143 5012 se
1157 4964 1414 5027 pugnant,
1433 4953 1749 5011 rationibus.

151 5047 434 5104 Cseterum
465 5044 621 5105 hocce
647 5038 868 5106 demum
906 5048 1078 5104 altero
1116 5055 1259 5102 anno
1287 5047 1564 5102 Melaniam
1602 5060 1755 5102 cum-

150 5156 254 5212 que
284 5140 349 5197 es
387 5124 662 5201 Bullinum
706 5143 763 5197 in
790 5140 1132 5198 Occidentem
1174 5139 1473 5212 navigasse,
1502 5140 1755 5211 pleraque

150 5234 250 5289 alia
283 5234 541 5291 veterum
570 5224 875 5291 testimOnia
895 5232 1039 5299 sunt,
1060 5249 1179 5305 qua!
1205 5231 1362 5290 facile
1383 5233 1754 5304 persuadeant.

152 5318 426 5385 Palladius
454 5328 576 5400 cap.
605 5326 821 5385 CXVIII
853 5318 1133 5384 Melanium
1178 5324 1411 5382 al'lirmat
1448 5334 1570 5395 post
1596 5340 1756 5379 annos

151 5420 324 5491 agnus
344 5414 561 5493 septem,
590 5408 661 5479 ei
686 5424 795 5492 quo
822 5424 889 5477 ex
920 5406 1064 5477 Urbe
1084 5426 1144 5476 se
1170 5418 1221 5472 in
1240 5417 1531 5490 Egyptum
1560 5416 1754 5472 contu-

151 5508 309 5577 lerat,
340 5514 568 5583 patriam
597 5511 882 5582 repetiisse
909 5516 922 5561 ξ
951 5504 1044 5581 qui
1069 5500 1319 5565 nimirum
1361 5506 1615 5577 temporis
1647 5514 1758 5560 tra-

152 5612 263 5661 ctus
292 5607 362 5663 ab
387 5602 528 5677 ipso,
555 5603 845 5670 inclusive,
863 5610 923 5659 ut
948 5602 1119 5669 aiunt,
1147 5617 1288 5658 anno
1312 5599 1421 5657 372
1448 5614 1554 5667 quo
1574 5606 1757 5655 trans-

151 5709 295 5753 vecta
325 5716 389 5756 eo
410 5706 514 5765 est,
546 5701 601 5756 in
630 5698 739 5755 398
787 5698 1104 5752 terminatur
1138 5695 1390 5751 :Ccrtum
1416 5701 1503 5748 est
1542 5691 1685 5745 enini
1721 5705 1753 5746 a

148 5785 387 5851 Palladio
436 5791 585 5849 hunc
617 5778 726 5847 ulla
777 5776 1078 5860 Supputari,
1105 5785 1322 5845 tametsi
1364 5780 1619 5840 duntaxat
1671 5781 1751 5837 in-

1404 328 1463 385 S.
1506 320 1885 382 IIIEiiUNUIl
1935 324 2113 379 \iTA.

3312 345 3419 407 ιη

1823 443 2098 514 cboatum,
2124 448 2363 507 maxime
2388 462 2513 507 cum
2538 466 2692 506 unum
2717 460 2764 508 et
2782 454 2997 512 alterum
3038 474 3255 519 mensem
3301 467 3407 534 pri.

1823 552 1928 593 ma:
1985 539 2312 611 navigationi
2388 542 2691 613 impensum
2717 586 2733 612 ,
2786 545 3054 618 ingruente
3097 556 3209 625 jam
3252 557 3406 616 hieme

1823 632 2180 705 przecedentis
2227 636 2351 691 anni
2394 636 2548 705 571,
2595 646 2718 708 puta
2774 653 2808 695 a
2855 645 3141 701 novembre
3204 665 3411 719 mense,

1824 738 1891 782 eo
1918 738 2146 784 numero
2185 729 2659 800 comprehendisse
2677 771 2694 799 ,
2720 746 2982 805 perquam
3006 738 3074 792 sit
3097 743 3410 802 vertisitttilc.

1823 817 1974 874 Adeo
2003 833 2124 874 cum
2155 819 2408 877 Paulinus
2454 822 2683 879 rotundo
2731 836 2859 880 usus
2904 842 3131 884 numero
3168 830 3417 891 reducem

1825 906 2109 965 Helaniam
2136 911 2272 967 dixit
2297 920 2409 983 post
2426 913 2648 984 quinque
2673 908 2855 982 lustra,
2882 917 3217 988 perspicuum
3240 930 3327 978 est
3351 936 3419 981 ex

1826 998 1943 1069 ipso
1968 1003 2313 1071 computandi
2351 1003 2513 1061 modo
2533 1044 2548 1070 ,
2576 1005 2754 1062 minus
2788 1022 2913 1065 eum
2957 1007 3124 1067 fuisse
3149 1022 3420 1081 accurate,

1829 1098 1888 1150 ut
1935 1091 2051 1147 lieri
2076 1093 2132 1147 in
2158 1093 2241 1149 bis
2269 1105 2432 1162 amat,
2465 1095 2700 1152 locutum
2727 1115 2742 1152 :
2776 1098 2919 1155 unde
2959 1100 3181 1174 intelligi
3211 1103 3278 1161 ad
3307 1105 3426 1160 Pal-

1831 1179 1955 1235 ladii
1978 1196 2266 1252 summam,
2293 1193 2456 1256 atque
2498 1188 2751 1258 explicari
2777 1204 2899 1245 eum
2924 1202 3191 1261 oporteat.
3226 1194 3427 1251 Fontao

1835 1272 1994 1327 uinus
2031 1282 2210 1335 tamen
2254 1285 2583 1347 praepostero
2620 1278 2798 1335 studio
2845 1281 2912 1336 ad
2939 1281 3141 1338 Paulini
3187 1286 3427 1341 rationes

1835 1363 2085 1435 redigere
2118 1365 2411 1423 Palladium
2437 1368 2624 1438 jubet:
2654 1370 2768 1439 Qua
2794 1371 2847 1427 in
2875 1387 2933 1429 re
2959 1373 3066 1429 l’alli
3094 1389 3216 1430 eum
3245 1385 3301 1432 et
3326 1375 3428 1430 lal-

1837 1452 1969 1519 lere,
2009 1464 2066 1511 ut
2116 1468 2499 1529 praeconceptae
2540 1462 2779 1533 opinioni
2829 1480 2941 1525 suae
2964 1466 3237 1534 insaniat,
3269 1482 3426 1523 nemo

1836 1559 1945 1603 non
1972 1546 2135 1602 videt.
2169 1549 2375 1619 Quippe
2400 1552 2531 1607 alias
2555 1552 2809 1615 Paulinus
2838 1556 3070 1626 ipsemet
3093 1558 3260 1615 hocce
3286 1540 3426 1617 anno

1835 1636 1941 1693 598
1970 1653 2076 1693 non
2097 1640 2443 1709 prascedenti,
2478 1653 2533 1698 ut
2560 1644 3003 1716 interpretantur,
3034 1649 3305 1707 Bullinum
3333 1652 3431 1707 ad-

1836 1729 2049 1786 venisse
2069 1740 2238 1785 notat.
2268 1730 2325 1785 In
2356 1734 2462 1787 line
2491 1734 2743 1805 Epistula:
2758 1737 2958 1795 dudum
2988 1740 3216 1798 laudata
3242 1759 3304 1799 se
3327 1745 3422 1810 ait,

1836 1819 2007 1876 Vitam
2039 1821 2094 1877 S.
2126 1821 2359 1892 Martini,
2386 1825 2511 1881 olim
2541 1842 2571 1881 a
2601 1828 2829 1907 Sulpitio
2848 1830 3050 1890 Severo
3077 1834 3424 1901 adornatam,

1833 1910 2072 1968 Melaniae
2103 1913 2299 1995 hospiti
2331 1926 2459 1974 tunc
2486 1932 2597 1976 suae
2619 1923 2947 1990 recitavisse,
2971 1928 3420 1997 quemadmodum

1834 2003 2152 2064 recitaverat
2177 2009 2319 2064 illam
2346 2019 2500 2067 antea
2545 2010 2827 2071 Venerabili
2850 2015 3106 2087 Episcopo
3142 2028 3289 2090 atque
3326 2023 3425 2077 ἀοι·
3486 2076 3489 2079 λ

1835 2098 2057 2153 stissimo
2092 2096 2307 2166 Nicena,
2334 2102 2421 2171 qui
2461 2117 2524 2156 ex
2571 2102 2737 2163 Dacia
2789 2105 3038 2164 Romanis
3090 2108 3427 2167 admirandus

1839 2192 2109 2251 advenerat
2131 2190 2152 2263 (
2178 2190 2347 2262 Epist.
2375 2193 2551 2253 XXIX
2576 2194 2619 2267 ).
2654 2196 2958 2255 Advenerat
2987 2198 3075 2254 hic
3105 2209 3286 2263 autem
3316 2202 3434 2259 hie-

1839 2297 1928 2349 me
1958 2299 1971 2336 :
2001 2282 2171 2337 adluit
2198 2284 2341 2338 enim
2376 2284 2464 2340 die
2496 2286 2561 2340 14
2588 2284 2850 2354 Januarii,
2897 2303 3005 2360 quo
3030 2291 3202 2346 sancti
3233 2290 3428 2349 Felicis

1840 2371 1979 2431 l'esto
1999 2376 2217 2431 solitum
2244 2378 2514 2447 quotannis
2537 2377 2726 2436 Natale
2752 2395 2970 2438 carmen
3007 2383 3261 2440 Paulinus
3286 2386 3430 2443 ceci-

1841 2470 1940 2527 nit.
1968 2469 2206 2538 Quorum
2250 2469 2464 2541 quidem
2486 2469 2772 2537 Natalium,
2796 2482 2948 2531 utest
2965 2475 3171 2531 erudite
3187 2487 3427 2535 notatum

1842 2562 2092 2643 Beronio,
2116 2571 2273 2643 atque
2299 2563 2365 2619 ab
2389 2564 2505 2634 ipso
2529 2565 2584 2621 S.
2602 2576 2834 2626 auctore
2860 2567 3161 2640 colligitur,
3184 2572 3429 2643 quintum

1842 2652 1970 2708 illud
2001 2662 2148 2717 erat.
2176 2654 2260 2710 cui
2290 2656 2517 2725 primum
2545 2654 2762 2715 Nicetas
2791 2658 3030 2717 interfuit
3061 2678 3074 2714 :
3105 2668 3265 2733 atque
3291 2665 3432 2721 adeo

1840 2746 1964 2801 anni
1992 2756 2109 2807 erat
2134 2748 2260 2815 598,
2292 2757 2473 2817 utpote
2501 2764 2531 2803 a
2560 2749 2736 2820 priore
2754 2751 2997 2822 quintum
3028 2771 3043 2810 ε
3075 2754 3336 2824 siquidem
3362 2757 3433 2811 ab

1841 2852 1982 2893 anno
2019 2839 2125 2895 594
2144 2878 2158 2903 ,
2183 2849 2259 2899 ut,
2283 2841 2445 2896 certis
2483 2842 2814 2911 argumentis
2838 2844 3138 2899 Chillletius
3158 2855 3213 2900 et
3239 2847 3432 2915 Pagins

1842 2930 2113 2995 evincunt,
2128 2931 2286 2989 condi
2306 2942 2480 3003 empta
2503 2933 2591 2988 illa
2613 2943 2757 2989 sunt.
2778 2934 2945 3004 Hujus
2962 2936 3121 3005 igitur
3142 2937 3292 2992 initio
3308 2938 3434 2992 anni

1844 3031 1965 3090 post
1988 3021 2245 3086 Nicetam,
2291 3023 2515 3079 Melania
2544 3032 2665 3078 eum
2697 3022 2914 3079 Rttl‘l‘uto
2943 3040 3042 3080 suo
3067 3024 3215 3080 Nola:
3247 3040 3436 3085 acces-

1846 3123 2069 3169 serunt:
2098 3124 2257 3184 atque
2284 3114 2399 3170 haec
2437 3117 2614 3170 verior
2656 3120 2842 3171 eorum
2882 3129 2948 3171 ex
2986 3117 3204 3174 Oriente
3230 3119 3296 3174 ad
3337 3120 3439 3178 Pa~

1849 3205 1980 3260 trias
2031 3204 2186 3260 sedes
2238 3214 2514 3273 regressus
2569 3213 2654 3261 est
2709 3204 2934 3275 epocha.
2991 3207 3100 3262 Cur
3160 3208 3274 3265 haec
3336 3226 3437 3267 nos

1848 3294 2007 3365 latius
2038 3296 2305 3367 persecuti
2326 3311 2510 3352 sumus
2533 3338 2548 3363 ,
2575 3313 2694 3369 quae
2724 3308 2916 3368 praeter
2941 3314 3056 3355 rem
3079 3315 3198 3357 esse
3216 3342 3232 3369 ,
3266 3303 3438 3372 prima

1848 3388 2029 3444 statim
2075 3388 2253 3445 l‘ronite
2289 3388 2601 3445 videbantur
2624 3429 2640 3456 ,
2667 3403 2735 3446 ex
2763 3392 3216 3463 consequentibus
3243 3394 3439 3452 intelli-

1920 3572 2009 3629 Ill.
2064 3573 2386 3631 Persuasum
2406 3575 2569 3648 vulgo
2604 3576 2937 3635 eruditorum
2981 3589 3095 3648 est,
3127 3585 3439 3654 compositis

1848 3664 2234 3739 Hieronymum
2272 3668 2413 3723 inter
2438 3683 2503 3725 ac
2539 3669 2807 3726 Bullinum
2836 3672 3031 3729 animis
3051 3712 3067 3739 ,
3099 3674 3329 3748 dataque
3358 3677 3434 3735 ilt-
3466 3676 3473 3681 “

1851 3768 2021 3813 vicem
2061 3768 2225 3829 atque
2251 3769 2467 3828 accepts
2492 3760 2686 3825 salute,
2716 3762 2987 3818 sublatum
3018 3779 3084 3818 eo
3111 3765 3227 3834 ipso
3254 3768 3440 3836 fuisse,

1850 3855 2008 3918 atque
2032 3850 2323 3905 extinctum
2343 3847 2574 3906 schisma
2595 3849 3124 3921 Jerosolymitanum,
3139 3863 3444 3926 sartamquo

1851 3941 2080 4011 gratiam
2137 3940 2276 3996 inter
2330 3939 2876 4006 omnes,.blonachos
2931 3943 3147 4011 inquam
3204 3943 3443 4015 reliquos

1852 4039 1909 4091 et
1931 4030 2217 4087 Joannem.
2248 4029 2414 4102 Cujus
2442 4031 2653 4102 quidem
2683 4032 2762 4089 rei
2797 4048 2928 4090 sane
2957 4033 3281 4092 luculentum
3325 4018 3447 4107 pio.

1855 4122 2030 4179 ferunt
2056 4124 2415 4199 testimonium
2445 4140 2512 4181 ex
2539 4125 2775 4183 Palladio
2815 4127 2870 4183 in
2901 4127 3166 4190 ‘Lausiaca
3207 4145 3270 4189 ex
3304 4133 3443 4186 anti-

1856 4229 1961 4286 qua
1980 4214 2226 4270 versione
2251 4214 2546 4271 Heraclidis
2564 4206 2681 4288 cap.
2709 4217 2917 4274 CXVIII
2946 4220 3032 4275 ubi
3053 4219 3121 4277 de
3151 4222 3365 4277 Rulllno
3391 4231 3447 4280 ct

1812 4352 1817 4357 .
1858 4309 2083 4366 Melania
2126 4309 2384 4379 loquens,
2424 4310 2759 4369 conciliatum
2808 4326 2995 4368 eorum
3049 4330 3209 4384 opera
3238 4328 3448 4386 ,pacenu

1857 4402 1997 4458 inter
2024 4414 2212 4457 omnes
2237 4399 2509 4471 prtedicat.
2534 4399 2689 4469 Illos,
2719 4401 2910 4473 inquit,
2942 4406 3089 4466 etiam
3110 4407 3449 4480 quatlringen.

1859 4504 1938 4549 tos
1974 4504 2185 4548 numero
2222 4492 2497 4548 monachos
2515 4528 2533 4563 ,
2576 4495 2663 4564 qui
2702 4504 2908 4566 propter
2932 4495 3233 4559 Paulinum
3288 4517 3343 4556 se
3386 4503 3451 4559 al:

1862 4586 2092 4642 Ecclesia
2106 4585 2426 4657 separatam,
2444 4596 2633 4655 sanctor
2645 4603 2822 4643 rursus
2833 4587 3077 4653 Ecclesia:
3095 4594 3447 4654 reddiderunt,

1861 4682 1970 4738 Nec
1997 4695 2127 4737 sane
2154 4679 2511 4749 diflitendum,
2539 4682 2667 4752 quin
2689 4696 2789 4753 pro
2813 4682 3040 4740 Paulino
3061 4686 3343 4755 legendum
3375 4686 3447 4745 ili?

1859 4774 1931 4831 sit
1976 4772 2375 4842 Paulinianum,
2407 4774 2854 4845 quemadmodum
2886 4774 3154 4831 Vastelius
3179 4775 3306 4829 olim
3350 4776 3435 4830 ad.

1861 4868 2090 4930 monuit,
2121 4865 2432 4936 Hieronymi
2463 4867 2671 4922 scilicet
2691 4865 2911 4922 l‘ratretn
2933 4907 2948 4932 ,
2975 4866 3128 4933 cujus
3156 4865 3437 4921 ordinatio-

1861 4960 1983 5015 nem
2046 4957 2115 5013 ab
2169 4956 2465 5027 Epiphanio
2526 4956 2719 5013 factam
2776 4956 3010 5012 Joannes
3071 4954 3441 5029 abrumpentin

1860 5049 2253 5109 communionis
2291 5052 2508 5106 causam
2556 5048 2901 5117 praetexebat.
2954 5044 3209 5116 Congruit
3253 5058 3308 5103 et
3355 5066 3445 5103 nn-

1860 5157 2042 5198 merus
2067 5133 2471 5206 Monaehorum,
2497 5144 2655 5208 quem
2682 5151 2811 5193 sane
2840 5136 3109 5205 ingentem
3131 5137 3313 5204 fuisse,
3330 5155 3452 5200 cum

1861 5233 2166 5303 persiarent
2187 5229 2364 5285 adhuc
2394 5231 2446 5282 in
2477 5227 2786 5293 schismate,
2814 5227 3075 5296 signiﬁcat
3114 5239 3328 5284 sanctus
3351 5231 3454 5291 ista

1860 5321 2022 5378 Pater
2046 5320 2212 5375 Libro
2235 5324 2421 5373 eontra
2446 5316 2707 5373 Joannem
2736 5316 2818 5371 his
2838 5317 3016 5377 verbis
3043 5336 3055 5372 :
3081 5317 3300 5375 Tantam
3340 5322 3422 5391 [ra
3441 5352 3454 5366 ι

1860 5423 1994 5469 trum
2022 5411 2417 5478 multitudinem,
2442 5419 2490 5466 et
2517 5408 2890 5465 Honestiorem
2910 5411 3092 5468 choros
3116 5454 3131 5480 ,
3160 5415 3248 5484 qui
3274 5416 3363 5471 tibi
3398 5417 3455 5473 in

1812 5542 1821 5548 .
1863 5503 2144 5559 Palestina
2170 5516 2271 5557 non
2290 5501 2684 5560 communicant.
2711 5502 2829 5558 Alia
2850 5517 2916 5559 ex
2931 5514 3083 5575 parte
3112 5520 3209 5577 par
3227 5506 3457 5566 credere

1861 5604 1945 5652 est
1967 5636 1983 5663 ,
2010 5609 2105 5651 eos
2128 5635 2144 5662 ,
2185 5593 2340 5650 sicuti
2388 5592 2769 5664 Hieronymum
2802 5604 3076 5652 auctorem
3128 5598 3438 5657 habuerunt

1862 5702 1984 5744 cum
2012 5686 2373 5743 secessionem
2418 5700 2449 5740 a
2490 5683 2695 5743 Joanne
2724 5686 2997 5743 facerent:
3032 5690 3103 5744 ita
3133 5691 3248 5761 ejus
3272 5705 3455 5746 exem-

1806 5804 1811 5813 '
1865 5783 2035 5856 pium,
2060 5780 2329 5857 siquidem
2348 5780 2402 5839 in
2427 5780 2769 5843 concordiam
2795 5783 2912 5855 ipse
2937 5797 3000 5843 se
3023 5786 3253 5857 primum
3288 5783 3453 5843 rasa.
