4050 6188
627 258 731 320 115

625 395 837 452 luerat,
866 386 1044 443 statim
1091 393 1322 442 secutos.
1364 381 1544 453 Itaque
1590 381 1736 436 aiunt
1776 388 1899 452 post
1940 377 2204 435 triennale

623 477 852 549 denique
877 478 1103 548 spatium
1146 475 1410 529 sublatum
1435 473 1665 529 schisma
1696 473 2202 545 Jerosolymitanum

621 569 763 640 quod
785 569 954 622 solum
985 566 1188 620 caelitus
1219 565 1328 619 tolli
1352 580 1511 636 posse
1534 566 1832 621 videbatur.

693 659 782 713 IV.
812 657 1148 712 Contrarium
1186 657 1340 712 nobis
1375 658 1723 727 scriptionum
1755 673 2042 729 rerumque
2080 657 2202 712 Ilie-

514 731 520 738 ’
617 750 1106 822 ronyminianarutn
1165 753 1333 807 series
1394 753 1712 822 persuadet,
1768 760 1824 808 et
1887 752 2080 807 nedum
2137 751 2203 805 ad

617 843 811 898 Bullini
840 857 1006 912 usque
1031 842 1324 898 discessum
1351 860 1382 898 e
1409 845 1688 900 Palestina
1723 845 1740 913 (
1767 854 1926 912 atque
1946 860 2064 898 eum
2087 843 2204 913 qui-

617 934 737 987 tlem
785 932 890 988 398
929 947 1070 986 anno
1093 973 1109 997 ,
1151 949 1258 987 non
1289 935 1565 1004 superiore
1595 936 1853 1004 proxime,
1880 945 1936 988 ut
1973 934 2049 988 illi
2079 949 2204 988 sen-

616 1024 786 1095 tiunt)
821 1024 916 1080 sed
942 1034 996 1079 et
1036 1040 1134 1096 per
1172 1025 1382 1094 aliquod
1427 1025 1600 1080 adhuc
1643 1027 1896 1095 temporis
1949 1031 2198 1094 spatium,

620 1131 743 1188 puta
767 1119 924 1174 unius
951 1121 1116 1174 ferme
1133 1120 1278 1181 anni,
1301 1120 1622 1174 abstinuisse
1639 1119 1694 1175 S.
1721 1120 2026 1180 Doctorem,
2055 1133 2204 1171 Clllll-

616 1225 721 1280 que
760 1224 826 1264 eo
876 1209 1160 1264 Monachus
1190 1210 1569 1266 Bethleetnitas
1599 1211 1666 1265 ab
1693 1209 1915 1265 Joannis
1962 1225 2202 1265 commu-

617 1300 802 1367 uione,
832 1300 1228 1356 existimamus.
1277 1301 1390 1356 Non
1435 1301 1578 1371 quod
1607 1317 1735 1358 vere
1766 1301 2009 1356 ineundae
2054 1301 2201 1372 pacis

617 1406 803 1460 parum
846 1390 1042 1447 Noster
1085 1402 1228 1448 esset
1254 1392 1549 1458 sollicitus,
1585 1391 1677 1447 sed
1709 1393 1850 1463 quod
1903 1391 2200 1447 orthodoxa

617 1481 752 1537 ﬁdes
776 1495 934 1537 causn
962 1482 1154 1538 cadere
1181 1482 1470 1549 videretur,
1499 1485 1544 1538 si
1585 1498 1705 1539 cum
1727 1482 1810 1539 his
1822 1485 1908 1554 qui
1932 1484 2202 1540 hmreseos

617 1574 919 1643 suspicione
946 1576 1280 1644 laborabant,
1304 1577 1462 1633 facile
1493 1579 1929 1634 communicaret.
1966 1579 2202 1648 Denique

617 1666 967 1721 instauratam
991 1682 1057 1722 ex
1086 1668 1291 1737 integro
1317 1669 1682 1732 concordiam,
1716 1684 1820 1723 non
1856 1668 2048 1724 llufﬁni
2080 1670 2199 1740 qui-

616 1757 736 1812 dem
761 1767 852 1813 aut
880 1758 1141 1823 Melaniae,
1165 1759 1258 1816 sed
1279 1760 1728 1830 quemadmodum
1749 1762 1916 1816 visum
1939 1772 2019 1818 est
2042 1763 2200 1817 etiam

615 1847 866 1916 Baronio,
899 1849 1180 1921 Theophili
1209 1867 1403 1921 opera,
1433 1854 1521 1922 qui
1552 1868 1691 1907 novo
1721 1868 1779 1908 se
1817 1855 1992 1909 studio
2038 1855 2202 1910 inter-

617 1944 812 2012 posuit,
842 1953 893 1999 et
923 1945 1063 2013 quod
1096 1943 1297 2014 pridem
1319 1944 1505 2000 lsidori
1531 1946 1686 2014 culpa
1713 1961 1816 2001 non
1857 1947 2062 2016 potuit,
2091 1963 2203 2003 me-

612 2035 718 2088 rito
747 2049 845 2089 suo
867 2035 1080 2090 demum
1104 2046 1157 2090 et
1185 2037 1352 2106 gratia
1374 2037 1622 2092 obtinuit.
1664 2038 1944 2094 Constabit
1982 2051 2200 2097 senten-

616 2126 702 2179 tia:
743 2126 902 2195 hujus
954 2128 1148 2183 veritas
1193 2129 1426 2184 evidenti
1459 2131 1842 2199 propemodum
1887 2144 2200 2203 argumento

611 2221 772 2290 paulo
805 2231 939 2291 post,
973 2223 1063 2277 ubi
1109 2223 1455 2295 subsequenti
1481 2242 1622 2282 anno
1645 2227 1772 2295 599,
1803 2237 1893 2284 aut
1917 2241 2062 2287 certe
2087 2232 2202 2302 qui-

611 2311 733 2366 dem
779 2314 903 2378 isto,
928 2314 981 2369 in
1028 2331 1135 2386 quo
1174 2331 1451 2372 versamur
1479 2359 1493 2382 ,
1524 2318 1591 2372 ad
1641 2320 1800 2375 finem
1857 2332 2196 2392 properante,

610 2403 852 2472 quaedam
879 2405 1222 2462 ostendemus
1251 2406 1414 2465 fuisse
1434 2425 1465 2464 a
1489 2409 1545 2466 S.
1576 2410 1804 2467 Doetore
1839 2422 2022 2469 contra
2048 2414 2202 2470 Joan-

613 2507 736 2548 nem
765 2495 984 2563 scripta,
1007 2506 1166 2567 atque
1190 2513 1250 2552 ea
1272 2500 1484 2565 quidem
1507 2502 1712 2558 acriore
1729 2521 1886 2574 quam
1909 2506 2040 2560 alias
2062 2509 2200 2579 stylo

611 2593 774 2653 atque
799 2584 1004 2640 offenso
1029 2588 1197 2658 magis
1215 2590 1420 2657 animo,
1447 2607 1566 2661 qua:
1597 2593 1838 2662 profecto
1867 2597 2046 2661 scribi,
2073 2613 2196 2666 per-

611 2690 768 2730 cussa
787 2675 896 2744 jam
921 2691 1050 2746 pace
1073 2679 1310 2748 potuisse
1329 2723 1343 2747 ,
1375 2696 1533 2737 nemo
1563 2684 1666 2738 sibi
1698 2687 1749 2738 in
1778 2687 2012 2741 animum
2046 2689 2201 2744 indu-

609 2776 716 2822 cat.
742 2766 1054 2837 Episwlam,
1084 2770 1321 2840 inquam,
1341 2772 1408 2827 ad
1425 2773 1776 2846 Theophilum
1809 2777 1860 2832 in
1883 2781 2199 2838 recensione

609 2867 790 2914 nostra
821 2858 1074 2929 LXXXII,
1105 2871 1160 2918 et
1181 2865 1390 2934 proprie
1415 2865 1606 2922 librum
1639 2865 1741 2924 hoc
1771 2871 1922 2925 titulo
1944 2871 2009 2926 ad
2040 2871 2198 2928 Pam-

608 2950 876 3005 machittm
907 2949 1096 3006 Contra
1114 2951 1368 3009 Joannem
1395 2956 1880 3028 Jerosolymitanum
1899 2976 2052 3032 :qua:
2077 2978 2197 3018 cum

607 3042 926 3097 evicerimns
955 3052 1075 3112 post
1099 3043 1297 3099 Rufﬁni
1341 3045 1636 3102 discessum
1680 3048 1852 3117 edita,
1879 3050 2006 3106 illud
2036 3053 2197 3110 etiam

607 3133 750 3204 quod
788 3149 1035 3204 urgemus
1059 3175 1074 3200 ,
1118 3135 1275 3204 plane
1321 3137 1626 3203 constabit,
1659 3155 1764 3194 non
1815 3142 2006 3198 eodem
2037 3153 2198 3216 atque

606 3227 699 3282 ille
753 3237 1031 3296 tempore,
1062 3226 1320 3284 Joannem
1367 3230 1434 3284 ad
1484 3231 1822 3286 concordiam
1864 3236 2197 3306 gratiamque

607 3339 622 3370 t
640 3335 730 3374 unt
760 3317 1088 3389 Hieronymo
1107 3333 1169 3372 ac
1195 3319 1358 3374 sociis
1384 3320 1495 3374 suis
1515 3322 1756 3377 rediisse.
1788 3323 1867 3379 Eo
1889 3326 2065 3396 itaque
2095 3326 2196 3382 loci

607 3410 884 3467 referenda
911 3425 1032 3478 pars
1073 3409 1256 3463 isthaac
1288 3409 1662 3479 disputationis
1685 3422 1788 3479 est,
1812 3416 1924 3470 sive
1972 3433 2090 3487 qua:
2129 3418 2196 3474 de

609 3504 824 3558 illarum
871 3502 1219 3572 scriptionum
1251 3503 1457 3573 epocha
1483 3515 1794 3574 argumenta
1835 3508 2190 3578 conteximus,

607 3597 714 3654 huc
741 3597 1065 3652 revocanda.

679 3691 744 3748 V.
771 3690 1084 3761 Quanquam
1113 3707 1180 3746 ex
1209 3689 1294 3746 his
1321 3691 1479 3747 etiam
1505 3706 1623 3764 qua:
1671 3692 1813 3750 dicta
1849 3706 1972 3751 sunt
2011 3697 2192 3756 hacte-

604 3800 728 3851 nus,
757 3782 900 3840 ferre
930 3783 1029 3839 hac
1057 3783 1126 3839 de
1161 3798 1220 3839 re
1241 3782 1499 3854 judicium
1530 3799 1766 3856 congrue
1787 3786 1899 3857 jam
1923 3788 2066 3844 licet.
2090 3791 2195 3846 Ne-

603 3893 724 3949 qna:
752 3877 895 3932 enim
923 3883 1015 3930 aut
1040 3874 1285 3931 Rufﬁnus
1309 3885 1402 3930 aut
1428 3876 1786 3950 Hieronymus
1804 3894 1922 3935 cum
1954 3893 2192 3940 mutuam

603 3986 792 4042 pacem
821 3970 964 4024 illam
990 3977 1438 4035 commemorant,
1476 3969 1591 4026 sive
1615 3972 1941 4042 exprobrant
1971 3976 2072 4032 sibi
2105 3977 2190 4032 in-

601 4064 808 4129 vicem,
838 4061 958 4132 plus
999 4061 1200 4132 aliquid
1239 4061 1455 4128 dicunt,
1487 4078 1644 4134 quam
1688 4066 1829 4136 quod
1860 4068 2076 4138 privatre
2115 4072 2192 4124 si-

602 4155 809 4215 multati
826 4155 1088 4225 signiﬁcet
1109 4154 1267 4211 ﬁnem
1287 4156 1614 4226 impositum.
1639 4155 1752 4214 lmo
1766 4171 1969 4230 aperte,
1989 4171 2043 4217 et
2062 4177 2193 4218 con-

603 4248 790 4319 ceptis,
821 4257 878 4303 ut
904 4248 1074 4314 aiunt,
1107 4248 1308 4312 verbis,
1337 4247 1393 4304 S.
1427 4248 1603 4314 Pater,
1633 4248 1843 4315 Pacem,
1873 4252 2061 4323 inquit,
2091 4254 2186 4309 de-

603 4341 770 4395 dimus
789 4382 803 4405 ,
831 4357 933 4395 non
977 4340 1208 4395 lueresim
1235 4341 1562 4411 suscepimus.
1605 4340 1884 4396 Junximus
1921 4345 2186 4410 dexteras,

602 4431 841 4485 abeuntes
871 4431 1120 4499 prosecuti
1146 4447 1340 4496 sumus,
1370 4441 1422 4484 ut
1450 4447 1535 4485 vos
1561 4434 1733 4486 essetis
1757 4431 2044 4500 Catholici,
2087 4453 2188 4492 non

601 4533 658 4578 ut
685 4539 778 4577 nos
803 4536 1019 4574 essemus
1044 4521 1265 4574 ha’retici
1290 4539 1303 4574 :
1336 4521 1531 4590 quibus
1555 4530 1757 4576 tantum
1781 4523 1953 4590 abest,
1985 4535 2039 4579 ut
2065 4526 2160 4581 red
2177 4557 2190 4570 -

600 4613 767 4670 ditam
796 4611 939 4666 inter
966 4623 1155 4664 onmes
1195 4625 1404 4679 pacem,
1442 4619 1498 4664 ut
1523 4611 1609 4664 vix
1655 4611 1797 4666 aliud
1827 4629 1986 4684 quam
2023 4614 2184 4672 Chri.

597 4706 787 4761 stianaa
815 4703 956 4757 inter
971 4700 1107 4755 duos
1125 4699 1464 4763 urbanitatis,
1494 4701 1754 4757 restituta:
1783 4704 1983 4760 dudum
2005 4705 2182 4764 oflicia

599 4796 853 4853 amicitia:
893 4802 1064 4848 notet.
1107 4791 1324 4846 Palladii
1369 4793 1728 4850 testimonium
1765 4797 1906 4867 quod
1941 4813 2181 4870 spectat,

598 4888 739 4945 haud
767 4886 1015 4957 equidem
1050 4885 1164 4940 scio
1203 4884 1387 4952 quanti
1427 4883 1552 4940 illud
1598 4887 1698 4940 Itac
1738 4889 1788 4942 in
1821 4905 1877 4944 re
1903 4891 1993 4946 sit.
2044 4893 2183 4950 Nihil

596 4991 745 5039 certe
770 4980 922 5035 veriti
948 4989 1071 5034 sunt
1097 4977 1391 5032 doctissimi
1431 4978 1563 5042 viri,
1610 4995 1834 5050 quorum
1864 4998 2052 5053 agmen
2079 4985 2182 5042 Ba-

598 5087 780 5129 rontus
806 5072 972 5136 ducit,
1005 5070 1140 5141 ejus,
1168 5079 1354 5140 utpote
1379 5069 1572 5124 Rufino
1591 5087 1655 5126 ac
1675 5072 1938 5138 Melaniae.
1966 5078 2184 5145 quihus-

594 5181 716 5220 cum
740 5161 1030 5233 aliquando
1053 5162 1201 5224 vixit,
1235 5162 1568 5228 amicissimi,
1603 5177 1896 5235 eorumque
1929 5167 2181 5225 addictis-

591 5259 714 5315 sitni
733 5259 1366 5328 partilms,auctoritatem
1388 5258 1837 5314 imminuereNec
1856 5261 2180 5330 ignoramus,

596 5356 757 5410 falsos
786 5363 963 5407 tamen
994 5354 1044 5406 in
1092 5352 1194 5406 hoc
1227 5368 1322 5407 eos
1362 5368 1512 5418 esse,
1557 5353 1698 5422 quod
1748 5355 1888 5408 hunc
1929 5353 2176 5410 Historia:

595 5448 869 5501 Lau~iacze
898 5455 1191 5508 auctorem,
1226 5446 1395 5513 primo
1424 5445 1956 5513 Helenopolitanum,
1991 5454 2048 5498 ut
2092 5446 2172 5502 fe-

594 5556 621 5593 r
641 5547 755 5600 unt,
782 5539 830 5587 in
852 5534 1118 5604 Bithynia,
1147 5533 1339 5588 deinde
1362 5537 1726 5605 Asponensem
1752 5535 1802 5588 in
1835 5537 2000 5603 prima
2019 5537 2176 5591 Gala-

608 5633 674 5683 tfa
726 5627 1044 5695 Episcopum
1075 5625 1524 5695 probatissimum,
1579 5640 1698 5678 cum
1729 5626 2046 5701 cognomine
2071 5629 2177 5685 alio

596 5719 833 5779 Palladio
859 5717 1047 5778 Galate
1077 5715 1466 5788 confuderunt,
1496 5729 1660 5789 quem
1695 5714 1890 5772 servilis
1937 5721 2175 5790 nequitia:

1886 257 1945 314 S.
1984 251 2366 313 HIERONYMI
2404 252 2587 310 VITA.

3791 261 3891 319 116

2313 379 2564 433 hominem
2578 379 2750 448 (Prol.
2780 379 2922 438 Dial.
2953 393 3088 436 cont.
3111 381 3343 454 Pelag),
3362 392 3417 438 et
3444 383 3742 454 Pelagiana:
3775 385 3880 438 hac-

2309 485 2492 526 rescos
2518 472 2927 528 instauratorem
2965 473 3318 543 Hieronymus
3349 482 3534 538 vocat,
3563 483 3618 528 et
3661 475 3885 544 Epipha-

2307 561 2428 615 nius
2457 561 2693 629 indigere
2719 563 2814 627 ait,
2849 562 3190 617 misericordia
3220 563 3334 628 Dti,
3365 567 3484 632 quia
3524 563 3757 634 Origcnis
3787 567 3882 619 luc-

2307 655 2458 708 resim
2481 655 2723 724 pra’dicat
2745 665 2788 707 et
2810 655 2953 708 docet
2977 654 3169 724 (Epist.
3197 656 3329 709 inter
3359 655 3504 708 Hier.
3533 655 3678 726 LL).
3713 657 3776 712 Ut
3797 675 3882 710 au-

2308 757 2415 803 tem
2446 748 2570 802 hinc
2613 747 2687 803 illi
2720 746 2842 802 ﬁdei
2869 746 3190 817 derogandae
3220 748 3363 802 nulla
3394 749 3462 802 sit
3491 764 3648 805 causa
3671 791 3685 813 ,
3721 753 3888 806 maxi-

2307 854 2391 892 ma
2421 848 2504 893 est
2536 847 2710 893 tamen
2732 879 2748 901 ,
2778 838 2918 906 quod
2960 838 3188 892 nimium
3228 854 3288 894 se
3332 839 3526 894 Rulllni
3561 857 3624 898 ac
3652 841 3886 898 Melattim

2306 929 2600 985 studiosum
2629 928 2827 1004 prodit,
2856 938 3103 999 totu5que
3120 941 3201 985 est
3223 930 3275 983 in
3307 929 3462 1000 hujus
3486 931 3729 986 laudibus
3755 950 3892 1004 prte-

2305 1020 2564 1084 dicandis,
2594 1022 2647 1075 in
2672 1021 2824 1090 cujus
2854 1006 3012 1077 etiam
3044 1021 3236 1085 domo,
3273 1036 3394 1076 cum
3430 1022 3616 1078 Roma:
3642 1024 3858 1079 diversa

2303 1122 2470 1178 retur,
2492 1112 2640 1168 omni
2662 1112 2959 1168 ofﬁciorum
2982 1129 3180 1180 genere
3202 1115 3526 1170 cumulatum
3548 1132 3628 1184 se,
3666 1118 3893 1189 indeque

2304 1206 2760 1275 proliseiscentem
2780 1206 3151 1260 liberalissime
3168 1206 3404 1275 adjutum
3427 1216 3672 1264 testatur.
3695 1211 3735 1264 Ε
3757 1227 3890 1264 con-

2305 1299 2467 1352 trario
2483 1298 2713 1366 iniquior
2729 1297 2781 1352 in
2810 1298 3190 1370 Hieronymum
3211 1297 3328 1365 fuit,
3349 1315 3576 1371 cumque
3593 1302 3892 1358 Bethleemi

2305 1399 2487 1459 ageret
2514 1398 2626 1442 toto
2651 1403 2792 1442 anno
2822 1388 2948 1456 588,
2979 1389 3286 1459 obloquenti
3307 1403 3492 1445 contra
3517 1391 3573 1446 S.
3605 1393 3896 1447 Doc:orem

2304 1480 2620 1537 Possidonio
2632 1481 2872 1536 solitario
2888 1496 3046 1535 aures
3066 1483 3490 1539 accommodavit
3511 1484 3652 1555 (cap.
3678 1483 3781 1538 XX
3794 1485 3894 1554 1.),

2304 1573 2460 1643 eique
2487 1587 2694 1628 summa
2719 1573 2898 1627 omnia
2921 1588 3028 1642 pra:
3055 1573 3379 1652 Hieronymo
3401 1576 3586 1630 tribuit
3607 1591 3625 1629 :
3646 1591 3766 1645 qua:
3794 1578 3899 1631 mi-

2303 1665 2447 1719 nime
2473 1665 2587 1734 ipse
2613 1665 2874 1734 capitibus
2901 1664 3163 1720 LXXVII.
3189 1675 3243 1722 et
3265 1667 3473 1724 CXXII.
3507 1667 3759 1724 Historia}
3781 1684 3898 1724 sua:

2303 1755 2581 1812 difﬁtetur.
2631 1757 2900 1814 Praetereo
2944 1758 3189 1813 fortassis
3234 1773 3392 1829 posse
3429 1758 3588 1813 etiam
3629 1773 3695 1814 eo
3727 1775 3897 1816 sensu

2301 1850 2464 1906 verba
2493 1849 2608 1920 ejus
2635 1851 2920 1921 explicari,
2953 1861 3009 1906 ut
3036 1853 3286 1923 exemplo
3311 1853 3523 1923 quidem
3557 1853 3803 1910 Melianm
3832 1869 3902 1910 ac

2304 1941 2646 2013 Rufﬁni,qute
2661 1954 2840 1998 secuta
2860 1944 3197 2014 postmodum
3217 1954 3297 2000 est
3312 1944 3688 2002 .‘lIonaehorttm
3705 1963 3904 2004 recon-

2301 2033 2419 2089 cilia
2429 2035 2645 2098 tionem,
2667 2051 2771 2090 non
2790 2037 3037 2104 praesenti
3056 2051 3241 2092 eorum
3259 2051 3437 2106 opera:
3454 2037 3669 2092 attribui
3691 2039 3853 2094 velit.

2375 2125 2462 2179 Vl.
2494 2126 2812 2182 Abstinebat
2839 2126 3018 2196 itaque
3044 2127 3217 2182 adhuc
3246 2127 3625 2201 Hieronymus,
3653 2130 3898 2202 ejusque

2303 2219 2432 2274 socii
2461 2217 2830 2273 Bethleemita)
2853 2217 2922 2273 ab
2945 2219 3165 2274 Joannis
3205 2217 3594 2276 Communione
3614 2264 3629 2288 ,
3659 2236 3908 2294 eumque

2302 2310 2521 2365 duriore
2543 2309 2754 2364 fortuna
2790 2310 2902 2374 illa,
2933 2325 3093 2380 quam
3122 2309 3357 2370 diximus
3390 2311 3546 2382 paulo
3575 2321 3723 2379 ante,
3757 2329 3905 2369 con-

2301 2399 2663 2464 ﬁictabantur,
2694 2414 2818 2455 cum
2848 2399 2950 2456 hoc
2981 2401 3096 2471 ipso
3125 2416 3267 2456 anno
3295 2401 3400 2458 398
3429 2418 3600 2458 novus
3641 2404 3904 2462 laborum

2301 2493 2547 2549 cumulus
2574 2493 2818 2558 accessit,
2851 2502 2905 2546 et
2927 2492 3150 2548 adversa
3180 2493 3236 2549 S.
3269 2494 3440 2563 ipsum
3479 2494 3691 2551 Patrem
3741 2497 3908 2554 vale-

2301 2586 2431 2641 tudo
2448 2586 2658 2640 invasit.
2679 2585 2949 2657 Corripuit
2966 2601 3089 2641 eum
3109 2586 3281 2656 primo
3299 2585 3465 2642 febris
3485 2587 3571 2644 vel
3588 2589 3654 2642 ab
3677 2606 3868 2646 exeun
3893 2621 3912 2632 -

2303 2686 2356 2733 te
2395 2678 2674 2746 superiore
2726 2678 2968 2748 proxime
3008 2679 3319 2747 Decembri,
3368 2680 3452 2735 vel
3485 2690 3630 2737 certe
3671 2684 3911 2753 quidem

2302 2771 2491 2844 primis
2516 2772 2698 2828 statim
2730 2771 2951 2841 hujusce
2971 2773 3095 2826 anni
3123 2771 3313 2827 diebus
3329 2789 3426 2843 per
3441 2774 3763 2831 subsecutos
3793 2788 3914 2834 tres

2300 2879 2540 2932 menses,
2568 2865 2720 2919 initio
2735 2865 2952 2935 quidem
2972 2865 3266 2931 toleranda,
3292 2865 3487 2922 deinde
3504 2868 3914 2938 ingravescens

2300 2958 2354 3013 in
2385 2958 2503 3014 dies
2529 2958 2722 3028 magis,
2754 2966 2813 3013 ut
2837 2965 2996 3012 tenue
3017 2957 3239 3029 ejusque
3261 2958 3594 3031 fractumque
3615 2961 3917 3020 laboribus

2299 3053 2674 3122 corpusculum
2706 3051 2846 3106 lecto
2875 3049 3142 3120 adegerit,
3188 3060 3244 3105 et
3278 3051 3532 3106 miserum
3579 3051 3632 3108 in
3667 3054 3914 3110 modum

2301 3142 2623 3212 depopulata
2648 3141 2738 3196 sit.
2763 3140 2999 3195 Tandem
3024 3140 3216 3196 melius
3251 3140 3301 3195 ei
3340 3140 3471 3209 fuit,
3507 3151 3562 3198 et
3603 3142 3656 3198 in
3697 3144 3921 3201 diebus

2298 3234 2730 3304 Quadragcsima:
2753 3248 3033 3303 assurgere
3050 3247 3115 3286 ex
3141 3232 3331 3288 morbo
3356 3233 3521 3304 coepit
3548 3245 3598 3292 et
3626 3238 3917 3294 recreari.

2299 3324 2435 3397 Ego,
2466 3325 2638 3396 inquit
2665 3323 2841 3394 Epist.
2872 3323 3062 3378 LXXI.
3095 3323 3161 3379 ad
3190 3324 3493 3392 Lucinium,
3531 3327 3682 3400 longo
3727 3341 3925 3385 tentus

2297 3417 2640 3483 incommodo,
2673 3417 2758 3470 vix
2784 3417 2839 3470 in
2864 3415 3039 3470 diebus
3063 3415 3496 3488 Quadragesintte,
3519 3419 3700 3488 quibus
3733 3419 3801 3474 Ν
3804 3431 3907 3476 ota

2295 3513 2362 3568 rii
2381 3510 2846 3583 proficiscebantur,
2865 3510 3117 3579 respirare
3134 3512 3282 3580 coepi.
3307 3511 3375 3565 Et
3397 3510 3448 3566 in
3470 3512 3702 3583 Prologo
3729 3515 3894 3570 Com
3925 3551 3933 3556 -

2297 3602 2681 3660 mentariorum
2711 3601 2765 3656 in
2790 3599 3097 3655 Matthteum
3127 3601 3194 3656 ad
3221 3600 3534 3668 Eusebium,
3556 3601 3927 3672 lmminente,

2296 3696 2490 3769 inquit,
2523 3696 2636 3765 jam
2681 3693 2884 3748 Pascha
2927 3694 3119 3749 dictare
3169 3711 3250 3748 me
3288 3696 3446 3766 cogis,
3491 3712 3605 3750 cum
3642 3699 3798 3754 scias
3841 3719 3934 3756 me

2293 3789 2366 3844 ita
2382 3787 2538 3842 tribus
2555 3784 2806 3840 mensibus
2818 3784 3092 3856 languisse,
3110 3795 3165 3839 ut
3176 3785 3259 3839 vix
3272 3802 3404 3839 nunc
3416 3787 3610 3858 ingredi
3619 3787 3934 3860 incipiam.

2294 3881 2436 3938 Tum
2465 3878 2705 3951 Epistola
2735 3876 2972 3933 LXXIII.
2999 3876 3066 3933 ad
3098 3877 3425 3949 Evangelum
3445 3919 3461 3946 ,
3491 3877 3604 3950 Ego
3624 3893 3756 3951 post
3795 3886 3940 3941 ton-

2293 3992 2412 4048 gam
2436 3974 2845 4047 aegrotationem,
2879 3973 2961 4026 vis:
2986 3972 3040 4026 in
3083 3970 3498 4044 Quadrogesimtc
3541 3973 3726 4030 diebus
3783 3978 3944 4047 febri

2293 4083 2467 4122 carere
2490 4064 2652 4137 potui,
2676 4073 2855 4118 etcum
2869 4062 3016 4117 alteri
3039 4078 3117 4117 me
3134 4063 3278 4130 operi
3305 4079 3671 4134 prazparorem,
3699 4085 3949 4139 paucos

2293 4161 2400 4215 dies
2425 4160 2514 4230 qui
2547 4164 2862 4227 supererant,
2884 4155 2939 4209 in
2968 4153 3201 4210 Mattluei
3237 4155 3546 4226 expositione
3563 4166 3947 4230 consumpsi,

2295 4260 2536 4320 tantaque
2562 4248 2803 4302 aviditate
2828 4245 2999 4300 studia
3024 4245 3211 4301 omissa
3237 4247 3464 4314 repetivi,
3494 4258 3548 4302 ut
3576 4251 3728 4318 quod
3759 4269 3955 4308 tea-er-

2291 4341 2520 4395 citctioni
2547 4339 2738 4410 lingua:
2762 4337 2954 4408 profuit
2985 4376 3000 4402 ,
3045 4339 3271 4392 nocuerit
3310 4337 3535 4406 corporis
3580 4339 3952 4398 valetudini.

2293 4431 2430 4487 Ilinc
2453 4431 2631 4485 statim
2657 4430 2709 4483 in
2742 4427 2954 4494 febrim,
2981 4437 3036 4482 et
3059 4428 3391 4500 languorem,
3419 4445 3482 4484 ex
3514 4446 3620 4500 quo
3641 4437 3962 4494 nondum

2291 4522 2430 4577 bene
2455 4519 2833 4583 convaluerat,
2881 4519 3160 4588 relapsus,
3213 4520 3384 4574 tenaci
3427 4519 3616 4576 morbo
3645 4524 3738 4578 ad
3797 4533 3962 4584 :tnni

2289 4615 2405 4668 fere
2425 4612 2583 4668 linem
2606 4611 2945 4667 continenter
2967 4610 3374 4680 Iaboravit.Quo
3397 4621 3637 4682 tempore
3660 4618 3757 4672 ad
3797 4621 3973 4679 But-

2293 4706 2456 4762 ﬁnum
2479 4705 2778 4766 Romanum
2815 4703 3194 4776 Presbyterum
3213 4705 3397 4773 (alium
3418 4707 3600 4778 utique
3619 4709 3700 4764 ab
3739 4717 3926 4783 Aqui

2290 4799 2846 4869 Ieiensi)re5cribens
2907 4798 3076 4868 Epist.
3109 4798 3345 4854 LXXIV.
3375 4815 3493 4854 eum
3517 4801 3705 4869 ipsum
3757 4823 3932 4865 ηις-ιι

2289 4909 2426 4957 sem,
2453 4895 2573 4965 sive
2601 4908 2799 4963 paucos
2827 4893 2946 4949 dies
2969 4892 3438 4964 Quadragesimae,
3480 4894 3688 4963 quibus
3731 4916 3883 4972 res.
3919 4908 3934 4959 i

2287 5001 2409 5040 rare
2433 4985 2693 5040 tantillum
2720 4993 2976 5054 cmperat,
3003 4998 3123 5039 cum
3151 4984 3236 5040 his
3261 4993 3548 5054 computat,
3583 4987 3836 5053 quibus
3871 5010 3978 5052 est

2286 5077 2626 5132 continenter
2645 5090 2765 5131 cum
2788 5075 3011 5130 adversa
3032 5074 3336 5130 valetudine
3353 5073 3660 5129 conﬂictata
3675 5093 3744 5133 s.
3793 5084 3980 5153 Νυε,

2287 5169 2478 5238 inquit,
2511 5179 2557 5223 et
2598 5169 2706 5223 lucc
2743 5169 2856 5237 ipsa
2898 5168 2950 5221 in
2980 5167 3165 5222 lectulo
3201 5166 3549 5221 decumbentes
3571 5209 3585 5227 ,
3623 5168 3986 5252 longaque

2286 5262 2614 5332 tegrota'tione
2634 5260 2870 5332 confecti,
2889 5261 2974 5314 vix
3001 5259 3214 5313 Notario
3249 5259 3479 5314 celeriter
3511 5261 3848 5323 scribenda
3881 5280 3987 5328 di-

2286 5353 2548 5408 ειηισίηιηε.
2579 5352 2645 5406 Et
2672 5352 2831 5422 paulo
2854 5359 2991 5421 post,
3019 5349 3125 5404 Ora
3154 5367 3244 5422 pro
3262 5350 3405 5404 nobis
3425 5369 3456 5405 a
3477 5350 3729 5411 Domino
3757 5376 3990 5436 δοδιιι-

2287 5455 2438 5498 latent
2458 5483 2474 5508 ,
2508 5453 2562 5496 ut
2588 5453 2700 5514 post
2728 5441 2993 5496 duodecim
3021 5457 3215 5496 menses
3237 5481 3252 5503 ,
3281 5443 3461 5511 quibus
3479 5443 3600 5514 jugi
3629 5450 3938 5524 faszguu_.
3962 5483 3996 5518 ε

2286 5541 2545 5607 confectus
2563 5552 2694 5597 sttui,
2720 5536 2906 5605 possim
2923 5533 3118 5603 aliquid
3137 5535 3344 5603 dignum
3367 5546 3545 5590 restra-
3560 5541 3721 5594 scrib
3731 5564 3852 5603 ere
3881 5572 3961 5610 ευ
3975 5587 3996 5601 .

2286 5629 2468 5682 ltmtttti
2488 5643 2505 5680 :
2525 5638 2571 5680 et
2588 5629 2805 5696 ignosce,
2825 5627 2868 5679 si
2887 5636 3082 5679 scatens
3098 5625 3259 5679 oratio
3275 5642 3423 5678 t‘ttrstt
3447 5631 3662 5682 nousoli
3674 5647 3750 5688 to
3784 5644 3996 5706 ﬂuat.

2357 5717 2711 5776 Nihiloseeius
2757 5733 2789 5772 a
2846 5715 3128 5773 scribendo
3176 5715 3385 5788 penitus
3431 5718 3840 5792 abstinuisse
3911 5742 3990 5799 η,
