4050 6188
191 236 291 294 M7

189 353 296 409 lum
314 392 333 419 ,
366 366 436 408 ne
461 359 637 422 putes.
664 349 775 407 lmo
797 364 926 406 vero
945 350 1153 422 quoties
1174 350 1409 405 licuisset
1428 363 1521 419 per
1540 347 1769 403 febrium

190 446 465 501 intervalla
487 487 502 510 ,
532 455 621 499 aut
647 444 879 500 scribere
919 458 1015 498 sua
1057 444 1168 513 ipSc
1196 458 1355 498 manu
1377 483 1391 506 ,
1433 451 1523 496 aut
1551 441 1773 494 notariis

192 541 394 596 dictare
424 539 649 611 aliquid,
684 554 955 609 nunquam
991 539 1351 608 praetermisit.
1384 535 1484 590 Tot
1512 550 1639 589 sane
1670 534 1771 588 hoc

196 637 309 705 ipso
336 650 501 699 anno,
530 650 636 704 quo
676 633 784 687 fere
825 634 1166 687 continenter
1206 629 1441 699 languit,
1487 638 1541 682 et
1574 627 1770 682 lectulo

186 743 359 789 tentus
385 742 487 795 est.
522 732 782 786 habemus
812 731 880 784 ab
922 746 987 782 eo
1018 730 1238 798 scripta,
1269 735 1460 796 quanta
1493 723 1650 778 hodie
1681 722 1770 775 vix

187 825 378 895 aliquis
409 833 679 888 nostrum,
708 824 795 892 qui
823 823 1019 877 litteris
1049 836 1269 891 operam
1309 821 1517 883 damus,
1551 817 1769 886 integris

182 916 401 981 viribus,
422 927 472 970 et
492 914 724 970 secunda
742 914 1067 979 valetudine,
1089 914 1314 967 fortasse
1330 911 1631 965 adornaret.
1644 909 1770 977 Epi-

180 1006 327 1060 διοιςιξ
366 1022 430 1061 ex
454 1006 535 1061 his
552 1015 841 1075 supersunt
882 1006 933 1059 in
965 1017 1145 1060 nostra
1164 996 1765 1059 recensitmeainlll.

177 1100 239 1152 ad
270 1098 487 1154 LXXV.
521 1115 744 1169 quarum
777 1114 1111 1169 unaquaeque
1139 1114 1242 1150 non
1270 1098 1409 1149 inter
1429 1096 1629 1148 amicos
1653 1091 1770 1145 olli-

176 1192 280 1259 cia,
315 1194 415 1248 sed
459 1195 525 1247 de
574 1192 732 1245 rebus
779 1192 1111 1261 gravissimis
1152 1191 1437 1243 Tractatus
1474 1187 1769 1241 enutineut.

174 1283 350 1338 Prima
384 1286 595 1339 cuidam
627 1284 834 1351 Magno,
864 1284 1017 1353 cujus
1056 1292 1109 1337 et
1132 1283 1385 1338 Sidonius
1410 1280 1626 1335 videtur
1655 1294 1771 1333 me-

173 1378 423 1435 minisse.
458 1378 673 1431 Rhetori
705 1376 951 1430 Romano
981 1375 1303 1445 respondet,
1332 1373 1595 1443 quaerenti
1622 1414 1634 1432 .
1679 1386 1775 1425 cur

172 1470 219 1523 in
246 1469 535 1538 opuSCttlis
561 1469 673 1521 suis
703 1468 755 1520 S.
805 1468 966 1522 Pater
992 1467 1328 1520 smcularium
1369 1466 1665 1518 litterarum
1694 1472 1772 1515 te-

170 1559 440 1613 SlllllOttllS
466 1567 708 1611 uteretur
730 1558 747 1627 (
772 1556 886 1610 Lib.
929 1558 983 1610 V.
1014 1558 1177 1625 Epist.
1204 1555 1255 1609 X
1276 1557 1319 1625 ):
1352 1556 1628 1623 redditque
1652 1552 1770 1605 facti

170 1652 458 1713 rationem,
496 1658 550 1702 et
579 1658 843 1715 quatenus
874 1648 924 1700 id
960 1648 1112 1701 liceat
1133 1689 1147 1710 ,
1178 1656 1231 1699 et
1266 1662 1491 1715 quorum
1524 1643 1770 1711 exemplo

171 1741 218 1794 id
247 1742 424 1794 faciat.
459 1737 689 1792 Noverat
709 1747 889 1791 autem
918 1740 1048 1789 satis
1070 1737 1233 1799 bene,
1274 1738 1427 1802 cujus
1453 1734 1543 1787 ille
1578 1733 1767 1787 subor-

174 1843 325 1886 natus
353 1828 870 1885 insusurrationihus
890 1830 1238 1897 qurestiunem
1255 1828 1353 1880 sibi
1376 1825 1760 1894 proposuisset.

173 1923 369 1976 Ruflini
400 1922 626 1984 scilicet,
650 1935 807 1989 quem
838 1920 931 1981 ibi,
960 1928 1017 1973 ut
1040 1934 1168 1972 vero
1193 1918 1306 1985 ejus
1332 1917 1532 1970 nomini
1558 1924 1759 1984 parcat,

175 2025 383 2086 prapter
412 2029 634 2067 antorem
679 2012 1003 2065 historiarum
1050 2010 1281 2063 Sallustii
1308 2007 1643 2074 Calpurnium
1674 2022 1760 2059 co-

173 2118 436 2178 gnomento
461 2104 740 2159 Lanarium
767 2114 927 2158 vocat.
958 2104 1021 2157 Et
1050 2104 1185 2157 libro
1208 2101 1249 2155 Ι.
1274 2111 1462 2157 contra
1488 2100 1758 2164 eumdem,

176 2199 456 2263 Nimirum,
488 2199 677 2267 inquit,
713 2199 805 2251 iste
834 2208 906 2251 est
935 2196 1244 2266 Calpurnius
1275 2194 1645 2258 Sallustianus,
1677 2191 1766 2262 qui

174 2292 311 2345 nobis
338 2309 431 2361 per
461 2290 709 2361 Magnum
738 2288 1003 2343 Oratorem
1020 2306 1119 2342 non
1140 2292 1373 2358 magnoin
1394 2297 1765 2356 moreratquw-

170 2385 401 2437 stionem.
437 2383 741 2437 Advenerat
773 2381 887 2449 jam
921 2383 1099 2452 itaque
1140 2381 1363 2434 llonam
1409 2379 1671 2445 lluflinus,
1712 2389 1766 2433 et

172 2489 356 2528 creare
387 2476 589 2527 nomini
616 2473 1034 2544 Hiet'nnymiauo
1080 2472 1332 2526 invidiam
1355 2472 1644 2541 satagebat.
1667 2471 1765 2525 Al-

172 2573 279 2619 tera
310 2576 391 2617 est
423 2566 489 2616 ad
514 2564 793 2618 Luciniqu
820 2564 1102 2630 Btrticum,
1129 2580 1308 2634 queui,
1335 2573 1389 2615 ut
1420 2563 1469 2616 in
1494 2563 1765 2632 prottosito

173 2657 455 2720 castitatis,
487 2657 823 2711 adsentiente
856 2672 1021 2710 uxore
1052 2656 1169 2724 ejus
1194 2655 1474 2709 Tltendora
1498 2695 1511 2718 ,
1544 2665 1761 2723 perstet,

172 2750 440 2814 hortatur,
475 2762 549 2813 et,
580 2751 1031 2820 quemmlmodum
1064 2755 1436 2819 proposuerat,
1464 2747 1570 2800 cito
1596 2746 1763 2801 adna-

176 2843 319 2913 Viget
341 2842 757 2913 JerOsolymatu.
784 2842 918 2895 Tum
945 2841 1012 2896 de
1030 2841 1279 2909 jejuniis,
1318 2839 1385 2893 de
1416 2838 1763 2892 Eucliaristim

171 2936 498 3004 sumptione,
517 2934 692 3005 deque
708 2934 1096 2989 Ecclesiasticis
1118 2932 1489 2987 traditionibus
1506 2931 1761 3000 disputat.

172 3028 390 3094 Mentio,
423 3044 583 3098 quam
615 3027 978 3097 aegrotationis
1000 3040 1108 3080 sua:
1135 3025 1279 3089 facit,
1311 3039 1377 3078 ex
1398 3038 1501 3093 qua
1530 3031 1640 3076 tum
1661 3020 1761 3075 de-

172 3137 312 3175 nmm
340 3120 721 3175 cenvalescere
761 3118 1017 3188 tantisper
1044 3117 1329 3185 coepisset,
1372 3114 1440 3170 de
1484 3128 1624 3167 anno
1665 3112 1764 3166 ltoc

173 3215 396 3277 scilicet,
427 3213 513 3267 cui
542 3211 834 3282 Epistolam
863 3210 1219 3264 adtribuimus
1240 3249 1255 3272 ,
1282 3207 1528 3261 dubitare
1558 3219 1663 3257 non
1694 3202 1765 3256 si-

175 3306 269 3359 nit.
296 3305 523 3359 Accedit
544 3313 723 3358 tamen
745 3303 846 3356 alia
867 3316 1036 3371 eaque
1064 3298 1322 3369 insignior
1340 3296 1594 3366 temporis
1617 3302 1764 3359 uota,

174 3398 261 3451 ubi
281 3398 451 3450 decem
475 3393 629 3450 Isaia:
648 3395 859 3448 visiones
879 3392 1025 3447 valde
1040 3390 1441 3450 obscurissimas,
1462 3402 1593 3458 quas
1613 3386 1756 3440 dono

177 3489 239 3543 ad
259 3488 538 3543 Lucinium
564 3488 748 3551 mittit,
769 3502 829 3541 se
845 3486 919 3539 ait
938 3500 1099 3554 nuper
1120 3481 1373 3537 historica
1396 3477 1767 3549 explanatione

177 3580 517 3634 disseruisse.
548 3577 656 3633 Nos
686 3576 811 3647 quid
845 3575 971 3630 illud
995 3590 1157 3645 nuper
1184 3574 1382 3636 valeat,
1409 3569 1654 3639 superius
1680 3582 1769 3622 os-

180 3672 471 3726 tendimus.
497 3668 641 3724 ldetn
660 3669 939 3722 character
958 3674 1040 3720 est
1061 3664 1434 3735 subsequentis
1448 3662 1514 3716 ad
1536 3660 1763 3715 Vitalem

182 3762 564 3832 Presbyterum
591 3758 657 3814 de
686 3758 979 3814 Salomone
1006 3764 1059 3810 et
1083 3754 1262 3810 Achaz
1282 3768 1385 3825 qua
1408 3752 1590 3807 multis
1613 3751 1769 3806 docet

182 3868 277 3924 pro
300 3860 450 3907 certo
475 3849 800 3916 habendum,
825 3847 1192 3913 Salomonem,
1213 3855 1266 3899 et
1288 3844 1463 3898 Achaz
1490 3843 1766 3897 undecima

185 3945 354 3999 anatis
381 3957 525 3998 anno
558 3940 698 3996 lilios
726 3940 1009 4011 genuisse,
1044 3950 1364 4008 quamquam
1395 3934 1612 3988 minime
1646 3932 1738 3986 intl

186 4039 291 4091 cias
313 4044 423 4101 eat,
452 4048 612 4105 posse
634 4032 990 4102 Scripturam,
1019 4045 1138 4100 qua:
1165 4028 1215 4082 id
1242 4034 1533 4090 asseverat,
1565 4024 1663 4078 alia
1687 4038 1771 4077 ra-

188 4129 327 4185 tione
356 4126 637 4198 explicari.
664 4125 897 4181 Rursum
927 4138 1085 4194 aegrae
1107 4119 1421 4176 valetudinis
1443 4134 1553 4173 sure
1581 4116 1771 4171 memi-

187 4223 262 4276 nit
291 4222 343 4276 in
370 4218 727 4290 subsequenti
770 4216 835 4271 ad
879 4214 1204 4285 Evangelum
1248 4210 1316 4267 de
1354 4207 1770 4272 Melchisedech,

189 4329 285 4383 qua
306 4312 563 4383 anonymi
586 4307 1043 4366 Auctorislibrum
1068 4304 1283 4369 refellit,
1309 4310 1588 4372 negantem
1612 4298 1775 4354 fuisse

189 4403 577 4461 Melchisedech
608 4418 675 4458 ex
702 4402 977 4457 hominum
1002 4413 1222 4470 genere,
1251 4395 1345 4451 sed
1377 4394 1623 4465 spiritum
1650 4391 1778 4448 San-

193 4508 330 4551 ctum
364 4497 449 4552 vel
480 4495 764 4566 Angelum.
801 4492 919 4562 lpse
949 4491 1143 4546 nedum
1188 4488 1461 4543 hominem
1497 4484 1663 4540 fuisse
1690 4497 1779 4538 os-

194 4589 358 4643 tendit
389 4603 454 4643 ex
478 4597 724 4642 veterum
756 4584 989 4639 maxime
1015 4579 1443 4636 Christianorum
1473 4573 1777 4639 sententiis,

191 4679 277 4734 sed
306 4688 363 4733 et
393 4677 756 4732 Chananzeum
784 4688 982 4744 genere
1002 4712 1019 4737 ,
1049 4686 1113 4726 ac
1141 4669 1186 4725 si
1215 4674 1429 4740 praestet
1452 4666 1652 4743 Judaeis
1680 4664 1782 4718 hac

198 4769 245 4821 in
276 4784 334 4823 re
368 4767 529 4821 ﬁdem
557 4764 841 4830 adhibere,
868 4762 994 4819 Sent
1026 4762 1199 4832 ipsum
1230 4757 1393 4812 fuisse
1416 4757 1644 4827 primum
1671 4753 1783 4809 Noe

194 4861 380 4914 tilium.
407 4860 646 4929 Denique
666 4866 722 4913 et
748 4854 987 4912 LXXIV.
1011 4853 1077 4908 ad
1099 4851 1371 4917 Rufinum,
1397 4866 1558 4921 quem
1585 4849 1780 4903 Roma-

195 4967 323 5004 num
354 4950 603 5015 diximus,
635 4948 787 5005 dedit
812 4947 913 5001 sub
938 4946 1063 5000 anni
1094 4945 1277 5008 finem,
1306 4958 1466 5013 quam
1492 4942 1567 4997 ait
1593 4956 1651 4996 se
1677 4955 1783 4995 non

196 5052 298 5097 tam
331 5043 523 5097 lectulo
547 5040 948 5104 decumbentem,
975 5053 1128 5108 quam
1154 5036 1307 5105 longa
1334 5034 1663 5105 aegrotatione
1682 5073 1697 5099 ,
1738 5040 1787 5085 et

195 5138 455 5191 duodecim
480 5136 731 5190 mensium
743 5133 862 5203 jugi
880 5130 1124 5200 languore
1161 5130 1441 5196 confectum
1464 5124 1686 5179 Notario
1717 5121 1789 5176 di-

195 5246 374 5287 ctasse.
400 5230 626 5286 Disserit
647 5236 830 5282 autem
853 5224 903 5279 in
926 5240 989 5279 ea
1010 5236 1264 5294 perquam
1287 5218 1495 5274 erudite
1510 5215 1579 5273 de
1596 5215 1792 5286 iudicio

194 5323 510 5389 Salomonis,
525 5320 789 5390 acjurgio
804 5317 1027 5372 duarum
1048 5314 1411 5374 meretricum,
1430 5310 1571 5381 quod
1595 5307 1769 5377 allego

196 5418 296 5471 rica
313 5433 473 5472 sensu
491 5416 561 5470 de
579 5411 825 5468 Ecclesia
839 5426 904 5465 ex
922 5408 1183 5464 Gentibus
1199 5411 1539 5471 congregata,
1559 5397 1797 5452 acJudaa-

196 5526 331 5564 Orttttt
348 5512 637 5585 Synagoga
655 5505 894 5574 exponit.
920 5502 1041 5555 llmc
1059 5514 1154 5553 nos
1174 5493 1527 5565 Epistolarum
1545 5489 1702 5541 veluti
1715 5504 1799 5541 ar-

193 5580 427 5669 gumenta
449 5580 644 5675 paucis
676 5594 1111 5667 perstrinximus,
1135 5585 1388 5644 uttuirari
1409 5585 1615 5641 subeat,
1644 5580 1801 5636 tantis

196 5696 256 5753 de
278 5700 436 5757 rebus
452 5671 758 5754 hominem
790 5685 988 5744 lectulo
1015 5682 1430 5740 decumbcntem
1454 5671 1799 5732 disseruisse.
1857 5713 1872 5725 .

1463 236 1521 288 S.
1566 232 1947 288 lllERONYMl
1989 235 2170 291 VITA.

3361 247 3471 303 “8

1957 349 2069 405 V'l.
2101 349 2207 407 Sed
2236 360 2290 407 et
2317 351 2647 424 Scripturas,
2676 356 2817 426 quod
2852 357 2931 413 rei
2966 366 3126 430 caput
3158 367 3275 427 est,
3315 360 3468 417 lucu-

1878 440 2194 498 lentissimis
2238 444 2390 499 libris
2438 444 2492 498 in
2537 445 2723 501 eodem
2775 447 2868 501 illo
2917 460 3155 521 tempore
3197 456 3467 521 exposuit.

1878 533 2309 589 Commentarios
2342 536 2559 607 inquam
2590 536 2640 590 in
2670 537 2976 592 Mattliazum
3000 580 3016 603 ,
3047 556 3075 593 a
3101 543 3278 613 priore
3307 544 3466 600 trium

1877 629 2143 682 mensium
2197 626 2332 683 febri
2378 628 2595 683 vixdum
2644 638 2920 685 recreatus
2965 630 3132 703 (cum
3180 638 3355 691 subito
3400 654 3467 694 ex

1876 721 2094 775 Oriente
2123 720 2350 775 Romam
2381 724 2729 792 navigaturus
2756 722 3138 778 Cremonensis
3170 727 3425 784 Eusebius
3450 773 3465 796 ,

1877 814 2013 868 hanc
2042 814 2142 868 sibi
2176 814 2339 868 veluti
2372 814 2642 868 sitarciam
2671 814 2784 868 dari
2815 812 3098 887 petiiSSet)
3125 828 3351 886 quatuor
3373 836 3461 874 so-

1875 907 1997 961 lidis
2024 906 2201 970 libris,
2234 907 2323 961 vix
2358 916 2539 961 autem
2569 906 2878 977 quindecim
2908 907 3118 961 dierum
3142 912 3334 978 spatio,
3366 912 3463 964 im-

1876 999 2112 1053 minente
2140 998 2249 1067 jam
2286 998 2512 1061 Pascha,
2548 998 2808 1067 profudit.
2843 999 2951 1053 llas
2978 1012 3120 1053 notat
3156 1002 3270 1069 ipse
3296 1004 3469 1071 Operis

1876 1091 2313 1146 circumstantias
2353 1090 2412 1146 S.
2448 1092 2607 1145 Pater
2632 1091 2831 1144 dndtttn
2861 1092 3089 1147 laudatis
3112 1095 3385 1163 Epistolis,
3416 1108 3473 1152 ut

1878 1182 1967 1235 illa
1997 1184 2061 1235 ad
2096 1181 2398 1241 Luciuium,
2431 1181 2495 1236 Et
2525 1182 2677 1251 longo
2706 1192 2870 1235 tentus
2900 1185 3219 1239 incommodo
3238 1229 3252 1247 .
3302 1189 3387 1241 vix
3424 1192 3475 1242 in

1878 1276 2050 1329 diebus
2081 1275 2497 1344 Quadragesimae
2513 1277 2762 1343 respirare
2776 1279 2924 1345 capi.
2944 1278 3006 1331 Et
3023 1278 3122 1331 alia
3141 1278 3206 1332 ad
3229 1279 3443 1348 Evange

1878 1367 2009 1427 lum,
2040 1366 2155 1437 Ego
2179 1378 2289 1434 post
2318 1369 2521 1438 longam
2547 1371 2927 1439 wgrotationem
2958 1370 3041 1424 ria:
3078 1373 3131 1425 in
3175 1372 3475 1441 Quadi-age-

1884 1460 2029 1512 sinite
2058 1458 2233 1511 diebus
2261 1460 2392 1530 febri
2417 1476 2589 1513 carere
2616 1462 2759 1523 potui
2780 1479 2799 1525 ;
2840 1472 2885 1514 et
2912 1477 3025 1515 cum
3054 1464 3198 1515 alteri
3229 1480 3306 1515 me
3336 1465 3475 1530 aperi

1877 1566 2243 1619 pra'purarem,
2270 1567 2457 1617 paucos
2483 1552 2593 1604 dies
2612 1552 3031 1620 quisupcrerant,
3058 1555 3109 1606 in
3137 1552 3369 1607 Matthtei
3385 1570 3477 1607 etr-

1872 1641 2122 1708 positione
2160 1642 2493 1709 consumpsi:
2522 1650 2766 1709 tantaque
2801 1643 3043 1696 aviditate
3081 1648 3253 1697 studia
3289 1646 3475 1697 omissa

1870 1729 2102 1797 repetivi,
2138 1739 2191 1781 ut
2219 1730 2355 1799 quod
2380 1732 2733 1784 exercitationi
2760 1733 2949 1802 lingute
2970 1736 3197 1804 profuit,
3245 1738 3473 1789 nocuerit

1868 1819 2098 1887 corporis
2127 1818 2428 1873 valetudini.
2467 1822 2716 1875 Omnium
2749 1832 2926 1877 autem
2961 1824 3384 1879 luculentissinte
3436 1843 3468 1881 ιι

1867 1911 2177 1965 earumdem
2211 1911 2734 1967 Commentariorum
2765 1913 2996 1983 Prolngn
3028 1933 3041 1968 :
3075 1916 3237 1979 Satis,
3273 1917 3467 1985 inqttit,

1868 2005 2044 2067 miror,
2076 2002 2263 2057 Eusebi
2291 2003 2637 2069 dilectissime,
2658 2022 2751 2058 cur
2775 2006 2985 2059 Romam
3007 2008 3171 2061 subito
3198 2010 3470 2078 navigatu-

1869 2112 1956 2149 rus
1986 2096 2116 2149 hanc
2156 2094 2243 2148 tibi
2289 2112 2320 2148 α
2348 2111 2426 2148 me
2467 2097 2611 2164 quasi
2655 2098 2914 2149 sitarciam
2965 2100 3079 2151 dari
3126 2101 3364 2164 volueris,
3417 2111 3471 2153 ut

1875 2187 2173 2243 Matt/urunt
2198 2189 2407 2241 breviter
2431 2206 2708 2259 exponens,
2736 2198 2936 2244 etc.....
2967 2190 3028 2244 Si
3055 2193 3364 2245 meminisses
3393 2210 3473 2245 re-

1868 2282 2155 2342 sponsionis
2178 2295 2320 2345 mete,
2340 2296 2613 2347 numquam
2633 2281 2685 2333 in
2712 2282 2889 2348 paucis
2904 2281 3078 2335 diebus
3098 2299 3202 2335 rem
3224 2299 3472 2338 annorum

1872 2382 2082 2438 peteres.
2113 2370 2175 2421 Et
2205 2370 2363 2437 paulo
2387 2381 2539 2438 post;
2570 2368 2636 2422 At
2666 2381 2721 2422 tu
2748 2371 2799 2422 in
2823 2369 3020 2425 duabus
3048 2370 3468 2439 hebdomadibus,

1869 2460 2158 2513 imminente
2174 2462 2289 2529 jam
2314 2459 2538 2521 Pascha,
2565 2469 2612 2512 et
2636 2461 2950 2528 spirantibus
2972 2464 3150 2526 ventis,
3176 2462 3369 2516 dictare
3392 2481 3472 2519 me

1869 2551 2006 2621 cogis
2035 2565 2054 2604 :
2083 2560 2136 2604 ut
2159 2552 2360 2620 quando
2393 2550 2597 2605 Notarii
2627 2552 2913 2620 excipiant,
2941 2554 3145 2621 quando
3184 2552 3472 2608 scribantur

1867 2643 2143 2710 scltedula’,
2167 2643 2371 2713 quando
2393 2643 2738 2707 emendentur,
2771 2659 2870 2709 quo
2891 2645 3056 2714 spatio
3080 2645 3378 2715 digerantur
3400 2644 3468 2697 ad

1867 2753 2073 2807 purum,
2108 2737 2314 2789 minime
2344 2737 2575 2790 attendas
2601 2751 2619 2789 :
2647 2736 2867 2790 maxime
2898 2753 3012 2790 cum
3033 2739 3164 2791 scias
3188 2753 3265 2791 me
3285 2739 3355 2790 ita
3380 2738 3471 2790 [τίς

1867 2827 1957 2879 bus
1988 2828 2236 2880 mensibus
2280 2825 2569 2897 languisse,
2602 2836 2656 2879 ut
2686 2827 2769 2880 via:
2794 2844 2928 2880 nunc
2961 2828 3161 2897 ingredi
3187 2828 3468 2896 incipiam,

1867 2934 1955 2971 nec
1980 2919 2166 2985 possint
2187 2918 2375 2971 laboris
2393 2918 2793 2987 magnitudinem
2811 2920 3050 2970 brevitate
3069 2918 3311 2987 temporis
3327 2934 3465 2970 cont-

1869 3025 2103 3078 pensare.
2134 3010 2304 3062 Porro
2333 3018 2513 3062 autem
2544 3008 2745 3061 PaSt-ha
2775 3022 2839 3061 eo
2867 3024 3008 3060 anno
3041 3009 3240 3075 Aprilis
3263 3009 3468 3062 decima

1868 3110 2057 3155 octava
2084 3099 2169 3152 die
2200 3099 2460 3167 contigit;
2490 3112 2590 3151 nec
2613 3112 2742 3150 sane
2771 3106 2853 3151 est
2878 3106 3074 3167 praeter
3102 3097 3470 3152 verisimilitu-

1870 3190 2084 3253 tlinem,
2118 3196 2173 3242 et
2212 3188 2467 3242 Sanctum
2499 3188 2713 3242 Patrem
2762 3188 2861 3241 sub
2906 3187 3261 3257 praecedentis
3298 3189 3471 3243 Martii

1869 3282 2071 3337 exitum
2101 3279 2303 3334 dictare
2330 3280 2559 3349 coepisse
2584 3278 2687 3333 hoc
2711 3280 2888 3349 operis
2908 3320 2923 3345 ,
2957 3288 3011 3334 et
3048 3280 3337 3335 Eusebium
3365 3282 3469 3337 alia

1873 3392 1938 3430 ex
1963 3384 2135 3445 parte,
2167 3388 2272 3428 non
2300 3373 2404 3427 nisi
2438 3383 2564 3442 post
2591 3381 2809 3427 exactos
2837 3373 3116 3428 Paschatis
3141 3373 3291 3441 dies,
3333 3375 3474 3445 quod

1871 3478 1953 3524 est
1998 3467 2138 3522 Maio
2185 3468 2439 3531 ineunte,
2493 3466 2818 3536 navigationi
2871 3481 2931 3522 se
2970 3466 3331 3524 commisisse.
3390 3469 3475 3524 ln-

1873 3568 2073 3617 tererat
2100 3561 2236 3614 hanc
2276 3560 2534 3629 temporis
2563 3567 2743 3614 notam
2776 3558 2965 3614 sedulo
3001 3558 3470 3615 animadvertere:

1872 3642 2137 3722 siquidem
2161 3653 2434 3722 negotium
2467 3650 2703 3717 facessit,
2730 3660 2791 3705 ut
2815 3652 3160 3720 postmodum
3186 3653 3475 3721 explicabi-

1873 3760 2012 3807 mus,
2058 3744 2200 3814 quod
2232 3744 2447 3798 videtur
2490 3742 2551 3797 S.
2589 3742 2789 3796 Doctor
2816 3758 3063 3797 asserere
3084 3782 3099 3807 ,
3131 3752 3244 3812 post
3286 3759 3476 3796 annum

1873 3852 1904 3892 a
1942 3834 2145 3892 Ruffuti
2180 3833 2532 3905 profectione,
2583 3831 2858 3901 trajecisse
2906 3831 3195 3886 Eusebium
3240 3831 3294 3885 in
3319 3831 3476 3887 Occi-

1873 3929 1976 3985 deu
1986 3940 2117 3984 tem.

1948 4018 2087 4073 VIII.
2115 4017 2232 4072 Jam
2263 4030 2392 4072 vero
2422 4013 2563 4085 quod
2587 4014 2695 4081 ait,
2728 4012 2878 4068 alteri
2913 4030 2967 4068 se
2995 4013 3139 4084 operi
3162 4020 3312 4066 antea
3343 4026 3476 4079 pra:-

1878 4124 2108 4180 parasse,
2141 4121 2300 4175 quam
2331 4107 2386 4159 in
2416 4104 2728 4159 Mattbteum
2755 4103 3041 4169 scriberet,
3072 4103 3249 4157 locum
3274 4101 3482 4156 divina-

1882 4200 2116 4255 tionibus
2143 4197 2289 4261 facit,
2309 4196 2438 4267 quid
2468 4196 2641 4251 isthuc
2670 4194 2881 4250 tandem
2911 4194 3093 4263 operis
3112 4194 3288 4248 fuerit.
3312 4192 3481 4248 Nobis

1882 4290 2017 4345 nihil
2043 4288 2107 4344 ad
2136 4303 2342 4352 verum,
2375 4286 2478 4340 aud
2511 4294 2658 4340 certe
2686 4285 2797 4339 veri
2821 4283 3229 4338 similitudinem
3261 4284 3478 4354 propius

1880 4384 2115 4449 videtur,
2146 4397 2307 4452 quam
2336 4379 2554 4435 Librum
2585 4377 2731 4433 innui
2756 4377 2823 4432 ad
2857 4376 3261 4432 Pammachium
3292 4387 3479 4434 contra

1882 4475 2146 4531 Joannem
2177 4471 2690 4542 Jerosolymitanum
2712 4510 2728 4536 ,
2757 4469 2913 4540 cujus
2952 4468 3211 4540 Apologia
3238 4470 3326 4524 illa
3348 4485 3483 4540 qua-

1884 4582 2207 4638 quaversum
2233 4565 2431 4629 missa,
2467 4561 2755 4617 multorum
2790 4560 2899 4630 jam
2929 4560 3140 4616 animos
3180 4560 3233 4616 in
3272 4560 3483 4616 diversa

1888 4659 2231 4722 distraxerat,
2267 4666 2327 4711 ut
2354 4657 2461 4727 pati
2492 4654 2695 4710 diutius
2723 4669 2827 4710 non
2859 4664 3043 4725 posset
3067 4653 3127 4710 S.
3160 4653 3321 4708 Pater
3343 4694 3359 4713 .
3388 4669 3483 4705 ve-

1886 4765 1999 4806 ram
2042 4764 2105 4805 ac
2145 4749 2428 4820 genuinam
2460 4746 2818 4802 contentionis
2855 4760 3071 4801 causam
3101 4742 3356 4811 explodi,
3390 4740 3457 4794 fal

1888 4857 2003 4899 sam
2028 4850 2205 4899 autem
2232 4843 2300 4897 ab
2341 4856 2408 4898 eo
2447 4839 2739 4896 iracundiae
2788 4854 2898 4893 sua:
2935 4834 3217 4907 praetendi.
3253 4835 3323 4889 At
3343 4834 3485 4888 enim

1888 4933 2105 4990 invidia:
2134 4933 2347 5003 plenum
2396 4945 2533 5001 opus
2578 4930 2681 4984 hoc
2718 4935 2868 4993 erat,
2911 4925 3109 4995 stylum
3160 4922 3212 4976 in
3256 4922 3485 4993 Episco-

1892 5042 2017 5099 pum
2049 5040 2205 5081 suum
2235 5037 2466 5078 acuere:
2496 5020 2633 5074 adeo
2653 5018 2713 5072 S.
2750 5016 2910 5070 Pater
2938 5014 3005 5067 de
3045 5010 3303 5067 industria
3347 5014 3482 5067 scri-

1895 5119 2089 5190 ptionis
2108 5117 2226 5185 ejus
2254 5122 2623 5184 argumentum
2645 5108 2879 5164 reticuit.
2908 5106 2989 5160 Ad
3010 5105 3124 5159 haec
3148 5120 3254 5160 non
3279 5104 3488 5159 videtur

1895 5224 2106 5264 summa
2132 5207 2208 5261 illi
2248 5205 2317 5260 ab
2344 5206 2581 5257 Auctore
2621 5212 2814 5255 manus
2852 5195 3139 5266 imposita:
3184 5205 3345 5263 atque
3386 5194 3488 5250 hoc

1900 5301 2060 5356 etiatn
2090 5298 2142 5351 in
2170 5311 2281 5351 rem
2305 5302 2543 5348 nostram
2570 5289 2751 5353 cedit;
2777 5287 2949 5358 primo
2968 5285 3111 5340 enim
3136 5284 3224 5340 ille
3250 5293 3332 5340 est
3350 5285 3488 5340 scri-

1902 5391 2091 5449 bendis
2113 5390 2164 5443 in
2186 5384 2495 5441 Matthazum
2519 5380 2934 5437 Commentariis
2953 5377 3342 5448 interpellatus,
3364 5378 3487 5434 dein

1905 5485 2040 5541 febri
2064 5479 2294 5537 recidiva
2316 5491 2629 5548 oppressus,
2653 5472 2984 5530 intereadum
3009 5470 3223 5526 Librum
3245 5486 3491 5542 premere

1907 5576 2095 5633 morbo
2126 5572 2369 5641 cogitur,
2398 5568 2678 5640 TlteOpliili
2718 5566 2897 5622 studio
2948 5562 3160 5619 tandem
3198 5563 3491 5618 instaurata

1914 5671 2052 5727 inter
2078 5678 2268 5723 omnes
2298 5676 2398 5735 pax
2428 5670 2530 5719 est.
2561 5661 2799 5735 Denique
2818 5656 3087 5714 Buflinum
3114 5650 3493 5712 Tractatusltic
