4050 6188
629 386 810 438 mum,
840 376 887 424 et
923 365 993 421 ad
1033 363 1353 420 Anastasium
1391 359 1611 428 Papam.
1647 349 1764 411 VH.
1798 352 1900 421 Qui
1927 352 2139 406 damnat

631 465 751 519 item
771 466 1024 530 excerptas
1039 474 1100 511 ex
1118 473 1176 510 eo
1191 454 1317 508 libro
1335 451 1566 522 Origenis
1580 447 1938 518 blasphemias,
1957 445 2141 514 datque

634 572 694 610 ea
720 569 871 623 super
892 565 947 604 re
968 549 1037 600 ad
1057 543 1446 614 Simplicianum
1473 539 1901 595 Mediolanensem
1928 537 2142 607 Episco-

635 662 754 717 pum
783 644 969 697 literas.
996 636 1132 690 Vill.
1164 634 1420 706 Ruﬁnum
1445 648 1645 704 quoque
1688 630 1904 685 Romam
1927 628 1996 682 ad
2019 644 2142 682 cau-

637 751 745 790 sam
770 729 1034 786 dicendum
1059 728 1288 781 accersit.
1318 725 1408 780 IX.
1441 725 1543 792 Qui
1567 725 1641 777 ire
1667 723 1970 787 detrectans,
2002 721 2141 790 Apo-

633 826 817 896 logiam
843 839 933 890 pro
959 838 1012 874 se
1037 820 1204 874 mittit.
1231 818 1294 873 Χ.
1322 816 1508 873 Scribit
1529 815 1703 869 eodem
1725 824 1949 884 tempore
1965 822 2142 866 contra

636 919 1002 988 Hieronymum
1031 913 1352 984 Apologiam,
1385 927 1472 964 seu
1500 909 1653 964 libros
1679 906 2067 962 Invectivarmn.

633 1011 674 1066 1.
719 1010 943 1064 Vixdum
969 1020 1216 1076 percussa
1245 1006 1295 1058 in
1322 1002 1537 1058 Oriente
1564 1017 1666 1072 pax
1691 1000 1880 1064 fuerat,
1902 1015 2022 1054 cum
2048 1013 2144 1051 no-

557 1117 658 1158 vus
682 1117 748 1156 ex
773 1099 1062 1155 Occidente
1089 1095 1473 1151 discordiarum
1505 1093 1659 1148 turbo
1681 1132 1698 1158 ,
1739 1090 1964 1146 eandem
1996 1089 2140 1143 illam

557 1193 930 1265 Origenianam
979 1191 1049 1244 ob
1091 1204 1305 1243 causam
1344 1196 1560 1242 exortus
1588 1194 1689 1240 est.
1737 1182 1996 1238 Macarius
2030 1181 2144 1234 noti

560 1286 793 1342 nominis
831 1285 1118 1340 Monachus
1157 1282 1326 1338 Pineti
1367 1282 1420 1335 in
1458 1294 1587 1350 agro
1611 1279 1854 1334 Romano
1881 1274 1950 1330 ad
1980 1274 2144 1329 maris

562 1395 734 1441 oram,
766 1394 887 1432 cum
915 1379 983 1432 ab
1009 1376 1242 1442 Rnflino,
1273 1374 1362 1446 qui
1389 1390 1483 1445 per
1512 1373 1562 1428 id
1591 1373 1846 1442 temporis
1873 1371 1924 1424 in
1952 1368 2141 1424 eodem

559 1471 651 1526 illo
688 1470 1008 1525 MonaSterio
1041 1470 1269 1540 agebat,
1297 1479 1507 1538 gustum
1537 1468 1767 1537 aliquem
1793 1464 2142 1534 Origeniano-

563 1578 681 1616 rum
708 1577 930 1632 operum
952 1561 1063 1630 jam
1092 1560 1366 1630 coepisset,
1395 1560 1462 1612 ab
1492 1559 1580 1612 illo
1607 1558 1768 1612 etiam
1798 1566 1957 1626 atque
1982 1557 2142 1611 etiam

560 1652 834 1722 ﬂagitavit,
884 1660 943 1706 ut
985 1651 1149 1706 libros
1191 1665 1402 1720 quoque
1443 1657 1555 1719 Περὶ
1598 1639 1786 1720 Ᾰρχῶν,
1830 1647 1883 1702 id
1921 1655 2035 1711 est,
2080 1646 2146 1701 de

564 1743 860 1813 Principiis,
889 1744 1001 1798 sive
1023 1743 1089 1797 de
1111 1740 1452 1796 Potestatibus
1483 1740 1563 1810 (ιιι
1591 1741 1723 1796 verti
1753 1755 1909 1811 posse
1935 1741 1988 1794 in
2014 1738 2148 1793 Pro-

563 1834 686 1903 logo
715 1833 939 1902 dicitur)
981 1833 1168 1888 Latine
1210 1833 1308 1887 sibi
1352 1833 1807 1902 interpretaretur.
1853 1830 2017 1901 Cujus
2058 1831 2146 1886 ille

562 1925 751 1978 studiis
777 1924 1066 1979 obsecutus
1092 1967 1108 1991 ,
1152 1927 1360 1994 priores
1382 1924 1516 1978 duos
1543 1923 1705 1978 libros
1728 1937 1849 1978 cum
1886 1923 2146 1993 protemio

564 2017 833 2071 transtulit
857 2058 871 2080 ,
898 2017 964 2071 de
993 2017 1242 2086 Opinione
1281 2015 1420 2086 apud
1449 2015 1635 2086 vulgus
1671 2016 1905 2070 facturus
1939 2017 2147 2085 pericu-

562 2107 669 2162 lum
689 2149 705 2172 ,
736 2123 856 2162 cum
886 2108 1110 2162 aliorum
1147 2107 1372 2162 subinde
1397 2107 1688 2162 amicorum
1717 2107 1946 2177 impulsu
1966 2148 1982 2174 ,
2017 2108 2144 2163 reli-

563 2214 698 2269 quos
721 2198 854 2253 duos
877 2213 1088 2269 quoque
1116 2199 1294 2254 vertit.
1331 2199 1500 2253 Vertit
1525 2198 1741 2253 autem?
1770 2188 1878 2253 imo
1907 2199 2145 2269 interpo-

562 2289 690 2344 lavit
726 2307 738 2342 :
774 2297 830 2344 et
861 2289 1306 2360 quemadmodum
1337 2288 1389 2343 in
1422 2290 1597 2360 priore
1626 2289 1944 2345 Przefatione
1973 2293 1990 2359 (
2015 2290 2148 2345 duas

561 2384 703 2436 enim
725 2383 990 2452 apposuit)
1006 2383 1118 2451 ipse
1141 2381 1416 2452 proﬁtetur
1426 2399 1539 2436 cum
1555 2383 1818 2453 aliquanta
1838 2381 2147 2449 offendicula

561 2475 902 2528 invenirentur
923 2476 974 2528 in
997 2473 1194 2537 Graeco,
1221 2476 1292 2526 ita
1313 2475 1531 2528 elimavit
1556 2475 1725 2527 omnia
1742 2473 2144 2545 interpretando,

564 2577 712 2635 atque
733 2565 986 2635 purgavit,
1009 2574 1063 2618 ut
1087 2565 1215 2617 nihil
1238 2566 1289 2617 in
1312 2564 1413 2618 illis
1435 2566 1568 2636 quod
1588 2582 1619 2618 a
1643 2566 1745 2634 [ide
1770 2576 1946 2620 nostra
1967 2565 2149 2620 discre-

564 2664 665 2725 pet,
687 2653 899 2708 Latinus
922 2654 1102 2709 Lector
1122 2656 1381 2709 inveniret.
1406 2656 1471 2710 Et
1495 2657 1545 2710 in
1572 2655 1770 2710 altera:
1794 2656 1936 2710 Illud
1956 2667 2146 2724 autem,

565 2747 734 2816 inquit
758 2788 774 2814 ,
804 2748 1082 2800 necessario
1110 2762 1401 2800 commoneo
1425 2788 1440 2812 ,
1479 2747 1616 2814 quod
1640 2748 1787 2800 sicuti
1813 2748 1865 2801 in
1895 2747 2147 2818 prioribus

562 2838 706 2893 libris
735 2839 946 2910 fecimus
964 2879 981 2905 ,
1025 2839 1176 2892 etiam
1204 2839 1257 2892 in
1286 2839 1394 2892 istis
1432 2840 1802 2894 observavimus
1822 2881 1835 2904 ,
1865 2856 1927 2893 ne
1954 2857 2012 2893 ea
2039 2856 2152 2909 quae

561 2933 769 3003 reliquis
807 2935 919 3001 ejus
953 2933 1212 2988 sententiis
1237 2942 1284 2986 et
1320 2941 1506 2987 nostra:
1546 2931 1696 2987 Fidei
1729 2934 1986 2987 contraria
2014 2933 2152 2987 vide-

564 3025 748 3080 bantur
770 3063 796 3091 γ
843 3025 1236 3092 iuterpretarer;
1287 3024 1376 3077 sed
1419 3025 1550 3077 velut
1599 3024 1789 3078 inserta
1825 3041 1884 3078 ea
1936 3023 1998 3078 ab
2035 3025 2150 3079 aliis

563 3125 610 3172 et
635 3116 922 3170 adulterata
951 3116 1280 3185 prazterirem.
1314 3113 1418 3171 Sed
1459 3114 1656 3169 malum
1689 3115 1843 3185 longe
1877 3114 2004 3170 illud
2033 3131 2148 3170 ma-

559 3205 678 3278 jus,
710 3206 851 3277 quod
878 3207 1218 3262 conscientia:
1242 3221 1354 3260 sua:
1382 3205 1589 3261 diffisus
1617 3221 1735 3260 cum
1770 3205 1880 3260 fore
1913 3221 2017 3261 non
2048 3205 2148 3260 du-

563 3298 779 3363 bitaret,
809 3305 867 3352 ut
889 3296 1004 3367 ejus
1032 3297 1240 3351 tametsi
1270 3295 1490 3351 subdola
1521 3296 1959 3367 interpretatione
1985 3296 2153 3352 obdu-

565 3400 666 3444 ctm
703 3389 960 3444 doctrina:
1001 3390 1206 3444 novitas
1249 3388 1443 3444 multos
1481 3389 1793 3458 percelleret
1817 3432 1830 3454 ,
1870 3405 2033 3445 ausus
2070 3401 2154 3446 est

567 3481 672 3537 sibi
715 3481 782 3536 ab
821 3480 1130 3552 Hieronymi
1176 3481 1492 3537 auctoritate
1535 3485 1885 3552 patrocinium
1930 3493 2148 3555 petere:

567 3573 790 3643 ejusque
819 3570 1121 3640 exemplum
1148 3585 1328 3626 causa:
1351 3585 1462 3626 suae
1502 3573 1785 3642 prmtexuit
1813 3615 1829 3640 ,
1876 3583 1929 3629 et
1965 3574 2151 3630 laudes

571 3673 684 3721 tota
725 3663 817 3719 illa
875 3662 1194 3720 Prmfationc
1253 3675 1562 3734 persecutus
1600 3675 1701 3721 est.
1747 3667 1880 3722 llinc
1923 3669 2152 3722 maxima

573 3758 701 3814 mali
729 3757 902 3826 labes,
933 3765 988 3812 et
1023 3773 1245 3828 quarum
1284 3757 1460 3814 nullus
1497 3759 1832 3830 postmodum
1868 3760 2008 3826 finis,
2041 3761 2152 3816 dis-

567 3853 867 3910 cordiarum
914 3851 1084 3924 origo.
1130 3851 1318 3908 Editus
1361 3853 1413 3907 in
1471 3852 1642 3908 lucem
1696 3853 1829 3908 liber
1866 3854 2151 3909 multorum

569 3945 784 4017 quidem
814 3959 844 3998 e
869 3941 1245 3999 Sacerdotibus
1273 3951 1327 3998 et
1349 3942 1620 3998 Monacbis
1645 3952 1702 3998 et
1727 3943 2151 4000 Christianorum

569 4035 729 4106 vulgo
751 4034 1074 4104 simplicitati
1116 4033 1319 4104 illusit(
1345 4032 1513 4104 Epist.
1549 4032 1770 4088 CXXV.
1795 4034 1840 4106 ).
1871 4035 2152 4106 plerosque

568 4134 746 4180 tamen
772 4126 842 4180 ita
862 4125 1106 4196 perculit,
1127 4134 1184 4180 ut
1207 4134 1374 4180 totum
1399 4125 1583 4180 orbem
1611 4135 1729 4196 post
1756 4125 1954 4182 Ruflini
1984 4127 2151 4181 inter—

567 4216 920 4286 pretationem
952 4215 1006 4271 in
1033 4216 1276 4287 Origenis
1307 4215 1487 4271 odium
1512 4218 1776 4273 exarsisse
1799 4259 1814 4286 ,
1841 4226 1895 4273 et
1924 4218 2153 4273 transla-

568 4317 680 4362 tum
702 4323 835 4378 opus
855 4310 1153 4379 expavisse,
1188 4308 1541 4382 Hieronymus
1561 4309 1752 4365 tradat.
1789 4313 1990 4366 Auctor
2011 4312 2150 4368 idem

565 4407 645 4452 est
669 4397 809 4464 (Lib.
841 4398 891 4452 Ι.
919 4410 1054 4454 cont.
1076 4399 1254 4470 Ruﬁ),
1279 4403 1502 4472 primam
1528 4402 1826 4458 Marcellam
1857 4403 2148 4458 Romanam

567 4488 992 4543 subolescentem
1029 4506 1265 4547 errorem
1309 4491 1724 4562 deprehendisse
1748 4536 1762 4560 ,
1793 4510 2022 4566 cumque
2059 4495 2152 4550 diu

571 4593 630 4634 se
669 4578 1034 4643 cohibuisset,
1067 4597 1128 4634 ue
1167 4598 1258 4651 per
1281 4582 1652 4637 scutulationem
1680 4585 1943 4655 quidpiam
1984 4585 2153 4655 facere

570 4672 839 4738 videretur,
872 4681 1135 4743 postquam
1161 4677 1347 4739 sensit,
1373 4676 1526 4744 ﬁdem
1556 4676 1841 4745 Apostolico
1866 4695 1952 4734 ore
1973 4681 2154 4735 lauda-

569 4772 670 4816 tam
698 4763 750 4816 in
777 4762 1026 4832 plerisque
1048 4763 1222 4816 violari
1254 4763 1274 4832 (
1299 4763 1462 4833 Epist.
1491 4764 1636 4820 CXX
1653 4764 1829 4837 νη),
1860 4771 2154 4840 sumpsisse

569 4853 666 4906 sibi
695 4853 852 4907 etiam
883 4853 1091 4908 animos
1119 4853 1184 4908 ad
1211 4855 1627 4924 reprimendum.
1663 4856 1907 4914 Bullinus
1932 4870 2107 4916 autem
2133 4902 2148 4928 ,

571 4959 692 4997 cum
730 4944 838 5013 jam
878 4959 938 5000 se
986 4943 1096 5000 fere
1126 4955 1184 5000 ut
1212 4944 1517 5002 haereticum
1556 4948 1720 5020 digito
1749 4952 1920 5006 notari
1957 4951 2154 5008 intelli-

567 5045 734 5104 geret,
757 5036 1034 5096 discedere
1055 5039 1279 5094 instituit
1298 5055 1314 5096 :
1331 5047 1386 5094 et
1403 5039 1470 5094 ab
1490 5039 1680 5096 Siricio
1702 5041 1844 5097 urbis
1866 5042 2152 5115 Episcopo,

568 5127 674 5194 qui,
707 5138 761 5181 ιιι
786 5128 859 5182 ait
885 5127 1256 5202 Hieronymus,
1280 5131 1343 5214 de
1363 5147 1457 5187 suo
1481 5133 1679 5204 ingenio
1703 5141 1909 5188 cieteros
1933 5137 2157 5190 (estima-

570 5216 654 5270 bnt
678 5259 692 5282 ,
726 5216 1106 5276 Ecclesiasticas
1149 5222 1403 5293 Epistolas
1445 5223 1782 5294 impetravit,
1812 5234 1869 5279 ut
1897 5225 2155 5282 Ecclesia:

574 5326 754 5384 posset
779 5319 1150 5374 communione
1178 5321 1391 5390 gloriari
1420 5319 1594 5394 (Ibid.
1625 5331 1671 5376 et
1709 5331 1843 5376 cont.
1871 5321 1996 5390 Ruf.
2035 5321 2150 5376 Lib.

575 5405 743 5478 HL).
769 5409 860 5464 liis
879 5413 1246 5478 communitus,
1271 5429 1366 5483 per
1386 5412 1762 5480 Mediolanum,
1784 5428 1887 5484 qua
1915 5413 2154 5469 Romana

575 5508 701 5554 tunc
729 5501 836 5554 fere
865 5501 1193 5555 commodior
1217 5505 1300 5557 via
1333 5504 1670 5560 sternebatur
1693 5546 1710 5571 ,
1744 5504 2036 5573 Aquileiam
2063 5520 2154 5560 re-

577 5591 793 5647 meavit.
836 5591 1021 5642 Annus
1049 5591 1300 5658 agebatur
1333 5610 1454 5649 cum
1495 5596 1980 5664 interpretationem
2012 5596 2154 5652 illam

576 5684 803 5740 absolvit
827 5724 842 5746 ,
881 5680 986 5737 398
1027 5681 1157 5734 ultra
1200 5684 1430 5739 medium
1460 5701 1472 5738 :
1500 5699 1620 5761 cum
1670 5685 1836 5741 Roma
1875 5686 2155 5760 discessit,

571 5776 686 5851 iam
713 5777 781 5838 ad
808 5777 973 5837 ﬁnem
1005 5776 1341 5848 properabat.

1830 236 1894 293 s.
1930 231 2307 291 iiiERONYMl
2338 212 2528 296 ’Vl'l‘A.

3729 245 3834 304 124

2320 351 2386 407 ιι.
2427 353 2497 407 At
2525 351 2898 410 Pammachius
2925 363 2978 411 et
3003 355 3266 422 Oceanus,
3299 356 3525 414 Romani
3556 373 3830 433 proseres,

2246 455 2302 501 et
2330 446 2635 522 Hieronymi
2661 451 2972 522 cumprimis
2999 452 3229 507 amicitia
3255 453 3537 510 clarissimi
3565 496 3580 521 ,
3607 456 3834 516 sene-das

2248 535 2564 594 Ruftinianaz
2587 542 3059 613 interpretationis,
3081 543 3314 598 nondum
3333 544 3544 615 quidem
3571 550 3830 618 vulgatas,

2248 627 2536 702 furtimque
2575 633 2675 688 sibi
2714 644 3004 704 porrectas.
3041 635 3272 705 denique
3311 634 3458 691 falsis
3483 637 3681 694 alicubi
3705 655 3833 694 sen-

2249 724 2427 779 tentiis
2456 725 2798 792 incrustatas,
2835 738 2892 782 ut
2921 727 3163 783 Roftinus
3186 728 3399 798 quidem
3428 730 3739 797 contendit,
3767 731 3834 787 ad

2248 813 2630 890 Hieronymum
2659 835 2760 874 una
2790 836 2910 875 cum
2939 820 3165 876 subdola
3195 821 3512 879 Prchatione
3540 824 3627 878 illa
3657 836 3839 881 trans-

2250 911 2545 977 miserunt,
2593 912 2835 980 quaedam
2873 923 3185 980 causantes,
3237 929 3356 984 qua:
3393 915 3559 971 mima
3595 918 3843 974 catholice

2249 999 2385 1054 dicta
2413 1002 2514 1056 sibi
2543 1003 2868 1070 viderentur,
2895 1005 3104 1075 aliaque
3131 1004 3200 1059 ab
3229 1005 3518 1074 interprete
3546 1008 3838 1074 subtracta,

2247 1107 2368 1163 qua:
2410 1105 2637 1164 apertam
2676 1097 2979 1168 impietatem
3020 1098 3268 1152 Auctoris
3304 1107 3585 1154 monstrare
3609 1110 3840 1169 poterant

2249 1182 2384 1256 (Lib.
2417 1183 2502 1239 II.
2537 1196 2712 1240 contra
2743 1186 2953 1242 Hieron.
2985 1198 3033 1242 et
3057 1187 3227 1258 alibi).
3263 1187 3460 1243 Rufﬁni
3489 1204 3683 1244 nomen
3711 1195 3840 1245 reti-

2248 1288 2490 1344 cuerunt,
2515 1280 2659 1350 quod
2685 1296 2784 1336 nec
2805 1282 2916 1348 ipse
2936 1283 3084 1351 operi
3109 1296 3208 1336 suo
3228 1281 3532 1338 adscribere
3551 1297 3712 1338 ausus
3731 1292 3836 1338 est.

2247 1367 2425 1423 Multis
2448 1381 2624 1426 autem
2650 1370 2716 1427 ad
2746 1373 3109 1442 reponendum
3138 1373 3213 1428 illi
3242 1373 3302 1430 S.
3333 1375 3612 1430 Docmrem
3639 1381 3838 1431 excita-

2247 1468 2393 1526 runt,
2427 1461 2793 1532 petieruntque
2825 1473 2880 1518 ut
2905 1463 3123 1519 eosdem
3153 1464 3375 1520 meliore
3402 1463 3504 1520 fide
3530 1465 3692 1521 libros
3717 1465 3837 1534 ipse

2249 1551 2707 1622 interpretaretur,
2739 1563 2786 1608 et
2814 1554 3120 1625 interpolata
3150 1555 3402 1624 proderet,
3431 1565 3486 1611 et
3514 1557 3646 1611 male
3669 1556 3839 1628 expli-

2249 1652 2364 1696 cata
2403 1645 2710 1700 convinceret
2741 1645 2954 1717 (Epist.
3000 1644 3329 1702 LXXXIII.
3441 1646 3669 1702 Maxime
3712 1663 3844 1704 vero

2249 1744 2496 1788 auctores
2514 1744 2686 1801 erant,
2709 1745 2765 1789 ut
2791 1736 3009 1806 iniectas
3031 1736 3099 1792 de
3121 1751 3180 1792 se
3199 1737 3532 1806 suspiciones
3553 1748 3839 1809 purgaret:

2250 1825 2516 1895 sciretque
2559 1840 2619 1881 se
2664 1825 2980 1882 Prsefatione
3025 1827 3116 1882 illa
3161 1828 3389 1898 obliquis
3428 1828 3668 1884 laudibus
3701 1830 3848 1886 inter

2250 1916 2574 1988 Origcnistas
2598 1919 2848 1988 positum,
2872 1931 3032 1992 atque
3053 1935 3121 1977 ex
3145 1922 3228 1977 sui
3252 1922 3479 1978 nominis
3500 1921 3639 1978 fama
3662 1921 3842 1978 haere-

2249 2008 2297 2063 si
2328 2009 2677 2078 patrocinium
2707 2011 2894 2081 qureri.

2322 2099 2410 2155 ill.
2454 2101 2559 2156 Has
2595 2101 2950 2174 Hieronymus
2985 2103 3213 2160 schedas
3237 2104 3346 2176 jam
3373 2115 3690 2176 acceperat,
3717 2121 3843 2163 cum

2250 2191 2531 2264 ipsiusmet
2552 2191 2749 2247 Ruffini
2777 2194 2840 2248 ad
2872 2209 2993 2249 eum
3024 2194 3190 2250 litera:
3227 2195 3449 2252 reddita:
3487 2207 3612 2253 sunt
3639 2215 3653 2252 :
3677 2213 3800 2268 quae
3823 2240 3843 2267 ,

2253 2283 2463 2338 tametsi
2491 2284 2892 2349 interciderunt,
2927 2285 3054 2356 quid
3079 2288 3439 2355 continerent,
3465 2297 3752 2360 utcumque
3775 2305 3845 2346 ex

2250 2373 2308 2430 S.
2341 2374 2513 2430 Patris
2541 2374 2823 2446 Responso
2861 2377 3180 2446 colligimus.
3213 2377 3431 2434 Scilicet
3466 2379 3666 2435 diutius
3693 2381 3844 2436 dice-

2252 2465 2343 2520 bat
2367 2481 2425 2522 se
2451 2466 2634 2522 Romae
2658 2469 2936 2531 mansisse,
2967 2484 3124 2540 quam
3151 2470 3425 2538 voluisset,
3452 2471 3592 2542 quod
3618 2482 3845 2544 accepto

2251 2558 2321 2615 de
2347 2559 2494 2614 obitu
2525 2561 2708 2616 matris
2733 2561 2952 2628 nuntio,
2983 2562 3282 2632 prohibitus
3306 2564 3449 2618 luctu
3476 2564 3568 2631 sit,
3601 2580 3845 2622 remeare

2252 2652 2319 2707 ad
2355 2654 2580 2723 patriam
2607 2695 2623 2721 ,
2653 2670 2719 2709 ne
2757 2663 3013 2710 materna:
3051 2655 3241 2711 domus
3270 2667 3486 2728 aspectu
3511 2698 3526 2723 ,
3559 2657 3801 2712 dolorem
3823 2699 3840 2726 ,

2253 2760 2412 2816 quem
2457 2745 2546 2800 vix
2591 2746 2785 2802 absens
2837 2747 3018 2802 animo
3061 2747 3374 2818 premebat,
3418 2749 3555 2804 ferre
3600 2765 3844 2820 praesens

2253 2836 2470 2891 omnino
2513 2850 2618 2891 non
2657 2846 2854 2907 posset.
2909 2837 3232 2894 Revocatum
3260 2854 3325 2894 eo
3350 2854 3410 2893 se
3437 2849 3608 2894 tamen
3633 2879 3651 2905 ,
3683 2840 3844 2909 spiri-

2255 2927 2468 2980 tualium
2492 2937 2759 2998 parentum
2779 2928 3090 3001 (Chromatii
3115 2939 3270 3000 atque
3293 2929 3533 3001 Eusebii)
3556 2930 3805 2987 desiderio
3820 2947 3849 2986 .°

2253 3019 2348 3076 sed
2377 3020 2444 3075 ab
2470 3021 2678 3076 tumulis
2703 3021 2957 3076 continuo
2984 3021 3303 3092 impetitutn,
3337 3022 3505 3092 iisque
3531 3022 3844 3095 llierOnymi

2255 3126 2377 3167 cum
2416 3111 2603 3182 primis
2643 3111 2991 3168 familiaribus
3015 3155 3030 3180 ,
3072 3123 3128 3167 ut
3170 3113 3318 3185 queri
3353 3113 3659 3181 videretur,
3700 3116 3845 3185 quod

2254 3203 2538 3275 instigante
2564 3204 2654 3260 illo
2675 3246 2688 3270 ,
2719 3205 2798 3262 vel
2831 3215 2979 3261 certe
3005 3221 3110 3261 non
3137 3205 3328 3272 inscio,
3357 3205 3544 3261 horum
3570 3205 3691 3261 odia
3718 3208 3846 3263 sub-

2255 3297 2425 3354 iisset.
2457 3299 2652 3354 Contra
2679 3314 2738 3354 se
2768 3315 2950 3370 pacem
2977 3314 3158 3356 secum
3185 3300 3276 3354 illo
3301 3300 3695 3355 reconciliatam
3719 3315 3846 3355 san-

2255 3398 2342 3445 cte
2385 3404 2598 3444 servare
2624 3431 2639 3456 ,
2681 3399 2840 3460 utque
2883 3391 2949 3445 ab
2992 3405 3058 3446 eo
3106 3391 3216 3461 pari
3262 3390 3439 3444 studio
3481 3390 3840 3460 observetur,

2256 3491 2526 3552 expetere.
2557 3482 2851 3551 Respondit
2897 3483 3254 3556 Hieronymus
3295 3483 3530 3551 Epistola
3567 3482 3618 3537 in
3658 3492 3846 3540 nostra

2255 3573 2568 3630 recensione
2597 3573 2832 3628 LXXXI.
2865 3574 3022 3630 nullis
3050 3590 3174 3645 erga
3215 3574 3360 3628 illum
3392 3573 3580 3628 ofﬁciis
3609 3588 3668 3629 se
3694 3574 3836 3629 inte-

2257 3665 2357 3720 rim
2393 3664 2623 3719 defuisse
2653 3680 2666 3717 :
2693 3673 2747 3718 et
2771 3666 3090 3719 conscientiae
3110 3706 3126 3731 ,
3154 3667 3322 3735 inquit
3347 3707 3362 3732 ,
3395 3675 3581 3719 nostra:
3611 3665 3749 3718 testis
3774 3674 3848 3720 est

2255 3756 2508 3813 Dominus
2531 3798 2545 3820 ,
2575 3767 2686 3828 post
2724 3759 3075 3813 reconciliatus
3103 3758 3350 3812 amicitias
3383 3758 3581 3812 nullum
3607 3757 3852 3811 interces-

2255 3849 2380 3905 sisse
2405 3865 2686 3916 rancorem,
2714 3865 2812 3919 quo
2837 3849 3121 3920 quempiam
3153 3849 3444 3904 traderemus
3473 3865 3491 3903 :
3517 3849 3636 3919 quin
3664 3849 3840 3920 potius

2255 3957 2370 3996 cum
2393 3941 2528 3995 omni
2555 3941 2788 3995 cautione
2811 3941 3120 4012 providimus
3141 3980 3156 4004 ,
3186 3957 3248 3995 ue
3273 3941 3452 3994 saltem
3477 3957 3625 3994 casus
3652 3940 3704 3993 in
3731 3956 3849 3994 ma-

2256 4032 2575 4087 levolentiam
2614 4042 2910 4087 verteretur.
2956 4031 3063 4088 Sed
3095 4033 3217 4101 quid
3253 4049 3525 4102 possumus
3561 4033 3761 4103 facere,
3799 4051 3851 4089 ss

2255 4126 2595 4197 unusquisque
2621 4129 2765 4198 juste
2793 4134 2938 4198 putat
2965 4141 3018 4179 se
3046 4129 3212 4196 facere
3232 4127 3365 4195 quod
3391 4126 3541 4197 facit,
3577 4141 3622 4180 et
3651 4126 3855 4182 videtur

2253 4219 2350 4273 sibi
2374 4218 2662 4273 remordere
2691 4219 2857 4288 potius
2883 4233 3033 4288 quam
3055 4213 3330 4272 inordere?
3356 4217 3488 4274 Tum
3521 4219 3644 4273 illud
3679 4219 3851 4276 etiam

2253 4309 2425 4364 amice
2450 4322 2514 4363 ac
2547 4307 2738 4362 leniter
2768 4307 3102 4378 expostulat,
3129 4306 3273 4379 quod
3303 4308 3497 4379 oblique
3523 4310 3851 4367 Prazfatione

2255 4400 2343 4456 illa
2363 4442 2378 4468 ,
2413 4400 2514 4454 imo
2541 4409 2714 4469 aperte
2742 4408 3028 4469 peteretur,
3061 4414 3123 4455 ac
3151 4409 3332 4455 monet
3356 4443 3369 4466 ,
3401 4417 3468 4456 ne
3491 4416 3549 4456 se
3580 4403 3630 4456 in
3660 4413 3850 4471 poste-

2255 4510 2374 4550 rum
2399 4492 2560 4550 simili
2585 4491 2746 4547 modo
2773 4491 2969 4547 laudet.
3001 4493 3173 4563 Atque
3204 4495 3317 4548 bare
3345 4504 3549 4564 poterat
3573 4495 3852 4550 suboffen-

2255 4601 2346 4642 sos
2372 4584 2597 4640 invicem
2623 4581 2831 4638 animos
2856 4583 3086 4652 Epistola
3112 4584 3453 4655 recolligere;
3483 4584 3574 4640 scd
3603 4586 3689 4656 qui
3720 4602 3850 4643 eam

2256 4674 2545 4732 curandam
2593 4683 2945 4744 acceperant,
2990 4682 3045 4728 et
3087 4673 3255 4729 Roma
3294 4673 3643 4730 Concordiam
3675 4691 3853 4745 nSquc

2256 4766 2720 4826 transmittendam
2741 4808 2756 4833 ,
2787 4766 3092 4838 Hieronymi
3121 4765 3434 4833 familiares,
3469 4766 3855 4825 Pammachius

2255 4861 2503 4918 videlicet
2528 4870 2688 4931 atque
2716 4858 2984 4925 Oceanus,
3013 4858 3152 4913 haud
3181 4859 3292 4914 scio
3317 4873 3441 4913 num
3469 4857 3689 4913 meliore
3713 4872 3853 4915 con-

2256 4955 2398 5018 silio,
2418 4967 2668 5008 successu
2685 4961 2830 5007 certe
2851 4965 2954 5006 non
2979 4965 3235 5021 prospero
3254 4956 3680 5020 suppresserunt.
3708 4947 3853 5020 Ego,

2258 5046 2430 5118 inquit
2455 5046 2810 5117 Hieronymus
2837 5043 2928 5098 lib.
2961 5041 3002 5097 Ι.
3035 5043 3336 5113 Apologia},
3364 5041 3544 5112 scripsi
3567 5042 3635 5095 ad
3661 5051 3707 5094 te
3731 5051 3852 5096 sta-

2260 5141 2350 5193 tim
2377 5140 2570 5193 brevem
2602 5137 2902 5208 Epistolam,
2931 5136 3256 5205 expostulans
3281 5151 3434 5203 super
3461 5133 3697 5187 laudibus
3723 5136 3856 5204 tuis,

2258 5248 2410 5302 quam
2439 5230 2556 5300 quia
2584 5227 2762 5283 Romae
2790 5243 2890 5281 non
2918 5242 3030 5280 eras
3057 5227 3208 5280 amici
3233 5225 3328 5278 mei
3351 5224 3437 5278 tibi
3460 5227 3651 5279 mittere
3673 5225 3856 5280 nolue-

2259 5331 2412 5386 runt,
2453 5336 2510 5375 eo
2541 5320 2677 5387 quod
2705 5327 2751 5373 te
2781 5317 3002 5373 dicereut
3027 5359 3042 5383 ,
3081 5333 3193 5370 cum
3219 5315 3478 5369 sodalibus
3509 5319 3609 5369 tuis
3638 5315 3862 5386 indigm.

2261 5418 2463 5473 nomine
2482 5412 2770 5470 Christiano
2789 5412 2852 5466 de
2875 5428 2985 5464 utea
3005 5409 3380 5464 conversatione
3398 5409 3644 5476 jactitare
3666 5424 3683 5462 :
3703 5424 3860 5479 ςιυιιι

2261 5507 2548 5578 exentplum
2573 5505 2690 5560 huic
2718 5503 2964 5558 volumini
2989 5500 3206 5563 subdidi,
3239 5509 3291 5552 ut
3319 5499 3449 5550 scias
3479 5511 3722 5568 quantum
3757 5502 3824 5554 do
3847 5533 3859 5543 .

2261 5600 2417 5656 lorem
2445 5607 2635 5670 quanta
2673 5594 3013 5648 moderatione
3043 5589 3418 5645 necessitudinis
3453 5599 3751 5660 temperavi.
3787 5590 3861 5650 Et

2263 5690 2357 5746 lib.
2390 5688 2474 5743 lli.
2509 5687 2710 5740 Novum
2739 5699 2932 5756 quoque
2958 5698 3036 5736 me
3069 5690 3214 5750 putas
3244 5679 3455 5748 ﬁnxisse
3484 5679 3809 5738 mendacium
3841 5727 3859 5750 ,

2264 5791 2320 5840 ut
2347 5779 2630 5852 Epistotam
2651 5778 2720 5835 ad
2745 5785 2793 5834 te
2819 5791 2928 5833 nico
2955 5773 3154 5830 nomine
3174 5784 3530 5842 componerem
3556 5778 3707 5845 quasi
3736 5777 3867 5832 οιίιη
