4050 6188
230 290 331 350 125

226 407 496 475 scriptam,
526 425 624 479 quo
656 405 814 466 bonus
844 428 949 468 esse
976 410 1149 469 videar
1177 423 1224 471 et
1253 414 1504 471 modestus
1532 434 1549 472 :
1572 437 1723 489 quam
1752 429 1805 473 tu

225 515 492 568 numquam
519 504 721 557 omnino
748 508 1044 573 susceperis.
1081 506 1201 563 Παῖς
1229 527 1306 564 res
1333 510 1573 580 perfacile
1597 511 1805 581 probari

224 602 399 653 potest.
448 593 605 649 Multi
644 596 823 652 Romae
860 600 968 669 ejus
1007 604 1315 672 exemplaria
1350 605 1528 657 habent
1558 616 1675 658 ante
1709 607 1803 659 hoc

218 685 408 737 circiter
421 686 715 755 triennium,
740 690 826 759 qui
853 692 941 745 tibi
964 708 1077 747 eam
1106 694 1300 749 mittere
1324 696 1578 749 noluerint
1596 738 1610 761 ,
1638 698 1801 751 scien-

218 786 284 828 tes
307 793 419 845 qua:
445 779 508 832 de
532 795 642 834 meo
669 784 871 836 nomine
891 786 1158 856 jactitares
1178 830 1191 851 ,
1221 799 1267 841 et
1294 805 1443 857 quam
1474 790 1682 860 indigna
1708 791 1799 843 ho-

215 870 341 920 mine
389 869 718 941 Christiano,
759 885 806 929 et
848 892 999 945 quam
1041 879 1254 948 infanda
1296 882 1628 951 con/ingeres.
1686 881 1798 952 Ego

212 960 389 1026 scripsi
419 964 644 1018 nesciens
670 966 812 1035 quasi
840 968 910 1020 ad
937 970 1155 1022 amicum
1181 986 1199 1023 ε
1220 967 1311 1024 Illi
1339 986 1438 1025 non
1467 972 1798 1026 reddiderunt

208 1049 250 1097 vi
278 1067 425 1116 quem
456 1054 719 1109 inimicum
744 1068 1005 1129 noverant,
1035 1071 1298 1131 parcentes
1323 1072 1369 1117 et
1394 1080 1504 1119 meo
1532 1066 1722 1131 errori,
1750 1075 1798 1120 et

206 1149 299 1192 tum
326 1146 673 1201 conscientite.

282 1233 372 1297 IY.
404 1238 741 1307 Acceperant
782 1257 887 1298 una
922 1253 1102 1302 autem
1138 1247 1318 1303 eximii
1358 1249 1434 1303 illi
1484 1250 1798 1322 HierOuymi

198 1322 504 1383 latniliarcs
550 1330 617 1385 ab
644 1332 856 1400 eodem,
887 1344 944 1390 ut
974 1352 1069 1406 par
1088 1339 1313 1394 credere
1343 1350 1463 1407 est,
1498 1342 1797 1397 litterarum

198 1417 466 1483 portitore
486 1420 721 1490 Rufﬁno,
748 1425 916 1483 altero
931 1427 1068 1500 Syro
1088 1431 1269 1503 (quem
1291 1432 1348 1489 S.
1379 1434 1535 1490 Pater
1551 1438 1611 1490 ob
1632 1453 1795 1508 quan-

196 1508 314 1561 dam
347 1525 557 1565 causam
579 1532 671 1583 per
686 1516 904 1573 Romam
936 1521 1289 1580 Mediolanum
1306 1527 1529 1593 miserat,
1549 1539 1603 1584 et
1633 1546 1790 1600 quem

195 1614 321 1657 sane
354 1604 580 1660 interest
608 1609 678 1663 ab
704 1614 1025 1680 cognomine
1063 1618 1392 1686 Aquileiensi
1432 1620 1785 1693 distinguere)

197 1709 385 1749 novam
413 1696 482 1749 ab
515 1713 579 1751 eo
616 1700 925 1758 adornatam
957 1705 1213 1761 librorum
1249 1717 1359 1779 Περὶ
1385 1701 1556 1782 Ᾱρχῶν
1588 1712 1785 1767 versio-

196 1799 314 1838 nem
344 1800 464 1839 cum
497 1788 761 1846 luculenta
790 1793 857 1847 ad
886 1809 945 1848 se
968 1796 1186 1866 proprie
1213 1797 1468 1868 Epistola,
1494 1817 1597 1872 qua
1628 1817 1779 1858 suam

197 1874 281 1928 ille
307 1877 447 1942 apud
472 1894 564 1935 eos
596 1881 753 1937 ﬁdem
791 1884 1001 1952 liberat,
1052 1901 1350 1960 purgatque
1377 1907 1566 1948 omnes
1610 1894 1679 1949 de
1720 1909 1780 1951 se

196 1966 542 2033 suspiciones.
591 1970 839 2042 Origenis
878 1975 1149 2045 ingenium
1180 1980 1392 2048 quidem
1438 1993 1493 2037 et
1520 1983 1779 2040 eruditio-

197 2070 312 2109 nem
352 2058 598 2115 laudasse
632 2077 691 2116 se
726 2062 944 2132 fatetur,
985 2067 1230 2138 dogmata
1264 2072 1528 2139 tenuisse,
1574 2082 1666 2129 aut
1696 2082 1776 2131 te-

194 2163 316 2202 nore
368 2164 461 2215 se,
513 2163 788 2225 pernegat.
849 2156 1121 2227 Laudari,
1170 2162 1337 2232 inquit
1371 2163 1582 2234 (Epist.
1624 2166 1774 2238 74),

192 2238 523 2309 interpretem,
553 2261 654 2299 non
692 2251 1063 2318 dogmatisten,
1118 2254 1395 2324 ingenium,
1442 2274 1544 2311 non
1582 2259 1777 2327 ﬁdem;

194 2327 579 2400 Philosophum,
621 2352 723 2391 non
759 2339 1082 2409 Apostolum.
1136 2343 1287 2409 Quod
1325 2347 1371 2400 si
1409 2348 1584 2402 volunt
1624 2367 1776 2422 super

192 2418 401 2490 Origene
438 2441 604 2479 meum
641 2428 770 2483 scire
806 2432 1085 2501 judicium,
1140 2436 1309 2506 legant
1341 2438 1392 2491 in
1436 2418 1774 2497 Ecclesiasten

189 2509 603 2581 Commentarios,
628 2522 871 2588 replicent
891 2525 944 2577 in
971 2524 1259 2596 Epistolam
1295 2530 1363 2582 ad
1398 2531 1643 2600 Ephesios
1672 2535 1771 2589 tria

186 2606 435 2660 volumina
456 2649 471 2671 ,
526 2620 574 2664 et
601 2612 912 2686 intelligent,
945 2636 1024 2673 me
1059 2637 1257 2692 seraper
1299 2626 1409 2694 ejus
1452 2625 1768 2697 dogmatibus

186 2698 502 2754 contraiisse.
537 2702 603 2757 Et
634 2706 791 2773 paulo
823 2717 945 2777 post
975 2726 989 2764 :
1024 2710 1085 2765 Si
1117 2714 1243 2767 mihi
1270 2716 1503 2785 creditis,
1533 2717 1767 2791 Origeni-

181 2795 274 2838 stcs
294 2804 569 2858 numquam
594 2794 670 2861 [ui
695 2810 714 2847 :
744 2795 789 2848 si
822 2814 922 2851 non
974 2801 1195 2870 creditis,
1240 2821 1375 2859 nunc
1420 2825 1526 2862 esse
1553 2813 1761 2867 cessavi.

184 2874 245 2929 Et
273 2883 518 2949 sequenti
562 2886 736 2953 capite
766 2904 780 2938 :
813 2887 924 2941 Fac
954 2907 1032 2943 me
1061 2908 1256 2948 errasse
1298 2897 1350 2950 in
1398 2899 1760 2971 adolescentia,

181 2975 223 3017 et
264 2967 730 3041 Philosophorum,
758 2977 813 3029 id
836 2988 939 3043 est,
973 2979 1247 3038 Gentilium
1276 2987 1458 3042 studiis
1488 2967 1759 3057 eruditum,

180 3059 228 3111 in
250 3063 503 3133 principio
528 3065 695 3135 Fidei,
729 3071 963 3140 dogmata
983 3074 1242 3143 ignorasse
1270 3078 1580 3148 Christiana,
1604 3093 1648 3137 et
1669 3085 1763 3139 hoc

180 3162 376 3219 putasse
402 3156 457 3209 in
489 3158 753 3228 Apostolo,
777 3163 914 3233 quod
951 3164 1003 3218 in
1052 3165 1350 3239 Pythagora
1394 3181 1440 3224 et
1474 3174 1691 3230 Platone
1716 3183 1763 3230 et

179 3241 485 3314 Empedocle
530 3251 770 3321 legeram.
822 3254 925 3309 Cur
951 3260 1155 3326 parvuli
1192 3260 1242 3314 in
1275 3261 1475 3316 Christo
1504 3274 1651 3335 atque
1679 3267 1759 3321 la-

179 3338 347 3392 ctentis
372 3355 594 3415 errorem
615 3345 883 3414 sequimini
899 3346 925 3399 Ρ
938 3364 1030 3401 cur
1049 3349 1113 3403 ab
1133 3366 1190 3403 eo
1212 3351 1517 3421 impietatem
1544 3357 1756 3424 discitis,

177 3430 255 3495 qui
279 3432 495 3485 necdum
526 3434 761 3500 pietatem
791 3440 1272 3495 noverat?secunda
1300 3455 1413 3515 post
1433 3451 1758 3521 naufragium

178 3520 337 3573 tabula
369 3534 464 3590 est,
514 3526 723 3595 culpam
763 3530 1061 3595 simpliciter
1097 3534 1345 3602 confiteri.
1394 3535 1594 3593 Imitati
1626 3520 1758 3597 estis

177 3622 451 3681 errantem,
498 3616 767 3672 imitamini
794 3632 1092 3676 correctum.
1131 3624 1291 3679 Multa
1332 3626 1526 3684 deinde
1552 3630 1603 3685 in
1631 3648 1752 3688 eum

178 3703 369 3768 profert
412 3708 636 3776 (nomen
674 3712 817 3767 enim
857 3713 1053 3769 Bullini
1084 3718 1335 3774 continuo
1371 3722 1621 3795 reticuit)
1662 3726 1751 3795 qui

178 3799 452 3865 propinare
477 3800 732 3857 Romanis
758 3805 976 3861 auribus
996 3808 1252 3865 doctrinae
1281 3812 1397 3881 ejus
1426 3829 1631 3870 venena
1659 3831 1754 3872 au-

174 3897 255 3939 sus
275 3900 373 3942 est.
410 3890 652 3962 Quisquis
686 3910 758 3961 es,
788 3895 977 3966 inquit,
1007 3910 1225 3954 assertor
1255 3918 1497 3958 novorum
1538 3906 1751 3978 dogma-

175 3984 288 4038 tum,
312 3995 484 4046 graeco
511 3992 575 4049 te,
601 3996 657 4037 ut
678 4002 857 4055 parcas
874 3986 1119 4046 Romanis
1134 3994 1356 4061 auribus,
1381 4014 1561 4066 parcas
1582 3998 1748 4069 Fidei,

164 4064 275 4136 ique
298 4074 532 4142 Apostoli
561 4092 680 4131 voce
705 4079 916 4135 laudata
956 4091 1045 4137 est.
1078 4083 1181 4139 Cur
1203 4097 1315 4156 post
1354 4064 1750 4161 quadringentos

174 4177 320 4218 annos
362 4168 543 4223 docere
595 4186 687 4224 nos
725 4173 917 4239 niteris,
960 4177 1095 4243 quod
1141 4188 1257 4232 ante
1295 4182 1625 4237 nescivimus?
1660 4201 1751 4239 cur

176 4258 360 4324 profers
386 4258 440 4312 in
468 4261 691 4314 medium
725 4264 861 4332 quod
891 4262 1077 4320 Petrus
1105 4278 1150 4321 et
1177 4268 1373 4324 Paulus
1402 4272 1549 4327 edere
1574 4276 1748 4330 nolue-

174 4348 313 4401 runt?
343 4348 584 4420 Denique
611 4352 665 4405 in
704 4368 827 4408 eum
853 4358 1070 4427 proprie
1096 4359 1185 4429 qui
1224 4374 1283 4415 se
1309 4362 1548 4431 ﬁguratis
1574 4366 1746 4421 laudi-

174 4430 261 4489 bus
304 4438 356 4492 in
388 4439 727 4510 Origenianie
774 4460 950 4501 causa:
1004 4448 1359 4517 patrocinium
1410 4453 1745 4525 adsciverat;

174 4524 303 4583 Malo
323 4570 341 4597 ,
387 4533 499 4597 ait,
529 4535 901 4592 existimatione
930 4539 1238 4609 periclitari,
1262 4542 1427 4615 quam
1476 4548 1598 4616 ﬁde.
1636 4524 1747 4605 Hoc

172 4620 284 4673 mihi
329 4625 676 4690 priestiterunt
717 4630 870 4683 amici
910 4633 1008 4685 mei
1036 4636 1054 4704 (
1079 4633 1323 4691 Bullinus
1348 4640 1570 4710 utique)
1615 4650 1669 4694 ut
1702 4644 1746 4696 si

173 4720 381 4783 (uenero,
430 4735 545 4772 reus
569 4734 588 4772 ι·
628 4720 674 4773 si
712 4723 1040 4791 respondero,
1075 4726 1307 4782 inimicus
1331 4730 1552 4799 judicer.
1599 4732 1746 4789 Dura

172 4814 372 4874 utraque
389 4810 651 4876 conditio;
671 4813 760 4867 sed
785 4830 812 4868 e
834 4816 1031 4870 duobus
1058 4817 1240 4889 eligam
1275 4822 1411 4890 quod
1439 4824 1597 4877 levius
1630 4835 1701 4879 est
1725 4843 1744 4881 :

167 4893 392 4949 simultas
428 4900 758 4973 redintegrari
806 4915 967 4976 potest
1006 4923 1027 4962 :
1054 4908 1363 4981 blasphemia
1406 4915 1600 4969 veniam
1642 4933 1743 4973 non

168 4994 313 5039 meret
314 5003 397 5040 ur.

231 5075 291 5131 ν.
322 5080 406 5135 Ad
454 5081 623 5154 ipsam
652 5087 797 5157 quod
838 5088 1028 5146 attinet
1053 5091 1547 5166 interpretationem
1576 5098 1741 5156 libro-

174 5178 271 5223 tum
293 5180 411 5243 εερί
430 5182 625 5247 Δρλῶν,
656 5194 816 5248 quam
840 5180 1094 5252 Epistolae
1113 5185 1304 5259 jungit,
1336 5191 1559 5246 multum
1586 5206 1644 5247 se
1668 5194 1743 5249 ait

166 5257 318 5318 inilla
346 5264 663 5323 adornanda
719 5270 918 5327 laboris
974 5276 1323 5344 sustinuisse,
1376 5280 1495 5335 dum
1549 5292 1742 5339 mutare

164 5354 405 5426 quidpiam
445 5359 511 5414 tle
535 5359 753 5429 (irteco,
809 5380 910 5419 non
953 5377 1025 5421 est
1051 5372 1317 5434 vertentis,
1346 5373 1436 5426 sed
1477 5377 1740 5432 evertentis

164 5441 297 5507 (Lib.
342 5450 393 5504 Ι.
427 5467 543 5507 con.
584 5452 836 5525 Ruﬁn.)
883 5458 1205 5515 Adornatam
1237 5461 1332 5517 abs
1361 5478 1419 5518 se
1457 5476 1632 5519 autem
1675 5485 1739 5524 eo

163 5539 362 5595 consilio
396 5552 623 5599 testatus
648 5559 732 5600 est
770 5547 918 5613 alibi,
950 5566 1054 5604 non
1086 5563 1140 5605 ut
1166 5554 1409 5609 crederet
1447 5555 1638 5611 Lector
1676 5560 1738 5614 iis

160 5641 261 5696 (tua:
288 5634 766 5707 interpretabatur,
816 5641 910 5697 sed
946 5659 1013 5700 ne
1042 5647 1285 5704 crederet
1315 5649 1413 5719 iis,
1456 5666 1574 5720 qua:
1603 5649 1738 5704 alius

158 5730 266 5781 ante
291 5729 661 5788 transtulerat.
690 5732 865 5809 Atque
894 5732 1030 5791 hanc
1070 5738 1284 5811 quidem
1317 5742 1469 5796 unico
1511 5748 1733 5801 causam

1493 302 1551 361 S.
1594 298 1977 363 HIERONYMI
2019 306 2199 369 Vl'l'A.

3400 331 3502 391 l26

1913 435 2032 477 esse
2048 435 2285 491 autumo,
2318 424 2387 483 de
2412 442 2520 499 quo
2544 429 2721 487 mirari
2742 433 2923 493 doctos
2944 436 3183 501 homines
3206 446 3498 517 aliquando

1910 512 2093 577 subiit,
2144 530 2241 571 cur
2285 518 2401 575 lucc
2438 522 2642 577 scilicet
2685 526 2899 595 perierit
2926 533 3101 589 Sancti
3140 538 3381 594 Doctoris
3413 545 3496 596 iii-

1910 612 2252 677 terpretatio,
2283 628 2403 683 qua:
2430 623 2484 670 et
2511 615 2578 671 ad
2608 616 2849 675 Graecum
2874 631 3071 679 textum
3108 642 3290 685 exacta
3324 635 3491 689 ﬁdeli-

1908 704 1988 752 ter
2011 710 2114 767 est,
2148 711 2201 758 et
2226 704 2293 759 ab
2315 706 2612 778 interprete
2636 712 2903 769 elaberata
2927 722 3188 774 sermonis
3216 726 3489 797 utriusque

1904 793 2230 859 peritissimo
2261 816 2275 852 :
2305 809 2492 856 contra
2524 803 2826 861 Rufﬁniana
2859 809 2946 863 illa
2970 825 3243 882 superstes
3264 818 3351 883 sit,
3373 836 3490 890 qua:

1902 890 1954 935 cl
1984 882 2229 942 laudibus
2256 888 2405 946 hisce
2433 895 2628 962 caruit,
2654 905 2708 951 et
2733 898 2801 952 ab
2832 900 2943 969 ipsa
2969 904 3201 960 editione
3238 882 3406 973 prima
3439 915 3487 967 in

1902 969 2098 1038 lucem,
2139 980 2385 1036 comitiis
2429 982 2692 1040 bonorum
2738 994 3075 1058 pessumdata
3116 996 3231 1053 fere
3282 1012 3382 1063 est,
3430 1020 3490 1059 ac

1901 1060 2032 1117 diris
2070 1070 2315 1126 omnibus
2340 1072 2549 1129 devota.
2618 1077 2820 1149 Nempe
2854 1082 2943 1138 illa
2988 1084 3334 1158 Origenianas
3372 1060 3486 1147 ⁷1›Ι;ιο

1902 1153 2192 1222 spliemias,
2225 1171 2377 1228 prout
2400 1163 2607 1220 luerant
2639 1170 2873 1227 Auctore
2894 1174 2961 1230 ab
2987 1153 3107 1246 ipso
3126 1184 3365 1251 prolatae,
3394 1188 3477 1240 iis-

1902 1240 2022 1296 dem
2046 1251 2327 1305 sententiis
2356 1268 2417 1308 ac
2448 1257 2665 1313 totidem
2695 1260 2805 1317 fere
2835 1267 3011 1322 verbis
3038 1270 3301 1329 referebat
3327 1296 3337 1330 :
3364 1296 3483 1347 (μιςυ

1902 1333 2075 1398 primo
2096 1340 2271 1393 statim
2301 1342 2447 1399 aditu
2487 1351 2720 1405 aversari
2742 1340 3071 1415 Christianos
3095 1364 3305 1421 animos
3323 1379 3481 1438 atque

1899 1424 2280 1486 exhorrescere
2320 1435 2477 1507 impia
2525 1442 2721 1511 scripta
2772 1461 2860 1502 res
2897 1463 3148 1521 cogeret;
3201 1456 3316 1515 biec
3352 1476 3481 1517 vero

1896 1516 2291 1579 exitiosioribus
2340 1533 2745 1599 Pra'terntissis,
2779 1516 3038 1610 reliquam
3067 1516 3316 1606 sublesta:
3356 1554 3477 1609 lidei

1893 1602 2189 1662 doctrinam
2219 1613 2500 1672 verborum
2531 1620 2648 1677 luco
2672 1624 2891 1683 oblitam
2914 1639 3341 1710 commendabat,
3368 1661 3471 1701 non

1886 1696 1955 1750 ab
1974 1701 2056 1753 sui
2085 1701 2315 1761 lectione
2344 1724 2405 1763 ac
2444 1712 2806 1785 descriptione
2829 1723 3155 1786 deterrebat.
3186 1734 3353 1793 Porro
3376 1755 3471 1794 au-

1888 1794 1992 1842 tem
2036 1790 2499 1866 llieronymianam
2550 1811 2851 1867 versionem
2894 1832 3121 1890 eamque
3166 1832 3468 1895 praesertim

1886 1875 2196 1949 Epistolam,
2217 1901 2501 1958 suppressa
2522 1895 2611 1950 illa
2629 1900 2693 1952 ad
2714 1901 3003 1975 Bullinum,
3017 1875 3467 1979 ll’ioniarniw

1882 1984 1968 2025 res
1989 1972 2041 2027 in
2065 1978 2249 2046 vulgus
2264 1995 2535 2054 Spargere,
2578 2000 2738 2061 atque
2768 1997 3012 2067 ingerere
3028 2007 3293 2073 omnibus,
3330 2029 3467 2082 pra:-

1886 2060 1990 2082 λε--
2039 2080 2050 2082 -
2156 2078 2165 2082 -
2199 2072 2258 2082 ---
2492 2078 2502 2082 λ

1881 2060 2089 2130 dicare,
2119 2078 2171 2122 et
2199 2072 2623 2146 llieronymiana:
2650 2060 2771 2139 lidei
2798 2060 3039 2157 proferre
3075 2106 3286 2155 testem.
3330 2060 3468 2162 Eunt

1881 2154 1972 2221 qui
2011 2156 2228 2222 addant,
2270 2179 2367 2218 nec
2406 2182 2534 2223 sane
2566 2184 2760 2239 praeter
2791 2182 3329 2259 verisiniilitudinein,
3372 2212 3466 2253 eos

1879 2257 1997 2313 qua:
2018 2262 2080 2302 ex
2105 2258 2415 2310 eorumdem
2437 2262 2569 2315 votis
2594 2263 2846 2333 Epistolse
2866 2271 3089 2331 deerant
3112 2279 3131 2348 (
3149 2257 3463 2344 maluissent

1878 2338 2058 2406 enim,
2104 2350 2376 2415 conceptis
2418 2354 2593 2410 verbis
2635 2362 2883 2418 :enmlum
2925 2368 2993 2422 ab
3030 2386 3095 2426 eo
3137 2381 3461 2456 perstringi)

1876 2428 2009 2483 viva}
2040 2436 2186 2488 vocis
2216 2439 2375 2493 veluti
2400 2452 2783 2505 commentario
2810 2458 3086 2526 supplesse
3115 2476 3272 2537 atque
3302 2428 3462 2545 exang:

1876 2532 2085 2545 anna-AA
2145 2524 2182 2545 η
2202 2543 2213 2545 λ
2334 2531 2345 2542 ’
2372 2532 2382 2545 ⁵
2504 2536 2516 2545 ”
2646 2540 2706 2545 ’-λ

1872 2532 2108 2587 gerasse.
2143 2524 2220 2581 Re
2259 2531 2471 2599 quidem
2502 2536 2613 2606 ipsa
2644 2524 2998 2619 Hieronymus
3028 2556 3127 2611 sibi
3169 2524 3457 2623 adtnodu‘t’n

1874 2616 2207 2683 temperavit,
2243 2637 2339 2677 nec
2376 2624 2644 2685 Rulﬁnum
2676 2634 2744 2690 de
2774 2616 3022 2713 nomine,
3064 2660 3155 2705 aut
3203 2659 3457 2723 peculiari

3008 2704 3020 2713 ,
3142 2704 3147 2705 γ
3203 2704 3455 2723 τηαν-..

1868 2704 2112 2773 quapiam
2164 2720 2285 2767 nota
2338 2715 2627 2776 lacessivit.
2673 2724 2805 2796 Ego,
2857 2732 3045 2803 inquit,
3088 2744 3375 2802 moderatus
3403 2752 3455 2805 in

1867 2792 2104 2864 Epistola
2157 2805 2359 2872 publica
2399 2811 2553 2879 (hac.
2577 2792 2797 2874 scilicet?
2829 2826 2894 2878 ad
2930 2792 3348 2893 'Pammacliium
3402 2851 3456 2897 ct

1866 2884 2177 2963 Oceanum)
2204 2897 2472 2968 diligenter
2499 2908 2629 2971 cavi,
2676 2926 2739 2962 ne
2774 2915 2897 2979 quid
2925 2918 2977 2970 in
3008 2930 3056 2972 te
3083 2923 3273 2979 dictum
3304 2942 3458 2997 puta-

1866 2990 1943 2997 μμ
1995 2976 2055 2997 οξ
2085 2980 2098 2997 ,
2516 2994 2526 2997 -
2587 2996 2594 2997 κ

1865 2990 1962 3078 res.
1983 2976 2099 3078 .Sed
2131 2999 2249 3051 qua:
2279 2986 2351 3040 illi
2383 2994 2558 3045 omnia
2584 2996 2635 3048 iu
2669 2976 2937 3056 Bullinum
2962 2976 3457 3078 propriedict'awrg.

1868 3062 2127 3133 ferebant,
2152 3087 2270 3137 quae
2290 3075 2517 3133 Sanctus
2548 3082 2705 3139 Pater
2730 3088 2835 3144 late
2874 3093 2926 3148 in
2959 3062 3238 3159 lta'r'eticos
3267 3110 3333 3164 de
3364 3113 3449 3167 iti-

1864 3152 2065 3210 dustria
2079 3158 2314 3217 dixerat:
2334 3168 2612 3226 conflictus
2633 3191 2842 3247 quoque
2864 3185 2977 3253 ejus
2999 3188 3454 3261 interpretationis

1865 3259 1985 3300 cum
2012 3247 2400 3319 Rulﬁniana,ut
2420 3260 2655 3331 aiebant,
2677 3247 2914 3340 perﬁdia,
2940 3278 3006 3331 ita

1863 3336 2121 3407 animum,
2176 3353 2233 3399 ut
2262 3346 2641 3423 Hieronymum
2680 3359 2791 3429 jam
2838 3378 3047 3434 putaret
3069 3336 3188 3443 jiira
3222 3381 3449 3443 violasse

1862 3429 2130 3500 amicitiai,
2163 3445 2215 3489 et
2235 3438 2451 3505 pristina
2477 3444 2528 3497 in
2558 3462 2617 3502 se
2640 3450 2758 3505 odia
2786 3469 3041 3518 exercere
3070 3481 3082 3518 :
3113 3468 3198 3521 cui
3225 3472 3448 3539 proinde

1862 3517 2090 3577 instituit
2132 3534 2380 3598 tanquam
2425 3533 2643 3594 inimico
2682 3552 2842 3615 atque
2880 3565 3028 3608 arma
3075 3517 3321 3619 inferenti
3354 3583 3444 3622 re-

1861 3609 2072 3668 sistere.
2094 3614 2168 3670 lta
2207 3634 2391 3677 errore
2419 3628 2592 3693 potius
2619 3647 2776 3701 quam
2801 3639 3109 3701 alterutrius
3135 3654 3311 3722 culpa,
3360 3658 3446 3712 di-

1858 3714 2063 3773 tempta
2111 3708 2303 3766 iterum
2341 3718 2510 3784 gratia
2555 3735 2669 3789 est,
2711 3742 2830 3795 qua:
2862 3747 3133 3804 nunquam
3176 3742 3316 3799 inter
3346 3765 3441 3805 eos

1857 3807 2039 3863 postea
2070 3803 2301 3871 coaluit;
2329 3818 2384 3859 ut
2410 3810 2570 3865 etiam
2602 3825 2723 3883 post
2761 3819 2962 3876 obitum
2996 3803 3160 3882 lamin
3190 3847 3301 3887 sua:
3330 3837 3444 3893 Ru-

1856 3883 2016 3955 ﬁnus,
2070 3900 2262 3949 caetera
2303 3896 2629 3958 doctissimis
2681 3909 3160 3986 sanctissimisque,
3195 3936 3328 3991 quos
3380 3944 3444 3983 ea

1858 3979 1975 4033 tulit
1999 3991 2148 4049 tetas,
2192 3985 2439 4044 Patribus
2472 3992 2757 4051 admodum
2790 4015 2964 4069 carus,
2999 3979 3332 4077 dispendium
3374 4020 3445 4073 sit

1855 4081 2066 4137 passus.
2088 4071 2302 4130 Redibit
2327 4078 2395 4133 de
2427 4082 2835 4157 llicrouymiana
2868 4094 2983 4149 libri
3013 4071 3123 4168 in}:
3145 4108 3314 4173 me»
3354 4071 3439 4161 in;

1856 4164 2237 4229 terpretatione
2283 4172 2620 4236 postmodum
2652 4192 2848 4245 sermo,
2908 4186 2994 4239 ubi
3048 4164 3342 4257 Epislolam
3372 4198 3439 4253 ad

1852 4249 2088 4315 Avitum,
2118 4268 2236 4323 qua:
2274 4268 2394 4327 post
2419 4275 2587 4317 annos
2630 4267 2844 4324 circiter
2870 4272 3054 4331 decem
3079 4280 3199 4335 data
3227 4295 3325 4345 est.
3358 4305 3442 4345 re-

1851 4344 2211 4403 censebimus.
2238 4348 2362 4405 Hmc
2390 4368 2546 4423 porro
2566 4371 2686 4414 cum
2717 4376 3017 4435 agerentur,
3043 4388 3214 4431 anuus
3242 4377 3439 4439 Christi

1851 4433 2162 4523 tral‘iebatur
2184 4440 2295 4497 400
2321 4459 2427 4499 uno
2458 4447 2651 4505 minus.

1922 4526 2011 4582 Vl.
2039 4528 2303 4600 Epistolas
2330 4553 2457 4595 vero
2483 4541 2812 4605 intereadum
2844 4554 3036 4612 multas
3076 4559 3433 4636 Hieronymus

1850 4617 1916 4673 ad
1947 4621 2118 4678 varios
2158 4628 2394 4698 scripsit,
2427 4649 2546 4703 qua:
2587 4637 2639 4691 in
2670 4639 2916 4702 Editione
2939 4662 3119 4707 nostra
3141 4670 3172 4708 a
3216 4617 3427 4725 ωξΧν,

1850 4709 2100 4783 deinceps
2133 4731 2498 4778 recensentur.
2530 4728 2606 4783 Ac
2626 4732 2803 4799 priore
2818 4739 3031 4806 quidem
3063 4744 3159 4796 ista
3190 4743 3436 4801 Tlicodo

1848 4816 1962 4856 ram
1995 4803 2198 4862 Lucinii
2231 4811 2336 4880 (ad
2376 4829 2533 4884 quem
2562 4803 2886 4885 prmcedenti
2912 4843 3078 4895 anno,
3107 4842 3165 4885 ut
3190 4849 3288 4886 sou
3319 4838 3435 4890 loco

1846 4896 2176 4953 ostendimus
2204 4901 2528 4975 scripserat)
2560 4910 2770 4965 viduam
2799 4914 2867 4967 de
2908 4919 3083 4972 mariti
3116 4932 3287 4976 morte
3304 4942 3403 4981 con
3430 4964 3433 4967 ›

1845 4987 2067 5055 solatur,
2093 4991 2179 5045 ubi
2209 5003 2261 5046 et
2280 5010 2352 5059 se,
2383 4996 2479 5063 ait,
2512 5015 2612 5053 non
2644 5003 2883 5057 meruisse
2910 5008 3019 5075 ejus
3048 5011 3141 5063 viri
3170 5015 3336 5069 videre
3352 5022 3433 5088 [u-

1847 5077 1993 5144 cient,
2022 5096 2167 5149 quem
2195 5084 2247 5135 in
2272 5083 2405 5140 brevi
2430 5099 2653 5158 tempore
2674 5101 2953 5149 venturum
2979 5099 3045 5153 ad
3074 5115 3133 5155 se
3159 5102 3430 5162 Bethleem

1846 5172 2114 5239 sperabat.
2146 5174 2222 5228 Ex
2253 5179 2443 5246 quibus
2470 5180 2786 5250 colligimus,
2836 5186 2970 5243 lianc
2997 5192 3065 5245 ab
3094 5206 3177 5259 es,
3220 5212 3337 5265 quu-
3366 5202 3430 5255 ad

1847 5262 2125 5319 Lucinium
2147 5267 2267 5321 data
2308 5278 2408 5335 est,
2443 5272 2599 5325 unius
2639 5273 2851 5331 circiter
2880 5283 3003 5335 anni
3031 5287 3205 5354 spatio
3233 5287 3433 5349 distare

1846 5353 2159 5424 Epistolam,
2190 5372 2288 5413 nec
2328 5358 2489 5416 facile
2521 5363 2697 5418 serius
2726 5380 2845 5423 esse
2873 5353 3247 5434 differendam.
3294 5381 3426 5439 Cum

1845 5447 1987 5503 enim
2011 5449 2153 5503 hunc
2180 5449 2317 5504 inter
2335 5462 2494 5521 atque
2527 5454 2902 5530 Hieronymum
2951 5480 3054 5521 non
3096 5468 3195 5522 nisi
3227 5476 3429 5544 semel,

1844 5539 2002 5608 idque
2029 5542 2303 5610 superiore
2334 5544 2575 5613 proxime
2602 5562 2744 5605 anno
2768 5592 2782 5618 ,
2817 5553 3108 5611 litterarum
3137 5558 3307 5617 ofﬁcia
3347 5565 3429 5619 in-

1845 5634 2205 5700 tercesserint,
2252 5652 2356 5692 non
2396 5638 2514 5695 aliis
2561 5657 2720 5712 quam
2768 5645 2850 5702 his
2903 5650 3085 5723 utique
3122 5654 3424 5711 credendus

1841 5718 1959 5796 ipse
1972 5730 2057 5781 est
2070 5722 2463 5783 Jerosolvmaiu
2483 5731 2713 5792 adeundi
2738 5752 2888 5814 spem
2901 5740 2955 5798 S.
2974 5718 3193 5796 ﬁoctori
3205 5741 3399 5800 fecisse
3420 5764 3432 5802 :
