2025 3094
96 105 135 139 129

95 165 200 201 Origenis,
209 163 342 199 Synodum
355 161 424 198 apud
436 159 615 189 Alexandriam
626 159 717 195 coegit,
733 159 806 192 cuius
819 165 865 185 ea:-

95 213 143 241 stitit
160 211 293 242 sententia,
314 214 341 236 ut
360 213 430 236 extra
454 207 595 235 Ecclesium
625 206 693 240 ﬁeret
715 204 867 239 quicumque

94 257 211 293 supradicti
232 256 277 283 viri
299 263 374 289 opera
399 253 562 289 probavisset.
589 252 647 285 uox
672 250 744 278 dedit
765 249 808 277 ille
831 248 866 276 ad

96 304 173 339 Papam
185 301 362 338 Anastasiunt,
372 300 417 335 qui
429 299 525 339 Siricio
533 301 698 325 successerat
709 296 735 324 in
746 296 865 323 Romana

95 348 216 386 Catltedra,
228 346 386 391 Epistolam,
403 353 454 381 qua
465 345 608 379 Origenetn
621 342 746 381 sttbjectis
758 341 808 373 sibi
824 349 866 375 pu-

96 395 149 433 pulis
161 387 307 432 ltzereticutn
329 391 513 430 denuntiasse,
527 389 704 425 signiﬁcabat,
719 393 800 423 utque
812 387 867 422 ipse

95 432 159 479 etiam
179 440 203 479 in
225 437 386 477 Occidentali
404 436 523 469 Ecclesia
543 436 692 469 damnaret,
707 433 817 468 ejusque
831 432 868 459 le-

96 476 160 513 ctioni
182 476 295 523 Qperum
309 479 495 521 interdiceret,
509 487 600 509 auctor
614 484 681 513 erat.
698 478 776 507 Dedit
789 478 868 505 etiam

96 522 208 570 vjusntodi
221 531 255 570 ad
269 531 459 568 Hieronymum
474 529 591 564 litteras,
607 527 703 561 quibus
717 533 824 561 aequant
848 528 869 550 et

93 568 185 612 furiosos
191 568 307 614 homines
320 576 434 611 Itceresim
448 575 563 611 Urigenis
573 574 599 607 in
608 572 766 600 monasteriis
779 570 805 598 Ν
808 571 872 598 itrite

94 623 186 650 "undare
209 623 335 658 cupientes
354 621 506 656 Prop/tetica
525 621 590 654 falce
612 619 722 657 succisos
744 617 848 649 nuntiat
864 626 870 643 :

93 660 264 704 hortaturque,
280 672 308 703 ut
329 667 351 693 si
366 667 410 701 qui
423 666 466 692 alii
482 665 583 700 decepti
597 669 668 696 sunt,
686 664 742 698 ipse
757 663 874 698 congruis

92 713 272 747 Scripturarum
292 712 447 739 sermonibus
472 710 593 737 emendet.
618 710 671 738 llas
698 709 754 744 ipse
774 709 874 743 litteras

93 758 175 785 Latine
188 750 380 792 interpretatus
393 760 434 794 est
448 757 476 784 S.
491 757 579 793 Pater,
596 763 655 792 quae
673 762 813 794 numerum
826 754 874 782 ob-

93 807 167 832 tinent
187 805 211 830 itt
228 803 384 830 recensione
400 806 490 829 nostra
505 800 659 831 LXXXVII.
675 800 772 837 quibﬂs
785 804 811 833 ct
824 799 875 830 Re-

93 843 210 887 spunsumi
233 849 265 876 iis
285 856 344 884 qua:
363 838 570 885 subsequuntur,
596 845 706 878 faciens,
734 849 872 886 postquam

92 897 166 924 zelum
180 895 235 932 ejus
246 893 351 922 eximiis
364 891 484 921 laudibus
498 891 645 923 extulisset,
660 890 792 925 Equidem,
808 889 872 916 sub-

93 944 134 976 dit,
143 936 215 978 super
225 939 480 980 hacre(0rigeniuna
496 938 596 973 scilicet
605 936 694 971 causa)
711 942 733 963 et
741 942 873 969 antequam

91 979 208 1021 scriberes,
224 989 257 1025 ad
272 986 430 1025 Occidentem
444 984 572 1022 Epistolas
586 984 703 1010 miseram
716 982 805 1019 (illam
818 982 872 1017 uli-

93 1042 136 1070 que
150 1028 180 1061 ad
188 1022 386 1070 'Pa‘tnmacltium
400 1036 426 1065 et
440 1029 590 1068 Oceanum)
608 1037 638 1056 ex
653 1033 723 1064 parte
746 1028 874 1062 heretico-

93 1068 141 1106 runt
150 1068 264 1114 strophas
275 1086 334 1111 mete
356 1077 448 1115 lingutz
465 1075 605 1103 hominibus
620 1075 744 1112 indicans.
761 1073 803 1102 Ea;
820 1074 874 1100 dis-

93 1125 227 1160 pensatione
252 1123 298 1164 Dei
318 1125 410 1162 factum
426 1127 496 1161 puto,
512 1127 538 1159 ut
553 1121 638 1156 eodem
652 1125 762 1155 tempore
774 1124 801 1151 tu
812 1127 876 1154 quo-

93 1180 134 1205 que
147 1171 178 1198 ad
187 1170 348 1197 Anastasiunt
364 1168 464 1203 Pupam
477 1168 596 1196 scriberes
608 1189 614 1200 ,
633 1173 656 1195 et
680 1172 791 1194 nostram
816 1167 877 1193 dum

94 1218 194 1253 ignoras,
206 1209 353 1249 sententiam
364 1214 503 1242 roborares.
519 1213 610 1241 Verum
619 1222 633 1249 a_
642 1218 736 1247 tenunc
745 1213 875 1245 admoniti,

94 1263 166 1298 magis
176 1262 287 1296 studium
295 1260 523 1292 accomodabimus,
535 1265 561 1295 ut
572 1259 613 1296 hic
624 1263 646 1286 et
657 1259 745 1293 procul
754 1258 878 1293 simplices

94 1308 120 1334 ab
143 1316 225 1335 errore
251 1299 405 1334 revocemus.
432 1305 488 1337 Sub
513 1306 592 1344 linem
608 1304 708 1338 subdit,
737 1304 879 1331 Vincentius

97 1354 232 1390 Presbyter,
250 1358 307 1380 ante
319 1352 431 1392 biduum,
447 1360 522 1391 quam
536 1352 601 1379 hanc
617 1350 758 1387 Epistolam
780 1350 876 1385 darem,

94 1401 121 1426 ile
133 1392 196 1427 Urbe
211 1399 284 1431 venit,
301 1404 324 1426 et
347 1398 493 1435 suppliciter
508 1403 531 1433 te
544 1397 647 1434 salutat,
671 1396 804 1432 crebroque
826 1404 879 1422 ser-

94 1455 161 1472 iuane
180 1445 341 1475 concelebrat,
368 1444 473 1483 Romam
493 1448 516 1471 et
539 1448 616 1481 totam
637 1450 698 1477 pene
712 1441 816 1473 Italiam
831 1441 880 1467 tuis

94 1498 144 1526 post
155 1491 282 1519 Christum
298 1490 418 1527 Epistolis
433 1483 575 1521 liberatam.
591 1488 649 1527 iam
665 1489 754 1526 itaque
768 1488 880 1515 multum

95 1534 278 1564 intercesserat
303 1536 429 1572 temporis
446 1526 481 1563 ab
508 1535 551 1561 illa
572 1542 651 1570 quant
671 1534 704 1561 ad
733 1533 880 1571 liomanum

95 1582 286 1610 Alexandrinus
302 1581 421 1617 Pontilcx
445 1580 573 1608 dederat:
590 1584 617 1607 ut
640 1587 701 1607 cum
717 1584 804 1606 tamen
827 1579 884 1605 haec

96 1638 195 1666 quoque
214 1630 250 1656 sit
265 1625 418 1663 Hieronymi
440 1626 590 1661 Responsio
605 1625 673 1653 intra
689 1624 809 1660 ejusdem
833 1624 885 1651 400

95 1668 289 1703 anniterminos
297 1672 555 1708 comprehendenda,
564 1672 606 1699 illa
615 1671 720 1706 quidem
729 1670 885 1702 bietnc,hazc

95 1731 155 1749 γπο
169 1722 331 1748 adventante
343 1721 435 1746 saltem
450 1722 541 1746 mstate
555 1719 588 1756 sit
603 1718 713 1751 scripta.
727 1715 795 1750 Quid
807 1715 885 1751 igitur

97 1768 260 1796 iutereadum
274 1768 306 1793 ab
320 1766 459 1793 Anastasio
473 1764 617 1800 prestitum
632 1764 676 1796 sit,
686 1762 831 1789 videamus.

130 1813 199 1840 \‘lll.
225 1812 350 1846 Acceptis
366 1810 505 1844 Theophili
532 1809 641 1841 litteris,
655 1807 742 1840 oblata
762 1811 825 1835 sunt
850 1806 888 1834 illi

98 1861 172 1887 etiam
190 1860 224 1886 ab
240 1858 356 1885 Eusebio
370 1856 556 1888 Cremonensi,
571 1860 661 1893 yetere
675 1854 718 1893 illo
735 1845 888 1888 Hieronymi

98 1907 191 1937 amico,
214 1904 330 1940 qutctlam
357 1903 468 1938 capitula
487 1891 667 1936 blasphemiae,
686 1891 746 1935 qua:
770 1899 827 1933 ipse
853 1905 889 1924 ex

97 1950 246 1979 liuiﬁniana
268 1951 394 1977 librorum
414 1954 471 1984 Περί
498 1952 576 1983 rip-law
604 1946 829 1980 interpretatione,
857 1944 890 1971 ad

99 1992 243 2026 creandum
251 1997 335 2035 magis
343 1996 479 2035 magisque
485 1993 650 2031 Origcniuna:
656 1991 783 2019 doctrinm
789 1990 890 2023 odium,

100 2031 288 2079 exenrpserat.‘
298 2031 365 2081 ium
376 2035 439 2069 vero
448 2048 554 2075 suarum
565 2039 679 2076 partium
693 2045 751 2066 esse
763 2037 894 2066 intellexit

100 2091 257 2118 Anastasius
270 2089 354 2117 statim
369 2080 471 2115 noxium
486 2091 613 2125 percutere
626 2089 712 2120 caput,
727 2089 749 2122 et
768 2083 895 2111 sibilantia

101 2137 187 2173 hydria
205 2146 250 2164 ora
262 2126 426 2171 corripescere.
443 2134 538 2161 Coacta
557 2133 654 2169 itaque,
671 2137 700 2169 ut.
718 2138 766 2166 par
785 2130 895 2166 credere

101 2189 155 2216 est,
170 2182 264 2211 Romae
279 2181 381 2218 synodo
398 2182 483 2216 (binos
501 2180 585 2213 enim,
608 2183 637 2218 ut
656 2178 685 2210 S.
709 2177 765 2205 Leo
788 2176 897 2214 Magnus

103 2234 225 2262 testatur,
239 2230 264 2255 in
276 2229 349 2255 anuis
360 2227 478 2262 singulis,
490 2233 553 2253 vere
566 2225 758 2260 scilicetatque
770 2226 897 2260 autumno

102 2276 231 2303 celebrari
247 2275 432 2310 Episcoporunt
456 2276 589 2299 conventus
613 2270 698 2307 [Epist
711 2269 724 2296 Ι
779 2277 835 2305 cap.
852 2267 897 2305 7],

102 2331 131 2350 ex
144 2322 329 2357 antiquiorum
346 2321 485 2358 pruzceptis
500 2320 608 2358 Patrum
629 2325 687 2358 nios
699 2316 774 2351 erat)
789 2320 815 2343 et
828 2323 857 2342 re
872 2315 899 2341 in

104 2374 245 2403 utramque
260 2355 365 2404 partem
378 2371 480 2393 mature
493 2355 623 2403 perpensa
635 2355 652 2397 ,l
666 2363 787 2398 Origenis
803 2361 901 2389 errori-

102 2417 148 2442 bus
163 2413 305 2442 hmreseos
313 2404 402 2441 notam
419 2412 563 2448 impressit.
578 2410 680 2446 Passim
693 2410 727 2445 de
738 2410 787 2444 ista
800 2409 826 2446 in
839 2409 901 2436 Ori-

99 2470 199 2495 genem
215 2462 267 2488 lata
279 2466 356 2495 atque
368 2468 399 2487 ex
412 2459 520 2496 Synodo
529 2457 635 2495 quidem
649 2456 795 2496 sententia,
809 2463 903 2483 occur-

99 2512 163 2535 runt.
178 2507 255 2542 apud
268 2506 375 2534 Veteres
387 2496 414 2539 et
427 2500 561 2541 praecipue
574 2504 765 2539 Hieronymum
780 2501 903 2536 testimo—

99 2553 153 2579 nia.
172 2552 336 2588 Quanquam,
352 2552 438 2586 inquit
452 2551 536 2587 Epist.
551 2548 641 2583 XCVII
659 2548 692 2576 ad
704 2547 904 2575 Pammachium

97 2605 124 2626 et
141 2587 312 2632 Marcellam,
340 2598 432 2625 celebri
457 2605 569 2638 sermone
591 2587 723 2638 uulgatum
749 2595 792 2626 sit,
806 2593 906 2632 beatum

98 2654 199 2683 quoque
218 2646 323 2682 Papam
338 2635 502 2672 Anastasium
523 2635 727 2684 eodemrfewore,
748 2641 807 2681 quia
820 2640 908 2677 eodem

96 2693 189 2727 spiritu
198 2698 248 2726 est,
261 2689 391 2720 latitantes
402 2692 428 2718 in
442 2693 518 2727 foveis
530 2691 582 2720 suis
594 2690 723 2717 htereticos
735 2690 905 2725 persecutum.

96 2732 203 2774 Eiusque
216 2737 309 2767 litterte
324 2739 444 2771 doceant,
465 2739 612 2764 damnatum
625 2738 652 2764 in
668 2727 818 2767 Occidente,
842 2732 909 2767 qttod

94 2783 119 2820 in
140 2785 249 2814 Oriente
260 2787 418 2814 damnatum
432 2789 478 2822 est.
494 2785 527 2824 Et
550 2784 596 2821 lib.
613 2783 634 2821 l_l
647 2786 739 2810 contra
751 2779 887 2808 Bullinum
898 2799 906 2813 ,

98 2830 168 2862 Beati
184 2834 324 2877 Episcopi,
344 2822 499 2860 Anastasius
510 2822 698 2866 etheophilus
713 2833 735 2856 et
754 2827 875 2855 Venerius
885 2832 909 2854 et

714 100 743 130 S.
764 99 951 129 HIERONYMI
971 99 1063 129 VITA.

1660 106 1713 136 130

919 158 1089 198 Chromatius,
1106 162 1128 184 et
1151 158 1232 185 omnis
1254 163 1304 185 tant
1332 159 1450 193 Orientis,
1469 168 1544 196 quam
1570 159 1713 190 Occulean

919 203 1107 230 Catholicorum
1121 203 1252 238 Synodus,
1268 204 1309 238 qui
1323 205 1379 238 pari
1397 207 1526 239 sententia,
1542 208 1600 240 quia
1621 209 1677 243 pari
1691 214 1714 235 cl

919 250 1019 285 spiritu,
1033 250 1106 277 illum
1121 249 1297 285 (Origenem)
1311 251 1455 278 literetirum
1469 253 1616 281 denuntiant
1631 264 1713 290 popu-

920 296 961 323 lis.
972 296 1038 323 Tutn
1056 296 1101 324 lib.
1116 295 1148 324 ΙΙΙ
1164 297 1189 324 in
1201 297 1335 328 eumdem,
1350 296 1468 326 Sentisne
1483 307 1532 325 non
1545 300 1637 327 limere
1650 301 1714 328 inter

919 351 946 370 se
958 343 1138 370 mendacium?
1151 348 1172 370 et
1182 343 1250 378 quod
1264 344 1289 373 in
1304 343 1412 371 articulo
1427 345 1545 379 temporis
1562 346 1672 380 profuit,
1686 352 1714 374 ut

920 387 1107 423 Episcoporum
1121 389 1254 416 sententias
1261 389 1454 425 subtafugeres,
1467 395 1552 425 pater:
1559 392 1713 422 discussum.

921 434 1040 469 Denique
1054 439 1080 462 et
1093 434 1258 469 Theophilus
1279 435 1307 465 in
1329 435 1448 470 Epistola
1471 436 1504 463 ad
1518 436 1645 472 quosdam
1660 446 1717 464 ηιο-

922 479 1031 513 uachos,
1046 481 1123 514 cujus
1135 480 1312 516 fragmentum
1326 481 1427 516 profert
1437 482 1604 510 Justinianus
1617 483 1717 513 adﬂe-

923 533 995 558 nam,
1008 525 1079 560 quod
1093 525 1186 554 Latine
1197 526 1232 553 ita
1244 531 1322 554 sonat
1336 535 1342 553 :
1358 526 1443 562 Igitur
1455 528 1591 555 anathema
1605 529 1714 556 dicentes

922 570 949 601 in
968 570 1101 605 Origenem
1115 571 1227 606 aliosque
1239 571 1378 605 haereticos,
1393 572 1602 606 quemadmodum
1623 576 1719 608 factum

925 621 960 644 est
977 625 993 643 a
1014 615 1101 647 nobis,
1126 621 1149 647 et
1166 618 1195 643 ab
1216 616 1348 645 Anastasio
1373 623 1466 645 sanch
1480 618 1652 647 Romanorum
1670 620 1719 647 Ec-

925 663 1008 690 clesia:
1033 663 1218 702 Episcopo.....
1242 672 1315 698 quem
1338 669 1361 695 st
1381 665 1461 693 omnis
1482 665 1619 693 Beatorum
1649 666 1720 693 Orci-

926 708 1007 736 dentis
1029 708 1213 744 Episcoporum
1237 710 1348 744 sequitur
1373 715 1468 744 castus,
1491 711 1720 739 Alexandrinorum

928 752 1049 781 Ecclesia:
1076 755 1222 795 sententiam
1249 755 1370 783 adversus
1397 756 1503 791 impium
1538 757 1616 784 latam
1641 758 1720 785 susci-

926 807 1005 834 piens.

960 845 1012 874 Sed
1023 845 1089 876 nihil
1105 854 1180 881 atque
1195 847 1359 877 luculentum
1371 852 1452 886 atque
1463 849 1538 881 illud,
1549 850 1620 885 quod
1633 851 1711 879 nobis

926 891 1045 925 proferre
1066 892 1092 919 in
1117 892 1201 924 lucem
1217 900 1250 921 ex
1266 893 1455 928 antiquissimo
1471 894 1656 923 Ambrosianus
1672 896 1717 924 Bi-

926 935 1067 970 bliotheca:
1090 937 1139 967 his.
1156 938 1225 966 libro
1245 939 1441 967 monimentum
1465 945 1538 968 sorte
1552 941 1641 968 datum
1666 929 1718 974 est,

925 990 978 1017 quo
993 984 1049 1018 ipsa
1062 983 1091 1012 S.
1107 984 1246 1013 Pontiﬁcis
1261 986 1311 1013 ttae
1324 993 1405 1021 super
1422 994 1451 1015 re
1467 987 1585 1024 Epistola
1598 989 1720 1016 contine-

928 1034 980 1056 tur.
998 1029 1075 1057 Dedit
1089 1031 1188 1065 quippc
1211 1031 1257 1058 ille
1272 1032 1363 1059 statim
1393 1032 1497 1059 litteras
1510 1033 1544 1060 ad
1568 1033 1720 1068 Simplicia-

928 1083 991 1102 nuttt
1006 1075 1231 1111 Mediolanenscm
1248 1077 1422 1112 Episcopum,
1438 1078 1580 1112 Theophili
1597 1079 1717 1107 studium

929 1120 1049 1156 impense
1071 1121 1193 1154 laudans,
1211 1123 1322 1158 ejusque
1338 1131 1367 1151 se
1381 1124 1472 1155 litteris
1485 1130 1632 1152 conventum
1652 1125 1723 1153 refe-

930 1173 1002 1199 rens,
1024 1166 1049 1193 in
1073 1166 1261 1202 Origeniattam
1286 1168 1411 1196 ltmrcsim
1432 1169 1575 1197 anathema
1597 1178 1718 1205 pronun-

931 1212 1010 1238 tiasse
1027 1212 1120 1247 incipit
1142 1221 1148 1238 :
1172 1212 1281 1245 Domino
1301 1214 1377 1249 fratri
1398 1214 1613 1248 SIMPLICIANO
1636 1216 1720 1249 ANA-

929 1257 1083 1296 STASIUS.
1117 1258 1244 1292 Grandem
1276 1261 1473 1294 sollicitudinem
1504 1267 1578 1298 atque
1604 1263 1723 1291 excubias

929 1312 1006 1338 super
1017 1312 1118 1340 gregem
1140 1313 1216 1332 suum
1239 1311 1326 1341 pastor
1337 1307 1429 1338 habere
1448 1308 1641 1342 approbatur...
1656 1309 1723 1341 Pari

930 1352 1015 1379 animo
1030 1352 1068 1379 vir
1089 1358 1203 1385 sanctus,
1218 1357 1241 1381 et
1266 1354 1424 1383 honorabilis
1446 1354 1615 1390 Theophilus,
1633 1355 1722 1390 frater,

931 1402 953 1424 et
967 1398 1131 1433 coepiscopus
1143 1404 1228 1429 noster
1238 1401 1306 1427 circa
1316 1400 1407 1428 salutis
1418 1401 1551 1427 commoda
1567 1410 1617 1428 non
1630 1401 1723 1428 desinit

931 1443 1044 1479 vigilare,
1063 1452 1094 1471 ne
1107 1444 1153 1478 Dei
1165 1445 1277 1480 populus
1291 1453 1336 1479 per
1350 1445 1464 1472 diversas
1481 1445 1616 1477 Ecclesias,
1634 1444 1725 1480 Orige-

933 1496 989 1523 nem
1004 1489 1118 1524 legendo,
1126 1491 1152 1517 in
1159 1498 1265 1525 magnas
1271 1490 1383 1517 incurrat
1390 1490 1569 1524 blasphemias.
1583 1490 1724 1518 Conventus

937 1534 1025 1564 litteris
1040 1536 1181 1568 memorati,
1199 1536 1319 1562 convenio
1332 1536 1501 1564 Sanctitatem
1515 1540 1583 1563 tuam
1593 1544 1603 1563 :
1613 1542 1640 1563 ut
1653 1537 1727 1564 sicuti

936 1588 982 1607 nos
1005 1581 1031 1607 in
1050 1580 1117 1608 Urbe
1131 1580 1213 1611 Roma
1226 1581 1311 1616 positi,
1328 1589 1403 1616 quam
1414 1581 1538 1617 Princeps
1548 1582 1728 1617 Apostolorum

937 1627 1036 1661 statuit,
1050 1631 1073 1653 et
1084 1626 1135 1660 fide
1144 1635 1190 1654 sua
1201 1627 1361 1661 conﬁrmavit
1375 1627 1503 1663 gloriosus
1514 1627 1615 1660 Petrus,
1628 1636 1659 1654 ne
1671 1629 1728 1663 quis
1775 1644 1778 1647 λ

937 1677 1025 1701 contra
1034 1678 1187 1708 prteceptum
1199 1673 1266 1709 legat
1279 1674 1332 1701 [nec
1341 1681 1398 1709 qua!
1406 1673 1527 1707 diximus,
1541 1674 1728 1708 damnavimus,

940 1724 963 1746 et
976 1728 1034 1747 cum
1047 1720 1145 1755 magnis
1157 1719 1272 1755 precibus
1287 1720 1479 1755 postulaoimus,
1494 1725 1522 1747 ut
1535 1719 1730 1756 anngeh'orum

939 1766 1065 1799 instituta,
1082 1770 1171 1794 t-tc....
1187 1766 1273 1801 Igitur
1288 1766 1336 1794 hoc
1349 1771 1504 1801 praeceptum
1528 1772 1650 1799 tenentes,
1665 1767 1730 1794 illud

941 1812 1064 1846 quidquid
1077 1817 1113 1840 est
1128 1812 1188 1846 ﬁdei
1199 1817 1292 1839 nostra:
1303 1813 1471 1845 contrarium,
1483 1813 1514 1839 ab
1528 1812 1637 1848 Origene
1648 1820 1731 1847 quon-

940 1859 1000 1886 dam
1010 1859 1142 1893 scriptum,
1155 1859 1325 1886 indicavimus
1338 1867 1354 1885 a
1368 1858 1440 1885 nobis
1454 1866 1508 1885 esse
1523 1858 1644 1891 alienum,
1659 1864 1733 1892 atque

942 1906 1069 1940 punitum.
1086 1904 1150 1933 Haec
1163 1904 1300 1932 Sanctitati
1310 1908 1361 1930 tua:
1378 1903 1528 1937 scripsimus
1543 1911 1587 1937 per
1597 1902 1734 1929 Eusebium

942 1951 1124 1986 Presbyterum
1138 1950 1181 1984 qui
1195 1950 1305 1977 calorem
1317 1949 1379 1984 ﬁdei
1392 1953 1503 1984 gestam,
1511 1953 1535 1975 et
1548 1955 1658 1974 amorem
1669 1948 1735 1974 circa

944 1996 1083 2029 Dominum
1098 1996 1202 2028 habens,
1218 1995 1336 2031 quaedam
1350 1994 1465 2030 capitula
1484 1994 1648 2030 blasphemia:
1661 1993 1736 2021 obtu-

945 2042 985 2075 lit,
1000 2049 1057 2077 qute
1081 2049 1127 2068 nos
1149 2049 1199 2068 non
1226 2041 1310 2068 solum
1334 2040 1488 2073 ltorruimus,
1512 2044 1535 2067 et
1553 2039 1735 2075 judicavimus,

946 2096 1030 2115 verum
1043 2092 1066 2115 et
1080 2088 1103 2114 si
1112 2095 1162 2121 qua
1173 2087 1225 2114 alia
1238 2091 1296 2114 sunt
1310 2086 1342 2113 ab
1359 2086 1468 2121 Origene
1481 2087 1608 2120 exposita,
1623 2094 1679 2112 cum
1692 2092 1738 2112 suo

947 2134 1055 2162 Auctore
1071 2134 1166 2169 pariter
1178 2141 1194 2159 a
1207 2132 1279 2160 nobis
1293 2132 1360 2160 scias
1381 2140 1435 2159 esse
1457 2131 1589 2158 damnata.
1611 2130 1738 2166 Epistolas

949 2183 1054 2215 tempus
1067 2186 1098 2206 es
1111 2179 1167 2214 ipsa
1184 2177 1361 2212 inscriptione
1372 2177 1405 2205 ad
1417 2177 1619 2212 Simplicianum
1632 2177 1736 2212 colligi-

951 2229 1007 2258 tur,
1020 2225 1119 2260 quippe
1134 2231 1214 2260 quem
1234 2224 1372 2259 hujusmet
1384 2223 1447 2251 anui
1462 2223 1526 2257 ‘00,
1552 2231 1646 2252 mense
1660 2224 1738 2256 Maio,

952 2272 992 2300 vel
1015 2271 1106 2304 Junio,
1127 2275 1156 2298 ut
1169 2278 1314 2303 summum,
1328 2270 1384 2305 jam
1400 2270 1471 2299 diem
1494 2270 1603 2305 obiisse,
1620 2270 1740 2299 certissi-

952 2318 1004 2346 mis
1016 2317 1187 2346 ntonimentis
1201 2315 1318 2345 constat.
1332 2316 1416 2352 Hujus
1430 2317 1522 2353 utique
1537 2318 1649 2346 alterius
1662 2325 1737 2345 men-

953 2364 991 2392 sis
1017 2364 1067 2391 sub
1091 2363 1172 2391 ﬁnem
1194 2363 1318 2391 scribens
1341 2362 1470 2391 Paulinus
1494 2362 1615 2390 Nolanus
1635 2362 1742 2396 Episto-

953 2412 1006 2440 lam
1029 2410 1090 2438 XX.
1117 2410 1284 2437 successisse
1304 2409 1359 2444 jam
1385 2408 1526 2437 Cathedrae
1551 2406 1744 2434 Nediolanensi

959 2457 1112 2488 Venerium,
1126 2455 1225 2491 prodit,
1240 2455 1296 2487 ubi,
1310 2452 1509 2481 Mediolaneusis
1519 2459 1625 2486 quoque,
1637 2452 1672 2478 ait
1684 2451 1746 2487 Epi-

954 2512 1046 2539 scopus
1062 2502 1201 2535 NOVUS,
1211 2502 1282 2536 ﬁlius
1293 2505 1372 2527 uester
1382 2500 1520 2532 hucusque,
1530 2505 1597 2524 nunc
1605 2498 1684 2533 frater
1698 2498 1747 2526 Ve-

956 2550 1041 2577 nerius
1048 2551 1104 2584 jam
1113 2548 1250 2582 scripserat
1259 2546 1330 2573 nobis
1340 2548 1394 2578 post
1401 2543 1586 2571 ordinationem
1596 2552 1679 2577 suam,
1688 2548 1741 2571 etc.

957 2595 1086 2630 Congruit
1099 2598 1127 2622 et
1140 2592 1329 2621 Cremonensis
1343 2590 1453 2618 Eusebii
1468 2589 1621 2625 Presbyteri
1634 2591 1745 2625 mentio,

959 2647 1038 2675 quam
1053 2639 1150 2674 ingerit
1166 2636 1331 2667 Anastasius,
1344 2640 1369 2662 et
1385 2643 1437 2670 quo
1450 2634 1598 2662 litterarum
1615 2636 1744 2670 portitore

961 2692 1027 2714 usus
1038 2689 1101 2712 est:
1119 2685 1190 2711 hunc
1201 2681 1272 2708 enitn
1297 2688 1345 2715 per
1367 2680 1394 2708 id
1417 2687 1516 2716 nempe
1540 2681 1670 2715 temporis
1690 2681 1746 2710 Me.

962 2732 1098 2761 diolanum
1122 2729 1241 2760 venisse,
1257 2734 1317 2754 cum
1346 2727 1441 2755 luisset
1469 2726 1548 2754 etiam
1579 2732 1634 2755 tum
1657 2729 1748 2758 Romae

961 2780 1121 2811 diversatus,
1146 2781 1236 2813 rerum
1265 2772 1342 2808 ejus,
1366 2781 1432 2809 quas
1460 2772 1574 2801 subinde
1601 2774 1745 2810 attigimus,

962 2828 1045 2857 series
1066 2823 1209 2852 cimilicat.
1225 2819 1293 2848 Tum
1316 2819 1382 2849 illud
1405 2820 1443 2849 ibi
1464 2818 1572 2847 videtur
1592 2820 1745 2854 contigisse,
