4050 6188
595 485 665 542 de
687 495 791 552 quo
814 473 1060 535 Bullinus
1097 465 1191 522 lib.
1217 460 1259 515 l.
1288 463 1474 552 contra
1501 449 1884 552 llicrpnymnm

803 534 1012 626 scilicet
1054 560 1122 614 ab
1153 551 1382 611 Eusebio
1411 541 1680 603 sententia
1727 534 1956 634 quadam
2011 534 2173 632 impia

602 627 830 726 scliedas
859 674 971 716 sua:
1001 643 1462 719 interpretationis
1486 637 1834 727 adulteratas.
1867 627 2057 727 Quum,
2089 627 2174 727 in.-

597 719 1040 834 ἆζιῖιῑὴυίαιηιοάὶ
1068 741 1364 798 sententiam
1389 719 2173 834 αραάμῃεάὶθιωηῖω.Ἐξιῗῖίὲ

598 813 705 908 :t—a
719 813 796 901 ine
813 813 927 914 quae
947 833 1196 908 exigebat,
1218 829 1356 902 falsa
1375 841 1481 880 esse
1505 822 1813 879 dicerentur,
1836 813 2179 877 interrogatus

599 962 630 997 a
647 957 746 1012 quo
759 913 1030 1006 accepisset
1053 923 1386 996 exemplaria,
1401 913 1680 988 respondit,
1699 918 1982 963 matronam
2000 913 2180 1012 quam-

601 1001 720 1090 dein
765 1031 859 1086 sibi
880 1001 1106 1081 dedisse.
1158 1017 1398 1084 Denique
1447 1023 1632 1082 parum
1681 1019 1800 1060 sese
1848 1001 2182 1071 promovisse

605 1139 752 1184 ratus
793 1118 1130 1180 Anastasius,
1155 1115 1208 1167 in
1255 1111 1426 1179 ipsum
1479 1118 1540 1158 se
1585 1097 1844 1156 tumultus
1897 1096 2181 1184 Auctorem

604 1177 877 1275 Bullinum
929 1177 1126 1271 vertit,
1149 1218 1213 1258 ac
1252 1177 1478 1256 Bomam
1523 1192 1590 1247 ad
1633 1202 1850 1246 causam
1903 1177 2185 1275 dicendam

604 1273 903 1365 accersivit.
929 1300 1113 1370 Neque
1132 1310 1253 1350 eum
1277 1302 1456 1346 tamen
1480 1298 1666 1344 unum,
1700 1278 1795 1335 sed
1823 1284 1878 1331 et
1904 1273 2039 1328 alios
2065 1284 2185 1370 om-

607 1361 826 1469 nesvper
852 1361 1085 1456 Italiam,
1104 1389 1194 1459 qui
1223 1381 1440 1454 Origeni
1468 1379 1729 1439 faverent,
1761 1361 2187 1469 adpurgandam

609 1461 878 1550 haereseos
906 1483 1268 1553 suspicionem
1300 1474 1498 1544 saepius
1537 1469 1737 1524 accitos
1768 1504 1784 1530 ,
1828 1461 2190 1553 Hieronymus

613 1565 813 1644 indicat
833 1601 848 1638 :
871 1590 926 1636 et
957 1549 1101 1633 laudi
1129 1571 1397 1629 Marcella:
1425 1565 1766 1631 tribuit,qu:e
1794 1559 1846 1612 in
1875 1556 1928 1610 id
1959 1551 2093 1644 totis

614 1641 767 1736 ribus
784 1671 1134 1729 incubuisset.
1156 1658 1529 1721 Damnationis,
1557 1654 1726 1724 inquit
1749 1641 2190 1720 Epist.CXXVll.

617 1770 965 1826 hereticorum
1010 1765 1115 1814 lucc
1154 1758 1251 1830 fuit
1283 1750 1607 1823 principium,
1651 1745 1774 1798 dum
1813 1738 2025 1830 adducit
2049 1743 2195 1789 testes

617 1835 704 1931 qui
751 1859 890 1930 prius
919 1853 979 1906 ab
1007 1851 1079 1905 eis
1105 1828 1310 1911 eruditi,
1335 1852 1382 1898 et
1423 1849 1597 1911 postea
1623 1834 1690 1931 ab
1698 1830 1956 1931 ‘hieretnico
1998 1828 2197 1931 fuerant

615 1923 785 2007 errore
803 1946 1009 2002 correcti
1029 1961 1046 2007 ;
1072 1943 1194 1995 dum
1211 1935 1426 1992 ostendit
1454 1927 1827 1986 multitudinem
1851 1923 2195 1989 deceptorum,

616 2045 738 2099 dum
786 2039 943 2108 impia
981 2043 1094 2105 Περὶ
1130 2040 1298 2102 Δρχῶν
1337 2025 1520 2097 ingerit
1567 2019 1846 2080 volumina,
1875 2029 1994 2108 qute
2031 2026 2200 2066 emen-

619 2139 740 2191 data
788 2106 940 2185 manu
970 2126 1157 2194 scorpii
1182 2117 1450 2192 (Bullini)
1481 2112 1890 2169 monstrabantur
1915 2122 1935 2161 ,⁸
1962 2106 2083 2160 dum
2111 2118 2200 2157 ac-

615 2230 702 2286 citi
726 2225 1067 2299 frequentibus
1084 2219 1262 2273 litteris
1279 2211 1521 2277 haeretici,
1538 2218 1591 2263 ut
1609 2223 1662 2262 se
1677 2204 2020 2301 defenderent,
2036 2198 2204 2301 venire

619 2297 858 2378 nonisunt
886 2317 998 2371 ausi
1022 2331 1038 2369 :
1069 2323 1305 2380 tantaque
1343 2308 1418 2360 vis
1467 2299 1785 2357 conscientite
1815 2297 1933 2365 fuit,
1958 2302 2014 2347 ut
2039 2297 2202 2362 magis

623 2415 848 2468 absentes
874 2405 1131 2469 damnari,
1153 2417 1303 2473 quam
1327 2404 1595 2470 prwsentes
1625 2389 1832 2461 coargui
1858 2384 2148 2440 maluerint.

693 2506 785 2561 lx.
815 2505 946 2559 Cum
975 2501 1078 2554 hac
1115 2497 1276 2567 igitur
1301 2491 1521 2547 duriore
1551 2488 1760 2542 fortuna
1793 2480 2046 2537 Bullinus
2069 2491 2204 2532 con-

627 2573 951 2661 flictabatur,
976 2607 1099 2647 cum
1120 2581 1503 2644 existimationi
1535 2595 1645 2635 sum
1673 2574 1976 2636 consulere,
1996 2571 2206 2626 calamo

625 2703 677 2750 et
709 2687 928 2757 scriptis
955 2681 1291 2739 deliberavit.
1327 2677 1403 2732 Ac
1453 2672 1683 2744 primum
1727 2666 1983 2757 Epistolie
2015 2661 2207 2757 Hiero-

627 2754 894 2853 nymianu:
919 2775 985 2829 ad
1033 2767 1455 2832 l’ammachium,
1487 2758 1817 2831 respondere
1859 2754 2108 2816 instituit,
2139 2767 2207 2808 ex

628 2852 732 2944 qua
766 2877 968 2940 partem
999 2863 1262 2918 malorum
1314 2865 1503 2914 contra
1550 2869 1611 2909 se
1653 2852 2209 2944 maximam-manare

635 2938 919 3019 sentiebat.
951 2956 1089 3012 Sunt
1116 2952 1207 3023 qui
1254 2951 1357 3004 hoc
1385 2959 1704 3016 responsum
1736 2938 2072 2996 intercidisse
2109 2950 2208 2990 au-

628 3061 856 3117 tumant,
887 3048 1063 3118 magni
1095 3046 1148 3100 in
1175 3058 1237 3099 re
1262 3039 1519 3096 litteraria
1549 3035 1782 3092 nominis
1807 3029 1930 3095 viri,
1965 3027 2208 3094 lluetins,

627 3145 867 3209 Caveus,
915 3149 1074 3209 atque
1104 3135 1192 3191 alii
1229 3133 1539 3194 hodienum,
1567 3127 1655 3198 qui
1697 3125 1863 3180 libros
1910 3118 2210 3176 invectiva-

635 3253 777 3301 rum,
809 3242 866 3288 ut
906 3231 1064 3300 vulgo
1107 3224 1494 3286 inscribuntur,
1527 3219 1798 3273 diversum
1828 3213 1896 3270 ab
1939 3212 2032 3268 illo
2075 3224 2212 3280 opus

630 3326 960 3386 existimant,
991 3332 1151 3386 atque
1177 3315 1450 3385 Apologia:
1471 3307 1926 3379 Hieronymianaa,
1948 3318 2053 3358 non
2088 3301 2212 3370 Epi-

633 3417 786 3472 stulae
824 3409 1130 3468 refellenda:
1156 3416 1358 3461 natum.
1386 3401 1492 3458 Sed
1523 3400 1766 3454 Bullinus
1809 3398 1928 3452 illos
1961 3393 2215 3466 Epistulae

635 3507 736 3579 ipsi
764 3503 1030 3576 opposuit,
1063 3509 1119 3554 ut
1157 3514 1224 3552 ex
1253 3500 1500 3550 universo
1525 3490 1832 3560 scriptionis
1859 3496 2137 3551 contextu,
2169 3485 2213 3540 si

635 3599 740 3652 alia
767 3597 819 3652 in
863 3609 981 3649 eam
1023 3605 1136 3644 rem
1163 3588 1338 3643 desint
1367 3589 1696 3653 argumenta,
1724 3581 2064 3650 perspicuum
2110 3584 2212 3631 est.

640 3690 720 3744 Ac
757 3685 856 3740 sibi
897 3681 1135 3753 quidem,
1179 3679 1274 3744 ait,
1308 3673 1663 3746 respondendi
1707 3687 1774 3728 ex
1820 3681 1971 3740 parte
2017 3669 2214 3738 justam

643 3777 1014 3838 necessitatem
1062 3772 1284 3842 imponi,
1319 3767 1604 3838 siquidem,
1649 3765 1750 3820 nisi
1797 3763 2080 3832 impactam
2107 3761 2217 3830 jam

641 3871 710 3926 ab
734 3885 793 3925 se
833 3875 1012 3923 notam
1041 3865 1309 3918 luereseos
1333 3858 1647 3928 depelleret.
1677 3856 1830 3910 fama:
1856 3853 1994 3924 apud
2023 3853 2220 3908 multos

643 3963 1054 4036 periclitaretur.
1105 3957 1290 4012 Priore
1335 3953 1515 4022 itaque
1564 3949 1699 4004 libro
1749 3947 1838 4019 (in
1894 3947 2028 4001 duos
2076 3946 2219 4000 enim

642 4055 957 4126 Apologiam
987 4051 1124 4104 hanc
1146 4063 1317 4112 suam,
1341 4045 1456 4100 sive
1483 4051 1539 4098 ut
1555 4041 1744 4097 odioso
1765 4041 1981 4095 nomine
2003 4038 2221 4093 inscribi

647 4149 844 4210 solent,
881 4143 1180 4207 Invectivas,
1213 4136 1427 4209 tribuit)
1463 4147 1605 4192 totus
1649 4136 1821 4191 ferme
1849 4142 1933 4189 est
1976 4132 2028 4187 in
2060 4130 2221 4187 refel-

646 4238 823 4294 lendis
846 4236 914 4292 de
943 4235 1074 4290 Fide
1113 4228 1599 4294 criminationibus,
1645 4241 1906 4297 suumque
1934 4223 2127 4294 dogma
2156 4221 2224 4278 de

644 4329 924 4394 Trinitate,
955 4323 1345 4388 Inoarnatione,
1378 4319 1820 4382 Besnrrectione,
1853 4315 2089 4370 secundo
2111 4313 2223 4368 Ad-

647 4432 832 4486 ventu,
864 4431 918 4475 et
962 4421 1137 4472 futuro
1173 4415 1382 4471 .lndicio
1415 4413 1729 4473 Salvatoris,
1763 4410 1816 4463 in
1847 4408 2042 4478 quibus
2083 4421 2224 4476 pra:-

652 4513 838 4568 sertim
869 4512 936 4564 de
971 4510 1304 4579 Origeniana:
1331 4506 1613 4562 sententia:
1643 4502 1965 4573 praeiudiciis
2002 4513 2224 4556 accusa-

653 4607 832 4670 batur,
864 4618 1025 4656 unum
1057 4601 1302 4669 idemque
1333 4600 1496 4669 plane
1517 4611 1638 4651 esse
1676 4610 1797 4650 cum
1844 4594 2093 4663 dogmate
2117 4590 2226 4645 Ca-

648 4699 857 4756 tholica:
886 4693 1163 4757 Ecclesia,
1195 4691 1446 4746 ostendit.
1473 4689 1610 4744 Tum
1648 4686 1781 4741 nihil
1831 4685 1935 4741 sibi
1981 4700 2123 4740 cura:
2153 4684 2229 4738 ait

647 4807 768 4848 esse
797 4789 866 4845 de
896 4785 1152 4854 Origene,
1185 4783 1289 4836 sive
1313 4781 1446 4835 enim
1475 4788 1576 4833 stat
1619 4777 1760 4849 apud
1790 4776 1970 4841 Deum,
2014 4776 2117 4829 sive
2145 4774 2226 4828 la-

649 4899 764 4955 psus
791 4891 884 4947 est,
917 4878 1026 4946 ipse
1051 4875 1246 4930 uiderit.
1278 4872 1604 4927 Adornatam
1633 4869 1731 4926 abs
1773 4883 1832 4923 se
1861 4879 2034 4923 tamen
2069 4868 2229 4922 libro-

656 4991 771 5028 rnm
815 4975 932 5040 ejus
972 4974 1085 5042 Πιρὶ
1127 4975 1321 5040 Αρχῶν,
1373 4962 1867 5034 interpretationem
1912 4961 2226 5027 rationibus,

649 5073 808 5133 atque
851 5061 1184 5133 argumentis
1229 5072 1360 5112 sane
1413 5070 1521 5110 non
1571 5053 1978 5109 contemnendis
2026 5063 2224 5110 tuetur.

655 5152 821 5207 Valde
850 5165 1028 5207 autem
1056 5150 1125 5206 de
1155 5151 1221 5205 iis
1271 5147 1538 5218 queritur,
1570 5145 1662 5216 qui
1717 5144 1946 5201 schedas
1992 5160 2118 5199 suas
2149 5145 2230 5199 in-

648 5244 981 5310 emendatas,
1005 5243 1249 5311 furtoque
1277 5249 1527 5310 acceptas
1571 5237 1813 5309 proferre
1854 5237 1906 5290 in
1953 5237 2226 5306 publicum

655 5336 796 5389 malo
824 5335 1006 5404 utique
1048 5334 1228 5388 animo
1267 5332 1384 5387 ausi
1414 5339 1559 5396 sunt,
1591 5337 1636 5383 et
1665 5344 1765 5382 non
1792 5328 1956 5382 solum
1997 5342 2230 5398 perversa

652 5427 998 5496 intelligentia,
1015 5440 1182 5478 verum
1199 5425 1349 5478 etiam
1369 5422 1632 5478 verborum
1657 5421 1909 5476 adulterio
1929 5421 2095 5498 conati
2115 5430 2232 5475 sunt

653 5515 920 5583 infimare.
957 5513 1142 5567 Altero
1167 5513 1301 5567 libro
1328 5513 1710 5584 Hieronymum
1749 5513 2018 5583 praecipue
2062 5514 2230 5583 impe-

657 5605 736 5669 tit,
769 5616 1161 5672 censuramque
1210 5603 1470 5660 immitem
1521 5605 1572 5658 in
1623 5604 1739 5674 ejus
1780 5617 1928 5677 gesta
1981 5605 2231 5675 dictaque

655 5694 857 5762 omnia,
896 5693 1129 5749 maxime
1167 5707 1296 5748 vero
1341 5696 1393 5750 in
1433 5694 1864 5752 Commentarios
1909 5697 2026 5767 ejus
2069 5711 2232 5767 super

656 5790 923 5870 Epistolas
967 5788 1114 5850 Pauli
1157 5796 1394 5846 exercet.
1444 5789 1608 5846 Nobis
1658 5790 1771 5850 hinc
1816 5796 2060 5867 persequi
2124 5808 2229 5847 non

1888 319 1950 380 S.
1991 307 2371 376 HIEBONYMI
2404 307 2592 368 Vl'l'A.

3753 297 3868 363 132

2278 439 2448 484 vacat.
2483 429 2667 485 Sistus
2695 427 2952 487 Senensis
2979 416 3329 486 Bibliotheca:
3354 443 3467 485 suae
3491 427 3608 484 Lib.
3637 428 3723 484 γι.
3753 430 3871 485 sin-

2279 525 2430 596 gulas
2458 523 2666 580 Bullini
2697 524 3074 580 accusationes
3102 523 3208 593 (Ad
3226 533 3330 577 not.
3360 523 3488 580 287.
3514 535 3561 577 et
3585 523 3714 595 seq.)
3742 521 3871 580 dili-

2279 625 2470 686 genter
2494 615 2784 686 excerpsit,
2817 630 3048 687 cumque
3077 614 3388 686 llieronymi
3418 613 3871 684 responsionibus

2282 708 2613 779 comparavit
2644 725 2660 763 :
2691 724 2853 779 quem
2880 708 3240 774 consuluisse,
3270 723 3452 778 opera:
3480 709 3710 778 pretium
3740 708 3870 765 erit.

2354 801 2424 857 X.
2457 800 2605 858 lianc
2632 813 2813 859 autem
2840 801 3091 858 Bullinus
3119 801 3435 874 Apologiam
3465 817 3572 857 non
3597 818 3660 857 ea
3689 811 3878 858 mente

2284 893 2534 964 scripsit,
2565 904 2622 948 ut
2647 894 2730 950 vel
2760 893 2828 948 ad
2855 893 3240 966 Hieronymum
3273 895 3447 964 ipsum
3493 895 3754 960 mitteret,
3786 892 3878 949 vel

2285 987 2466 1044 facere
2512 987 2710 1058 publici
2733 987 2873 1058 juris
2904 989 3089 1054 vellet,
3121 988 3218 1043 sed
3252 996 3310 1042 ut
3354 988 3542 1043 amicis
3586 988 3874 1055 Romanis,

2287 1089 2448 1150 atque
2478 1081 2792 1149 Aproniano
2820 1095 2941 1134 cum
2975 1080 3184 1150 primis,
3215 1079 3303 1134 cui
3330 1079 3474 1133 illam
3499 1079 3877 1149 inscripserat,

2289 1173 2738 1238 communicaret,
2771 1181 3134 1242 purgaretque
3161 1170 3302 1240 apud
3343 1170 3488 1238 ipsos
3514 1171 3882 1242 suspicionem

2291 1263 2584 1328 haereseos,
2617 1264 2758 1332 apud
2785 1278 2922 1333 quos
2968 1263 3107 1317 bene
3136 1261 3344 1327 audire,
3373 1277 3469 1315 sua
3511 1264 3744 1316 maxime
3791 1262 3879 1316 in-

2294 1369 2514 1415 tererat.
2538 1359 2760 1413 Factum
2789 1373 3000 1428 quoque
3029 1373 3094 1412 ex
3125 1357 3378 1411 Auctoris
3407 1367 3552 1421 voto,
3588 1365 3645 1410 ut
3675 1371 3883 1426 nequa-

2294 1467 2455 1520 quam
2487 1453 2537 1506 in
2569 1453 2760 1522 vulgus
2799 1460 3164 1521 spargeretur,
3198 1449 3291 1504 sed
3318 1465 3409 1519 per
3436 1449 3674 1521 angulos,
3707 1459 3766 1504 ut
3806 1449 3889 1505 ait

2295 1543 2673 1616 HierOnymus,
2703 1554 2758 1600 et
2783 1543 2924 1599 inter
2954 1544 3071 1614 ejus
3099 1543 3344 1614 gregales
3381 1544 3612 1597 nominis
3644 1555 3886 1598 tantum-

2296 1635 2459 1691 modo
2481 1637 2770 1706 legeretur.
2797 1635 2953 1702 Quod
2980 1635 3068 1690 hic
3093 1636 3310 1704 quidem
3356 1635 3482 1689 dolo
3512 1636 3706 1689 factum
3740 1636 3890 1691 malo

2298 1728 2701 1797 interpretatur,
2726 1742 2833 1798 quo
2862 1741 3056 1798 nempe
3083 1727 3393 1794 simplicium
3425 1727 3730 1782 credulitati
3763 1728 3892 1783 illu-

2301 1819 2516 1885 derent,
2545 1819 2755 1888 sibique
2799 1833 2896 1888 pro
2925 1833 2984 1873 se
3033 1818 3394 1888 respOndendi
3442 1819 3744 1876 facultatem
3777 1835 3885 1875 au-

2301 1908 2522 1965 ferrent.
2571 1909 2770 1963 Bullini
2810 1919 2988 1964 autem
3041 1910 3253 1964 animus
3280 1910 3406 1975 fuit,
3455 1910 3597 1980 quod
3649 1928 3714 1966 ex
3767 1913 3893 1984 ipso

2302 2011 2489 2058 contra
2520 2017 2643 2056 eum
2688 2001 2826 2056 libro
2849 2001 3029 2056 Sancti
3060 2001 3232 2056 Patris
3283 2000 3369 2055 ΙΙΙ.
3405 2003 3690 2073 colligitur,
3721 2013 3778 2057 nt
3817 2004 3890 2058 ad

2301 2109 2396 2150 eos
2427 2102 2623 2148 tantum
2673 2094 3002 2156 mitteretur,
3044 2095 3136 2162 qui
3188 2094 3500 2167 Hieronymi
3550 2097 3728 2150 verbis
3777 2097 3894 2151 (tesi

2303 2189 2528 2258 fuerant,
2561 2197 2608 2240 et
2636 2202 2738 2241 non
2766 2187 2836 2240 ad
2873 2187 3067 2256 plures.
3101 2187 3164 2241 Et
3195 2203 3326 2242 sane
3356 2189 3489 2242 alios
3517 2187 3606 2243 diu
3632 2190 3895 2244 multum-

2305 2293 2408 2348 que
2453 2278 2627 2344 latuit,
2652 2278 2863 2332 scriniis
2907 2278 3203 2333 amicorum
3247 2279 3552 2346 observata,
3595 2291 3651 2334 ut
3682 2291 3890 2336 tantum

2306 2369 2555 2425 inaudire
2608 2370 2874 2439 prmcipua
2925 2371 3168 2440 quicdam
3198 2371 3314 2437 ejus
3344 2373 3540 2441 capita,
3573 2387 3742 2443 caque
3769 2389 3895 2427 cor-

2305 2477 2427 2518 rosa
2464 2461 2587 2517 hinc
2627 2463 2750 2517 inde
2771 2464 2982 2517 mittere
3021 2465 3360 2531 postmodum
3399 2463 3466 2517 ad
3505 2464 3891 2536 Hieronymum

2308 2555 2684 2610 Pammachius
2730 2565 2784 2610 et
2813 2554 3060 2611 Marcella
3088 2556 3377 2626 potuerint.
3417 2555 3546 2624 Qua:
3587 2573 3742 2612 causa
3785 2567 3892 2625 t-st,

2307 2661 2404 2702 cur
2425 2657 2545 2716 post
2577 2657 2687 2702 tres
2719 2646 2887 2702 ferme
2933 2663 3102 2702 annos
3145 2663 3266 2702 cum
3310 2647 3526 2703 demum
3582 2651 3784 2719 integra
3825 2651 3893 2706 ad

2308 2741 2426 2810 ejus
2453 2755 2645 2796 manus
2675 2740 3001 2807 devenisset,
3031 2739 3304 2796 Bullinum
3354 2739 3553 2797 dixerit
3595 2742 3808 2808 Noster,
3841 2743 3893 2798 in

2309 2847 2370 2887 ea
2401 2832 2724 2887 elaboranda
2765 2833 3035 2886 triennium
3079 2833 3370 2887 desudassc
3423 2832 3558 2904 (Lib.
3588 2832 3707 2887 III.
3749 2847 3888 2889 cont.

2311 2925 2492 2995 Ruf.).
2528 2925 2701 2982 Locus
2732 2927 2823 2982 ille
2851 2925 3233 2982 eruditissimis
3271 2925 3403 2981 viris
3443 2927 3611 2981 l’raudi
3644 2927 3768 2981 olim
3799 2928 3896 2983 fuit

2312 3029 2367 3074 et
2397 3032 2538 3072 nunc
2587 3027 2687 3082 est,
2719 3018 2808 3089 qui
2841 3032 2966 3074 vere
3007 3018 3299 3072 triennium
3347 3017 3732 3074 elucubrationi
3782 3036 3894 3076 suie

2312 3115 2388 3170 illi
2413 3116 2712 3185 impensum
2735 3115 2803 3170 ab
2825 3115 3348 3176 anlinoautnmant.
3367 3129 3486 3170 cum
3505 3114 3574 3169 ab
3599 3114 3696 3171 hac
3719 3124 3895 3170 tamen

2312 3223 2494 3263 rerum
2547 3207 2662 3278 ejus
2711 3209 2853 3264 serie
2899 3223 3058 3278 quam
3105 3207 3490 3271 edisserimus,
3543 3210 3704 3264 fuisse
3751 3210 3894 3264 illam

2314 3311 2545 3367 constet,
2574 3302 2757 3370 paucis
2788 3302 3059 3372 liujusmet
3087 3303 3209 3356 anni
3239 3301 3363 3356 400.
3394 3303 3616 3371 ejusque
3644 3303 3708 3357 ad
3738 3302 3895 3358 linem

2313 3395 2607 3462 vergentis,
2638 3394 2827 3448 dielms
2855 3403 3083 3462 coeptam
3107 3402 3266 3463 atque
3295 3393 3612 3449 alisiilutam.

2389 3484 2492 3540 Sed
2550 3494 2606 3538 ut
2657 3485 2846 3539 amicis
2893 3484 3148 3539 Romanis
3211 3485 3495 3555 Presbyter
3546 3486 3899 3555 Aquileiensis

2318 3576 2544 3630 multum
2576 3576 2867 3646 scriptione
2897 3577 2982 3630 illa
3023 3592 3118 3631 sua
3161 3591 3219 3631 se
3262 3577 3522 3646 probarit,
3567 3577 3900 3635 satisfacien—

2319 3666 2445 3722 dum
2477 3667 2652 3722 adhuc
2675 3677 2793 3723 erat
2821 3668 3106 3722 Anastasio
3137 3669 3404 3734 Pontifici,
3432 3684 3460 3723 a
3490 3686 3596 3739 quo
3620 3671 3813 3734 fuerat,
3845 3679 3902 3726 ut

2319 3760 2480 3816 modo
2506 3761 2777 3825 vidimus,
2811 3761 3034 3817 Bomam
3076 3761 3145 3816 ad
3189 3777 3403 3818 causam
3443 3763 3721 3818 dicendam
3763 3765 3902 3820 acci-

2321 3862 2427 3906 tus.
2455 3851 2661 3906 Eodem
2693 3852 2873 3923 itaque
2904 3864 3145 3922 tempore
3173 3854 3472 3909 breviorem
3517 3855 3673 3909 aliam
3707 3857 3905 3926 Apolo-

2320 3948 2458 4016 giam
2488 3945 2553 3999 ad
2579 3961 2700 4000 eum
2731 3961 2827 4016 pro
2860 3947 2961 4001 fide
2989 3962 3083 4002 sua
3113 3946 3277 4011 misit,
3305 3947 3369 4001 ad
3400 3947 3802 4004 detrectandam
3840 3964 3904 4005 eo

2325 4035 2706 4107 perfectionem
2735 4081 2749 4098 ,
2803 4035 2886 4089 his
2933 4050 3060 4091 usus
3105 4037 3543 4093 excusationibus
3571 4057 3583 4094 :
3614 4039 3902 4106 Quoniam,

2324 4131 2515 4198 inquit,
2542 4129 2648 4200 ipse
2677 4136 2786 4198 post
2815 4127 3020 4200 triginta
3042 4132 3147 4201 fere
3169 4147 3331 4184 annos
3358 4132 3650 4200 parentibus
3678 4133 3907 4186 redditus

2325 4237 2459 4286 sum,
2485 4230 2530 4274 et
2556 4221 2742 4273 durum
2767 4221 2892 4274 satis
2922 4229 3070 4290 atque
3095 4221 3426 4274 inhumanum
3455 4234 3580 4284 erat,
3610 4223 3654 4276 si
3681 4234 3783 4276 tam
3812 4225 3907 4277 cito

2326 4313 2600 4367 desererent
2627 4324 2731 4378 eas,
2764 4330 2887 4381 quos
2913 4322 3014 4366 tam
3040 4314 3184 4367 tarde
3205 4317 3473 4368 reviserant
3503 4333 3521 4369 :
3547 4317 3696 4369 simul
3721 4326 3768 4370 et
3793 4318 3909 4386 quia

2328 4415 2429 4459 tam
2475 4406 2615 4476 longi
2641 4406 2834 4459 itineris
2864 4406 3007 4459 labor
3031 4406 3343 4476 fragiliorem
3391 4423 3468 4460 me
3507 4406 3671 4460 reddit
3712 4408 3779 4460 ad
3822 4407 3911 4461 ite-

2327 4497 2516 4554 randos
2543 4497 2758 4552 labores.
2797 4497 3029 4552 Omnino
3056 4509 3235 4552 autem
3269 4497 3405 4553 hanc
3436 4514 3494 4551 se
3519 4499 3755 4552 scribere
3785 4513 3911 4566 pro-

2331 4592 2531 4654 litetur,
2579 4599 2636 4644 ut
2664 4589 2949 4643 conﬂatam
2998 4589 3096 4644 sibi
3131 4589 3198 4643 ab
3237 4591 3446 4644 mninlis
3491 4590 3628 4659 apud
3677 4591 3910 4645 eundem

2331 4681 2583 4735 invidiam
2601 4680 2801 4745 diluat;
2833 4697 2954 4743 non.
2986 4690 3040 4736 ut
3069 4680 3160 4746 ait,
3187 4681 3249 4736 de
3268 4691 3440 4735 sancta
3473 4693 3634 4736 mente
3661 4693 3766 4747 tua,
3801 4697 3911 4753 quat

2331 4772 2464 4826 velut
2491 4772 2747 4843 quoddam
2780 4771 2872 4824 Dei
2908 4772 3190 4826 sacrarium
3216 4772 3410 4842 aliquid
3436 4773 3662 4841 iniquum
3701 4790 3803 4827 non
3837 4791 3913 4829 re-

2331 4866 2476 4933 cipit,
2509 4863 2761 4918 maculam
2787 4864 3088 4933 suspicionis
3107 4864 3458 4934 abstergerem.
3493 4864 3685 4934 Purgat
3718 4864 3913 4920 deinde

2332 4971 2392 5012 se
2423 4955 2544 5011 fidei
2573 4971 2684 5011 suae
2714 4957 3050 5025 expositione
3081 4957 3131 5010 in
3161 4957 3264 5020 his,
3298 4972 3416 5026 quae
3442 4956 3658 5025 Origeni
3699 4965 3758 5010 ut
3799 4960 3912 5011 Au-

2333 5051 2489 5119 ctori,
2521 5052 2729 5121 sibique
2756 5060 2812 5105 ut
2855 5051 3153 5118 interpreti,
3199 5050 3450 5104 hmrctica
3477 5049 3724 5120 dogmata
3771 5050 3911 5118 obji-

2332 5147 2633 5214 ciebantur,
2666 5147 2742 5202 De
2779 5145 3042 5201 Trinitate
3073 5145 3256 5208 Verbi,
3289 5143 3677 5206 incarnatione,
3719 5143 3915 5197 Besur-

2332 5239 2572 5294 rectione
2587 5237 2785 5304 carnis,
2811 5236 3064 5291 Extremo
3079 5235 3309 5300 Judicio,
3339 5233 3543 5287 Diaboli
3570 5231 3914 5287 damnatione

2335 5343 2552 5399 aeterna,
2581 5331 2812 5402 denique
2829 5330 3130 5387 animarum
3161 5329 3390 5400 origine.
3421 5329 3555 5383 Tum
3577 5327 3720 5398 quod
3750 5327 3914 5381 ferme

2335 5425 2412 5481 rei
2440 5434 2600 5494 caput
2621 5435 2756 5490 erat,
2784 5439 2934 5479 suam
2960 5436 3222 5478 excusans
3243 5421 3496 5476 librorum
3519 5428 3630 5488 Περὶ
3651 5425 3810 5488 Αρκῶν
3833 5417 3913 5471 in-

2336 5518 2791 5585 terpretationem,
2819 5513 3071 5584 Origenis,
3096 5515 3189 5580 ait,
3222 5529 3312 5581 ego
3333 5529 3490 5582 neque
3517 5512 3755 5582 defensor
3784 5525 3910 5573 sum,

2335 5625 2495 5680 neque
2535 5617 2770 5672 assertor,
2822 5623 2982 5675 neque
3009 5607 3198 5676 primus
3239 5604 3503 5673 interpres.
3552 5604 3656 5657 Alii
3685 5613 3806 5658 ante
3844 5615 3914 5654 me

2338 5704 2432 5755 hoc
2471 5701 2601 5755 idem
2641 5716 2765 5770 apus
2797 5701 3018 5770 fecerunt
3045 5714 3064 5753 :
3092 5698 3186 5766 feci
3209 5706 3256 5752 et
3295 5713 3384 5763 ego
3403 5705 3684 5767 postremus
3713 5702 3916 5766 rogatus

2338 5811 2368 5848 a
2394 5791 2647 5848 fratribus.
2677 5792 2737 5850 Si
2777 5789 2998 5862 iubetur,
3044 5803 3106 5847 ne
3144 5790 3266 5863 fiat,
3296 5788 3463 5862 jussio
3501 5785 3760 5844 obscrrari
3798 5783 3916 5850 sold
