4050 6188
148 391 245 459 (al.
282 390 372 445 deb
386 391 449 461 ει)
479 390 537 447 in
570 390 865 462 posterum.
901 388 963 446 Si
990 388 1279 459 culpantur,
1307 393 1392 460 qui
1419 401 1536 446 ante
1550 393 1749 463 jussio-

154 500 267 537 item
296 486 550 553 fecerunt,
584 485 745 554 culpa
763 501 794 535 a
816 484 987 553 primis
1008 484 1239 553 incipiat.
1268 480 1380 554 Ego
1406 485 1538 537 enim
1566 492 1751 551 praeter

160 574 291 625 hanc
319 574 492 642 ﬁdem,
524 590 684 644 quam
722 589 875 641 supra
900 574 1132 641 exposui,
1158 574 1211 625 id
1236 584 1308 626 est
1333 590 1483 642 quam
1515 572 1749 625 Romana

160 663 391 718 Ecclesia
419 672 464 716 et
494 664 873 727 Alexandrina,
920 674 969 717 et
1016 661 1350 732 Aquileiensis
1392 674 1563 716 nostra
1594 670 1747 725 tenet,

157 773 371 825 quisque
394 755 735 826 Jerosolymis
762 754 1088 823 praedicatur,
1137 755 1293 806 aliam
1338 770 1427 807 nec
1463 751 1614 805 habui
1655 769 1751 805 un-

155 864 337 919 quam,
366 864 456 900 nec
500 848 663 900 habeo
690 847 742 899 in
782 843 974 900 Christi
1000 844 1222 910 nomine,
1265 860 1356 897 nec
1380 843 1587 897 habebo.
1620 842 1751 896 Ter-

157 943 271 993 tius
302 938 703 1010 qtuxtlsmntodo
732 939 817 994 hic
842 942 959 1007 ejus
988 948 1073 993 est
1104 939 1379 1008 Apologia:
1407 938 1559 1002 liber,
1590 952 1751 1007 quem

153 1039 311 1085 certe
352 1048 455 1085 una
501 1047 625 1085 cum
665 1030 873 1085 duobus
928 1031 1051 1085 aliis
1098 1030 1386 1084 adversum
1437 1045 1495 1084 se
1533 1030 1750 1099 scriptis

150 1124 498 1191 cnnsputavit
528 1123 911 1194 Hieronymus,
944 1138 1066 1177 cum
1094 1122 1279 1177 TRES
1306 1132 1481 1177 contra
1514 1139 1570 1177 se
1595 1122 1751 1176 libros

150 1224 423 1267 venustate
446 1215 608 1267 Attica
622 1214 837 1268 texuisse
865 1212 1159 1277 Bullinum,
1184 1214 1358 1282 primo
1383 1223 1570 1269 contra
1597 1228 1753 1269 eum—

101 1308 119 1379 ς
147 1302 277 1357 dem
310 1304 455 1357 libro
484 1309 587 1357 sub
626 1304 833 1357 initium
871 1311 1097 1357 testatus
1124 1313 1227 1367 est,
1258 1312 1458 1357 etcum
1488 1302 1616 1358 alibi
1659 1302 1758 1355 tria

106 1400 113 1409 '
148 1392 434 1445 solamina
475 1392 785 1462 appellavit.
817 1392 897 1446 Re
930 1394 1074 1446 eniut
1106 1407 1231 1447 vera
1260 1393 1575 1462 Apologiam
1618 1391 1758 1446 hanc

150 1498 383 1554 quoque
434 1484 503 1537 ad
550 1485 894 1539 Anastasium
950 1483 1151 1554 passim
1201 1494 1390 1540 contra
1440 1499 1500 1539 se
1551 1484 1753 1549 scribi,

150 1574 209 1627 S.
256 1574 427 1629 Pater
454 1574 738 1638 intellexit,
788 1573 1072 1644 eidemque
1102 1589 1198 1644 per
1228 1585 1407 1645 partes
1455 1574 1750 1643 respondit.

153 1664 435 1719 Hactenus
462 1678 615 1729 vero,
643 1679 766 1718 cum
808 1664 916 1718 duo
948 1673 1155 1718 tantum
1183 1666 1311 1727 sint,
1342 1666 1433 1735 qui
1476 1680 1598 1720 eum
1630 1681 1753 1735 pro-

155 1755 276 1823 prie
306 1764 523 1824 petunt,
572 1752 959 1810 luvectivarum
1004 1755 1145 1819 libri,
1196 1756 1249 1809 in
1297 1757 1395 1809 hac
1427 1755 1745 1825 explicanda

160 1844 479 1899 difficultate
515 1844 863 1899 eruditissimi
896 1845 993 1899 viri
1022 1846 1270 1899 abierunt
1298 1859 1329 1899 a
1357 1860 1484 1899 vero
1514 1846 1741 1915 longius,

162 1949 339 2004 neque
383 1950 483 1987 nos
510 1935 561 1987 in
591 1934 913 1989 Prtefatione
939 1934 1157 1990 secundi
1187 1934 1366 2003 Tomi,
1397 1935 1577 1992 isthuc
1603 1937 1745 2007 quod

164 2039 253 2080 res
281 2032 422 2092 erat,
447 2024 641 2079 fuimus
669 2024 960 2094 assequuti.

712 2134 936 2193 CAPUT
973 2133 1163 2194 XXXI.

172 2247 210 2306 1.
252 2244 563 2322 Theophilus
591 2252 643 2305 in
685 2250 997 2324 Origenistas
1040 2254 1287 2309 declamat
1328 2248 1577 2309 Paschali
1616 2254 1749 2325 Epi-

233 2342 386 2396 stola.
414 2341 479 2395 ll.
513 2341 640 2395 Tum
674 2342 737 2396 de
774 2343 963 2398 Nitria:
987 2347 1324 2409 monasteriis,
1350 2356 1526 2399 coacta
1553 2347 1620 2399 ibi
1647 2347 1750 2417 Sy-

234 2438 371 2488 nodo
396 2436 555 2506 ejicit.
583 2435 668 2490 lll.
695 2438 1009 2508 Synodicam
1035 2455 1250 2509 quoque,
1308 2441 1413 2492 sive
1453 2438 1750 2493 Generalem

234 2538 413 2581 contra
457 2529 575 2582 illos
618 2528 905 2598 Epistolam
934 2530 1125 2583 scribit.
1150 2530 1241 2584 ιν.
1273 2530 1389 2582 Alia
1429 2533 1560 2600 ejus,
1600 2539 1751 2598 atque

233 2616 451 2671 aliorum
475 2634 533 2672 ea
557 2619 619 2672 de
647 2636 702 2673 re
733 2621 942 2690 scripta.
975 2619 1038 2673 V.
1067 2619 1194 2686 Quae
1210 2619 1550 2689 Hieronymus
1570 2619 1751 2673 Latine

235 2709 407 2761 omnia
454 2712 620 2763 vertit.
678 2709 767 2765 Vl.
818 2708 1079 2780 Incipiens
1128 2727 1161 2763 a
1216 2710 1477 2764 Paschali.
1533 2710 1643 2765 Vll.
1698 2721 1748 2765 et

236 2798 369 2854 VIII.
404 2800 448 2855 Α
470 2818 571 2871 qua
602 2799 821 2855 aliarum
846 2803 956 2871 ejus
982 2803 1448 2871 interpretationum
1477 2802 1745 2856 chronicus

234 2893 361 2947 ordo
390 2894 687 2947 restituitur.
712 2893 802 2948 IX.
834 2894 898 2947 Et
917 2895 1223 2965 germanitas
1253 2892 1669 2965 Hierongmiante
1691 2893 1747 2947 in

232 2976 297 3037 iis
330 2999 501 3054 opera:
523 2983 897 3054 comprobatur.

234 3117 278 3173 l.
319 3118 475 3187 Quod
507 3135 643 3191 pone
683 3120 924 3190 sequitur
953 3120 1022 3175 ab
1066 3120 1133 3175 iis
1159 3119 1522 3176 Occidentalis
1547 3119 1747 3175 Eccle-

165 3210 259 3265 siae
292 3211 531 3265 motibus
564 3211 764 3266 biennii
793 3211 1011 3266 circiter
1035 3211 1289 3280 spatium,
1322 3210 1597 3266 Orientem
1623 3208 1749 3265 Ori-

164 3302 388 3372 genisna
413 3302 576 3357 factio
601 3303 791 3369 turbis,
821 3317 885 3357 ac
912 3302 1080 3373 gestis
1098 3302 1245 3356 omni
1274 3301 1492 3357 diritate
1533 3301 1748 3356 teterri-

168 3393 269 3448 tnis
287 3393 595 3463 exagitavit.
618 3393 727 3448 Nos
747 3394 1046 3459 dumtaxat,
1073 3407 1193 3463 quae
1220 3393 1454 3447 maxime
1482 3401 1748 3447 suntcum

169 3485 300 3540 Vita:
318 3485 748 3556 llieronymianie
772 3487 912 3541 serie
936 3486 1242 3554 conjuncta,
1269 3484 1455 3553 paucis
1481 3483 1745 3552 perstrin-

168 3592 354 3648 gemus
385 3595 401 3632 :
431 3593 736 3647 quanquam
784 3576 959 3631 omnis
1001 3575 1114 3631 fere
1138 3590 1314 3630 causa:
1354 3574 1469 3645 ejus
1502 3575 1745 3637 historia,

167 3670 250 3724 vel
277 3670 491 3739 scriptis
521 3669 828 3740 Hieronymi
853 3667 1203 3737 primigeniis,
1231 3666 1317 3722 vel
1341 3668 1566 3721 aliorum
1589 3666 1657 3719 ab
1684 3681 1748 3720 eo

167 3759 355 3815 Latine
384 3761 665 3829 explicatis
691 3760 1020 3814 continetur.
1052 3757 1382 3827 Theophilus
1411 3757 1749 3825 simulatque

168 3851 437 3906 Anastasii
480 3850 785 3921 deperditas
832 3850 994 3904 modo
1033 3849 1237 3903 litteras
1264 3847 1492 3917 accepit,
1534 3848 1745 3917 quibus,

167 3953 227 3998 ut
273 3951 515 3997 notatum
562 3940 772 3996 videtur
815 3945 872 3995 δ.
922 3941 1087 4005 Patri,
1130 3939 1483 4009 signiﬁcabat,
1536 3938 1751 3991 damna.

166 4043 272 4087 tum
316 4034 370 4087 in
412 4031 704 4096 Occidente,
745 4032 879 4100 quod
914 4032 967 4085 in
1001 4030 1203 4085 Oriente
1246 4030 1541 4083 damnatum
1584 4032 1749 4099 fuerat

169 4121 363 4193 (Epist.
392 4121 489 4177 XC
502 4120 656 4194 γη),
685 4124 893 4175 animos
915 4121 1014 4175 sibi
1042 4134 1262 4176 sumens
1283 4128 1442 4188 atque
1467 4117 1751 4171 audentior

166 4215 359 4281 iactus,
404 4229 601 4269 novom
646 4213 921 4281 multoque
965 4213 1142 4267 acrius
1186 4221 1376 4266 contra
1418 4208 1749 4279 Origeuistas

168 4304 369 4360 bellum
417 4304 628 4359 indixit.
676 4304 806 4359 Erat
849 4301 1230 4357 Alexandrina:
1275 4300 1548 4361 Ecclesiae.
1598 4299 1750 4367 cujus

168 4395 281 4466 ipse
322 4397 575 4451 thronum
620 4396 919 4461 obtinebat,
955 4394 1235 4464 EpiscOpis
1273 4393 1478 4464 jamdiu
1521 4392 1649 4445 olim
1694 4392 1745 4444 in

168 4503 316 4543 more
346 4489 603 4558 positum,
636 4497 694 4542 ιιι
716 4489 1004 4558 quotannis
1047 4487 1199 4541 initio
1228 4486 1461 4540 futurum
1505 4484 1750 4554 proxime

167 4578 369 4635 Pascha
405 4581 824 4649 przenuntiarent
848 4578 1138 4648 encyclicis
1165 4577 1230 4631 ad
1262 4577 1423 4631 totius
1454 4576 1749 4645 Episcopus

165 4668 387 4740 Egypti
414 4667 687 4737 Epistolis,
716 4668 909 4738 quibus
955 4676 1039 4722 est
1078 4666 1239 4720 etiam
1278 4680 1342 4720 ea
1366 4665 1436 4719 de
1462 4678 1621 4719 causa
1651 4677 1748 4716 no-

168 4775 287 4814 men
321 4758 683 4815 Paschalibus.
716 4759 808 4814 Illa
840 4758 1129 4813 occasione
1153 4756 1217 4809 ad
1245 4764 1406 4810 recta:
1440 4754 1559 4809 fidei
1590 4764 1748 4807 caute

161 4847 586 4903 custodiendum
630 4848 972 4918 depositum,
1026 4856 1313 4912 sancteque
1362 4843 1743 4898 traducendum

160 4940 351 5001 vitam,
386 4946 551 5005 prout
577 4953 665 4992 res
690 4938 941 4993 Ecclesiae
973 4937 1195 5001 ferrent,
1226 4935 1598 4991 hortabantur.
1629 4938 1745 4988 An-

160 5045 287 5083 num
356 5027 508 5081 hunc
554 5028 729 5094 itaque
769 5029 864 5083 401
918 5027 1247 5097 Theophilus
1289 5030 1461 5097 aperit
1503 5026 1744 5081 Paschali

163 5118 426 5189 Epistola,
465 5132 587 5186 quae
627 5117 852 5186 primum
898 5119 967 5173 de
1016 5121 1184 5174 tribus
1229 5134 1361 5189 quas
1389 5117 1747 5188 Hieronymus

117 5249 126 5260 .
164 5208 353 5264 Latine
379 5209 771 5277 interpretatus
799 5216 903 5273 est,
930 5208 1100 5263 locum
1129 5211 1179 5262 in
1204 5209 1535 5264 Reeensione
1563 5215 1745 5261 nostra

168 5300 371 5354 obtinet
401 5318 415 5353 ε
452 5314 633 5364 suum,
679 5298 916 5368 inquam,
965 5307 1149 5353 contra
1180 5309 1339 5367 atqtte
1388 5298 1585 5352 habent
1614 5297 1743 5350 Edi-

169 5390 333 5444 tiones
359 5397 487 5443 ante
515 5403 613 5443 nos
643 5403 852 5451 omnes,
886 5388 936 5441 in
968 5388 1162 5457 quibus
1190 5389 1425 5442 omnium
1456 5396 1751 5457 pravposte-

170 5493 253 5533 tus
290 5489 347 5535 et
392 5480 650 5534 confusus
693 5479 825 5534 ordo
866 5489 972 5533 est.
1009 5478 1116 5532 Sed
1144 5478 1211 5532 de
1249 5479 1331 5532 bis
1358 5489 1563 5547 postea.
1594 5480 1651 5529 In
1680 5491 1744 5530 ea

171 5570 413 5641 quidquid
441 5570 509 5624 ad
540 5570 827 5624 creandam
857 5569 1201 5638 Origenianis
1229 5569 1581 5639 opinionibus
1607 5566 1742 5619 invi-

170 5660 319 5731 diam,
354 5664 638 5733 ipsumque
660 5663 945 5717 Auctorem
978 5660 1113 5714 diris
1133 5661 1530 5728 devovendum,
1551 5656 1746 5728 jaclari

652 5777 715 5837 S.
760 5777 1155 5839 Hienoxntt.
1205 5778 1251 5835 l.

1457 289 1515 337 δ.
1560 280 1938 339 ΙΠΕΒΟΝἹΜΙ
1982 284 2133 341 νιτΑ
2146 327 2158 340 .

3330 305 3434 359 134

1862 403 2089 461 poterat.
2137 399 2394 457 conviciis
2426 400 2780 461 odiosissimis
2818 409 2975 463 tertio
3011 424 3223 484 quoque
3266 417 3433 475 verbo

1855 484 2198 553 intermixtis,
2222 494 2512 562 congessit.
2540 493 2636 549 llic
2664 498 2978 554 temeritatis
2998 516 3118 557 eum
3146 514 3294 561 notat
3320 508 3428 563 im-

1858 576 2277 646 pudentissima,
2306 584 2456 644 alibi.
2492 586 2699 640 erroris
2727 590 3014 655 manifesti,
3048 604 3154 647 tum
3184 597 3423 667 insanias,

1856 668 2158 737 imperitiae,
2187 674 2473 743 superbiae,
2500 675 2815 743 impietatis,
2842 679 3042 747 delirii,
3072 688 3351 755 ναῖοι-ἀίω,
3375 703 3433 748 et

1853 759 1895 812 si
1926 776 2045 830 qum
2065 761 2168 816 alia
2190 774 2314 818 sunt
2334 781 2452 834 quae
2480 766 2914 822 malevolentiam
2942 770 3199 827 lectorum
3220 791 3430 835 acuant.

1853 851 2092 923 Denique
2135 864 2190 909 et
2232 854 2567 912 dremouiaco
2613 870 2789 912 actmn
2834 860 3045 929 spiritu,
3082 873 3136 917 et
3176 865 3434 925 fautorem

1855 940 2185 1009 dit-menum,
2237 958 2501 1016 perpetuo
2544 957 2722 1003 autem
2778 950 3171 1021 blaspltemum,
3224 968 3279 1012 et
3327 959 3439 1013 bla-

1854 1032 2216 1099 sphemiarum
2248 1045 2521 1092 auctorem
2562 1041 2948 1110 nequissimum
2978 1056 3151 1099 vocat.
3180 1046 3289 1104 Nec
3325 1049 3439 1106 fere

1856 1125 2160 1180 mitioribus
2189 1138 2487 1184 sectatores
2515 1131 2632 1200 ejus
2676 1132 2933 1189 doctrina:
2963 1136 3142 1192 verbis
3170 1141 3439 1209 perstrin-

1857 1214 1953 1281 git,
1985 1230 2120 1283 quos
2150 1216 2418 1273 facessere
2444 1221 2621 1288 jubet.
2665 1224 2988 1281 stultissimos
3026 1230 3340 1295 mortalium,
3372 1248 3439 1288 ac

1858 1304 2159 1359 descendere
2178 1309 2229 1361 in
2262 1308 2547 1377 Infernum,
2582 1324 2635 1366 ut
2661 1328 3016 1385 praeceptorem
3038 1320 3307 1392 impietatis
3330 1342 3442 1381 sua!

1859 1393 1929 1447 ibi
1954 1411 2061 1449 esse
2085 1397 2254 1451 oculis
2282 1399 2394 1453 suis
2414 1412 2653 1455 cernant.
2684 1402 2750 1457 Et
2782 1406 2940 1473 paulo
2969 1410 3214 1477 superius
3238 1429 3252 1464 :
3287 1412 3444 1478 Quie-

1858 1495 2002 1538 scant
2054 1502 2194 1557 ergo,
2238 1488 2334 1553 ait,
2386 1490 2678 1560 aliquando,
2732 1496 2822 1565 qui
2859 1500 2999 1567 regni
3047 1499 3237 1556 Christi
3284 1506 3442 1572 linem

1854 1576 2180 1640 somniantes,
2219 1580 2532 1634 verbositatis
2572 1581 2805 1653 Origenis
2832 1590 3044 1657 cupiunt
3071 1606 3179 1645 esse
3202 1595 3437 1663 parasiti,

1854 1680 1945 1717 nec
1970 1682 2085 1717 cum
2114 1664 2351 1733 ﬁdelibus
2377 1669 2711 1736 ambulantes,
2744 1674 2899 1741 [idem
2918 1694 3071 1745 quam
3096 1696 3197 1735 non
3228 1682 3435 1751 habent,

1848 1755 2100 1821 simulent,
2134 1768 2238 1812 etc.
2292 1760 2358 1814 Et
2402 1776 2569 1831 prope
2624 1763 2784 1818 ﬁnem
2815 1784 2830 1821 :
2860 1764 3029 1838 Capti,
3087 1773 3274 1842 inquit,
3322 1774 3434 1829 elo-

1848 1848 2066 1917 quentite
2088 1847 2377 1920 (Origenis)
2398 1867 2543 1917 sono,
2574 1870 2675 1908 non
2700 1855 2959 1911 intuentur
2981 1860 3277 1932 dogmatum
3303 1867 3432 1919 veri-

1850 1948 2020 2003 tatem,
2053 1941 2346 1995 erubescunt
2371 1959 2590 1996 errorem
2619 1946 2887 2013 pristinum
2919 1952 3168 2019 confiteri,
3200 1962 3247 2006 et
3284 1970 3434 2009 arro-

1849 2030 2035 2099 gantite
2050 2040 2244 2085 tumore
2266 2036 2461 2098 cretati,
2480 2035 2660 2088 nolunt
2676 2053 2786 2091 esse
2800 2038 3058 2111 discipuli,
3083 2060 3147 2097 ne
3168 2054 3434 2115 postquam

1850 2122 2061 2174 correcti
2102 2124 2310 2191 fuerint,
2366 2124 2507 2193 prius
2553 2142 2749 2180 errasse
2784 2129 3073 2185 videantur.
3124 2132 3306 2202 Carpit
3351 2136 3436 2189 ιιι,

1854 2213 2032 2267 verbis
2075 2212 2370 2269 Nitrienses
2412 2217 2685 2286 praecipue
2712 2217 3025 2286 Monacbos,
3066 2222 3282 2293 Origeni
3312 2241 3440 2296 per-

1851 2320 2011 2374 quam
2077 2305 2352 2371 addictos,
2408 2308 2497 2374 qui
2564 2309 2837 2379 synodica:
2895 2314 3252 2381 prmcedentis
3309 2320 3437 2375 anni

1852 2397 2180 2452 damnationi
2232 2397 2350 2468 ejus
2396 2399 2618 2455 minime
2668 2403 3068 2472 acquieverant.
3099 2406 3205 2463 Sed
3261 2425 3437 2480 neque

1854 2489 2014 2544 modo
2055 2490 2295 2545 obsecuti
2340 2502 2505 2558 sunt;
2572 2502 2628 2547 ut
2686 2496 2827 2550 enim
2874 2512 3089 2554 errores
3130 2499 3249 2556 illos
3290 2503 3437 2559 ultro

1852 2591 2281 2648 exsecrarentur,
2333 2598 2439 2638 non
2490 2592 2665 2641 tamen
2705 2586 2952 2657 Origenis
2989 2604 3111 2647 esse
3146 2596 3437 2653 contende-

1850 2671 1998 2738 bant,
2026 2672 2120 2728 sed
2152 2672 2547 2744 haereticorum,
2579 2678 2667 2748 qui
2694 2678 3009 2738 adulteratis
3036 2684 3153 2754 ejus
3176 2688 3434 2758 operibus

1851 2763 1919 2820 de
1944 2779 2042 2819 suo
2072 2766 2447 2822 inseruissem.

1922 2858 1986 2915 ll.
2028 2859 2190 2913 Movit
2240 2859 2355 2915 haec
2397 2861 2776 2917 Monachorum
2822 2866 3114 2933 pertinacia
3152 2868 3435 2939 Theophili

1848 2942 2219 3007 stomachum,
2272 2943 2504 2997 hominis
2546 2952 2737 3011 suapte
2787 2948 2947 2999 etiam
2993 2956 3182 3001 natura
3235 2950 3434 3005 irarum

1851 3034 2205 3101 impotentis:
2234 3034 2324 3102 qui
2369 3036 2536 3087 satius
2576 3044 2754 3088 tamen
2805 3036 2856 3089 in
2907 3040 3195 3103 praesentia
3249 3042 3437 3097 statuit

1851 3137 2115 3192 reponere
2141 3120 2345 3185 odium,
2370 3131 2425 3174 ut
2445 3121 2787 3175 commodum
2812 3124 2999 3179 ultioni
3031 3140 3142 3180 suae
3174 3128 3295 3185 illos
3321 3146 3436 3186 ma-

1851 3219 2041 3266 ctaret.
2070 3211 2167 3264 Diu
2195 3211 2393 3279 quippe
2416 3221 2548 3273 erat,
2591 3211 2735 3279 quod
2765 3212 3023 3270 Ecclesiae
3050 3230 3269 3273 causam
3325 3222 3436 3290 pri-

1850 3300 1988 3354 vatis
2028 3299 2389 3354 simultatibus
2415 3300 2765 3370 prietexebat,
2813 3302 2858 3357 si
2914 3303 3173 3366 Palladio.
3207 3310 3433 3367 Auctori

1857 3392 1989 3447 Vita:
2010 3393 2068 3447 S.
2092 3392 2315 3447 Joannis
2333 3391 2704 3463 Chrysostomi
2730 3395 2860 3464 (alio
2883 3398 3066 3465 utique
3092 3399 3161 3454 ah
3191 3398 3433 3458 historiae

1850 3483 2122 3537 Lausiaex:
2146 3482 2401 3552 Auctore)
2428 3482 2633 3538 Socrati
2658 3485 2815 3539 etiam
2840 3494 2895 3541 et
2917 3486 3219 3545 Sozomeno
3246 3495 3425 3548 credi-

1851 3586 1989 3627 mus.
2020 3575 2193 3643 Atque
2220 3574 2420 3628 invisos
2446 3582 2595 3629 certe
2631 3589 2764 3631 eane
2801 3576 2956 3645 pejus
2980 3587 3033 3633 et
3058 3594 3235 3650 angue
3261 3580 3431 3638 hahe-

1849 3665 1940 3719 bat
1964 3680 2249 3735 germanos
2270 3664 2580 3719 notissimos
2602 3664 2815 3729 fratres,
2844 3678 3205 3736 cognomento
3224 3668 3430 3743 Longos

1853 3758 1920 3810 ita
1966 3773 1997 3810 a
2041 3756 2361 3827 proreritate
2407 3754 2651 3823 corporis
2699 3756 3018 3822 appellatos,
3075 3773 3306 3828 cumque
3348 3763 3434 3815 his

1851 3858 2202 3902 memoratum
2247 3846 2494 3915 superius
2534 3859 2678 3912 saepe
2707 3842 2991 3911 lsidorum,
3023 3848 3187 3902 variis
3214 3850 3432 3917 quidem

1850 3939 1916 3993 de
1940 3940 2137 4002 causis,
2170 3948 2228 3991 ut
2275 3937 2541 4007 proditum
2572 3946 2656 3990 est
2682 3936 2750 3989 ab
2776 3937 3051 4005 Antiquis,
3081 3937 3177 3994 sed
3202 3954 3429 4009 quarum

1851 4028 1992 4081 nulla
2025 4028 2093 4081 de
2123 4027 2284 4080 nimia
2314 4028 2465 4081 illum
2503 4028 2789 4081 severitate
2823 4037 3066 4084 excuset.
3107 4028 3227 4097 Quo
3252 4040 3431 4087 autem

1853 4117 2052 4170 irarum
2081 4116 2423 4185 processerit,
2450 4116 2563 4169 sive
2588 4116 2813 4171 obtentu
2846 4117 3191 4189 Origenismi,
3220 4122 3336 4176 sive
3374 4132 3436 4176 ut

1854 4206 2089 4275 privatas
2158 4204 2381 4272 injurias
2443 4215 2894 4274 persequeretur,
2942 4222 3007 4262 ex
3062 4208 3300 4264 Palladio
3344 4227 3437 4265 ca-

1854 4296 1962 4365 pite
2000 4296 2084 4348 Vl.
2114 4296 2214 4349 sub
2243 4294 2403 4349 ﬁnem
2431 4295 2712 4347 audiamus
2740 4311 2754 4347 :
2786 4294 3098 4365 Theophilus
3137 4300 3289 4353 mittit
3322 4302 3436 4357 lite-

1851 4404 1935 4442 ras
1972 4388 2040 4440 ad
2064 4387 2255 4440 vicinos
2287 4385 2516 4452 (Nitrite)
2544 4382 2847 4454 Episcopos,
2883 4396 2931 4441 et
2950 4388 3097 4457 jubet
3124 4391 3370 4461 quosdam
3406 4411 3435 4447 e

1854 4481 2111 4551 primariis
2140 4496 2172 4531 a
2202 4488 2368 4532 monte
2393 4478 2521 4532 etab
2552 4477 2780 4531 interiori
2820 4495 2988 4535 eremo
3016 4481 3225 4552 npelli,
3254 4501 3435 4555 eosque

1853 4570 2135 4639 pracipuos
2150 4568 2443 4631 monachos,
2463 4569 2667 4624 minime
2680 4568 2857 4622 addita
2878 4586 3052 4626 causa.
3079 4570 3180 4641 Qui
3196 4578 3431 4631 monachi

1852 4677 1963 4714 cum
1974 4660 2252 4714 senioribus
2269 4658 2639 4713 Alexandriam
2655 4675 2770 4713 cum
2796 4660 3189 4728 descendissent,
3216 4666 3430 4718 orabant

1855 4742 2208 4823 Theophilum,
2241 4768 2448 4807 causam
2485 4761 2535 4805 ut
2566 4753 2771 4818 diceret,
2809 4751 2869 4807 ob
2920 4771 3070 4822 quam
3109 4754 3431 4809 condemnati

1852 4844 2093 4914 ejectique
2117 4854 2298 4897 essent.
2326 4842 2353 4895 l
2360 4843 2426 4895 lle
2444 4851 2611 4895 autem
2639 4842 3047 4912 sanguinolentis
3065 4841 3225 4894 oculis
3242 4841 3429 4894 draco-

1851 4951 1972 4989 num
1995 4935 2157 4989 instar
2188 4932 2469 4995 intendens,
2499 4941 2696 4985 torvum
2730 4932 2934 4983 taurino
2954 4944 3093 4981 more
3114 4929 3433 4995 intuebatur;
3524 4952 3527 4955 λ

1852 5026 2002 5079 ntodo
2021 5025 2221 5094 quidem
2241 5022 2445 5086 lividus,
2468 5022 2618 5074 modo
2636 5019 2880 5088 pallidus.
2901 5018 3052 5071 modo
3075 5027 3244 5072 autem
3262 5036 3436 5076 amare

1851 5116 2137 5171 subridens.
2184 5113 2259 5165 Ab
2302 5111 2571 5165 immodica
2611 5109 2690 5161 ira
2726 5107 2985 5174 abreptus,
3015 5106 3283 5162 Ammonio
3328 5110 3434 5163 uiro

1852 5205 2126 5275 grandtevo
2148 5201 2499 5265 omophorium
2530 5195 2758 5249 manibus
2789 5196 2898 5261 ipse
2924 5196 3030 5247 suis
3052 5196 3214 5260 injicit
3243 5197 3296 5250 in
3320 5199 3435 5250 col.

1853 5296 1983 5359 lum,
2016 5307 2131 5344 cum
2157 5288 2305 5341 malis
2331 5289 2440 5355 ejus
2464 5287 2641 5353 plagas
2672 5284 2961 5352 in-ﬂixisset,
2999 5294 3045 5336 et
3074 5286 3258 5353 pugnis
3288 5302 3437 5342 nares

1854 5388 1962 5457 ejus
1998 5386 2324 5442 cruentasset,
2354 5377 2635 5429 inclamans
2661 5375 2739 5428 Itis
2764 5375 2985 5439 uocibus,
3030 5374 3279 5430 Haretice
3301 5393 3432 5431 ana-

1854 5474 2123 5532 thematiza
2162 5469 2469 5539 Origenem;
2522 5481 2634 5517 cum
2681 5465 2808 5518 nihil
2846 5476 2971 5519 esset
3013 5466 3330 5537 propositum
3375 5468 3432 5521 de

1854 5568 2076 5639 Origene
2135 5571 2318 5634 prater
2378 5554 2766 5627 postulationem
2824 5554 3011 5610 lsidori
3059 5572 3236 5613 causa.
3294 5546 3453 5613 Tali

1855 5662 1987 5715 enim
2011 5660 2088 5714 ira
2121 5666 2218 5720 est,
2247 5652 2397 5707 veluti
2428 5666 2602 5718 canes,
2631 5666 2767 5705 cwca
2802 5660 2850 5704 et
2876 5649 3011 5703 dicta
3039 5660 3086 5704 et
3112 5652 3251 5719 facta
3275 5653 3413 5721 parit

2939 5766 3191 5847 (δίης.)
