4050 6188
595 327 694 384 15ῖὶ

593 442 760 506 lqitnr
787 436 857 488 sic
887 427 1128 498 sanguine
1154 415 1364 486 aspersi,
1393 419 1439 464 et
1465 410 1572 462 sine
1613 416 1854 472 responso
1892 396 2075 450 reversi
2103 396 2171 446 ad

593 549 683 584 sua
729 495 1052 580 monasteria,
1088 506 1398 576 propasitunt
1437 500 1555 552 vita:
1596 495 1880 548 institutum
1911 498 2175 557 perseque-

595 625 796 678 buntur,
825 612 1210 676 Scripturarnm
1250 594 1456 650 scientia
1493 587 1748 659 ingenium
1790 590 2042 637 acuentes,
2087 591 2176 644 per

596 728 724 780 quas
763 705 901 760 salus
939 694 1252 764 acquiritur;
1287 686 1424 740 illius
1454 679 1703 734 insaniam
1733 689 1789 728 eo
1815 677 2047 725 curantes
2077 667 2172 716 nti-

1551 772 1583 780 ,_
1760 775 1769 780 _
1836 760 1922 780 mg
2088 753 2150 780 ml

739 753 873 866 quod
900 753 1088 842 nullius
1118 781 1239 833 mali
1279 776 1372 832 sibi
1397 772 1583 827 conscii
1611 775 1793 822 essent.
1828 760 1874 816 11
1884 763 1924 813 is
1950 774 2050 812 non
2082 753 2176 807 ad-

594 851 852 960 quiescens
893 873 1226 945 Theophilus,
1274 867 1428 922 ntittit
1473 862 1540 915 ad
1575 859 1765 912 uicinos
1806 851 2088 921 episcopos,
2131 852 2176 897 et

596 984 838 1033 adrersus
860 966 1134 1024 monachos
1159 961 1292 1030 cogit
1322 954 1625 1016 Concilium,
1652 961 1810 1016 neque
1836 941 1903 996 ad
1928 936 2179 1009 defensio-

597 1086 708 1123 nem
732 1062 919 1120 vocatis
945 1057 1092 1128 ipsis,
1119 1068 1207 1106 nec
1233 1051 1368 1122 facta
1402 1044 1506 1098 illis
1537 1038 1738 1094 dicendi
1763 1041 2023 1105 patestate.
2053 1024 2178 1080 Tres

597 1164 730 1214 viros
758 1172 820 1212 ex
861 1148 1130 1224 prtecipuis
1157 1135 1580 1198 excommunicat,
1607 1129 1793 1184 veritus
1825 1121 1979 1178 simul
2003 1126 2180 1172 contra

600 1247 972 1306 multitudinem
1015 1251 1215 1311 poenam
1241 1233 1526 1288 decernere,
1566 1230 1847 1293 prartexens
1889 1212 2180 1281 dogmatum

602 1339 974 1412 perversitatem
993 1303 1025 1398 ς’
1055 1339 1100 1383 et
1136 1340 1258 1396 quos
1302 1320 1570 1391 plusquam
1609 1311 1870 1379 episc0pos
1906 1303 2184 1354 honorare-

601 1396 683 1488 i’at
721 1439 774 1484 ut
810 1396 1078 1497 magistros
1115 1425 1320 1484 propter
1359 1409 1539 1464 vitam,
1568 1399 1852 1455 doctrinam
1892 1401 1938 1446 et
1963 1396 2182 1450 (etatem,

601 1482 686 1580 eos
712 1482 813 1575 non
851 1482 1028 1588 puduit
1065 1482 1327 1580 appellare
1358 1497 1766 1570 prastigiatores.
1808 1503 1866 1541 eo
1905 1482 2040 1555 quod
2065 1494 2186 1550 erga

604 1575 864 1671 lsidoruni
885 1604 1074 1674 optime
1099 1575 1268 1665 allecti
1309 1598 1494 1647 essent.
1545 1582 1726 1639 Refert
1751 1575 1966 1638 deinde,
1996 1585 2186 1641 quem-

607 1665 890 1760 admodum
913 1665 1217 1750 subornatis
1242 1684 1476 1754 quinque
1495 1693 1560 1731 ex
1585 1676 1700 1744 ipso
1721 1669 1904 1724 Nitria:
1926 1665 2192 1718 Monaste-

609 1752 1036 1859 libellos
1074 1752 1523 1835 darent—adversus
1565 1777 1664 1820 tres
1705 1764 1823 1816 illos
1849 1773 2008 1820 senes,
2045 1752 2192 1826 falsa:

612 1879 948 1939 accusationis
979 1873 1127 1929 verba
1155 1871 1265 1939 ipse
1291 1862 1509 1919 contexit
1533 1874 1553 1913 :
1579 1867 1635 1912 et
1677 1856 1950 1923 ingressus
1978 1845 2046 1899 ad
2083 1844 2192 1897 Au-

613 1971 859 2044 gustalem
889 1965 1050 2035 petiit,
1072 1969 1127 2014 ut
1155 1931 1364 2012 militari
1393 1966 1548 2004 manu
1575 1944 1942 2016 expellerentur
1969 1936 2005 1990 ii
2032 1931 2196 1988 homi-

615 2029 703 2120 ites
741 2078 805 2116 ea:
847 2029 1083 2114 universa
1108 2050 1362 2122 ZEgypto.
1397 2043 1463 2097 Et
1505 2046 1711 2109 accepto
1740 2030 1955 2106 (pergit)
1997 2029 2050 2082 in
2075 2041 2194 2096 spc-

614 2159 741 2212 ciem
770 2153 951 2217 milite,
982 2163 1085 2201 uua
1109 2159 1224 2198 cunt
1254 2138 1513 2198 mandato,
1539 2130 1895 2186 sceleratorum
1912 2115 2197 2174 multitudi-

615 2265 728 2302 nem
748 2248 1042 2314 congregat,
1075 2235 1163 2304 qui
1193 2232 1330 2286 circa
1360 2231 1629 2297 potestates
1648 2223 1912 2272 versantur
1934 2209 2003 2264 ad
2027 2205 2198 2262 omnia

618 2343 871 2410 paratt,et
897 2337 1098 2401 repente
1126 2319 1433 2378 monasteria
1471 2321 1625 2367 noctu
1651 2306 1867 2368 invadit,
1903 2316 2017 2355 cum
2057 2298 2201 2370 prius

621 2387 803 2499 pueros
838 2423 925 2494 qui
961 2433 1130 2475 secum
1156 2420 1322 2476 erant,
1349 2409 1465 2462 vino
1501 2400 1878 2472 ingurgitasset.
1925 2392 1991 2447 Et
2019 2387 2202 2461 paucis

1461 2498 1466 2499 κ
1658 2492 1669 2499 -
1939 2495 1950 2499 -
2097 2479 2172 2499 ι.-

623 2479 918 2587 intcrjeciis
945 2512 1014 2566 de
1041 2510 1299 2563 Dioscuro
1325 2519 1339 2556 :
1366 2498 1498 2553 lude
1527 2492 1786 2566 prtedatur
1810 2495 2052 2548 montem,
2088 2479 2205 2534 Μο-

625 2570 901 2666 iiaclibrum
918 2602 1111 2658 reculas
1124 2592 1415 2670 junioribus
1443 2587 1669 2657 praedam
1697 2581 1955 2636 addicens.
1991 2570 2207 2642 Expilu-

718 2697 934 2760 cellulis,
976 2703 1075 2745 tres
1103 2664 1218 2742 illos
1256 2681 1488 2756 inquirit,
1521 2691 1647 2745 quos
1683 2675 1737 2727 in
1767 2681 1972 2744 puteum
2005 2664 2208 2718 dimise-

626 2801 765 2856 rant,
795 2785 1032 2855 imposita
1059 2781 1136 2835 ori
1157 2777 1291 2850 putei
1312 2776 1491 2846 ﬂorea.
1519 2767 1647 2823 Cum
1665 2774 1832 2818 autem
1861 2775 1962 2814 non
1989 2754 2207 2809 invenis-

625 2892 722 2948 set,
768 2893 941 2935 eorum
963 2871 1178 2929 cellulas
1204 2865 1470 2923 sarmentis
1511 2856 1754 2922 incendit,
1799 2847 2065 2907 combustis
2108 2859 2210 2898 una

629 2975 770 3029 libris
797 2971 1046 3033 erunibus,
1065 2975 1169 3020 etc.
1195 2961 1322 3018 Cum
1345 2967 1515 3012 autent
1534 2956 1782 3022 impotens
1802 2949 1910 3015 ejus
1929 2945 2007 2998 ira
2027 2939 2210 3013 paulu-

631 3069 735 3122 lum
759 3061 1105 3135 deferbuisset,
1131 3051 1496 3110 Alexandriam
1515 3044 1713 3114 repetit,
1736 3041 1903 3096 locum
1924 3040 2060 3107 fuga:
2081 3032 2212 3085 dans

631 3125 836 3213 sanctis'
859 3155 962 3208 illis
1002 3149 1143 3211 viris,
1172 3146 1259 3218 qui
1293 3141 1509 3211 sumptis
1547 3137 1720 3193 statim
1769 3129 1965 3187 melotis
1990 3127 2116 3188 suis,
2157 3125 2212 3178 in

632 3248 967 3306 Pultestinam
986 3213 1217 3311 profecti,
1243 3235 1444 3292 [Eliam
1469 3231 1764 3285 adventant.
1795 3223 1920 3278 Cum
1939 3220 2001 3274 iis
2029 3213 2215 3288 egressi

635 3352 770 3406 sunt,
794 3333 1334 3406 praeterPresbgteros
1359 3336 1404 3382 et
1432 3325 1708 3385 Diaconos,
1739 3317 1880 3371 illius
1905 3310 2089 3365 montis
2116 3316 2218 3360 tre-

637 3435 766 3487 centi
806 3431 1110 3501 optimorum
1153 3401 1556 3476 Monac/torum;
1603 3412 1695 3465 alii
1734 3423 1849 3462 vero
1892 3419 1980 3475 per
2019 3401 2218 3454 diversa

640 3523 752 3576 loca
779 3487 990 3588 diipersi
1019 3522 1155 3569 sunt.
1182 3510 1371 3578 Operae
1397 3504 1626 3574 pretium
1656 3499 1753 3553 fuit
1777 3497 1892 3549 haec
1911 3490 2070 3562 paulo
2094 3487 2222 3542 licet

640 3580 912 3667 dili‘usiora
930 3647 947 3674 ,
973 3614 1134 3674 atque
1154 3617 1219 3656 ex
1246 3601 1476 3653 Auctore
1508 3606 1613 3647 non
1636 3602 1804 3658 usque
1830 3585 1967 3639 adeo
1983 3580 2221 3650 probata:

643 3705 696 3757 in
725 3701 808 3756 bis
853 3671 975 3753 fidei
1019 3671 1390 3762 descripsisse,
1430 3694 1491 3740 ut
1527 3698 1648 3754 quae
1690 3681 1815 3734 item
1859 3675 1928 3730 de
1957 3671 2148 3742 fugatis
2191 3683 2224 3723 e

641 3793 827 3850 Nitriae
846 3797 1027 3844 monte
1049 3782 1362 3856 Origenistis
1377 3774 1706 3846 Theophilus
1727 3772 1780 3827 in
1802 3765 2091 3842 Synodica,
2110 3765 2224 3819 sive

643 3882 891 3943 Generali
919 3876 1156 3949 Epistola
1199 3888 1295 3930 sua
1336 3877 1536 3934 narrat,
1579 3876 1882 3936 quanquam
1912 3859 1966 3914 in
1993 3856 2074 3911 sui
2101 3868 2224 3924 gra-

643 3980 772 4034 tiam
810 3973 952 4030 serie
996 3978 1266 4039 gestorum
1314 3958 1628 4028 composita,
1678 3953 1784 4007 huc
1826 3961 2000 4005 tamen
2047 3945 2226 4000 omnia

645 4075 892 4136 spectare
919 4061 1120 4126 videas,
1152 4069 1326 4124 neque
1360 4052 1518 4107 aliam
1557 4063 1676 4104 eam
1716 4059 1858 4109 esse,
1890 4055 2063 4111 neque
2091 4037 2226 4092 alte-

647 4159 761 4214 rius
789 4151 1044 4222 temporis
1074 4147 1454 4204 narrationem.

722 4245 810 4303 ill.
851 4217 1079 4311 Scripsit
1105 4240 1284 4307 itaque
1313 4231 1492 4288 statim
1523 4224 1855 4297 TlteOphiIus
1881 4217 2228 4293 Synodicam,

655 4347 715 4393 ut
757 4325 953 4392 Noster
980 4339 1155 4397 Vocat,
1199 4331 1319 4383 sive
1359 4321 1709 4394 encyclieam,
1752 4313 2038 4386 generalem
2075 4317 2233 4376 atque

654 4427 960 4497 nniformcm
1000 4393 1290 4491 Epistolam
1321 4413 1388 4467 ad
1417 4393 1698 4482 Episcopus
1729 4402 2054 4462 Paltestinos,
2096 4405 2143 4450 et
2167 4393 2236 4448 ad

653 4492 894 4586 Cyprios,
917 4520 1077 4580 autne
1100 4523 1196 4565 eos
1225 4505 1439 4575 quidem
1469 4503 1521 4554 in
1550 4497 1712 4553 Elia:
1747 4492 2002 4549 Encteniis
2025 4501 2236 4557 congre-

660 4581 828 4676 gatos,
855 4599 1048 4670 quibus
1067 4597 1293 4658 nuntiat,
1325 4590 1459 4660 quod
1486 4605 1514 4642 e
1537 4589 1700 4641 vicino
1733 4581 2002 4652 Episcopis
2025 4590 2238 4646 congre-

661 4673 840 4766 gatis,
869 4689 955 4763 qui
1000 4701 1158 4756 prope
1209 4683 1372 4754 (fort.
1425 4675 1616 4750 probe)
1667 4673 1931 4743 implerent
1977 4679 2240 4766 munerum

665 4748 1185 4858 gynodi,'-pemaeﬁt
1215 4748 1462 4836 Nitriam,
1489 4778 1536 4823 et
1574 4781 1747 4821 coram
1774 4761 1948 4816 multis
1978 4748 2240 4820 Patribus,

663 4845 752 4944 qui
776 4875 840 4929 de
874 4845 978 4926 tota
1005 4883 1130 4941 pene
1156 4863 1389 4935 Egypto
1413 4860 1820 4916 convoluverunt,
1849 4851 1962 4905 lecti
2001 4849 2103 4904 sint
2131 4845 2247 4901 libri

671 4965 924 5037 Origenis,
954 4962 1006 5015 in
1029 4959 1208 5030 quibus
1246 4953 1405 5022 impio
1444 4949 1614 5005 labore
1651 4944 1869 5007 sudavit,
1918 4949 1963 4996 et
1998 4952 2245 4993 consensu

669 5057 892 5110 omnium
916 5048 1253 5107 condemnati.
1281 5045 1506 5100 Errores
1531 5038 1725 5096 deinde
1754 5033 2048 5106 praecipuos
2077 5035 2243 5092 notat,

667 5161 808 5216 quos
836 5153 893 5200 et
918 5144 1119 5214 pridem
1144 5139 1485 5195 anathemate
1513 5129 1787 5202 perculsos
1811 5128 1907 5180 abs
1938 5139 1998 5177 se
2028 5121 2245 5175 indicat.

673 5237 838 5307 Cujus
861 5235 1073 5305 quidem
1115 5231 1190 5286 ait
1232 5229 1309 5284 rei
1346 5239 1528 5290 causa,
1574 5236 1690 5276 cum
1733 5213 2099 5271 Monachorum
2139 5207 2254 5277 qui-

671 5302 795 5380 dam
835 5302 1018 5378 Nitria:
1052 5322 1257 5391 indigne
1282 5320 1491 5390 ferrent,
1521 5321 1780 5368 auctorem
1821 5306 1942 5359 mali
1971 5302 2096 5357 tanti
2135 5314 2250 5354 cunt

675 5431 769 5470 suo
804 5429 972 5468 errore
1007 5412 1261 5475 damnari,
1295 5414 1468 5461 manu
1507 5403 1666 5467 facta,
1707 5397 1986 5453 advolasse
2025 5391 2255 5446 Alexan-

680 5507 875 5566 driam,
921 5515 984 5553 ac
1019 5499 1087 5553 de
1126 5513 1186 5552 se
1223 5493 1596 5551 interficiendo
1639 5489 1944 5558 cogitasse:
1971 5481 2255 5552 quosdam,

684 5593 893 5662 inquit,
937 5591 1110 5656 inopes
1164 5597 1209 5640 et
1263 5600 1429 5639 servos
1497 5597 1586 5646 spe
1644 5580 1780 5651 gula!
1828 5575 2122 5631 sollicitatos
2163 5584 2254 5624 suo

675 5687 903 5755 junxere
927 5677 1198 5742 comitatui,
1227 5685 1270 5728 et
1292 5677 1427 5742 facta
1456 5686 1632 5736 cuneo,
1658 5668 1847 5722 sedenti
1874 5666 1926 5718 in
1951 5663 2262 5718 Alexandria

1865 289 1922 341 S.
1966 278 2338 339 IIIERONYS"
2379 280 2564 335 “TA.

3746 257 3875 314 1'56

2273 393 2372 444 vim
2398 395 2567 462 facere
2591 387 2756 442 conati
2782 392 2918 440 sunt.
2955 382 3040 446 Et,
3079 378 3414 433 Pra'termitto
3441 375 3690 444 quomodo
3712 377 3877 428 nobis

2273 498 2445 536 necem
2479 479 2667 549 inferre
2695 475 2989 531 tentaret-int
3010 514 3026 537 ,
3064 481 3110 525 et
3132 471 3310 540 quibus
3338 469 3537 522 insidiis
3573 469 3626 519 id
3665 467 3881 520 machi-

2277 573 2385 626 nati
2406 579 2544 637 sunt,
2572 579 2679 624 etc.
2704 568 2836 622 Tum
2873 565 2996 620 illos
3016 563 3166 633 quasi
3189 560 3510 629 transfugas,
3542 574 3644 612 non
3672 559 3775 613 abs
3808 574 3882 614 se

2275 673 2452 716 autem
2497 671 2719 715 exactos
2767 658 2836 712 de
2891 654 3255 717 monasteriis,
3302 652 3629 719 significans,
3687 649 3879 713 addit,

2277 752 2610 807 Condentnati
2652 758 2792 815 sunt,
2833 756 2877 802 et
2905 746 3052 815 ejecti
3096 746 3160 798 de
3201 743 3470 808 Ecclesia;
3516 743 3604 796 sed
3639 743 3884 812 [atuitati

2273 848 2455 917 juncta
2496 842 2754 911 superbia,
2813 839 3182 910 Episcoporum
3220 836 3431 906 judiciis
3484 835 3877 900 contradicunt,

2279 936 2629 990 cohtcreticum
2665 949 2812 986 suum
2851 931 3064 984 nitentes
3101 928 3344 982 seditione
3371 925 3656 997 defendere,
3695 935 3743 978 et
3773 931 3885 993 per

2283 1029 2476 1081 alienas
2503 1024 2787 1094 provincias
2817 1023 3154 1085 suberrantes,
3185 1019 3413 1071 damnati
3450 1017 3749 1070 damnatum
3780 1017 3887 1069 ha-

2283 1118 2395 1170 bent
2419 1117 2598 1170 ducent
2626 1115 2771 1187 (puta
2802 1113 3083 1180 lsitlorum)
3121 1120 3164 1163 et
3195 1110 3347 1179 hujus
3387 1107 3552 1177 operis
3578 1108 3880 1177 eriguntur.

2288 1206 2504 1260 Obsecro
2531 1207 2699 1275 itaque
2742 1220 2847 1266 vos,
2881 1201 3091 1255 Fratres
3117 1198 3386 1260 carissimi,
3409 1207 3461 1249 ut
3503 1197 3546 1250 si
3573 1197 3738 1250 isthuc
3786 1211 3882 1248 ve-

2285 1296 2450 1360 niunt,
2475 1293 2738 1365 prwceptis
2771 1291 3087 1360 livongelicis
3121 1305 3204 1343 eos
3233 1287 3301 1339 od
3341 1287 3592 1356 lucrymas
3633 1301 3886 1354 procace-

2285 1390 2466 1443 tis.....
2516 1389 2620 1442 Sed
2649 1395 2700 1440 ut
2740 1385 2895 1439 audio
2935 1385 3188 1436 imitantes
3215 1380 3489 1444 Zabnlutn,
3521 1379 3621 1432 huc
3649 1379 3888 1447 illucque

2287 1481 2598 1538 discurrunt,
2647 1485 2694 1529 et
2734 1483 2966 1544 quierunt
3010 1488 3136 1542 quos
3183 1471 3288 1525 suis
3332 1468 3673 1538 impietatibus
3716 1467 3888 1520 devo-

2288 1579 2538 1625 rent......
2596 1565 2773 1622 Sicubi
2823 1581 2943 1635 ergo
2989 1567 3174 1634 fratres
3221 1569 3267 1614 et
3315 1561 3525 1630 plebem,
3575 1573 3690 1628 qutc
3735 1558 3888 1611 vobis

2290 1660 2479 1714 credita
2522 1668 2616 1722 est,
2645 1658 2848 1710 turbare
2888 1655 3206 1716 tentaren'nt,
3248 1650 3497 1704 custodite
3535 1664 3736 1719 gregem
3772 1647 3887 1702 Do-

2291 1750 2437 1813 mini,
2469 1759 2514 1803 et
2541 1750 2748 1802 insanos
2776 1748 2993 1814 impetus
3019 1759 3191 1798 eorum
3216 1742 3491 1812 reprimite.

2367 1839 2453 1893 IV.
2495 1838 2670 1893 Verba
2693 1837 2807 1890 haec
2834 1837 2945 1905 ipsa
2973 1843 3117 1898 sunt,
3143 1847 3264 1904 qua:
3291 1847 3360 1889 ex
3383 1830 3664 1900 TheOphili
3687 1828 3889 1886 Graeco

2297 1941 2441 1986 textu
2471 1930 2657 1984 Latine
2685 1927 2877 1984 refudit
2919 1926 3295 1996 Hieronymus,
3323 1933 3381 1978 ut
3412 1933 3467 1977 et
3497 1923 3608 1988 illa,
3633 1938 3757 1992 qme
3786 1938 3884 1976 su-

2296 2022 2476 2091 perius
2496 2037 2561 2074 ex
2581 2017 2820 2074 Paschali
2854 2017 3020 2086 prima
3042 2014 3430 2083 decerpsimus.
3460 2011 3689 2068 Sanctus
3711 2010 3892 2065 enim-

2297 2125 2426 2165 vero
2447 2109 2605 2164 Pater
2629 2122 2751 2162 cum
2782 2108 2920 2159 miro
2945 2104 3070 2158 odio
3097 2103 3488 2174 Origenismum
3513 2111 3886 2165 aversaretur,

2299 2218 2556 2272 suamque
2598 2201 2661 2253 ad
2689 2215 2809 2252 eum
2839 2196 3244 2265 exstirpandum
3273 2194 3518 2248 conferre
3556 2208 3804 2264 operam,
3835 2203 3892 2248 et

2300 2295 2496 2364 saepius
2521 2293 2868 2362 ﬂagitaretur,
2893 2299 2947 2344 et
2967 2297 3160 2358 sponte
3182 2287 3364 2350 vellet,
3388 2285 3517 2339 nihil
3545 2285 3597 2338 in
3620 2299 3748 2338 eam
3772 2300 3889 2339 rem

2302 2387 2467 2440 satius
2495 2384 2665 2445 duxit,
2693 2398 2849 2452 quam
2872 2395 3079 2447 eorum,
3102 2381 3188 2450 qui
3216 2379 3531 2432 auctoritate
3555 2392 3649 2431 sua
3685 2377 3740 2430 in
3768 2374 3891 2431 Ori-

2303 2478 2538 2547 genistas
2563 2474 3076 2536 anin'tadverterant,
3124 2471 3417 2525 sententias
3451 2479 3505 2524 et
3533 2470 3737 2538 scripta
3772 2485 3895 2538 pro-

2307 2568 2469 2622 ferret
2494 2567 2671 2630 latius,
2705 2572 2762 2619 et
2802 2580 2913 2618 sum
2945 2565 3139 2632 linguze
3185 2561 3492 2616 hominibus
3522 2559 3893 2613 communica-

2307 2667 2408 2713 ret.
2439 2656 2602 2726 Cujus
2650 2663 2796 2708 certe
2845 2654 2922 2707 rei
2973 2652 3201 2706 maxima
3243 2650 3468 2705 debetur
3512 2650 3558 2704 ei
3597 2650 3792 2719 gratia,
3841 2656 3895 2700 ut

2309 2748 2475 2802 sicubi
2501 2747 2663 2802 etiam
2691 2753 2964 2815 peccatum
2990 2742 3295 2797 humanitus
3319 2743 3389 2794 sit
3420 2743 3469 2794 iu
3501 2755 3561 2794 ea
3591 2739 3892 2811 peragenda

2310 2851 2492 2902 causa,
2526 2835 2747 2905 privatis
2787 2834 2924 2888 odiis
2961 2832 3027 2886 ad
3064 2833 3316 2886 Ecclesia:
3361 2841 3540 2900 partes
3591 2829 3895 2884 accedenti-

2313 2927 2447 2991 bus;
2483 2926 2808 2980 monimenta
2855 2924 2941 2977 illa
2975 2931 3174 2984 tamen,
3208 2920 3399 2989 quibus
3435 2920 3687 2973 liceretiea
3717 2918 3895 2988 proﬂi-

2312 3029 2430 3090 gata
2457 3028 2536 3072 est
2569 3017 2747 3081 factio,
2774 3024 2827 3069 ct
2854 3014 2911 3069 S.
2944 3015 3102 3068 Pater
3138 3020 3221 3067 est
3265 3013 3662 3080 interpretatus,
3695 3011 3763 3065 ab
3801 3009 3896 3064 hac

2315 3109 2476 3165 etiam
2498 3109 2605 3162 sint
2631 3107 2749 3162 labe
2776 3104 3052 3159 immunia.
3089 3101 3329 3168 Accedit,
3359 3102 3501 3172 quod
3535 3100 3892 3170 Gnecisjam-

2317 3199 2406 3254 ditt
2431 3198 2558 3252 olim
2585 3213 2767 3251 earum
2791 3196 3135 3263 scriptionum
3161 3192 3454 3261 depcrditis
3479 3191 3894 3259 exemplaribus,

2319 3297 2461 3343 totus
2485 3289 2653 3343 ferme
2675 3287 2742 3340 ab
2771 3286 2850 3339 his
2883 3285 3084 3339 fructus
3110 3284 3432 3352 repetendus
3456 3292 3538 3336 est
3567 3282 3898 3352 Origenianze

2321 3382 2579 3444 historim,
2613 3388 2940 3446 assertzeque
2967 3388 3091 3432 tunc
3121 3377 3378 3446 temporis
3406 3375 3697 3430 Catholica:
3729 3373 3896 3437 Fidei,

2321 3491 2441 3546 qua:
2489 3473 2813 3528 authentic's
2864 3471 3013 3526 libris
3065 3470 3196 3524 Acta
3237 3468 3672 3522 continebantur.
3721 3464 3898 3532 Neque

2323 3568 2466 3621 enim
2513 3564 2821 3620 Paschalcm
2874 3559 3241 3615 tantummodo
3295 3560 3439 3613 illam
3485 3567 3540 3612 et
3579 3555 3897 3628 Synodicam

2326 3658 2614 3730 Epistolam
2659 3653 2960 3717 convertit,
3012 3652 3106 3706 sed
3149 3650 3404 3721 pleraque
3446 3649 3548 3702 alia
3606 3649 3662 3702 in
3719 3644 3897 3700 eadem

2326 3766 2504 3814 causa,
2531 3764 2652 3805 cum
2693 3743 2995 3813 Theophili,
3027 3753 3136 3806 tum
3165 3743 3390 3796 aliorum
3426 3740 3645 3809 scripta,
3677 3734 3894 3808 Synodi,

2329 3843 2584 3912 inquam,
2633 3837 3099 3907 Jerosolyntilana‘.
3152 3845 3507 3900 responsum,
3561 3837 3615 3883 et
3669 3823 3896 3896 Dionysii

2329 3930 2631 3993 Liddensis,
2657 3938 2710 3983 et
2734 3925 3040 3996 Epiphanii,
3063 3933 3224 3992 atque
3253 3921 3376 3986 alia,
3411 3929 3573 3988 utque
3593 3927 3679 3972 est
3703 3913 3901 3971 verosi-

2331 4026 2633 4088 utillimum,
2661 4021 2869 4084 omnia,
2897 4033 3017 4088 qua:
3039 4015 3143 4070 hoc
3167 4030 3309 4068 anno
3345 4013 3558 4066 inerunt
3586 4019 3770 4064 eootra
3792 4004 3904 4060 Ori—

2332 4120 2566 4190 genistas
2593 4114 2924 4170 elucubrata.
2951 4110 3082 4177 Quae
3108 4106 3322 4177 quidem
3356 4119 3453 4159 nos
3483 4104 3712 4173 primum
3741 4096 3902 4152 maxi-

2335 4225 2476 4265 mam
2499 4216 2645 4262 certe
2673 4215 2878 4276 partem
2911 4202 2964 4255 in
3006 4200 3180 4254 lucem
3211 4195 3556 4266 protulimus,
3583 4201 3641 4247 et
3673 4203 3795 4245 cum
3821 4192 3907 4238 aut

2337 4299 2671 4356 nescirentur
2699 4293 2856 4364 plane
2892 4298 3073 4354 antea,
3121 4295 3216 4340 aut
3256 4282 3531 4355 deperdita
3557 4280 3759 4351 jamdiu
3799 4289 3910 4328 crc-
3955 4331 3959 4334 ,

2339 4394 2616 4454 derentur,
2656 4382 3086 4456 llicronymianis
3127 4379 3346 4448 reliquis
3384 4385 3571 4446 utpote
3608 4380 3909 4443 germanam

2343 4484 2527 4557 procul
2568 4481 2734 4536 dubio
2762 4476 2960 4547 ingenii
2996 4473 3112 4544 ejus
3153 4470 3340 4527 sobole
3379 4465 3776 4522 adeonsuimus.
3799 4456 3910 4512 Alio

2342 4587 2520 4631 autem
2541 4580 2788 4643 respectu
2819 4570 2956 4624 inter
2983 4581 3043 4621 se
3062 4573 3220 4634 atque
3244 4562 3431 4616 ordine
3457 4559 3528 4614 ibi
3555 4559 3910 4620 recensentur.

2345 4669 2414 4722 ab
2442 4683 2506 4722 co
2525 4665 2612 4736 qui
2631 4677 2774 4717 nunc
2801 4659 2970 4729 magis
2995 4656 3290 4720 adrideret,
3320 4662 3374 4707 et
3394 4650 3460 4704 ad
3486 4663 3644 4719 quem
3679 4644 3796 4698 hcic
3819 4635 3912 4692 loci

2346 4759 2582 4827 exigere,
2613 4769 2717 4807 non
2744 4751 2840 4805 abs
2879 4763 2938 4804 re
2962 4745 3191 4809 videtur,
3220 4741 3451 4804 tametsi,
3490 4747 3547 4793 ut
3576 4742 3757 4804 aperte
3783 4723 3914 4797 quod

2350 4847 2522 4903 sentio
2550 4845 2745 4904 dicam,
2777 4854 2951 4909 neque
2978 4837 3066 4890 hic
3104 4835 3234 4889 satis
3261 4831 3534 4900 probetur,
3565 4836 3736 4893 neque
3767 4828 3916 4886 porro

2351 4938 2584 5002 videam,
2607 4935 2651 4988 si
2677 4933 2798 5002 quis
2831 4931 2884 4984 in
2913 4936 3059 4983 tanta
3098 4922 3444 4996 pugnantium
3471 4927 3657 4972 contra
3710 4927 3767 4965 se
3791 4905 3912 4962 invi-

2353 5046 2469 5086 cem
2508 5023 2934 5082 testimoniorum
2960 5017 3294 5081 diversitate,
3323 5021 3572 5082 quantam
3611 5002 3750 5061 haud
3779 4996 3921 5053 facile

2355 5119 2560 5184 credet,
2589 5116 2678 5185 qui
2707 5113 2855 5168 hisce
2876 5106 3219 5164 monimentis
3246 5117 3460 5158 manum
3487 5115 3592 5154 non
3615 5086 3918 5151 admoverit,

2357 5218 2535 5266 certus
2564 5203 2752 5261 excudi
2784 5201 2970 5270 possit.

2431 5297 2497 5353 ν.
2540 5294 2748 5351 Fecerit
2771 5268 2948 5360 itaque
2974 5287 3201 5343 Sanctus
3223 5284 3378 5339 Pater
3403 5281 3469 5335 ab
3500 5268 3924 5348 interpretatione

2363 5386 2638 5445 Paschalis
2680 5382 2936 5453 Epistula:
2965 5377 3172 5432 initium
3203 5391 3216 5427 :
3243 5389 3363 5444 qua:
3398 5373 3568 5441 prima
3617 5372 3669 5424 in
3701 5361 3925 5420 Editiom

2366 5489 2548 5537 nostra
2574 5487 2676 5540 est,
2705 5484 2760 5531 ct
2789 5474 2933 5543 iuxta
2962 5467 3293 5524 certissimas
3313 5464 3465 5535 Cycli
3484 5458 3758 5518 Paschalis
3782 5460 3922 5517 reguv

2369 5571 2449 5624 las
2475 5567 2744 5639 hujusmet
2764 5563 2891 5618 anni
2913 5559 3014 5615 401
3043 5558 3244 5611 Pascha
3273 5553 3575 5618 denuntiat,
3625 5544 3760 5618 quod
3787 5548 3929 5593 nono-

2371 5629 2564 5714 decinio
2592 5658 2673 5711 die
2714 5651 2896 5708 mensis
2926 5644 3254 5711 Pharmuthi,
3287 5642 3337 5697 id
3368 5651 3471 5708 cst,
3505 5640 3699 5714 Aprilis
3739 5629 3926 5688 decimo
