4050 6188
189 246 298 303 ὶὸἾ

193 368 401 427 quarto
428 360 777 433 designatur.
808 363 872 418 Et
900 354 1070 434 primo
1090 364 1304 434 quidem
1333 362 1490 430 Vere,
1534 363 1578 416 si
1611 361 1807 431 placet,

198 452 400 506 Latine
442 453 589 509 hanc
627 453 904 521 rcfuderit,
945 465 1001 509 ut
1046 457 1115 511 ab
1139 471 1204 510 eo
1247 466 1487 525 tempore
1522 455 1591 508 ad
1620 453 1809 508 subsc-

198 543 424 611 qucntis
470 545 599 597 anni
641 551 903 605 asstatem,
935 560 1056 599 cum
1105 546 1318 600 tertium
1348 546 1605 600 adversus
1636 542 1807 598 Rulli-

198 649 346 687 uum
388 633 611 689 Librum
652 646 918 700 exararet,
948 651 1079 691 vere
1121 636 1337 703 dixerit,
1369 637 1525 704 ferme
1549 636 1803 691 biennium

196 725 607 781 intercessisse.
632 725 832 781 Lucum
878 727 1013 781 infra
1059 727 1413 782 laudabimus.
1465 728 1579 781 Huc
1623 736 1800 781 autem

194 817 418 871 referre
450 819 578 873 illud
609 819 787 885 liceat,
815 819 957 889 quod
987 820 1211 889 primam
1255 828 1623 888 tempestatem
1654 818 1799 872 illam

194 911 341 964 anni
378 910 433 965 S.
484 911 755 982 lnterpres
808 920 976 977 nutat,
1024 927 1143 966 cum
1200 911 1437 980 Epistula
1475 910 1681 965 XCVII.
1730 909 1798 964 ad

189 1000 613 1055 Pammachium
645 1011 699 1055 et
724 1002 1045 1067 Marcellam,
1074 1002 1289 1056 mittens
1316 1001 1625 1057 Paschalem
1666 1001 1799 1055 alte-

186 1102 347 1156 ram,
374 1092 595 1159 Rursus,
627 1094 723 1158 ait,
755 1094 1097 1148 Orientalibus
1134 1110 1219 1147 vos
1249 1095 1500 1163 locupleto
1528 1092 1793 1158 merCibus,

181 1189 227 1231 et
262 1181 661 1235 Alexandrinas
705 1199 824 1253 apes
853 1184 1015 1251 primo
1057 1182 1274 1237 Romam
1324 1183 1450 1237 Vere
1486 1184 1793 1246 transmitto,

180 1279 238 1320 ut
278 1270 430 1324 illud
474 1273 639 1340 primo
680 1288 792 1324 uere
821 1272 887 1324 ad
926 1283 1206 1342 utramque
1234 1273 1567 1339 Paschalem,
1615 1272 1794 1340 hujus,

177 1359 452 1429 inquam.
499 1372 554 1417 et
600 1363 979 1433 subsequentis
1010 1365 1157 1429 anni,
1208 1364 1257 1417 vi
1306 1364 1544 1418 adverbii
1596 1379 1792 1428 rursus,

176 1452 345 1521 quod
383 1462 675 1523 utrumque
705 1456 987 1509 sententia:
1014 1455 1315 1510 membrum
1346 1454 1564 1520 afﬂciat,
1598 1455 1797 1510 relera-

176 1553 307 1594 tur.
341 1540 417 1595 Ita
449 1557 548 1596 nos
576 1557 753 1597 rerum
777 1544 911 1597 ordo
930 1542 1261 1615 ‘compunere
1284 1545 1520 1599 rationes
1538 1545 1711 1614 jubet,
1738 1554 1792 1599 ut

176 1631 277 1686 lex
310 1630 510 1686 deinde
535 1631 712 1701 aliqua
739 1633 1013 1699 alTulgeat.

261 1722 357 1775 V’l.
381 1718 649 1777 Cmterum
674 1738 781 1777 non
802 1724 1135 1787 Paschalem,
1150 1724 1245 1778 sed
1265 1724 1582 1795 Synodicam
1607 1726 1783 1793 priore

181 1812 309 1879 ipse
338 1812 460 1867 loco
484 1813 745 1875 nominat,
775 1830 839 1868 ex
869 1814 971 1877 his,
1001 1829 1119 1882 qua:
1145 1814 1335 1883 insigni
1364 1816 1668 1871 testimonio
1688 1818 1780 1871 illo

180 1901 285 1954 lib.
319 1901 409 1956 ΠΙ.
452 1912 637 1957 contra
670 1903 938 1957 Ruftinum
966 1903 1033 1958 de
1064 1904 1342 1973 Theophili
1382 1907 1594 1975 scriptis
1623 1921 1680 1961 se
1702 1910 1778 1961 ait

181 1993 551 2047 transtulisse.
582 1992 768 2058 Duas,-
802 1993 972 2062 iuquit
993 2030 1012 2060 ,
1043 1994 1356 2064 Synodicam
1393 2004 1441 2049 et
1473 1995 1774 2051 Paschalem

180 2083 297 2151 ejus
342 2082 364 2152 (
388 2081 710 2151 TheOphili)
742 2083 1002 2153 Epistolas
1030 2095 1205 2137 contra
1250 2084 1517 2155 Origenem
1540 2086 1776 2156 illiusque

181 2173 489 2239 discipulos,
537 2183 586 2226 et
614 2175 747 2227 alias
774 2175 1017 2229 adversus
1056 2175 1429 2244 Apollinarium
1452 2185 1503 2230 et
1545 2179 1775 2230 eumdem

182 2262 460 2333 Origenem
486 2280 577 2333 per
601 2264 696 2318 hoc
722 2268 881 2334 ferme
911 2266 1166 2319 biennium
1190 2267 1548 2336 interpretatus
1572 2283 1700 2332 sum,
1728 2275 1775 2321 et

178 2356 231 2407 in
258 2357 657 2423 adificationem
684 2355 933 2410 Ecclesia:
971 2357 1210 2427 legendas
1240 2366 1425 2412 nostra:
1452 2359 1640 2427 lingua:
1675 2360 1771 2411 Ito-

178 2447 405 2501 minibus
429 2447 569 2502 dedi.
615 2449 800 2504 Potest
829 2450 880 2503 in
910 2464 1027 2503 eam
1058 2465 1271 2520 quoque
1300 2466 1413 2505 rem
1443 2452 1581 2506 sumi
1609 2466 1770 2521 argu-

177 2550 423 2593 mentum
454 2554 521 2593 ex
550 2539 703 2605 loco,
735 2555 895 2610 quem
926 2541 979 2594 in
1016 2541 1385 2597 Ambrosiam:
1424 2542 1770 2597 Bibliotheca:

176 2629 554 2697 manuscripto
585 2630 770 2685 codice
794 2645 928 2684 auro
951 2639 1139 2685 contra
1166 2646 1229 2686 ac
1252 2633 1477 2701 gemmis
1500 2633 1769 2686 :rstiman-

175 2721 276 2787 du,
323 2720 535 2775 obtinet
564 2739 577 2773 :
609 2720 661 2775 in
706 2736 813 2791 quo
849 2737 973 2777 cum
1002 2722 1180 2777 omnia
1229 2721 1394 2777 ferme
1432 2723 1765 2793 Origcniame

173 2828 357 2868 causa:
385 2830 449 2869 ac
494 2815 852 2870 damnationis
880 2814 1205 2870 munimenta
1233 2816 1327 2871 abs
1356 2817 1680 2887 Hieronymo
1710 2818 1761 2871 in

174 2904 428 2960 Latinum
480 2908 735 2962 translata
782 2910 1176 2973 contineantur,
1209 2908 1472 2975 Synodica
1521 2908 1763 2977 proxime

174 2997 500 3052 Paschalem
540 2998 703 3067 hujus
732 3000 856 3052 anni
890 2998 1181 3067 Epistulam
1210 3001 1496 3056 antecedit.
1535 3002 1763 3055 Antece-

173 3088 247 3142 dit
278 3097 463 3143 autem
488 3104 595 3142 non
620 3090 971 3158 imprudentis
995 3090 1291 3158 Antiquarii
1312 3091 1478 3145 lubitu
1502 3099 1593 3144 aut
1612 3106 1758 3156 casu,

176 3183 272 3233 sed
290 3180 496 3245 dedita,
517 3189 575 3234 ut
594 3180 843 3250 colligere
862 3182 984 3235 licet
1005 3197 1070 3235 ex
1087 3182 1556 3251 consequentibus,-
1574 3196 1759 3250 opera;

174 3285 301 3323 nam
334 3270 537 3341 alioqui
568 3282 836 3339 geSIorum
878 3272 1031 3336 ordo,
1063 3281 1118 3326 et
1145 3273 1395 3327 materies
1422 3272 1759 3341 postulabat,

174 3368 233 3413 tn
274 3362 421 3414 illam
451 3374 594 3431 pone
622 3362 1039 3431 subsequeretur
1063 3362 1262 3433 Synodi
1297 3362 1760 3430 Jerosulymitana:

175 3451 492 3519 responsio,
522 3466 632 3505 non
678 3450 952 3506 Paschalis
998 3451 1085 3505 illa
1136 3451 1407 3522 Epistula,
1456 3467 1575 3521 qua:
1620 3453 1761 3508 inter

176 3550 455 3609 utramque
480 3541 743 3610 conjecta,
772 3540 841 3596 ad
866 3541 1021 3597 ﬁdem
1046 3544 1391 3598 vetustissimi
1413 3545 1753 3614 exemplaris,

176 3646 235 3684 ac
267 3632 524 3701 temporis
551 3630 705 3686 facile
735 3632 1154 3702 llieronymiani,
1175 3634 1243 3687 ita
1271 3633 1401 3687 olim
1435 3635 1754 3690 collocatam

177 3736 233 3776 se
260 3723 477 3801 indith
508 3724 638 3790 Qua:
662 3724 879 3793 quidem
902 3726 1023 3781 ideo
1050 3726 1392 3795 replicamus,
1418 3727 1557 3793 quod
1580 3728 1756 3783 adhuc

176 3827 232 3865 re
258 3814 368 3880 ipsa
397 3826 499 3867 nos
527 3823 795 3878 moveant,
827 3825 986 3886 atque
1012 3816 1238 3885 expendi
1265 3817 1334 3871 ab
1371 3817 1749 3872 ernditioribus

180 3903 397 3957 velimus
426 3922 442 3957 :
470 3904 702 3973 denique
742 3915 799 3957 ut
846 3920 911 3958 ne
942 3906 1214 3960 videamur
1240 3908 1366 3960 olim
1388 3947 1403 3971 ,
1431 3922 1553 3962 cum
1577 3907 1751 3980 Sync-'-

175 3988 341 4047 dicam
372 3995 542 4063 ipsam
583 3996 870 4059 edidimus,
896 3997 1084 4051 leviter
1125 4012 1190 4051 ex
1222 3996 1324 4052 huc
1351 3998 1540 4053 ordine
1566 4000 1750 4069 conjea

176 4093 373 4138 cturam
407 4085 601 4140 fecisse
630 4085 698 4139 de
726 4086 1084 4140 translationis
1115 4089 1483 4157 prterogativa.
1517 4090 1585 4144 At
1608 4091 1751 4144 enim

176 4178 218 4229 si
250 4178 424 4245 priore
450 4176 572 4231 loco
611 4178 874 4233 redditam
922 4179 1111 4235 Latine
1138 4179 1462 4251 Synodicam
1499 4182 1748 4249 dicimus,

177 4282 289 4334 qua:
317 4267 418 4320 nisi
449 4276 571 4336 pust
588 4266 959 4338 Septembrem
987 4285 1225 4324 mensem
1249 4270 1575 4342 Hieronymo
1602 4272 1754 4325 innu-

181 4367 378 4413 teseere
411 4359 635 4414 omnino
663 4375 769 4414 non
815 4361 986 4430 potuit
1014 4362 1102 4431 (eo
1132 4361 1390 4430 siquidem
1428 4376 1612 4418 mense
1640 4363 1755 4417 fere

183 4449 351 4501 medio
374 4490 390 4513 ,
425 4448 614 4504 Graece
657 4451 833 4506 adlmc
875 4452 1170 4521 perscripta
1213 4454 1279 4506 ab
1308 4461 1524 4507 auctore
1551 4453 1616 4507 ad
1650 4454 1751 4507 Pa-

183 4536 408 4611 la-stinos
454 4538 748 4607 Episcopus
792 4541 843 4593 in
887 4540 1041 4595 IElia:
1088 4542 1358 4596 Eneteniis
1402 4551 1752 4612 congregatus

183 4627 330 4681 missa
375 4631 483 4697 cst)
513 4630 732 4684 minime
772 4631 861 4684 illa
891 4632 1090 4686 biennii
1121 4633 1276 4696 ratio,
1324 4649 1481 4702 quam
1513 4642 1662 4687 notat
1691 4633 1749 4687 S.

184 4714 460 4785 lttterprcs,
488 4720 776 4781 constabit,
811 4720 911 4774 nisi
937 4722 981 4775 si
1009 4735 1126 4775 eam
1154 4731 1402 4790 putemus
1428 4722 1751 4790 prmcedenti

184 4819 309 4859 anno
348 4806 459 4863 400
496 4810 769 4878 scriptam.
800 4810 929 4878 Qua:
958 4812 1171 4878 quidem
1198 4812 1458 4866 sententia
1499 4814 1624 4866 olim
1658 4828 1754 4868 no-

183 4905 279 4947 Stra
311 4907 468 4959 erat;
498 4899 590 4952 sed
621 4900 839 4954 obstare
884 4901 1224 4970 postmodum
1267 4902 1378 4956 visa
1408 4911 1490 4958 est
1519 4918 1698 4957 rerum
1735 4944 1750 4969 ,

184 5000 288 5052 qua:
319 4983 669 5056 subsequuta:
693 4998 839 5054 sinit,
870 4990 1059 5054 series,
1090 5002 1246 5060 atque
1272 4992 1397 5045 illud
1424 5007 1543 5045 cum
1565 4992 1751 5061 primis

187 5075 309 5141 qttod
338 5074 411 5130 de
432 5076 721 5147 transfugis
736 5079 1028 5144 Monachis,
1055 5079 1230 5150 deque
1257 5089 1333 5135 tot
1359 5081 1589 5136 motibus
1618 5098 1753 5151 quos

186 5163 429 5235 Synodica
472 5182 763 5237 memorat,
814 5172 1087 5225 Paschalis
1133 5173 1253 5227 silet
1283 5190 1298 5226 :
1325 5188 1444 5243 qua:
1490 5175 1754 5243 sequioris

191 5260 421 5326 temporis
449 5270 579 5316 nota
609 5272 698 5315 est
719 5300 733 5322 ,
766 5275 891 5313 cum
919 5275 981 5314 ea
1027 5262 1385 5331 contigerunt.
1429 5262 1591 5331 Igitur
1634 5270 1754 5331 pust

190 5362 353 5407 novem
379 5352 497 5409 fere
524 5352 596 5408 ab
627 5351 733 5405 hac
759 5366 973 5405 menses
1011 5351 1204 5420 scripta
1240 5352 1327 5405 illa
1351 5353 1522 5408 videri
1555 5362 1751 5422 potest,

185 5454 227 5497 et
246 5445 371 5501 haud
394 5447 571 5501 multo
596 5451 742 5515 post,
773 5442 964 5496 eodem
992 5451 1234 5496 vertente
1265 5453 1439 5496 tamen
1464 5458 1609 5497 anno
1645 5443 1747 5497 401

168 5538 253 5590 "aut
291 5535 688 5609 subsequentis
718 5531 872 5587 initio
902 5532 955 5586 in
984 5530 1231 5587 Latinum
1265 5546 1416 5587 versa
1447 5533 1543 5587 abs
1571 5533 1759 5586 lliero-

176 5641 327 5688 anno.

1498 250 1556 303 s.
1600 242 1974 302 lllEBONYlll
2019 247 2200 303 \‘t'ra.

3407 269 3506 322 1ῖὸ

1998 361 2105 417 ὶἸΙ.
2136 364 2239 418 Sed
2259 363 2750 435 interpretationem
2774 372 2940 441 ipsam
2967 376 3109 445 quod
3132 387 3354 447 Spectat,
3381 381 3500 436 dua:

1914 454 2054 518 alite,
2080 455 2183 508 nisi
2210 456 2497 512 admodum
2527 459 2781 527 fallimur,
2812 463 3063 531 Epistula:
3088 484 3493 539 prmcesserunt,

1912 560 2138 615 quarum
2165 557 2335 603 altera
2363 550 2647 620 Theophili
2677 552 2741 605 ad
2774 553 3179 626 Hieronymum,
3208 562 3367 615 altera
3399 565 3497 617 ιιιι-

1905 635 1995 705 jus
2037 638 2101 691 ad
2140 640 2287 693 illum
2332 642 2637 710 RCSIHJISiO
2680 652 2760 697 est
2792 660 2805 696 ε
2836 643 2925 697 illa
2958 660 3182 700 nntncru
3211 650 3490 721 LXXXIX,

1910 726 2022 781 haec
2052 728 2319 783 LXXXVI
2358 731 2409 785 in
2451 733 2700 787 Editiunc
2732 744 2914 788 nostra
2946 746 3327 803 praenotantur.
3354 744 3497 796 Seri-

1906 818 1983 872 ltit
2012 821 2347 891 Theophilus
2376 840 2467 894 per
2500 825 2843 881 Theodorum
2876 827 3236 895 monachum,
3270 834 3355 900 qui
3390 831 3491 885 ilo-

1905 926 2038 964 mam
2065 915 2411 985 navigaturus,
2438 914 2596 972 facile
2614 919 2677 972 ad
2695 918 2969 975 ferendum
2985 924 3267 976 Anastasio
3284 922 3350 977 dc
3371 940 3494 993 pro-

1903 1002 2095 1072 ﬂigatis
2117 1004 2433 1076 Origenistis
2459 1010 2727 1075 nuntium,
2756 1012 2920 1065 noluit
2955 1022 3075 1066 ante
3094 1016 3369 1083 proﬁcisci,
3399 1018 3495 1069 nisi

1904 1093 2284 1166 Hieronymum
2310 1108 2361 1153 et
2401 1111 2605 1155 sanctos
2644 1106 2849 1172 fratres,
2883 1104 3116 1171 quicum
3156 1121 3221 1161 eo
3262 1109 3492 1161 erantin

1904 1182 2235 1252 Monasterio,
2260 1190 2406 1254 quasi
2447 1207 2541 1243 sua
2570 1192 2756 1245 viscera
2801 1195 3195 1263 amplexaretur,
3225 1208 3272 1251 et
3306 1199 3490 1252 inrise.

1902 1286 1995 1329 ret.
2042 1277 2223 1345 Quem,
2256 1282 2466 1347 subdit,
2495 1300 2608 1337 cum
2636 1290 2915 1355 susceperis
2942 1306 3034 1356 pro
3066 1290 3295 1345 Ecclesia
3340 1304 3485 1345 tran-

1901 1368 2152 1435 quillitate
2180 1371 2371 1426 (tutare.
2415 1371 2547 1425 Vidit
2571 1376 2704 1427 enim
2733 1388 2913 1429 cuncta
2940 1377 3123 1434 Nitrite
3145 1379 3480 1445 Monasteria,

1900 1466 1945 1507 et
1974 1457 2160 1524 referre
2188 1471 2351 1527 potest
2374 1465 2735 1518 continentiam
2772 1476 2819 1520 et
2848 1472 3281 1525 mansuetudinem
3306 1490 3483 1527 mona—

1896 1545 2108 1600 cliorum
2137 1563 2156 1601 :
2179 1552 2431 1615 quomodo
2458 1555 2689 1608 extinctis
2712 1566 2759 1610 et
2784 1560 2974 1628 fugatis
3007 1560 3238 1630 Origcuis
3264 1574 3479 1617 sectatae

1892 1633 2051 1700 ribus,
2098 1654 2203 1704 pax
2244 1637 2474 1694 Ecclesia
2518 1644 2715 1697 reddita
2753 1648 2851 1711 sit,
2882 1658 2929 1700 et
2970 1651 3241 1719 disciplina
3270 1654 3477 1708 Domini

1888 1736 2219 1780 conservetur.
2252 1728 2414 1797 Atque
2438 1731 2628 1784 utinam
2655 1735 2795 1802 apud
2827 1752 2911 1789 vos
2940 1753 3137 1809 quoque
3169 1740 3474 1811 deponerent

1887 1812 2214 1883 Iiypocrisim,
2259 1820 2348 1887 qui
2386 1824 2579 1876 occulte
2625 1824 2863 1879 dicuntur
2909 1830 3147 1886 subruere
3189 1835 3466 1890 veritatem.

1883 1900 1978 1956 Ha:
2008 1905 2195 1973 prima:
2235 1907 2482 1963 videntur
2525 1910 2803 1983 Theophili
2850 1915 2918 1969 ad
2958 1917 3207 1973 Nostrum
3253 1922 3420 1977 litera:
3448 1966 3464 1992 ,

1882 1992 2071 2061 quibus
2097 1994 2166 2050 de
2186 1996 2372 2065 ejectis
2396 2015 2426 2053 e
2443 2000 2630 2071 Nitria:
2650 2015 2831 2060 monte
2854 2006 3167 2077 Origcnistis
3188 2017 3465 2069 monachis

1882 2085 2178 2139 nuntiatum
2211 2084 2312 2141 est.
2360 2088 2743 2147 lntercesserat
2768 2110 2898 2148 vero
2934 2097 3043 2164 jam
3071 2099 3285 2168 aliquod
3314 2106 3380 2159 ab
3408 2122 3465 2159 re

1879 2184 2030 2240 gesta
2060 2178 2319 2245 temporis
2362 2181 2592 2248 spatium
2626 2200 2639 2236 :
2672 2184 2933 2253 siquidem
2963 2197 3017 2241 et
3044 2190 3133 2257 qui
3171 2191 3354 2246 Nitriae
3383 2210 3466 2248 rc~

1880 2277 2189 2322 manserunt
2218 2270 2460 2325 Monachi
2489 2288 2553 2328 ex
2575 2275 2842 2330 seditione
2866 2278 2976 2345 jam
3005 2294 3064 2333 se
3100 2282 3151 2334 in
3198 2286 3457 2355 tranquil-

1882 2353 1989 2410 lum
2020 2360 2376 2427 contulerant,
2408 2371 2463 2417 et
2488 2363 2553 2418 ad
2598 2380 2692 2420 eos
2736 2366 2827 2435 qui
2876 2366 3011 2437 fuga:
3053 2387 3111 2425 se
3157 2353 3458 2442 dederant,

1878 2450 2275 2518 persequendos
2297 2492 2311 2515 ,
2338 2454 2659 2511 submiserat
2686 2456 3013 2529 Theophilus
3040 2463 3091 2516 in
3121 2464 3455 2523 Palastinam

1875 2536 2097 2606 legatos,
2130 2540 2373 2597 Priscum
2402 2552 2561 2613 atque
2603 2546 2887 2613 Eubulum,
2932 2551 3121 2620 quibus
3149 2556 3279 2610 nihil
3305 2558 3370 2612 ad
3397 2576 3456 2615 se

1873 2626 2174 2711 litterarum
2200 2632 2434 2699 dedisse,
2465 2636 2658 2691 blande
2683 2638 3040 2712 Hieronymus
3068 2657 3302 2714 qumstus
3330 2660 3412 2705 cst
3436 2671 3450 2716 ;

1873 2718 2041 2786 Unde,
2074 2722 2340 2792 inquiens,
2374 2728 2489 2781 licet
2516 2746 2607 2798 per
2636 2728 2854 2786 Sanctus
2886 2733 3112 2803 Fratres,
3142 2738 3376 2794 Priscum
3407 2754 3454 2796 et

1868 2812 2127 2869 Eubulum
2156 2827 2271 2873 tuus
2292 2820 2360 2872 ad
2383 2837 2476 2874 nos
2496 2838 2659 2877 sermo
2680 2828 2942 2879 cessaverit
2966 2844 2984 2881 :
2998 2839 3163 2883 tamen
3179 2833 3318 2898 quia.
3342 2843 3454 2885 etc.

1867 2902 1993 2958 H330
2030 2920 2190 2973 porro
2218 2908 2277 2963 S.
2309 2910 2553 2964 Docturis
2582 2913 2846 2980 Epistula,
2871 2917 3036 2968 altera
3056 2957 3070 2981 ,
3105 2918 3353 2985 inquam,
3385 2937 3452 2975 ex

1867 2990 1953 3046 his
1979 2994 2047 3047 de
2068 2997 2265 3062 quibus
2288 2997 2645 3067 disputamus,
2680 3001 3130 3069 quemadmodum
3164 3008 3341 3060 multis
3370 3012 3450 3063 vi-

1866 3080 2056 3147 detur,
2103 3099 2204 3137 nec
2247 3100 2381 3141 sane
2420 3096 2507 3141 est
2557 3096 2756 3154 praeter
2802 3091 3342 3163 verisimilitudincm,
3385 3100 3449 3153 ad

1868 3171 2319 3242 Theophilensem
2363 3176 2508 3231 illam
2554 3177 2857 3248 Responsio
2881 3191 2963 3236 est
2996 3187 3274 3242 :camdent
3306 3202 3451 3248 certe

1867 3265 2040 3318 multo
2070 3266 2395 3322 luculentius
2424 3269 2682 3339 temporis
2711 3280 2890 3327 notam
2930 3274 3192 3345 designat.
3224 3279 3408 3350 Nuper
3437 3324 3450 3346 ,

1866 3357 2056 3427 inquit,
2088 3368 2188 3412 tute
2212 3358 2549 3414 Beatitudinis
2579 3364 2752 3431 accepi
2775 3366 2985 3434 scripta,
3015 3370 3331 3424 emendantia
3367 3390 3448 3427 re-

1865 3457 1944 3501 tus
1984 3448 2260 3515 silentium,
2311 3459 2357 3504 et
2385 3467 2464 3504 me
2490 3452 2559 3505 ad
2586 3453 2792 3506 solitum
2837 3455 3053 3525 ofﬁciunt
3100 3470 3441 3527 provocantia.

1860 3540 2121 3594 Nimirum
2151 3542 2346 3610 scripta
2375 3542 2471 3597 ista
2499 3559 2604 3599 non
2622 3544 2724 3598 alia
2746 3555 2887 3610 sunt,
2908 3559 3160 3616 quantum
3179 3552 3441 3623 intelligo,

1860 3645 1890 3684 a
1918 3630 2182 3702 Synodica
2214 3634 2373 3687 toties
2421 3633 2633 3688 laudata
2661 3635 2898 3705 Epistula
2930 3657 2943 3693 :
2974 3657 3074 3709 qua
3101 3659 3261 3713 nuper
3286 3661 3443 3701 acce-

1863 3732 1970 3791 pta,
2001 3735 2346 3791 provocatum
2381 3739 2439 3779 se
2471 3728 2545 3778 ait
2578 3725 2807 3780 Sanctus
2837 3727 2996 3783 Pater
3021 3732 3087 3782 ad
3109 3734 3311 3787 solitum
3332 3738 3443 3805 oﬁi-

1860 3813 2013 3877 cium,
2064 3812 2422 3867 transferendi
2450 3813 2657 3867 scilicet
2701 3814 2752 3866 in
2783 3815 3047 3869 Latinum.
3077 3816 3243 3873 Vetus
3264 3832 3442 3876 autem

1860 3901 1990 3957 illud
2031 3903 2328 3968 silentium,
2358 3902 2501 3972 quod
2542 3903 2737 3971 scripta
2768 3904 3142 3972 emendabunt,
3188 3924 3292 3962 non
3317 3925 3443 3980 erga

1859 4008 1920 4049 se
1949 3992 2191 4047 habitum
2235 3994 2551 4062 cumprimis
2579 3992 2746 4060 dicit,
2779 3994 2871 4049 sed
2905 3996 2956 4049 in
2984 3994 3301 4067 Origeniana
3344 4003 3446 4055 uti-

1859 4097 1965 4153 que
1989 4097 2175 4149 causa,
2204 4081 2346 4151 quod
2364 4083 2692 4152 subsequens
2712 4094 2994 4140 contextus
3010 4086 3446 4146 declarat.0sten-

1859 4174 2001 4239 disti,
2048 4173 2240 4244 inquit,
2289 4173 2426 4242 quod
2468 4173 2725 4238 hucusque
2767 4176 3085 4231 taciturnitas
3135 4181 3445 4249 dispensatio

1860 4265 1979 4336 fuit,
2006 4279 2107 4317 non
2124 4279 2420 4318 consensus.
2442 4262 2623 4318 Libere
2639 4264 2773 4319 enim
2797 4264 3108 4322 Reverentia:
3125 4278 3227 4324 tua:
3244 4273 3442 4345 loquor.

1859 4353 2172 4408 Dolebamus
2196 4362 2245 4407 te
2269 4354 2481 4408 nimium
2506 4369 2613 4407 esse
2641 4355 2933 4424 patientem,
2961 4365 3008 4410 et
3028 4358 3314 4429 ignorantes
3334 4380 3444 4417 ma-

1858 4442 2002 4511 gistri
2022 4440 2384 4513 gubernacula,
2412 4442 2743 4514 gestiebantus
2762 4445 2816 4498 in
2835 4444 3089 4501 interitum
3108 4451 3440 4519 perditorum.

1861 4532 1989 4597 Sed,
2038 4542 2094 4584 ut
2124 4531 2270 4585 video
2312 4532 2611 4588 exuendiin
2652 4549 2861 4587 manum
2900 4535 3008 4601 diu,
3052 4546 3099 4591 et
3135 4541 3446 4609 suspendiin

1861 4623 2089 4694 plagam,
2114 4633 2170 4677 ut
2196 4624 2377 4695 ferires
2407 4624 2607 4695 fortius.
2637 4623 2799 4682 Vides
2825 4642 2932 4697 quo
2960 4628 3229 4687 silentium
3258 4632 3388 4686 illud
3426 4675 3440 4696 ,

1861 4726 2109 4786 totusque
2139 4717 2240 4771 loci
2271 4716 2554 4772 contextus
2580 4727 2805 4787 spectet.
2827 4719 2985 4776 Siluit
3011 4724 3288 4778 enimvero
3318 4734 3443 4793 post

1860 4809 2127 4863 conditam
2174 4807 2485 4862 Paschalem
2529 4808 2777 4877 primum,
2824 4810 2937 4864 sire
2980 4810 3048 4863 ab
3089 4809 3249 4878 hujus
3290 4810 3443 4864 initio

1861 4900 1987 4953 anni
2013 4898 2271 4965 hucusque
2299 4897 2649 4966 Theophilus,
2692 4913 2859 4966 seque
2902 4898 3155 4952 continuo
3191 4899 3319 4953 satis
3347 4915 3443 4969 pa-

1862 4989 2057 5043 tienter
2081 4989 2249 5057 gessit
2277 4987 2537 5042 adversus
2564 4987 2956 5039 contentiusum
2988 4986 3113 5040 illuc
3139 5002 3201 5043 ac
3229 5004 3439 5058 pugnax
3528 4972 3536 4985 ’

1861 5077 2242 5132 Monacltorum
2266 5089 2454 5143 genus,
2474 5073 2572 5142 qui
2596 5073 2960 5140 frequentibus
2979 5072 3210 5142 Synodis
3235 5092 3297 5131 ac
3322 5094 3441 5132 mo-

1862 5171 1988 5224 nitis
2026 5168 2411 5235 Episcopurum
2461 5176 2735 5231 nunquam
2768 5169 3068 5232 parue‘rant.
3111 5166 3222 5220 lloe
3260 5177 3438 5223 autem

1862 5272 2004 5313 anno
2025 5258 2164 5311 circa
2185 5254 2558 5323 Septembrem
2585 5252 2814 5307 tacuisse
2831 5252 2942 5321 jam
2965 5254 3097 5307 satis
3125 5271 3204 5321 se,
3224 5256 3444 5328 jamque

1864 5347 2003 5403 facto
2033 5358 2169 5414 opus
2192 5356 2313 5396 esse
2342 5340 2662 5410 intelligens,
2684 5340 2902 5396 extendit
2924 5358 3147 5408 manum,
3176 5347 3443 5418 coepitque

1867 5440 1922 5494 in
1950 5453 2045 5495 eos
2087 5447 2274 5507 pinnas
2303 5449 2318 5485 :
2345 5444 2480 5503 quas
2510 5430 2723 5505 quidem
2755 5431 2912 5501 paulo
2954 5433 3220 5505 iniquiore
3263 5438 3445 5497 animo

1870 5529 2159 5591 Palladius,
2181 5524 2432 5580 Socrates
2456 5538 2519 5577 ac
2556 5521 2887 5578 Sozomenus
2927 5526 3193 5585 narrando
3220 5543 3444 5599 exagge-

1869 5632 1990 5680 rant
2018 5641 2030 5677 :
2057 5634 2163 5677 non
2193 5616 2293 5670 alia
2321 5613 2386 5670 ab
2414 5612 2518 5670 hac
2541 5622 2715 5668 tamen
2738 5626 2828 5670 res
2855 5624 2959 5684 est,
2987 5633 3146 5688 quam
3174 5619 3441 5691 Synodica
