4050 6188
555 304 658 363 139

559 415 800 491 Epistola
829 414 943 484 ipsa
975 409 1194 465 indicat.
1226 400 1459 457 Omnino
1506 396 1686 464 itaque
1709 405 1951 491 nuperns
1991 389 2140 443 Scri-

561 482 703 584 ptor,
732 508 822 580 qui
852 482 1073 560 laudata
1118 492 1426 563 Hieronymi
1455 487 1616 544 verba
1654 483 1727 584 ad
1768 482 1908 584 aliud
1938 490 2146 584 tempus

562 570 836 672 iespicere
863 599 1122 654 autumat,
1168 599 1327 657 quam
1357 596 1465 652 quo
1497 577 1667 634 exacti
1710 584 1832 631 sunt
1858 574 1925 628 de
1961 570 2146 626 Nitrim

562 666 899 752 Monasteriis
923 681 1267 753 Origctsistm,
1301 687 1354 732 et
1380 673 1646 747 Synodica
1677 677 1862 725 contra
1887 666 2006 720 illos
2027 677 2148 718 con-

562 786 694 847 dita,
723 796 752 834 a
781 776 890 832 veri
919 773 1099 844 specie
1135 767 1282 825 omni
1307 766 1538 821 aberrat.

638 845 768 927 VIII.
799 865 979 922 Videri
1007 872 1186 921 autem
1229 858 1403 914 adhuc
1425 855 1546 910 dum
1577 857 1801 922 possunt
1827 855 1951 902 ante
1971 845 2145 916 Syno-

562 966 735 1020 dicam
759 956 1023 1031 Epistolzn
1073 954 1168 1008 abs
1214 951 1540 1018 Ilieronymo
1569 945 1621 999 in
1653 942 1898 998 Latinum
1929 951 2098 991 versa:
2128 973 2143 999 ,

566 1067 791 1127 quarum
817 1029 1042 1105 alterum
1069 1041 1401 1112 Theophilus
1428 1039 1492 1091 ad
1521 1033 1895 1105 Epiphaniam,
1927 1029 2147 1083 alterunt

561 1126 628 1200 ad
674 1143 924 1199 Nostrum
965 1133 1300 1208 Epiphanius
1361 1128 1524 1184 dedit.
1581 1126 1912 1193 Quamquam
1962 1131 2146 1189 parum

563 1234 815 1306 equidem
847 1233 1028 1292 rel‘ert,
1060 1227 1129 1282 de
1156 1219 1521 1278 translationis
1542 1213 1895 1287 praerogativa
1922 1223 2149 1277 scrupu-

567 1327 735 1382 losius
762 1321 1106 1391 investigare,
1133 1331 1255 1370 cum
1287 1313 1424 1367 intra
1455 1321 1649 1379 paucos
1686 1317 1921 1367 menses,
1953 1309 2004 1354 et
2029 1307 2152 1352 ante

567 1420 940 1488 insequentem
969 1390 1190 1472 annum,
1222 1421 1371 1477 irque
1398 1415 1588 1458 omnes
1613 1399 1854 1453 Romano
1880 1393 2022 1449 cultu
2051 1390 2151 1444 do-

567 1481 860 1565 natae-sint.
894 1504 1079 1560 Priore
1108 1501 1196 1555 illa
1221 1493 1554 1565 Theophilus
1590 1487 1891 1560 Epiphanio
1923 1481 2148 1543 nuntiat,

568 1600 877 1669 egredientes
905 1595 969 1648 de
1005 1590 1231 1646 cavernis
1255 1587 1361 1642 suis
1393 1583 1626 1669 Origenis
1650 1578 1881 1669 colubros
1924 1573 2155 1669 Euange-

569 1663 669 1743 lico
694 1701 811 1742 ense
837 1691 1114 1740 truncatas
1141 1696 1155 1734 :
1183 1687 1230 1732 et
1258 1673 1534 1732 secundum
1575 1668 1760 1723 Nitria:
1787 1663 2157 1719 .Ilonachorum

570 1795 752 1852 agmen
781 1757 1078 1844 contagione
1107 1768 1345 1840 pestifera
1383 1764 1667 1818 liberatum.
1693 1758 1829 1812 Tum
1858 1755 1951 1818 ait,
1980 1753 2158 1852 Pauca

573 1843 694 1943 ei-go
718 1885 780 1924 ea:
805 1868 883 1923 his
911 1843 1026 1937 qua:
1052 1871 1193 1934 gesta
1219 1868 1358 1925 sunt,
1385 1858 1439 1910 in
1463 1851 1697 1909 Generali
1739 1846 2027 1921 (Synodica
2055 1843 2160 1899 sci-

573 1939 723 2036 licet)
749 1956 1003 2030 Epistola,
1025 1972 1176 2027 quam
1196 1953 1263 2007 ad
1284 1965 1458 2005 omnes
1478 1949 1529 2002 in
1550 1959 1810 2036 commune
1834 1939 2012 2036 ditem,
2041 1953 2160 2036 pro-

574 2064 631 2109 ut
661 2028 947 2125 patiebatur
963 2045 1199 2118 angustia
1225 2041 1462 2112 temporis
1485 2032 1861 2104 comprehendi.
1889 2028 2159 2100 Dignatio-

575 2122 784 2197 nistute
811 2147 903 2204 est,
931 2150 1047 2208 quia
1067 2136 1122 2188 in
1151 2128 1500 2199 huiuscemodi
1521 2122 1874 2178 certaminibus
1895 2132 2029 2188 sape
2046 2125 2164 2169 ante

575 2251 668 2289 nos
712 2230 972 2302 pugnavit,
1007 2235 1056 2280 et
1080 2224 1270 2296 positos
1295 2221 1348 2274 in
1375 2217 1550 2288 praelia
1579 2211 1850 2275 consolari,
1879 2217 1924 2264 et
1951 2223 2165 2277 congre-

575 2339 698 2394 gare
715 2300 877 2382 totius
904 2315 1089 2372 insulae
1112 2312 1418 2384 Episcopus,
1447 2323 1507 2360 ac
1524 2303 1810 2394 Synodicas
1839 2300 2030 2394 litteras
2060 2307 2164 2350 tam

576 2389 646 2467 ad
675 2427 788 2478 nos,
827 2423 978 2480 quant
1004 2405 1070 2458 ad
1096 2397 1674 2466 Constantinopolitanae
1693 2390 1830 2446 urbis
1854 2389 2164 2480 Episcopum

579 2504 669 2574 (eo
691 2474 1191 2556 enim-intellexerat
1221 2488 1522 2557 transfugas
1547 2481 1836 2539 Monachus
1865 2474 2164 2548 navigasse)

583 2568 632 2646 et
655 2592 700 2646 si
717 2605 842 2660 quos
866 2587 996 2640 alios
1036 2581 1308 2654 putaveris,
1338 2578 1557 2642 mittere,
1583 2582 1637 2627 ut
1660 2586 1905 2626 consensu
1942 2568 2168 2622 omnium

581 2691 629 2736 et
669 2656 777 2752 ipse
819 2676 1064 2748 Origenes
1101 2671 1423 2736 nominatim,
1448 2675 1497 2721 et
1524 2663 1725 2719 heresis
1752 2660 1950 2733 nefaria
1985 2656 2170 2712 conde-

577 2746 803 2825 mnetur.
831 2746 1039 2830 Alt-era,
1064 2777 1184 2834 qua:
1212 2761 1348 2814 hanc
1375 2755 1614 2827 proxime
1639 2752 1761 2807 data
1782 2757 1884 2813 est,
1911 2746 2170 2818 signiﬁcat

582 2860 918 2933 Epiphanius
965 2855 1290 2923 Hieronymo
1330 2846 1582 2920 gaudium
1633 2858 1699 2898 ex
1749 2838 2169 2933 Origenistarum

587 2927 979 3022 proscriptione
1029 2950 1379 3016 perceptum,
1421 2937 1508 2993 cui
1552 2944 1606 2990 et
1650 2932 1810 2988 mittit
1853 2927 2170 2985 Generalem

588 3040 877 3113 Theophili
905 3037 1226 3108 Epistolam,
1257 3030 1411 3087 facile
1441 3037 1500 3084 ut
1535 3025 1724 3082 Latine
1754 3023 2130 3113 interpretetur
2152 3058 2169 3085 ,

586 3146 639 3190 et
657 3111 828 3188 'Iatius
854 3127 1114 3202 proferat.
1138 3124 1378 3193 Denique
1404 3129 1592 3175 auctor
1615 3125 1717 3182 est,
1745 3123 1802 3170 ut
1821 3127 1957 3184 quos
1984 3111 2174 3202 adver-

586 3240 680 3278 sus
721 3238 840 3280 eam
860 3200 1124 3276 haeresim
1163 3213 1466 3284 scripsisset
1501 3209 1685 3274 libros,
1717 3206 1770 3260 in
1813 3204 2002 3273 vulgus
2029 3200 2170 3256 edat.

592 3317 792 3372 Indicio
817 3321 997 3368 autem
1018 3310 1144 3366 haec
1182 3315 1329 3370 sunt,
1365 3313 1420 3359 et
1448 3301 1680 3358 nondum
1723 3298 1819 3353 abs
1849 3297 2176 3366 Hieronymo

591 3408 758 3461 fuisse
780 3402 1127 3476 Synndicam,
1149 3398 1262 3452 sive
1281 3394 1624 3458 Generalem,
1647 3400 1708 3445 ut
1724 3397 1936 3451 vocant,
1961 3387 2178 3456 Episto-

593 3500 698 3552 lam
726 3496 914 3552 Latine
940 3491 1280 3562 explicatam,
1310 3496 1364 3541 et
1386 3495 1507 3555 post
1529 3483 1778 3551 exiguum
1804 3481 1871 3535 ah
1887 3493 1948 3534 ea
1974 3487 2179 3546 tempo—

595 3589 672 3642 ris
695 3586 924 3656 spatium
950 3581 1046 3636 has
1067 3581 1227 3635 etiam
1257 3577 1438 3630 literas
1467 3572 1714 3640 scriptas.
1749 3570 1995 3624 Dicemus
2022 3567 2179 3637 paulo

598 3685 738 3748 post,
763 3673 956 3746 quibus
978 3667 1295 3727 testimoniis
1313 3664 1380 3720 de
1393 3667 1586 3718 harum
1601 3674 1814 3731 quoque
1835 3658 2182 3714 translatione

597 3783 725 3824 vere
751 3751 1171 3834 ﬂioroﬂymiana
1199 3765 1430 3813 constet.

673 3857 765 3914 IX.
786 3856 987 3913 l’ostea
1015 3851 1176 3923 igitur
1200 3858 1258 3906 et
1283 3844 1609 3921 Synodicam
1640 3841 1847 3899 centies
1875 3839 2138 3895 laudatam
2163 3877 2180 3905 ,

603 3961 660 4009 ct
686 3949 840 4020 cujus
877 3945 1048 4018 gratia
1085 3942 1208 3997 hac
1231 3939 1501 4009 disputata
1528 3942 1656 3990 sunt
1693 3932 1974 3996 hactenus,
2003 3929 2180 3984 vertit.

604 4019 783 4098 Vertit
809 4047 1014 4100 autem,
1041 4033 1145 4090 nisi
1173 4045 1271 4087 nos
1289 4028 1460 4086 series
1482 4024 1802 4082 verosimilis
1823 4037 2001 4078 rerum
2031 4019 2180 4085 fallit,

603 4129 843 4196 Octobri,
861 4134 964 4183 aut
976 4120 1266 4181 Novembri
1295 4132 1482 4176 mense
1506 4133 1520 4172 :
1543 4124 1690 4174 certe
1713 4115 1947 4170 rationes
1964 4103 2033 4166 ita
2060 4110 2187 4166 sub-

606 4227 806 4283 ducere
831 4219 961 4276 illud
995 4231 1104 4273 nos
1127 4213 1290 4285 cogit,
1321 4209 1464 4283 quod
1491 4210 1659 4280 ipsam
1694 4205 2074 4277 autographant
2119 4202 2188 4257 ab

606 4310 974 4371 Alexandrino
997 4305 1250 4363 Antistite
1273 4303 1488 4358 missam
1517 4300 1570 4354 in
1585 4313 1856 4352 commune
1883 4295 1950 4348 ad
1976 4293 2188 4363 Episco-

607 4421 700 4477 pos
723 4405 824 4459 sub
843 4401 1048 4456 initium
1071 4393 1424 4466 Septembris,
1439 4392 1546 4462 jam
1564 4389 1961 4445 constituimus.
1985 4385 2188 4440 Trans-

613 4495 734 4548 tulit
771 4500 951 4545 autem
980 4487 1176 4553 simul,
1204 4483 1499 4550 cadentque
1541 4494 1704 4550 opera
1734 4477 1936 4549 Synodi
1979 4489 2192 4546 quoque

613 4577 1080 4650 Jerosolymitante
1118 4574 1185 4628 ad
1231 4573 1374 4628 illam
1420 4570 1756 4639 Responsum
1777 4607 1792 4630 ,
1817 4565 2142 4637 Synodicam
2171 4605 2190 4631 ,

611 4677 850 4744 inquam,
877 4667 1034 4722 aliam
1067 4664 1135 4719 ab
1162 4660 1426 4732 Epist-opis
1452 4660 1505 4713 in
1531 4657 1694 4712 zElia:
1722 4655 1976 4710 Encaeniis
1995 4669 2196 4724 congre-

611 4743 744 4837 gulis
773 4757 1067 4832 Epistolam
1098 4753 1164 4810 ad
1207 4750 1584 4820 Theophilum.
1628 4746 1816 4816 Incipit
1854 4745 1966 4810 illa,
1997 4743 2196 4799 Damno

610 4833 1112 4910 et'honorabilissimo
1135 4842 1410 4914 Episcopo,
1431 4837 1733 4908 Theophila,
1760 4835 2025 4906 Eulogius,
2042 4833 2199 4888 Joan-

605 4963 699 5002 nes
715 4955 774 5000 et
791 4939 965 4997 ceteri
995 4935 1258 5008 Episcopi,
1285 4933 1371 4996 qui
1401 4928 1726 4999 Ierosolgmis
1745 4928 1794 4980 in
1823 4937 1999 4980 sancta
2020 4925 2198 4980 Enec-

613 5042 816 5090 niorum
860 5032 942 5085 (lie
981 5025 1172 5098 reperti
1212 5031 1350 5078 sunt.
1383 5019 1600 5076 Summa
1641 5024 1944 5082 contextus,
1986 5016 2198 5070 Omnem

616 5121 980 5198 propemodum
1007 5116 1343 5174 Palaestinam
1367 5112 1532 5184 gratia
1550 5109 1739 5165 6hristi
1765 5107 1827 5162 ab
1853 5107 2200 5162 hereticorum

614 5197 841 5270 alienam
882 5225 990 5265 esse
1011 5205 1252 5262 scandala
1271 5245 1286 5271 ,
1327 5212 1510 5274 preter
1538 5215 1726 5272 paucos
1763 5198 1850 5268 qui
1892 5197 2203 5268 Apollinaris

620 5303 876 5359 erroribus
901 5298 1294 5369 adquiescerent.
1318 5291 1598 5349 Exsecrari
1619 5299 1800 5344 tamen
1831 5303 1909 5351 se,
1937 5302 2073 5358 quos
2092 5287 2204 5342 suis

626 5392 721 5446 ille
749 5389 946 5444 litteris
967 5400 1180 5441 errores
1203 5382 1608 5438 denuntiaverat
1629 5396 1642 5433 :
1667 5389 1721 5433 et
1746 5393 1872 5448 quos
1899 5377 1976 5430 vel
2001 5385 2206 5447 propter

629 5479 927 5547 dogmatuns
971 5472 1286 5540 pravitatem,
1311 5471 1389 5524 uel
1417 5479 1621 5538 propter
1647 5467 1777 5521 alias
1805 5482 1984 5520 causas
2007 5482 2040 5519 a
2065 5480 2203 5519 cont-

627 5561 1302 5628 munionesejunxeratmon
1327 5569 1632 5625 recepturos,
1655 5555 1811 5608 donec
1825 5557 1933 5621 ipse
1959 5553 2173 5622 paeniten
2188 5577 2206 5593 -

625 5653 717 5704 tiaz'
746 5661 939 5711 eorum,
966 5645 1010 5697 si
1030 5653 1191 5697 tamen
1215 5643 1459 5698 uoluerint
1478 5643 1718 5696 damnare
1737 5656 1984 5709 perversa,
2013 5641 2207 5694 t'eniant

1827 281 1880 336 S.
1926 271 2304 336 HIERONYMI
2348 268 2529 325 VITA.

3728 256 3844 314 ΗΟ

2253 383 2464 439 dederit.
2499 381 2777 435 Postremo
2820 382 2878 430 et
2918 373 3059 429 aliud
3089 372 3156 428 ad
3199 370 3446 429 eumdem
3477 369 3848 441 TheOphilum

2251 472 2438 528 Latine
2484 481 2609 525 tunc
2651 468 2843 524 Noster
2868 465 3028 522 vertit
3055 465 3390 535 Responsum
3437 462 3674 534 Dionysii
3705 462 3849 519 Lid-

2251 565 2435 619 dcnsis
2464 562 2734 632 Episcopi,
2765 575 2871 630 quo
2899 559 3071 614 eidem
3102 556 3396 627 gratulatur
3421 555 3491 610 de
3518 556 3690 624 ejectis
3712 556 3843 624 (Ms.

2253 653 2444 722 electis)
2468 652 2861 708 sceleratissimis
2881 649 3185 719 blasphemis
3209 648 3354 720 (fort.
3384 647 3686 717 blasphemi)
3715 647 3849 700 Uri-

2253 749 2394 819 genis
2422 745 2704 815 discipulis,
2732 751 2892 812 atque
2919 751 2976 795 ut
3020 740 3223 794 nullum
3269 737 3621 809 persequendi
3651 749 3752 793 eos
3781 739 3850 791 li-

2255 854 2376 893 nem
2401 838 2575 898 laciat,
2601 835 2863 890 hortatur.
2887 833 2994 887 Has
3012 846 3226 902 quoque
3245 830 3378 885 duas
3398 829 3662 900 quantivis
3681 829 3848 899 pretii

2256 931 2393 984 inter
2439 928 2618 983 omnia
2663 923 3054 980 Ecclesiasticai
3103 920 3421 976 eruditionis
3467 921 3799 974 monimenta
3829 960 3848 986 ,

2257 1020 2524 1090 Epistolas
2549 1034 2646 1074 nos
2674 1017 2742 1072 de
2768 1017 2874 1070 situ
2921 1029 2984 1069 ac
3013 1029 3151 1084 pene
3178 1013 3394 1067 interitu
3436 1012 3553 1082 ipso
3581 1011 3632 1066 in
3666 1013 3848 1068 lucem

2256 1113 2432 1166 salvas
2469 1109 2784 1181 protulimus
2822 1123 2836 1160 :
2873 1121 2992 1176 qua:
3031 1104 3565 1174 Hieronymianorum
3603 1101 3848 1173 Operam

2258 1213 2485 1270 partem,
2511 1215 2613 1271 qua
2643 1200 2896 1254 hactenus
2921 1203 3227 1262 caruerunt,
3254 1195 3409 1266 longe
3452 1195 3849 1252 nobilissimam

2257 1293 2494 1363 explent.

2329 1384 2639 1449 Enimvero,
2665 1381 2808 1452 quod
2834 1394 2985 1450 teque
3017 1393 3205 1436 omnes
3223 1380 3292 1435 ah
3331 1379 3424 1436 illo
3462 1380 3660 1436 iuerint
3692 1380 3851 1437 Lati-

2261 1474 2427 1528 nitate
2478 1473 2709 1538 donatae,
2764 1480 2821 1526 ut
2871 1471 3125 1541 pleraque
3177 1469 3281 1525 alia
3330 1486 3470 1526 nunc
3525 1473 3856 1541 praetermit-

2260 1573 2436 1619 tamus
2453 1571 2787 1634 argumenta,
2808 1562 3038 1632 ipsemet
3064 1561 3122 1616 S.
3147 1561 3444 1631 lnterprete
3468 1561 3572 1618 title
3595 1562 3846 1632 jubente,

2261 1665 2596 1726 compertum
2625 1663 2728 1710 est.
2762 1654 2903 1709 Nihil
2932 1669 2998 1709 eo
3023 1653 3222 1709 clarius
3249 1654 3576 1720 testimonio,
3619 1655 3766 1725 quod
3793 1666 3852 1712 et

2261 1765 2422 1819 supra
2441 1748 2771 1804 laudavimus
2783 1763 2850 1804 ex
2868 1749 3023 1802 tertio
3047 1748 3166 1818 ejus
3178 1755 3362 1803 contra
3376 1747 3650 1804 Bullinum
3672 1749 3817 1805 libro
3829 1767 3848 1806 :

2265 1839 2430 1907 Duas,
2458 1841 2792 1925 Sgnodicam,
2823 1851 2870 1894 et
2895 1839 3198 1894 Paschalem
3227 1842 3336 1911 ejus
3365 1840 3695 1912 (Theophili)
3718 1841 3853 1913 Epi-

2263 1931 2422 1984 stolas
2465 1941 2643 1984 contra
2685 1929 2973 2001 Origenem,
3021 1931 3256 2000 illiusque
3293 1930 3588 2000 discipulos,
3632 1942 3682 1986 et
3717 1934 3854 1988 alias

2266 2021 2506 2075 adversus
2527 2020 2900 2091 Apollinarium
2920 2030 2966 2074 et
2987 2022 3212 2075 eumdent
3230 2020 3494 2091 Origenem
3517 2038 3606 2091 per
3631 2022 3726 2076 hoc
3746 2023 3856 2092 fer-

2268 2129 2348 2167 me
2371 2113 2630 2167 biennium
2655 2115 3008 2184 interpretatus
3032 2131 3164 2180 sum,
3191 2123 3237 2168 et
3261 2114 3314 2167 in
3339 2113 3725 2183 adiﬁcationem
3745 2113 3856 2170 Ee-

2267 2202 2435 2256 clesia:
2458 2202 2694 2272 legendas
2715 2212 2901 2256 nostra:
2921 2203 3108 2273 lingua:
3131 2201 3413 2256 hominibus
3438 2202 3572 2256 dedi.
3599 2203 3855 2273 Reliquas

2267 2294 2411 2365 quod
2440 2303 2678 2362 spectat,
2707 2294 2839 2348 nihil
2868 2309 2934 2349 eo
2963 2293 3287 2350 htculentins
3315 2293 3455 2364 quod
3486 2293 3622 2349 habe
3648 2295 3856 2363 Apolo-

2269 2388 2442 2459 getico
2471 2387 2563 2442 lib.
2604 2388 2647 2442 I.
2677 2387 2934 2442 adversus
2964 2388 3212 2443 eumdem
3240 2388 3534 2455 Bullinum,
3576 2405 3725 2444 num.
3759 2389 3852 2444 η.

2273 2476 2385 2543 ubi,
2416 2475 2501 2544 Si,
2534 2477 2726 2547 inquit,
2755 2477 3002 2549 quidquid
3028 2487 3207 2531 contra
3238 2477 3535 2550 Origenem,
3564 2487 3610 2532 et
3637 2489 3857 2535 sectato.

2271 2575 2352 2613 res
2393 2561 2502 2629 ejus
2528 2560 2738 2626 dicitur,
2784 2561 2840 2614 in
2882 2571 2930 2614 te
2973 2561 3158 2614 dictum
3184 2572 3350 2630 putas,
3391 2578 3509 2632 ergo
3537 2573 3583 2615 et
3609 2561 3859 2632 Epistolc

2277 2648 2440 2717 Papia
2465 2648 2748 2719 Theophili,
2772 2659 2819 2703 et
2839 2648 3248 2703 EPIPHANII
3271 2660 3317 2704 et
3338 2649 3612 2706 ALIORU
3619 2652 3669 2704 Μ
3699 2651 3858 2706 EPI-

2277 2740 2716 2807 scoponuu,
2768 2739 2954 2809 QUAS
3010 2740 3306 2806 NUPER,
3359 2744 3482 2814 ipsis
3512 2745 3852 2815 jubentibus,

2279 2832 2720 2897 TRANSTULI,
2745 2843 2793 2888 te
2808 2842 3000 2904 petunt,
3024 2843 3071 2888 te
3095 2835 3342 2890 lacerant.
3364 2833 3570 2906 Quippe
3594 2836 3682 2890 alii
3715 2852 3857 2906 pra:-

2279 2934 2360 2980 ter
2383 2925 2626 2982 laudatos
2665 2924 2733 2981 de
2774 2925 2992 2981 nomine
3019 2925 3274 2996 Episc0pi
3316 2927 3368 2981 in
3398 2927 3682 2997 Origenem
3712 2929 3856 2997 ejus-

2277 3031 2383 3088 que
2409 3025 2703 3072 sectatores
2728 3015 2997 3085 Epistolas
3027 3016 3330 3085 scripsisse,
3359 3031 3491 3088 quas
3519 3032 3616 3088 per
3645 3018 3696 3073 id
3726 3029 3861 3073 tem-

2279 3107 2428 3178 poris
2469 3107 2826 3177 Hieronymus
2872 3105 3060 3160 Latine
3099 3107 3402 3176 explicarit,
3447 3109 3666 3162 minime
3711 3108 3860 3163 inani

2280 3209 2527 3272 possunt,
2550 3199 2594 3253 si
2612 3197 3076 3268 Jerosolymitana:
3096 3199 3409 3268 cumprimis
3429 3196 3632 3270 Synodi
3649 3197 3863 3266 Patres,

2281 3298 2335 3346 et
2363 3289 2648 3360 Dionysius
2674 3288 2776 3344 iste
2805 3287 3085 3343 Liddensis
3111 3303 3216 3342 non
3255 3299 3400 3354 sunt,
3439 3305 3668 3358 quorum
3693 3289 3865 3345 litera:

2282 3377 2646 3450 proferuntur.
2676 3378 2782 3434 Res
2801 3389 3056 3446 praeterea
3083 3377 3196 3447 ipsa
3224 3377 3545 3447 postulabat,
3569 3387 3627 3433 ttt
3649 3379 3867 3450 quando

2285 3471 2568 3540 Theophili
2598 3469 2922 3542 Synodicam
2967 3469 3035 3524 ad
3065 3484 3160 3525 eos
3185 3479 3439 3536 vertet-at,
3471 3470 3662 3526 horum
3699 3471 3864 3527 etiam

2285 3561 2352 3616 ad
2381 3577 2504 3616 eum
2548 3561 2850 3630 Responsa,
2878 3575 2998 3630 quae
3027 3560 3310 3630 plurimum
3339 3561 3596 3617 Ecclesia:
3647 3576 3868 3618 causam

2286 3663 2473 3708 contra
2513 3651 2845 3722 Origenistas
2870 3652 3282 3722 promovebant,
3309 3651 3642 3708 transforret.
3667 3652 3867 3724 Diony-

2290 3745 2430 3801 sium
2461 3745 2606 3800 enim
2632 3743 2774 3813 quod
2802 3753 3026 3813 spectat,
3058 3752 3114 3798 ut
3141 3743 3258 3811 ejus
3279 3742 3570 3812 Epistulam
3597 3743 3868 3812 interpre-

2293 3843 2514 3897 taretur,
2544 3834 2685 3888 ratio
2710 3833 2815 3888 alia
2845 3832 3149 3889 accedebat.
3176 3832 3318 3902 quod
3349 3833 3398 3887 ei
3425 3832 3632 3887 scilicet
3653 3820 3868 3901 junctus

2291 3924 2496 3996 pridem
2543 3933 2662 3980 erat
2702 3923 2958 3989 amicitia,
2991 3933 3049 3978 ut
3095 3939 3203 3992 quo
3250 3934 3492 3992 tempore
3536 3923 3606 3979 ab
3644 3922 3873 3978 Joannis

2290 4013 2724 4086 Jerosolymitani
2755 4028 2815 4068 se
2844 4012 3224 4068 communione
3249 4019 3610 4082 separavcrat,
3650 4011 3718 4067 ad
3747 4027 3870 4066 eum

2292 4106 2501 4162 miserit
2529 4106 2855 4173 baptizatum
2881 4101 3280 4172 Contpetentes,
3305 4117 3441 4172 quos
3467 4102 3520 4156 itt
3547 4101 3874 4158 Nonasterio

2296 4197 2547 4252 habebat.
2585 4197 2744 4263 Quos,
2788 4195 2978 4266 inquit,
3010 4210 3102 4249 nos
3122 4193 3408 4264 Diospolim
3436 4195 3504 4247 ad
3527 4191 3874 4266 Confessorem

2295 4289 2606 4359 Episcopum
2629 4286 2857 4342 misimus
2885 4286 3184 4357 Dionysium
3212 4285 3559 4356 baptizandos.
3585 4285 3875 4354 Diospulim

2296 4389 2474 4435 autem
2499 4389 2556 4435 et
2580 4377 2802 4433 Liddam
2830 4393 2989 4432 unam
3031 4391 3153 4431 esse
3185 4376 3286 4432 sub
3311 4375 3526 4431 diverso
3551 4375 3771 4430 nomine
3795 4375 3877 4430 ci—

2293 4474 2535 4536 vitatem,
2563 4485 2719 4525 nemo
2743 4477 2827 4524 est
2862 4468 2949 4537 qtti
2981 4468 3202 4522 nesciat.

2369 4561 2464 4616 His
2509 4561 2688 4629 itaque
2739 4557 2906 4613 series
2961 4555 3492 4627 Ilieronymianarum
3548 4555 3874 4622 interpreta-

2301 4653 2506 4707 tionum
2538 4651 2696 4719 hujus
2733 4648 2857 4704 anni
2901 4647 3274 4703 concluditur:
3319 4659 3454 4717 quas
3491 4651 3547 4699 et
3575 4659 3777 4714 ponere
3809 4643 3882 4698 ob

2303 4741 2591 4814 legentium
2617 4739 2804 4796 oculos
2829 4739 2898 4795 ad
2935 4738 3126 4794 indicis
3151 4739 3320 4794 instar
3349 4734 3638 4807 praestabit.

2378 4919 2642 4990 Theophili
2671 4915 2937 4972 Paschalis
2969 4913 3132 4986 Epist.
3161 4910 3209 4966 Ι.

2375 5009 2562 5081 Ejusd.
2591 5009 2662 5062 ad
2693 5007 2994 5076 Hieronym.
3029 5020 3148 5075 qua:
3175 5001 3364 5071 incipit
3391 4998 3574 5054 Didici.

2381 5099 2680 5168 Hierongm.
2709 5097 2779 5150 ad
2807 5094 3035 5164 Theoph.
3062 5092 3216 5162 cujus
3242 5091 3450 5146 initium
3478 5085 3684 5158 Nuper.

2382 5186 2649 5256 Theophili
2674 5186 2742 5237 ad
2771 5183 3138 5251 Epiphaniam.

2380 5273 2659 5346 Epiphanii
2683 5273 2751 5325 ad
2777 5271 3161 5342 Hieronymum.

2381 5366 2643 5438 Synodira
2683 5363 2949 5433 Theophili
2981 5364 3050 5415 ad
3077 5360 3356 5431 EpiscOpos
3388 5355 3696 5424 Palwstinos
3722 5367 3767 5414 et
3798 5357 3869 5430 Cg
3897 5389 3902 5393 ι

2451 5471 2608 5527 pnas.

2380 5547 2652 5618 Synodica
2685 5543 3030 5611 Jerosolymit.
3059 5540 3270 5595 Concilii
3294 5540 3361 5591 ad
3385 5537 3662 5606 Tlteophil.

2391 5637 2622 5704 Dionysii
2645 5633 2908 5686 Lidtlcnsis
2937 5629 3174 5689 Enisroui
3199 5626 3262 5682 ad
3295 5624 3566 5682 eumdem.
