4050 6188
216 261 312 327 ΠΙ

776 390 999 449 CAPUT
1034 393 1242 449 XXXII.

215 535 259 593 I.
288 538 591 596 Paschalrn
633 541 895 615 Theophili
928 549 1139 604 alteram
1167 551 1541 621 interpretatur.
1570 555 1640 609 ιι.
1666 555 1796 611 Tum

282 634 488 700 synopsi
502 633 744 690 librorum
762 647 937 692 contra
957 656 1011 693 se
1030 637 1219 710 Ruﬁni
1242 645 1529 711 respondet.
1561 645 1625 699 Ill
1657 646 1794 713 .Quo

286 729 509 788 tempore
536 732 585 775 et
632 721 919 794 Hospitium
948 729 1103 798 juxta
1143 729 1510 786 Honasterium
1550 735 1791 801 ludiﬁcat.

280 808 371 866 IV.
392 813 471 869 Ad
486 831 600 869 eum
621 816 846 887 Ruﬁnus
865 820 1116 891 integrum
1149 823 1410 891 exemplar
1424 823 1791 881 Invectioarum

274 918 486 955 suarum
516 905 685 959 mittit.
704 907 745 961 ν
770 949 783 961 .
813 910 975 979 Atque
1004 927 1102 964 una
1127 910 1429 982 Epistulam,
1458 932 1591 970 nunc
1614 918 1793 986 deper-

277 997 458 1063 ditam,
480 1015 579 1068 qua
608 1000 752 1054 illum
782 1002 989 1073 ejusque
1011 1004 1164 1059 libros
1202 1008 1417 1075 pessime
1456 1010 1660 1079 excipit.
1700 1010 1784 1066 VI.

276 1091 530 1145 Adversus
552 1108 699 1161 quem
722 1092 910 1149 Noster
929 1097 1128 1150 tertium
1156 1097 1469 1170 Apologetioi
1496 1102 1577 1155 sui
1606 1102 1789 1155 librum

273 1181 445 1240 rudit.
484 1183 594 1238 νυ.
638 1182 779 1239 Licet
816 1186 881 1239 ab
937 1188 1241 1257 Aquileiensi
1297 1189 1553 1261 Episcopo
1597 1193 1789 1247 Sancto

271 1269 566 1326 Chromatio
586 1284 813 1343 rogatus,
834 1285 933 1329 uta
951 1278 1209 1333 scribendo
1232 1281 1283 1333 in
1307 1281 1559 1351 Ruﬁnum
1574 1282 1792 1339 abstine-

270 1371 372 1414 ret.
410 1361 545 1417 VIII.
576 1361 653 1417 De
686 1367 1024 1420 commentitia
1052 1367 1280 1439 Epistula
1305 1370 1550 1442 ad‘Afros
1564 1374 1655 1427 sub
1679 1376 1790 1443 ejus

269 1452 482 1505 nomine
501 1452 551 1505 in
573 1455 749 1522 vulgus
774 1456 935 1511 edita.
951 1457 1025 1513 IX
1050 1498 1064 1514 .
1090 1458 1276 1514 Scribit
1309 1461 1379 1514 ad
1399 1464 1565 1518 varios
1584 1464 1788 1535 Episto-

264 1541 371 1608 Ias,
397 1558 514 1610 qua:
538 1556 880 1601 recensentur.

266 1674 311 1728 I.
340 1671 709 1743 Subsequenti
724 1692 867 1732 anno
893 1681 1104 1736 vixdum
1131 1683 1381 1739 inchoato
1403 1687 1596 1755 prodiit
1617 1689 1779 1743 altera

181 1762 481 1832 Theophili
519 1765 790 1821 Paschalis
835 1768 1069 1837 Epistula
1098 1773 1356 1830 adversus
1394 1779 1775 1845 Apollinarium

174 1852 250 1911 ‘et
272 1856 583 1928 Origenem,
611 1858 764 1928 cujus
792 1860 999 1916 initium
1042 1872 1144 1928 est,
1187 1866 1418 1920 Priorum
1446 1868 1775 1925 sotemnitatis

182 1958 445 2016 augtultz,
474 1959 525 2002 et
569 1964 731 2018 quam
773 1966 839 2006 ex
868 1952 1110 2008 Paschali
1141 1958 1294 2027 cyclo
1325 1957 1447 2014 huic
1474 1975 1595 2016 esse
1632 1978 1773 2017 anno

183 2038 620 2103 adscribendam,
651 2051 838 2096 contra
876 2053 1037 2113 atque
1064 2046 1354 2113 Editiones,
1385 2066 1506 2120 qua:
1538 2062 1771 2108 nostram

187 2142 522 2197 prmeessere
546 2170 561 2195 ,
594 2145 783 2186 omnes
828 2132 1061 2202 habent,
1092 2151 1425 2208 compertum
1458 2152 1559 2196 cst.
1605 2146 1775 2214 Atque

189 2216 333 2271 Itane
356 2218 534 2271 statim
558 2217 745 2275 Latine
773 2221 1127 2295 Hieronymus
1153 2230 1477 2298 explicavit,
1520 2243 1577 2287 et
1615 2236 1770 2290 simul

190 2316 352 2375 atque
376 2318 618 2375 apertum
645 2320 729 2365 est
755 2312 1180 2382 navigationibus
1218 2333 1385 2385 mare,
1415 2320 1636 2376 Romam
1672 2341 1771 2379 una

189 2410 313 2449 cum
339 2394 527 2453 Gnaeo
552 2401 864 2469 exemplari,
883 2406 1115 2460 versioni
1142 2422 1252 2461 sua:
1284 2409 1439 2463 fidem
1466 2422 1648 2466 contra
1679 2416 1775 2469 ob-

193 2494 513 2542 trectatores
542 2489 779 2546 facturus
804 2532 819 2556 ,
846 2493 913 2547 ad
962 2495 1357 2554 Pammachium
1389 2511 1440 2555 et
1470 2502 1770 2560 Marcellam

192 2578 353 2632 misit.
388 2580 545 2634 Dedit
587 2583 742 2636 simul
782 2584 849 2637 ad
880 2601 975 2641 eos
1002 2588 1331 2659 Epistulam,
1378 2594 1431 2648 in
1462 2599 1771 2654 recensione

194 2676 372 2722 nostra
403 2668 605 2726 XCVII.
639 2674 721 2727 cui
752 2675 959 2731 scilicet
980 2678 1289 2736 Paschalem
1320 2683 1485 2754 ipsam
1508 2686 1767 2758 adjunxit,

192 2767 350 2829 atque
388 2761 666 2817 exordium
712 2764 813 2821 hoc
859 2768 979 2823 fecit
1006 2786 1019 2822 :
1048 2770 1269 2827 Rursum
1307 2774 1644 2833 Orientalibus
1685 2796 1769 2836 vos

194 2850 440 2918 locuplete
468 2854 733 2920 mercibus,
762 2867 808 2910 et
834 2857 1205 2916 Alexandrinas
1227 2881 1347 2934 epes
1367 2868 1529 2936 primo
1554 2870 1767 2924 Romam

193 2954 301 2992 sere
331 2943 635 2997 transmitte.
668 2944 835 3000 Martii
859 2964 1048 3019 nempe
1088 2956 1285 3008 mensis
1319 2956 1503 3023 initio,
1548 2960 1689 3029 quod
1716 2970 1771 3016 et

194 3028 347 3086 tacite
376 3030 534 3085 verba
562 3032 676 3101 ipsa
703 3036 868 3105 primo
893 3054 1006 3093 vere
1036 3040 1281 3109 innuunt,
1309 3054 1363 3099 et
1389 3028 1575 3101 sedqu
1598 3050 1768 3104 uetari

194 3122 245 3175 in
284 3138 407 3176 eum
438 3138 595 3192 quem
622 3141 653 3180 e
690 3128 912 3197 vestigio
946 3130 1182 3186 dicturus
1215 3149 1332 3189 sum
1378 3138 1556 3200 linem,
1589 3140 1767 3193 velim.

192 3213 315 3269 Post
349 3216 620 3284 aliquanta
652 3235 665 3271 :
706 3217 807 3274 Vos
834 3221 1109 3277 Christiani
1136 3226 1356 3281 Senatus
1386 3230 1600 3295 lumina,
1632 3234 1770 3285 acci-

192 3306 291 3374 pite
317 3315 365 3360 ct
401 3306 633 3361 Gra'cam
654 3319 703 3364 et
730 3309 964 3366 Latinam
989 3316 1138 3367 etiam
1169 3316 1264 3369 hoc
1283 3335 1417 3372 anno
1450 3319 1728 3389 Epistolam
1751 3364 1768 3390 ,

192 3412 251 3449 ita
275 3414 476 3451 rursum
500 3399 720 3454 heretici
744 3405 1067 3469 mentiantur,
1097 3423 1129 3457 a
1154 3406 1295 3461 nobis
1320 3409 1557 3480 pleraque
1583 3414 1659 3466 vel
1680 3414 1772 3466 ad-

190 3487 293 3538 dita
319 3488 397 3541 uel
420 3498 615 3542 mutata
639 3505 660 3543 :
682 3491 737 3544 in
762 3508 861 3561 qua
896 3494 1151 3550 laborasse
1194 3514 1272 3551 me
1296 3503 1479 3569 fateor,
1514 3511 1566 3554 ut
1593 3504 1767 3557 verbo-

190 3592 299 3630 rum
315 3580 619 3649 elegantiam
641 3584 753 3649 pari
774 3585 1200 3654 interpretationis
1220 3601 1475 3645 venustate
1496 3608 1765 3649 servarem.

190 3666 448 3737 Superius
472 3680 651 3726 autem
690 3689 812 3728 cum
856 3676 1017 3731 multa
1049 3679 1100 3732 in
1130 3677 1458 3750 Origeuistas
1497 3684 1721 3740 dixisset
1749 3728 1764 3752 ,

189 3762 346 3819 atque
384 3752 442 3807 in
470 3758 695 3810 aemulos
725 3774 871 3823 suos,
903 3761 992 3830 qui
1021 3764 1397 3819 maledictorum
1427 3784 1622 3837 pannos
1652 3770 1768 3824 hinc

190 3840 305 3897 inde
329 3846 662 3913 consuebant,
692 3862 758 3903 ac
800 3848 980 3906 dicere
1009 3868 1166 3921 porro
1194 3866 1377 3925 pergat
1420 3860 1683 3928 prmcipue
1714 3862 1765 3916 in

191 3929 485 3999 Bullinum,
510 3951 670 4005 quem
716 3940 877 3993 tacito
920 3943 1133 3998 nomine
1151 3985 1165 4009 ,
1196 3948 1393 4000 acriter
1417 3951 1611 4016 saepius
1638 3966 1767 4020 per-

189 4024 403 4095 stringit
430 4043 444 4077 :
474 4042 745 4097 nunquam
791 4039 990 4094 tamen,
1041 4049 1107 4089 ne
1132 4036 1294 4090 verbo
1321 4037 1533 4105 quidem
1562 4049 1715 4095 tenus
1748 4084 1764 4109 ,

189 4114 524 4186 Apologetici
562 4128 746 4173 contra
776 4120 922 4175 illmn
960 4122 1150 4193 Operis
1176 4127 1437 4180 meminit.
1466 4128 1767 4187 Meminisse

188 4212 365 4259 autem
383 4206 606 4261 omnino
626 4207 829 4275 debuit,
849 4212 891 4264 si
916 4220 1043 4268 tunc
1064 4224 1169 4268 tem
1179 4215 1323 4284 poris
1342 4217 1765 4281 elucubraverat:

191 4297 360 4365 primo
407 4299 555 4353 enim
594 4300 960 4356 elucubrasset
1003 4314 1129 4358 ante
1170 4321 1365 4375 paucos
1411 4306 1562 4375 dies,
1608 4325 1765 4379 quam

191 4389 501 4446 Paschalem
555 4390 725 4461 ipsam
779 4394 1218 4462 interpretaretur
1271 4397 1571 4469 (siquidem
1620 4411 1768 4457 certo

190 4482 383 4535 certius
402 4492 507 4545 est,
530 4491 591 4536 ut
614 4496 711 4537 suo
730 4483 847 4539 loco
869 4500 991 4538 mox
1017 4487 1379 4554 ostendemus,
1406 4505 1509 4543 non
1530 4494 1768 4561 potuisse

189 4570 340 4625 citius
370 4570 588 4626 hocmet
613 4586 753 4626 anno
795 4575 978 4644 scribi)
1003 4575 1197 4631 deinde
1223 4593 1342 4633 cum
1390 4579 1575 4636 iisdem
1610 4583 1767 4637 Pam-

192 4660 398 4715 Inachio
440 4671 494 4715 et
532 4661 818 4727 Marcellas,
846 4680 983 4734 quos
1013 4665 1094 4721 bis
1137 4666 1305 4724 literis
1346 4670 1658 4741 alloquitur,
1690 4675 1769 4729 in-

191 4753 485 4822 scripserit,
514 4767 579 4807 ac
618 4754 821 4810 miserit
846 4755 1070 4810 Romam
1103 4776 1118 4813 :
1154 4772 1259 4813 non
1305 4762 1492 4830 potuit,
1521 4765 1646 4833 quin
1677 4780 1769 4819 re-

190 4844 483 4899 centissimi
511 4847 692 4915 aperis
720 4847 784 4901 ad
810 4863 904 4903 eos
926 4849 996 4903 ita
1019 4849 1216 4905 dudum
1244 4853 1413 4918 missi,
1438 4864 1497 4909 ut
1522 4857 1777 4926 accipere

188 4934 433 4990 nondum
478 4936 808 5004 potuissent,
837 4944 1165 4995 mentionem
1215 4944 1293 4996 eis
1337 4942 1557 4999 faceret.
1607 4947 1768 5016 Igitur

188 5036 379 5095 postea
408 5026 754 5085 elucubravit.
785 5030 889 5086 Sed
915 5033 1040 5102 quid
1066 5048 1199 5103 opus
1224 5045 1307 5091 est
1348 5039 1586 5107 pluribus
1605 5041 1766 5111 ?'Ap-

190 5127 337 5186 paret
364 5134 433 5174 ex
459 5118 725 5189 adjunctis
750 5124 824 5178 rei
846 5124 1115 5190 omnibus,
1146 5144 1208 5181 ac
1231 5130 1457 5197 primum
1488 5133 1770 5189 elucubra-

194 5210 332 5266 tione
349 5211 407 5268 S.
438 5212 726 5268 Doctorem
751 5214 959 5271 initium
997 5217 1186 5274 iecisse
1211 5220 1311 5275 hoc
1339 5238 1480 5277 anno
1500 5226 1765 5283 scribendi

197 5301 440 5369 nuntiam,
473 5319 575 5360 nec
598 5305 888 5375 quidquam
921 5308 1270 5378 scriptionum
1316 5328 1529 5368 suarum
1564 5333 1767 5385 ιιι-ωορ-

196 5394 330 5452 denti
363 5399 567 5467 hieme,
596 5400 725 5454 sive
738 5399 945 5455 duobus
971 5402 1186 5458 circiter
1208 5408 1467 5461 anteactis
1494 5410 1783 5466 mensibus.

192 5503 251 5543 eo
278 5489 509 5546 misisse.
1440 5544 1445 5551 .

254 5581 313 5635 ll.
350 5583 544 5637 Statim
577 5582 739 5651 igitur
759 5581 828 5636 ab
858 5582 938 5635 bi"
978 5584 1189 5644 litteris,
1227 5596 1384 5644 atoue
1412 5587 1515 5640 hoc
1541 5588 1655 5652 ἰιιςυ
1682 5588 1765 5644 in-

189 5683 336 5731 eunte
379 5652 523 5731 Vere
591 5674 825 5731 Sanctus
870 5674 1026 5731 Pater
1063 5678 1358 5733 scribendis
1404 5680 1769 5735 .tuoloaeucis

1493 278 1547 334 S.
1590 272 1962 332 IIIERONYMI
2004 279 2182 341 VITA.

3387 310 3488 366 ΗΞ

1908 402 2091 448 contra
2134 395 2404 453 Ruflinum
2433 401 2578 459 libris
2624 421 2836 464 manum
2867 413 3120 472 admovit.
3152 419 3252 491 Qui
3285 422 3482 483 factum

1907 485 1963 587 id
2004 497 2158 543 antea
2181 530 2197 555 ,
2228 499 2388 561 atque
2416 509 2559 551 anno
2586 499 2799 568 quidem
2830 508 3104 575 superiore
3129 485 3359 587 scriptos
3385 534 3481 575 eos

1905 577 2090 643 libros,
2126 581 2227 637 hoc
2247 594 2422 639 autem
2456 587 2715 659 vulgatos,
2743 604 2797 648 et
2824 594 3046 652 Romam
3078 577 3267 660 missos
3295 610 3479 665 existi-

1901 680 2070 736 mant,
2099 671 2231 741 fugit
2249 676 2483 733 eruditos
2504 690 2697 737 czetera
2726 682 2959 741 hominis
2984 692 3134 746 ratio.
3163 694 3291 752 Cum
3331 702 3473 757 enim

1898 758 1997 827 ipsi
2032 762 2251 819 minime
2281 766 2625 837 diffiteautur,
2658 773 2886 831 Romam
2916 787 3040 834 ante
3080 796 3170 835 ver
3209 794 3477 856 sequentis

1895 853 2040 918 anui,
2075 852 2229 923 hujus
2260 858 2482 925 scilicet,
2524 864 2658 918 tnitti
2691 881 2795 920 non
2828 869 3066 937 potuisse
3095 874 3254 944 (quod
3285 852 3477 933 elauso

1889 940 1999 1011 jam
2048 957 2156 999 tum
2206 963 2301 1017 per
2348 949 2615 1021 hiemem,
2657 965 2711 1011 et
2752 960 3089 1030 procellaso,
3122 975 3179 1019 ut
3222 982 3476 1027 noverant

1897 1047 2174 1104 prater-ea,
2200 1043 2351 1108 mari,
2382 1058 2740 1115 opportunum
2764 1053 3087 1125 navigationi
3114 1067 3318 1131 tempus
3346 1078 3472 1132 0pc-

1894 1127 2137 1182 riendnm
2165 1131 2346 1205 esset)
2374 1136 2600 1203 primum
2642 1141 2781 1209 quod
2829 1127 3243 1216 constituerant,
3269 1154 3475 1211 ratione

1896 1214 1996 1269 hac
2023 1219 2191 1273 altera
2222 1223 2375 1289 plane
2405 1225 2709 1282 destruunt.
2735 1231 3029 1292 Enimvero
3056 1214 3232 1309 neque
3254 1243 3467 1311 eadem,

1895 1319 1994 1374 qua
2029 1308 2306 1367 Paschalis
2325 1314 2574 1382 Epistula:
2604 1319 2990 1392 interpretatio,
3020 1308 3298 1386 occasione
3323 1308 3472 1389 missi

1896 1405 2040 1459 sunt,
2073 1400 2211 1466 quod
2254 1415 2316 1455 ex
2350 1403 2613 1472 adjunctis
2641 1408 2718 1463 rei
2747 1413 2995 1468 omnibus
3018 1427 3226 1473 constat
3254 1436 3268 1473 :
3299 1438 3473 1492 neque

1896 1488 2217 1554 prmcedcnti
2241 1502 2507 1562 poterant,
2532 1498 2794 1568 siquidem
2813 1501 2904 1557 illa
2927 1507 3109 1561 statim
3132 1518 3291 1581 atque
3316 1488 3471 1583 aper-

1895 1586 2003 1631 tum
2033 1589 2115 1633 est
2144 1597 2322 1648 mare,
2356 1585 2579 1641 Ruinam
2627 1605 2915 1661 properare
2940 1597 3090 1663 jussa
3120 1611 3223 1668 est,
3252 1612 3304 1658 et
3349 1621 3469 1675 qua:

1888 1667 1962 1760 tut
1979 1668 2305 1760 jungebatur
2328 1675 2393 1729 ad
2422 1676 2725 1735 Marcellam
2753 1683 2990 1753 Epistula
3013 1690 3080 1744 de
3117 1691 3183 1746 iis
3211 1667 3383 1760 libris,
3411 1707 3469 1752 ut

1884 1755 2081 1813 dudum
2110 1762 2460 1832 ostendimus,
2492 1771 2745 1827 continuo
2766 1775 2907 1830 silet.
2938 1777 3051 1834 Iloc
3079 1796 3142 1836 se
3168 1783 3344 1854 itaque
3371 1755 3463 1841 or-

1880 1845 2006 1902 dine
2050 1864 2122 1904 ac.
2142 1851 2300 1907 modo
2348 1871 2435 1910 res
2483 1857 2685 1915 habuit.
2720 1862 3091 1924 Pammachius
3131 1881 3185 1926 et
3212 1845 3462 1933 Marcella

1879 1955 2022 2009 cum,
2052 1944 2194 2000 nulla
2217 1946 2451 2003 adhibita
2479 1950 2769 2022 diligentia,
2798 1956 3081 2015 Ruflluiani
3101 1960 3290 2033 Operis
3322 1967 3460 2023 inte-

1878 2050 2030 2105 grum
2072 2041 2346 2110 exemplar
2379 2043 2624 2101 obtinere
2669 2050 2985 2118 potuissent,
3016 2057 3281 2125 prmcipua
3310 2059 3463 2129 obje-

1879 2128 2114 2182 ctionum
2146 2132 2316 2200 capita
2347 2146 2413 2187 ex
2458 2135 2549 2189 illo
2579 2151 2803 2206 propere
2832 2154 3051 2212 excepta
3081 2144 3147 2198 ad
3194 2128 3461 2219 IIierotty-

1881 2234 2025 2273 mum
2072 2225 2506 2281 transmiserunt.
2552 2229 2885 2285 Addiderunt
2932 2244 2987 2289 ct
3029 2235 3243 2304 literas,
3271 2241 3461 2309 quibus

1881 2326 2002 2366 eum
2032 2316 2209 2368 acrius
2238 2316 2303 2369 ad
2347 2319 2775 2387 respondendum
2810 2323 3106 2381 incitarent.
3142 2327 3318 2385 Facile
3348 2330 3461 2389 lucc

1880 2406 2057 2451 autem
2089 2397 2377 2455 deferenda
2424 2402 2758 2459 tradiderunt
2796 2407 3107 2464 Pauliniano
3133 2411 3249 2481 ejus
3276 2414 3455 2481 fratri,

1879 2486 1969 2555 qui
1997 2502 2059 2541 ex
2088 2486 2379 2546 Occidente
2400 2490 2789 2566 .Ierosolymam
2819 2498 2918 2553 hoc
2949 2500 3197 2557 nimirum
3222 2512 3457 2575 tempore

1878 2581 2186 2649 remeabat,
2230 2593 2284 2639 et
2311 2584 2378 2640 de
2406 2602 2502 2642 ore
2549 2598 2796 2658 poterat,
2828 2606 2985 2662 quam
3033 2593 3121 2652 ille
3160 2596 3227 2653 ab
3258 2598 3455 2656 Bullini

1875 2673 2061 2727 amicis
2087 2675 2349 2732 maledice
2387 2679 2771 2745 traduceretur,
2817 2682 3040 2741 referre.
3074 2686 3147 2742 De
3195 2689 3311 2759 ejus
3331 2706 3456 2762 pro-

1875 2762 2107 2822 fectione
2137 2778 2299 2839 atque
2325 2770 2518 2839 reditu,
2547 2773 2738 2843 quibus
2770 2774 2991 2846 insignis
3029 2777 3454 2851 Ilieronymiana:

1876 2859 2085 2927 pietatis
2116 2863 2373 2917 memoria
2396 2865 2720 2932 continetur,
2761 2866 3003 2922 dicemus
3031 2868 3190 2937 paulo
3218 2880 3355 2937 post,
3390 2888 3456 2925 ne

1874 2960 2107 3019 coeptum
2160 2953 2397 3008 historia:
2437 2956 2582 3008 tilum
2623 2956 3055 3011 intermittamus.
3098 2958 3345 3027 Acceptis
3374 2959 3456 3013 his

1878 3041 2055 3108 itaque
2078 3042 2227 3097 libris
2242 3043 2615 3114 Hieronymus,
2635 3045 2773 3098 illico
2797 3046 2992 3115 stylum
3015 3046 3079 3099 ad
3099 3047 3456 3103 retundendus

1875 3129 2053 3182 tumuli
2080 3129 2374 3183 ealttmnias
2394 3132 2649 3200 arripuit:
2670 3142 2722 3186 et
2749 3135 3012 3201 geminam
3034 3134 3289 3189 adversus
3308 3135 3453 3191 illum

1877 3220 2188 3290 Apologiam
2215 3237 2313 3292 pro
2339 3236 2397 3276 se
2417 3224 2653 3295 scripsit.
2687 3226 2858 3294 Atque
2880 3238 2995 3279 eam
3023 3225 3235 3295 quidem
3256 3226 3455 3282 Roma-

1878 3311 1958 3364 nis
2003 3310 2189 3365 iisdem
2229 3312 2658 3382 Proceribus,qui
2681 3314 2932 3385 syuopsin
2961 3315 3249 3371 Rnfliniani
3279 3319 3455 3387 operis

1875 3401 1949 3455 ad
1963 3416 2029 3455 se
2048 3403 2472 3469 transmiserant,
2497 3404 2835 3459 Pammachio
2853 3407 3089 3477 inquam,
3115 3416 3167 3462 et
3194 3407 3455 3465 Marcella:

1876 3490 2003 3561 (non
2034 3492 2361 3561 Marcellino,
2396 3503 2452 3548 ut
2478 3495 2604 3548 olim
2634 3494 2827 3550 Icelum
2856 3506 2939 3551 est
2978 3498 3277 3569 perperam)
3319 3516 3456 3553 nun-

1873 3584 2104 3652 cupavit.
2146 3585 2228 3639 Ab
2259 3584 2342 3640 bis
2388 3596 2565 3642 autem
2609 3588 2883 3642 exorditus
2924 3599 3004 3643 εει
3038 3606 3052 3642 :
3083 3588 3154 3642 Et
3191 3591 3366 3644 vestris
3406 3603 3462 3647 et

1874 3676 2145 3729 multorum
2170 3678 2348 3731 litteris
2369 3678 2546 3745 didici,
2578 3682 2728 3751 objici
2772 3682 2897 3734 mihi
2926 3682 2977 3735 in
3022 3683 3195 3737 schola
3228 3682 3453 3758 Tyranni

1875 3765 2087 3836 (lingua
2132 3784 2315 3822 canum
2358 3786 2582 3824 meorum
2610 3788 2671 3825 ea:
2698 3773 2914 3825 inimicis
2956 3774 3018 3826 ab
3047 3766 3193 3843 ipso)
3224 3793 3314 3829 cur
3341 3786 3455 3848 Περι

1871 3859 2034 3927 Anan
2057 3859 2209 3914 libros
2225 3860 2275 3913 in
2302 3860 2517 3914 latinum
2538 3863 2783 3915 verterint.
2806 3862 2992 3917 Fuisse
3015 3863 3227 3916 Rufilno
3245 3881 3454 3935 prmno-

1873 3966 1995 4006 men
2026 3951 2286 4023 Tyrannio
2309 3995 2323 4019 ,
2356 3968 2453 4007 nos
2497 3954 2656 4009 etiam
2703 3954 3175 4010 animadvertimus
3205 3957 3463 4013 secundis

1874 4042 2018 4096 curis
2044 4052 2164 4111 post
2188 4044 2566 4110 Fonlanittum,
2611 4061 2731 4100 cum
2766 4046 2969 4116 pridem
2998 4047 3064 4101 ab
3092 4046 3193 4101 loci
3239 4047 3461 4108 nomine~

1868 4132 2225 4196 derivandum
2256 4137 2570 4191 vocabulum
2623 4139 2906 4193 videretur.
2937 4139 3243 4209 Tyrannum
3277 4140 3453 4210 itaque

1876 4222 2045 4289 illum,
2072 4226 2187 4280 sive
2216 4226 2332 4294 ejus
2376 4227 2604 4283 scholam
2630 4227 2973 4300 Tyrunnicam
2999 4229 3194 4285 Noster
3239 4232 3454 4285 nomine

1876 4313 1928 4368 in
1960 4316 2379 4384 suggillationem
2407 4317 2651 4382 detorto,
2686 4328 2836 4373 vocat
2868 4336 2881 4372 :
2909 4321 3024 4375 sive
3064 4320 3193 4374 illud
3224 4322 3453 4379 Actmuu

1875 4420 1993 4475 cap.
2026 4406 2167 4462 XIX.
2200 4424 2251 4460 v.
2280 4407 2333 4462 9.
2372 4409 2637 4480 disputans
2673 4412 2725 4465 in
2769 4411 2940 4465 schola
2968 4411 3217 4484 Tyranni,
3244 4413 3451 4470 alludit.

1876 4497 2041 4574 Porro
2070 4498 2147 4551 ad'
2182 4500 2415 4569 singulas
2442 4501 2620 4557 aemuli
2662 4503 3062 4559 criminationes
3103 4506 3278 4574 priore
3318 4505 3454 4561 libro

1876 4569 2163 4659 reSpondet
2190 4632 2205 4657 ,
2254 4607 2358 4665 quo
2407 4603 2458 4647 et
2503 4594 2669 4648 multa
2713 4595 2780 4650 de
2826 4569 3141 4667 Origeniana
3187 4598 3451 4669 Pamphili

1877 4680 2153 4750 Apologia,
2182 4698 2338 4752 quam
2372 4683 2493 4739 huic
2521 4685 2735 4757 Martyri
2765 4689 3061 4758 abjudicat,
3091 4690 3261 4760 deque
3294 4690 3454 4762 Didy-

1877 4785 1992 4839 mo,
2023 4772 2253 4827 Eusebio
2282 4774 2620 4843 Czcsariensi,
2651 4779 2877 4849 aliisque
2926 4780 3286 4849 Scriptoribus
3328 4778 3452 4836 Oti.-

1875 4864 1996 4931 geni
2027 4864 2253 4919 addictis
2294 4867 2642 4934 intermiscet,
2668 4878 2722 4923 et
2760 4871 3007 4939 quoipse
3037 4869 3216 4922 animo
3242 4877 3295 4921 ct
3324 4884 3454 4923 cau-

1878 4954 2019 5007 tione
2067 4956 2339 5020 adhibita,
2392 4958 2511 5011 illos
2557 4963 2903 5023 tractaverit,
2954 4968 3235 5014 monstrat.
3268 4960 3453 5017 Altero

1874 5045 2073 5101 Rnffini
2115 5049 2425 5123 Apologiam
2451 5050 2515 5102 ad
2548 5052 2883 5104 Anastasium
2926 5051 3448 5120 Papamspceiatim

1877 5139 2093 5205 refutat,
2125 5142 2176 5195 in
2208 5157 2309 5211 qua
2340 5143 2440 5197 sibi
2476 5142 2726 5195 calumnia
2751 5142 2880 5195 strui
2910 5142 3205 5198 videbatur.
3234 5144 3299 5200 Et
3337 5159 3453 5211 par-

1878 5230 2051 5282 ticulis
2077 5232 2303 5299 quidem.
2335 5234 2450 5301 ejus
2480 5231 2767 5286 identidem
2812 5232 3047 5286 recitatis
3094 5233 3163 5290 de
3192 5233 3351 5288 verbo
3387 5233 3456 5287 ad

1877 5319 2098 5374 verbum
2142 5320 2226 5391 (ex
2268 5336 2374 5389 quo
2416 5322 2635 5391 colligas
2679 5321 2822 5376 hanc
2862 5322 2932 5375 ob
2960 5323 3145 5377 oculos
3196 5324 3461 5393 integram.

1880 5410 2151 5482 habuisse)
2180 5426 2416 5475 manum,
2453 5414 2669 5480 perinde
2691 5425 2849 5483 atque
2874 5429 2993 5469 cum
3020 5414 3175 5471 hoste
3200 5430 3297 5469 suo
3325 5430 3452 5473 con-

1874 5499 2013 5556 serit
2038 5520 2052 5555 :
2084 5510 2277 5557 etcum
2302 5502 2595 5559 sententias
2622 5504 2687 5558 de
2714 5506 2945 5561 sublesta
2976 5506 3075 5561 lide
3104 5516 3195 5561 aut
3222 5506 3455 5565 falsitate.

1879 5593 2227 5661 aceusaverit,
2253 5592 2413 5648 verba
2446 5595 2554 5664 ipsa
2579 5598 2934 5667 persequitur,
2961 5608 3009 5653 et
3036 5599 3447 5656 scrumuisbat"
