4050 6188
558 253 658 316 ΗΓ)

552 377 754 418 partem
786 363 895 417 risu
924 373 978 418 ct
1006 363 1216 432 probris
1245 365 1494 431 exagitat.
1526 360 1578 413 ln
1609 362 1710 415 fine
1749 375 1868 414 cum
1911 376 2008 430 pro
2033 375 2127 414 sua

548 452 944 524 Scripturarum
972 468 1034 508 cx
1062 453 1283 507 llebrazo
1313 449 1656 504 translatione
1684 459 2004 521 perorasset,
2037 466 2129 506 ex-

551 555 798 613 spectare
835 559 895 599 se
917 543 991 596 ait
1036 543 1132 598 tria
1157 542 1305 594 amici
1342 541 1615 607 rolumina,
1646 552 1698 596 ct
1733 541 1798 594 ad
1825 541 2124 610 congeriem

548 636 832 691 criminum
859 633 974 703 ejus
997 640 1102 689 tota
1125 647 1245 687 esse
1267 644 1444 686 mente
1465 647 1782 701 suspensum
1813 650 1825 685 :
1854 633 1952 684 nisi
1970 631 2122 701 quod,

549 727 746 788 subdit,
779 725 938 779 levius
959 733 1028 778 cst
1054 727 1336 796 professum
1362 725 1619 777 inimicum
1639 739 1832 790 cavere,
1863 739 2013 793 quam
2036 723 2126 775 ho-

547 828 670 868 stem
713 814 949 873 latentem
991 815 1082 869 sub
1127 815 1277 867 amici
1323 815 1524 868 nomine
1560 815 1826 868 sustinere.
1855 813 2129 876 Constabit

548 919 708 973 porro
749 919 813 961 ex
841 903 926 958 bis
973 921 1091 973 quae
1140 904 1362 966 dicenda
1407 919 1532 958 mox
1573 914 1719 972 sunt,
1757 904 1938 974 quanti
1987 903 2125 962 istud

547 995 722 1060 operis
740 992 796 1048 S.
821 992 1031 1048 Ductori
1049 996 1256 1049 steterit
1277 1013 1288 1046 :
1312 997 1381 1050 ita
1408 996 1549 1050 enim
1577 1010 1802 1064 propere
1828 995 2036 1054 videtur
2060 993 2127 1048 ab

547 1100 612 1136 c0
638 1083 978 1152 adornatum,
1004 1096 1056 1138 ut
1089 1086 1314 1141 fortasse
1347 1102 1446 1139 una
1475 1095 1635 1155 atque
1655 1086 1819 1148 altera
1850 1083 2127 1142 elucubra-

549 1178 691 1234 tioac
721 1175 1022 1230 absolutum
1064 1179 1153 1244 sit,
1186 1189 1332 1232 certe
1363 1177 1578 1248 quidem
1625 1177 1847 1232 Romam
1887 1177 1989 1230 hoc
2013 1175 2128 1244 ipso

548 1275 790 1320 ιρι-ιω]ιο
820 1267 1006 1321 Martio
1035 1284 1218 1324 mense
1246 1270 1634 1330 transmissum.

620 1359 704 1413 ιιι.
735 1361 979 1414 Dicamus
1003 1377 1142 1424 nunc
1171 1361 1343 1422 obiter
1379 1361 1518 1430 quod
1542 1360 1838 1430 recepimus
1869 1359 1936 1413 de
1961 1357 2130 1414 Pauli-

548 1449 731 1503 niauo.
762 1448 1008 1514 Causam,
1058 1467 1150 1506 cur
1178 1466 1301 1506 cum
1329 1452 1634 1508 Stridonem
1653 1459 1778 1504 ante
1801 1450 1938 1504 duos
1959 1464 2129 1524 annos

545 1548 598 1590 et
627 1539 765 1608 quod
790 1541 1042 1602 excurrit,
1084 1542 1195 1595 sive
1225 1542 1329 1598 599
1359 1541 1471 1596 fere
1521 1540 1697 1596 medio
1721 1581 1736 1605 ,
1765 1540 2127 1610 Hieronymus

548 1629 782 1690 miserit,
851 1629 934 1684 his
983 1631 1158 1699 aperit
1213 1630 1280 1684 ad
1324 1631 1725 1694 Pammucliium
1775 1629 1950 1684 verbis
2003 1629 2128 1698 Epi-

553 1721 659 1774 tola
695 1719 882 1775 LXVI.
915 1722 1015 1775 sub
1044 1725 1199 1776 tinctu
1223 1740 1234 1774 :
1261 1721 1369 1776 Nos
1396 1725 1445 1776 in
1468 1725 1563 1778 ista
1592 1723 1848 1792 provincia
1874 1721 2128 1790 aedificato

549 1809 865 1866 Monasterio
910 1822 955 1864 et
985 1811 1272 1868 Dium-sario
1300 1827 1506 1882 propter
1534 1821 1806 1878 exstructo,
1838 1829 1904 1867 ne
1929 1815 2058 1883 forte
2081 1823 2129 1872 et

548 1902 698 1958 modo
713 1901 744 1953 J
753 1902 905 1970 oseph
925 1919 1038 1958 cum
1073 1902 1126 1956 Μ
1132 1905 1240 1958 aria
1263 1905 1312 1962 in
1338 1903 1594 1964 Bethleem
1624 1906 1843 1970 veniens,
1864 1922 1963 1959 non
1989 1907 2128 1966 inue-

549 1997 652 2049 niat
687 1995 979 2064 hospitium,
1004 1997 1154 2050 tantis
1181 1998 1242 2050 de
1271 2007 1372 2050 toto
1411 1997 1527 2051 orbe
1553 1997 1926 2066 conﬂuentibus
1965 1999 2128 2052 turbis

549 2087 808 2143 obruimur
835 2086 1203 2142 Monac/torum
1224 2130 1238 2152 ,
1272 2098 1324 2142 ut
1353 2106 1441 2142 nec
1462 2097 1681 2158 caaptum
1721 2106 1848 2159 apus
1878 2090 2125 2156 drserere,

548 2192 638 2234 nec
679 2193 834 2244 supra
860 2176 988 2230 vires
1022 2177 1157 2246 ferre
1181 2176 1465 2232 valeamus.
1502 2177 1650 2232 Unde
1671 2180 1793 2249 quia
1824 2197 1857 2248 p
1888 2197 1952 2234 ne
1984 2181 2128 2236 nobis

546 2266 677 2322 illud
720 2267 782 2321 de
810 2265 1082 2337 Evangelia
1110 2268 1315 2338 contigit
1341 2309 1356 2336 ,
1384 2277 1440 2321 ut
1474 2272 1661 2340 futura:
1691 2271 1844 2324 turris
1873 2287 1973 2324 non
2016 2281 2131 2325 ante

546 2366 932 2428 supputat-emus
960 2375 1205 2427 expensas
1231 2400 1245 2425 ,
1277 2361 1524 2429 compulsi
1550 2377 1725 2420 sumus
1747 2366 1953 2432 fratrem
1985 2362 2126 2416 Pau-

548 2452 794 2502 linianum
823 2450 889 2502 ad
921 2448 1153 2504 Patriam
1180 2451 1392 2516 mittere,
1420 2461 1471 2503 ut
1492 2452 1757 2507 semirutas
1774 2453 1998 2516 villulas,
2017 2470 2130 2523 quia

549 2537 890 2604 Barbarorum
939 2539 1221 2611 e/fugerunt
1271 2558 1451 2596 manus
1473 2583 1487 2607 ,
1523 2551 1568 2596 et
1605 2555 1868 2612 parentum
1903 2562 2128 2598 commu-

550 2634 690 2683 niunt
719 2623 900 2690 census
921 2632 1170 2698 venderet,
1207 2649 1269 2686 ne
1296 2643 1511 2698 cwptum
1553 2634 1858 2688 Sanctorum
1907 2637 2130 2698 ministe-

548 2723 679 2783 rium
701 2723 1001 2788 deserentes,
1035 2724 1190 2781 risum
1220 2724 1479 2784 maledicis
1505 2733 1551 2780 et
1571 2727 1769 2787 cumulis
1793 2727 2124 2794 praebeamus.

548 2812 694 2877 lianc
718 2827 815 2867 nos
839 2813 1129 2882 Epistolam
1154 2825 1276 2868 ante
1304 2813 1417 2870 fere
1443 2816 1715 2872 biennium
1742 2818 1861 2877 aliis
1887 2819 2011 2872 olim
2046 2820 2126 2874 usi

552 2904 877 2971 argumentis
904 2904 1153 2971 scriptam
1183 2902 1410 2966 diximus
1435 2947 1450 2972 ,
1487 2921 1646 2976 quam
1693 2906 1796 2962 huc
1827 2917 2002 2964 tamen
2029 2910 2130 2970 dif-

547 2992 672 3047 fcrri
693 3002 960 3060 oportere,
993 2992 1058 3047 ad
1086 2993 1275 3048 saltem
1307 2995 1411 3058 599
1435 2997 1559 3051 anni
1590 2997 1857 3064 medium,
1881 3015 2021 3054 nunc
2043 3003 2128 3060 in-

547 3085 832 3155 telligimus
857 3101 920 3140 ex
971 3087 1052 3138 his
1077 3086 1144 3140 de
1178 3086 1491 3149 Pauliniano
1520 3088 1692 3159 (cujus
1739 3090 2126 3159 profectionem

545 3188 612 3230 ex
641 3172 860 3228 Oriente
879 3173 1001 3228 huic
1029 3184 1241 3236 nosmet
1258 3191 1398 3233 anno
1419 3177 1839 3248 adsignavimus)
1861 3196 1923 3236 ac
1942 3197 2124 3252 porro,

548 3273 605 3318 ut
631 3261 926 3330 differatur,
951 3277 1196 3322 anetores
1222 3283 1425 3324 sumus.
1453 3269 1721 3325 Discimus
1742 3286 1802 3326 ex
1826 3272 1909 3326 bis
1926 3281 2125 3340 autem,

546 3353 687 3422 quod
719 3354 796 3409 rei
817 3363 978 3423 caput
1005 3366 1115 3417 est,
1141 3358 1442 3424 exemplum
1486 3357 1912 3430 llieronymianae
1955 3363 2126 3432 pieta-

547 3429 615 3495 tis
645 3441 801 3511 longe
832 3443 1269 3510 insignissimum,
1296 3454 1454 3514 atque
1485 3447 1624 3501 inter
1646 3429 1782 3504 Vita:
1800 3451 1914 3519 ejus
1942 3429 2127 3508 laudes

551 3533 805 3596 memoria
848 3535 1114 3603 prmcipua
1152 3535 1391 3605 dignum.
1435 3536 1568 3592 Cum
1613 3541 1755 3594 enim
1802 3542 2126 3614 recipiendis

549 3623 845 3678 innumeris
874 3639 1040 3694 prope
1064 3625 1440 3680 Monachorum
1469 3631 1698 3684 catervis
1738 3631 2121 3690 Monasterium

541 3729 651 3782 jam
667 3715 1268 3783 exstruxissct,coulatis
1291 3719 1467 3773 Paulrc
1489 3723 1788 3792 sumptibus
1811 3739 1874 3778 ac
1898 3726 2088 3781 studiis
2111 3745 2124 3781 :

548 3805 784 3873 lmspites
809 3807 970 3862 etiam
1001 3807 1065 3861 de
1097 3819 1206 3863 toto
1237 3809 1362 3865 illuc
1391 3810 1522 3866 orbe
1542 3852 1556 3876 ,
1587 3823 1690 3866 tam
1721 3815 1819 3870 loci
1841 3817 2123 3887 religione,

544 3911 702 3966 quam
743 3897 822 3951 sui
854 3899 1088 3959 nominis
1115 3900 1453 3968 celebritate,
1477 3903 1813 3960 conﬂuentes
1838 3907 1986 3970 cordi
2023 3908 2123 3963 ba-

543 3986 676 4050 buit.
732 4003 830 4044 nec
870 3989 1058 4045 deesse
1097 3990 1287 4046 officiis
1317 4007 1444 4063 erga
1492 3992 1615 4048 illos
1663 3997 1856 4064 potuit.
1884 3995 2123 4069 Cumque

544 4077 676 4134 nihil
713 4077 816 4136 sibi
860 4078 1001 4133 aliud
1049 4089 1376 4150 suppeteret,
1420 4083 1487 4136 ad
1527 4082 1929 4142 Xenodochium
1957 4089 2126 4145 rediti-

541 4167 771 4225 candnm
795 4209 809 4234 ,
843 4185 998 4238 quam
1032 4182 1310 4240 parentum
1351 4188 1546 4228 census
1591 4190 1655 4230 ac
1687 4177 1904 4245 villulm,
1943 4194 2010 4235 ne
2041 4180 2122 4235 his

541 4261 755 4329 quidem
814 4264 1049 4331 pepercit
1095 4264 1268 4332 gentis
1311 4279 1423 4320 suae
1470 4266 1822 4336 patrimoniis,
1864 4271 1991 4338 quin
2037 4269 2119 4324 die

538 4351 811 4406 strabcrct
838 4352 889 4410 in
930 4352 1141 4411 aedilicii
1188 4354 1305 4430 ejus
1332 4366 1598 4426 sumptus,
1630 4366 1685 4412 et
1725 4368 1785 4416 ut
1821 4359 2122 4429 quibusque

539 4440 875 4499 venientibus
913 4443 979 4499 ad
1030 4459 1109 4509 se,
1161 4453 1252 4501 aut
1296 4448 1694 4504 transeuntibus
1724 4490 1741 4517 ,
1775 4450 1918 4520 large
1951 4451 2003 4506 in
2033 4452 2119 4508 his

537 4545 658 4600 quze
686 4530 751 4584 ad
779 4531 898 4586 vita:
925 4549 1051 4589 usus
1090 4538 1392 4598 necessaria
1419 4549 1582 4604 sunt,
1617 4543 2004 4604 commodaret.
2054 4544 2121 4600 Et

538 4621 731 4676 miram
755 4621 856 4676 hoc
886 4624 1076 4693 magis,
1108 4633 1306 4681 tantam
1334 4628 1402 4682 ab
1430 4643 1496 4683 eo
1522 4631 1760 4700 potuisse
1791 4632 1948 4687 rebus
1978 4633 2122 4704 ejus-

536 4709 676 4766 modi
705 4726 884 4767 curam
913 4712 1177 4779 adhiberi,
1201 4731 1362 4786 quem
1395 4718 1517 4772 vita:
1543 4720 1681 4774 ratio
1704 4761 1718 4786 ,
1746 4732 1854 4776 ttnn
1885 4726 2118 4782 maxime

531 4799 972 4864 altercationibus
999 4803 1370 4861 haereticorum
1396 4809 1640 4865 sollicitae
1665 4852 1679 4876 ,
1709 4811 1975 4886 longeque
1998 4816 2113 4874 dis-

528 4890 732 4946 similes
760 4892 971 4949 labores
993 4934 1008 4958 ,
1040 4909 1104 4949 ac
1148 4895 1323 4955 studia
1360 4898 1700 4959 distinebant.
1750 4903 1881 4958 Nam
1910 4914 1964 4960 et
1990 4917 2114 4962 ante

527 4983 734 5054 aliquot
759 5001 930 5042 annos
959 4987 1025 5043 ad
1055 4988 1339 5046 Lucinium
1365 4993 1604 5050 scribens
1631 4994 1826 5066 (Epist.
1855 4996 2068 5069 LXXI)
2095 5041 2111 5067 ,

527 5075 671 5145 quod
701 5092 810 5146 pra:
839 5078 1136 5149 frequentia
1163 5091 1217 5138 et
1239 5085 1644 5154 peregrinorum
1676 5088 1848 5141 turbis
1871 5072 2132 5159 relegere.

525 5182 646 5235 qu:e
671 5166 978 5237 seripscrat,
1015 5187 1119 5226 non
1155 5176 1387 5242 potuerit
1416 5217 1430 5240 ,
1461 5187 1732 5232 causatur.
1788 5172 2109 5234 uocantem

523 5258 864 5326 potissimum
934 5271 1213 5334 tempore,
1263 5283 1369 5338 quo
1422 5270 1587 5338 pretia
1636 5259 1880 5325 villarum
1933 5274 2112 5330 attulit

520 5347 862 5408 Paulinianus
891 5353 1076 5421 frater,
1105 5357 1260 5411 simul
1297 5358 1420 5413 huic
1445 5361 1786 5430 operi,simul
1810 5363 2001 5420 litteris
2030 5373 2109 5418 to-

522 5447 612 5493 tus
642 5441 1001 5498 incumbebat.
1033 5443 1090 5498 ld
1120 5446 1233 5516 ipse
1263 5450 1422 5504 etiam
1454 5453 1587 5508 satis
1605 5454 1890 5511 manifesto
1913 5456 2103 5521 innuit,

518 5546 641 5583 conn
673 5534 830 5597 patilo
871 5545 989 5601 post
1020 5539 1230 5592 tertium
1259 5543 1498 5598 scribens
1526 5543 1793 5601 adversus
1826 5548 2100 5602 Ruflinum

518 5618 739 5682 librum,
777 5619 958 5686 Nobis,
1002 5626 1094 5689 ait,
1136 5628 1185 5679 in
1231 5628 1540 5684 Monasterio
1588 5635 1905 5702 hospitalitas
1955 5641 2094 5691 cordi

1816 251 1872 305 S.
1917 246 2295 304 HIERONYMI
2336 246 2519 302 VlT.\.

3716 271 3818 324 Ιεμι

2240 367 2333 423 est,
2370 376 2638 428 omnesque
2664 363 2733 415 ad
2758 379 2850 419 nos
2875 367 3122 420 patientes
3152 366 3268 422 la'ta
3294 371 3622 428 humanitatis
3652 381 3819 448 fronte

2231 449 2536 519 suscipimus
2564 467 2582 505 .'
2611 468 2839 507 veremur
2884 457 3038 522 enim,
3072 474 3132 510 ne
3175 457 3347 514 Maria
3372 480 3486 516 cum
3515 465 3708 523 Josenh
3737 470 3819 524 lo-

2231 557 2347 593 cum
2389 558 2486 595 non
2525 545 2744 597 inveniat
2774 546 2827 598 in
2872 546 3186 612 diversorio;
3215 567 3279 604 ne
3326 555 3467 612 nobis
3489 554 3640 611 Iesus
3682 560 3821 615 dicat

2231 631 2493 692 exclusus,
2545 632 2745 702 Hospes
2778 651 2949 702 eram,
2984 647 3029 690 et
3076 655 3175 696 nan
3223 645 3515 714 suscepistis
3571 665 3668 703 me.
3722 651 3820 707 lli-

2231 721 2453 773 storiam
2479 735 2881 791 persequamur.

2303 811 2390 872 IV.
2426 811 2652 872 Vixdum
2684 815 3064 887 Apologeticos
3085 834 3179 875 eos
3205 822 3376 879 libros
3399 826 3628 888 Sanctus
3655 831 3820 889 Pater

2231 902 2557 970 absolverat,
2591 921 2752 974 quum
2775 923 2961 963 eorum
2990 914 3270 982 exemplar
3295 932 3390 984 per
3422 922 3816 989 negotiatorem

2232 995 2414 1048 nescio
2437 1011 2596 1065 quem
2622 1010 2685 1050 ex
2716 996 2934 1056 Oriente
2954 1001 3252 1072 Aquileiam
3277 1005 3344 1059 ad
3378 1007 3647 1066 Bullinum
3671 1021 3819 1070 tans-

2233 1087 2453 1144 missum
2491 1096 2594 1143 est.
2638 1089 2940 1157 ,lnccrtum,
2987 1093 3269 1156 dederitne
3313 1099 3430 1168 ipse
3459 1101 3822 1176 Hieronymus

2231 1174 2600 1246 deferendum,
2634 1194 2700 1233 an
2728 1181 2866 1236 alius
2905 1184 3194 1256 quispiam,
3224 1198 3282 1242 ut
3336 1188 3506 1247 ferme
3546 1174 3819 1266 usuvenit,

2231 1269 2648 1324 concertationis
2676 1272 2931 1327 acuenda:
2961 1276 3130 1345 magis
3162 1281 3441 1350 magisque
3487 1285 3693 1342 animo.
3722 1287 3821 1345 llle

2230 1367 2407 1412 autem
2438 1363 2756 1430 negotiator,
2785 1374 2978 1420 cratera
3021 1367 3230 1436 ignotus
3258 1371 3440 1439 homo,
3473 1376 3678 1432 chartis
3707 1365 3821 1436 illis

2233 1451 2552 1524 Presbytero
2593 1456 2923 1524 Aquileiensi
2977 1459 3236 1522 redditis.
3267 1480 3388 1525 cum
3438 1482 3497 1522 se
3524 1469 3650 1524 illuc
3679 1472 3823 1527 unde

2233 1554 2471 1608 venerat,
2505 1560 2731 1613 prejiere
2761 1549 3131 1618 trajecturum,
3157 1554 3319 1610 rebus
3347 1557 3414 1611 ita
3446 1560 3558 1614 suis
3589 1561 3814 1620 ferentis

2236 1633 2352 1697 bus,
2395 1634 2706 1698 affirmaret.
2737 1638 2956 1694 biduum
2988 1647 3357 1703 tantummodo
3393 1649 3461 1704 ad
3491 1654 3824 1721 responden-

2233 1721 2358 1776 dmn
2383 1727 2663 1780 concessit.
2693 1727 2824 1789 Ante
2865 1731 3073 1785 biduum
3101 1732 3298 1806 (inquit
3333 1739 3422 1794 ille
3455 1744 3595 1810 apud
3627 1744 3824 1800 Hiero-

2234 1828 2447 1883 nymum
2477 1815 2732 1887 Apologia
2765 1819 2854 1874 ΙΙΙ.
2880 1821 2899 1891 )
2926 1824 3051 1880 mihi
3083 1842 3236 1895 quant
3263 1831 3676 1898 proﬁcisceretur
3717 1838 3822 1891 ha-

2233 1921 2343 1956 rum
2365 1905 2588 1976 bajulus,
2617 1909 2668 1961 in
2695 1927 2877 1964 manus
2904 1926 3307 1988 venerunt,,qna:
3321 1921 3371 1974 in
3396 1938 3476 1975 me
3498 1924 3819 1992 dcclamasti,

2231 1993 2379 2061 Quod
2411 1998 2600 2065 repetit
2649 1999 2760 2068 ipse
2789 2002 3001 2070 quidem
3043 2003 3099 2060 S.
3134 2009 3295 2062 etiam
3345 2010 3508 2067 Pater
3540 2014 3680 2070 libro
3707 2017 3825 2074 lauv

2231 2090 2376 2154 dato,
2403 2088 2531 2145 Ante
2559 2090 2764 2143 biduum
2819 2094 3085 2162 inquiens,
3131 2115 3281 2166 quam
3311 2103 3378 2155 ad
3405 2120 3497 2158 nos
3523 2105 3821 2174 Epistolanp

2231 2176 2490 2244 scriberes,
2519 2179 2714 2234 libellos
2734 2199 2868 2236 meos
2889 2185 2940 2237 iu
2963 2203 3143 2246 manus
3189 2197 3302 2244 tuas
3355 2194 3546 2248 uenisse
3599 2200 3821 2262 testaris,

2233 2277 2277 2320 et
2305 2269 2492 2322 idcirco
2539 2288 2639 2325 non
2681 2273 2917 2330 habuisse
2945 2279 3168 2345 spatium
3213 2297 3275 2335 ex
3303 2283 3404 2336 otio
3454 2287 3819 2355 respondendi.

2232 2357 2433 2429 Alioqui
2481 2361 2526 2413 si
2571 2363 2846 2418 meditatus
2886 2369 2940 2420 in
2974 2384 3066 2421 nos
3095 2380 3400 2441 paratusque
3428 2375 3660 2439 dixisses,
3716 2379 3822 2447 fut-

2234 2451 2370 2502 mina
2415 2452 2606 2520 jacere,
2658 2473 2759 2513 non
2806 2459 3021 2513 crimimi
3065 2463 3326 2520 videreris.
3370 2467 3586 2524 Minime
3636 2479 3819 2532 autem

2233 2539 2473 2602 adhibuit
2502 2543 2658 2600 fidem
2709 2564 2723 2602 :
2755 2549 2883 2617 quin
2911 2566 3084 2620 neque
3132 2554 3200 2609 ab
3243 2570 3310 2610 eo
3337 2559 3537 2626 scripta
3581 2577 3677 2616 sua
3716 2563 3818 2636 legi

2234 2631 2394 2687 biduo
2435 2637 2694 2704 potuisse,
2741 2642 3036 2697 contendit.
3084 2645 3192 2700 Sed
3246 2648 3359 2704 haec
3386 2651 3535 2707 alibi.
3564 2631 3818 2714 Bullinus

2233 2726 2489 2795 angustiis
2519 2728 2633 2784 sive
2659 2730 2828 2801 bidui,
2853 2735 2966 2790 sive
2991 2736 3199 2796 dierum
3230 2743 3388 2810 paulo
3411 2745 3640 2815 plurium
3661 2763 3818 2819 pres.

2234 2830 2344 2877 sus,
2376 2832 2496 2871 cum
2554 2835 2814 2890 reponere
2861 2826 3167 2884 adversario
3202 2847 3296 2900 per
3350 2836 3586 2906 singulas
3632 2843 3819 2898 crimio

2233 2910 2474 2963 nationes
2511 2925 2614 2964 non
2663 2923 2864 2982 posset,
2887 2932 3016 2973 suos
3071 2919 3212 2988 ipsos
3262 2923 3446 2992 libros,
3470 2943 3604 2997 quos
3623 2930 3820 2989 Noster

2233 2996 2559 3053 refutaverat
2600 3003 2835 3060 nondum
2884 3018 3138 3077 acceptos
3169 3011 3282 3079 (illa
3331 2996 3581 3072 videlicet
3605 3034 3816 3079 summa

2234 3103 2381 3154 usus,
2406 3090 2470 3143 dc
2500 3107 2603 3160 qua
2625 3095 2781 3162 paulo
2803 3105 2925 3152 ante
2949 3098 3204 3173 diximus)
3221 3103 3286 3157 ad
3315 3121 3435 3161 cum
3463 3111 3818 3178 perferendos

2233 3179 2404 3234 eidem
2437 3188 2754 3252 negotiatori
2785 3188 2907 3242 illuc
2936 3191 3178 3247 redeunti
3206 3193 3374 3263 dedit,
3403 3199 3651 3268 adjuncta
3684 3204 3819 3273 Epio

2231 3271 2389 3339 stola,
2419 3283 2475 3326 ut
2506 3289 2628 3328 mox
2659 3277 2956 3335 videbimus
2987 3323 3002 3348 ,
3027 3285 3394 3342 conviciorum
3439 3305 3600 3347 omne
3644 3271 3820 3363 genus

2232 3369 2284 3414 et
2309 3363 2570 3422 minarum
2601 3365 2814 3422 referta.
2861 3369 3040 3439 l'aque
3069 3373 3212 3439 Noli,
3256 3377 3463 3447 inquit,
3494 3383 3653 3436 multo
3679 3402 3814 3441 auro

2230 3452 2475 3508 redimere
2517 3457 2774 3510 notarium
2804 3476 2988 3524 meum,
3034 3465 3185 3518 sicui
3212 3470 3364 3522 amici
3403 3473 3478 3524 tui
3507 3472 3528 3544 (
3554 3474 3818 3532 Eusebius

2230 3541 2605 3600 Cremonensis
2633 3549 2648 3616 )
2677 3547 2740 3603 de
2780 3551 2902 3605 meis
2935 3551 3248 3613 Periarchon
3278 3541 3555 3625 schedulis,
3586 3567 3818 3622 nondum

2230 3634 2297 3686 ad
2322 3651 2504 3704 purum
2531 3637 2737 3706 digestis
2763 3644 2986 3711 fecerunt
3009 3685 3023 3710 ,
3056 3657 3108 3697 ut
3138 3649 3342 3717 [acilius
3374 3653 3564 3722 falsare
3588 3667 3814 3725 possent,

2229 3725 2363 3791 quod
2388 3735 2475 3779 aut
2517 3727 2689 3782 nullus
2717 3730 2920 3797 haberet
2947 3775 2963 3800 ,
2994 3745 3082 3790 aut
3107 3737 3382 3796 admodum
3423 3746 3591 3812 pauci.
3635 3747 3818 3805 Gratis

2229 3834 2261 3870 a
2305 3835 2385 3872 me
2440 3820 2645 3874 missum
2697 3825 2896 3894 suscipe
2940 3828 3197 3896 codicem,
3234 3849 3380 3902 quem
3420 3851 3572 3891 censu
3626 3855 3820 3909 magna

2228 3923 2436 3978 cuperes
2477 3923 2848 3979 comparatum.
2907 3917 2982 3979 De
3027 3920 3215 3976 iisdem
3261 3933 3317 3977 et
3355 3924 3549 3982 Noster
3579 3929 3820 4000 loquitur

2228 3999 2465 4069 Epistula
2495 4002 2605 4058 cu.
2641 4004 2707 4058 ad
2736 4008 3091 4076 Augustinum
3117 4052 3134 4078 ,
3169 4012 3313 4069 Misit
3364 4017 3492 4072 mihi
3537 3999 3819 4079 temeritate

2226 4091 2375 4144 solita
2401 4108 2492 4146 sua
2523 4093 2793 4152 maledicta
2831 4097 3140 4168 Calpurnius
3177 4117 3506 4175 cognomento
3537 4109 3810 4180 Lanarius,

2225 4199 2337 4252 qua:
2361 4184 2430 4237 ad
2457 4184 2680 4256 Africam
2708 4204 2905 4260 quoque
2944 4193 3118 4250 studio
3157 4195 3272 4269 eius
3297 4199 3457 4253 didici
3500 4206 3808 4274 peruenisse,

2226 4283 2329 4333 etc.
2353 4277 2494 4344 Satis
2521 4280 2717 4349 quippe
2735 4281 2835 4336 sibi
2867 4281 3217 4340 vindiciarum
3244 4287 3532 4363 Presbyter
3561 4296 3814 4365 Aquilei-

2225 4366 2368 4422 ensis
2413 4368 2466 4427 in
2505 4367 2586 4423 bis
2623 4372 2852 4440 positum
2881 4374 3032 4430 libris
3063 4378 3440 4448 existimabat,
3471 4393 3529 4439 ut
3553 4401 3647 4441 eos
3674 4403 3820 4458 quad

2223 4470 2541 4524 quaversum
2570 4461 2826 4531 mitteret,
2857 4472 2912 4520 et
2937 4465 3069 4524 nihil
3092 4468 3194 4524 sibi
3221 4470 3288 4524 ab
3318 4474 3526 4530 aemulis
3556 4487 3812 4537 metuen-

2223 4545 2348 4602 dum
2379 4557 2610 4618 putaret.

2295 4635 2358 4691 γ.
2382 4637 2484 4694 Sed
2518 4640 2686 4710 ipsam
2716 4657 2876 4713 quam
2902 4644 3476 4722 adtexuitEpistolam,
3505 4662 3558 4709 et
3589 4657 3811 4725 proprie

2224 4726 2651 4799 llieronymianis
2707 4732 2910 4792 dudum
2967 4739 3203 4809 acceptis
3267 4740 3442 4798 Libris
3513 4747 3806 4816 opposuit,

2220 4833 2399 4888 Operae
2428 4823 2656 4890 pretium
2703 4835 2787 4881 est
2830 4844 3012 4884 nosse.
3054 4831 3386 4904 Quamquam
3427 4837 3567 4890 enim
3594 4839 3808 4908 jamdiu

2219 4910 2348 4963 olim
2377 4911 2668 4980 intercidit,
2696 4928 2751 4970 ut
2777 4932 2951 4989 neque
2978 4920 3287 4980 Gennadius
3309 4943 3425 4986 eam
3453 4927 3503 4983 in
3534 4929 3799 5001 Catalogo

2218 5015 2316 5055 suo
2343 5013 2636 5068 recenseat,
2665 5017 2796 5062 satis
2824 5025 2889 5064 ex
2919 5010 3005 5069 Itis
3034 5023 3230 5077 tamen,
3260 5034 3380 5087 qu:e
3419 5021 3613 5088 passim
3644 5038 3710 5076 ex
3739 5043 3807 5082 ea

2215 5089 2438 5146 Sanctus
2467 5092 2621 5148 Pater
2646 5098 2852 5163 recitat,
2890 5099 3194 5158 iunotescit.
3231 5105 3386 5160 lnitio
3415 5110 3652 5179 increpat
3680 5128 3806 5169 eum

2215 5178 2460 5236 Ruftinus
2485 5189 2539 5238 et
2562 5196 2887 5250 commonet,
2919 5204 2988 5245 ne
3017 5191 3295 5248 offensioni
3333 5210 3455 5251 esse
3480 5178 3806 5260 Christianis

2213 5275 2608 5331 concertatione
2651 5275 2750 5331 hac
2786 5294 2880 5334 sua
2917 5293 3120 5353 pergat,
3167 5301 3236 5340 ne
3285 5286 3510 5347 rixando
3550 5292 3803 5362 invicem,

2213 5371 2440 5416 mortem
2468 5364 2585 5420 aliis
2610 5367 2801 5423 anima:
2831 5369 3082 5433 inferant.
3113 5377 3194 5429 Ad
3225 5394 3304 5432 me
3334 5420 3349 5446 ,
3384 5381 3555 5453 inquit
3578 5383 3797 5457 Noster,

2213 5452 2494 5520 Epistolam
2544 5461 2736 5526 scribis,
2771 5475 2825 5517 ut
2875 5483 2956 5521 me
2994 5483 3331 5539 commoneas,
3371 5483 3420 5528 et
3459 5452 3795 5542 emendatum

2211 5544 2351 5609 velis,
2399 5563 2463 5602 ne
2490 5557 2681 5606 armis
2706 5555 3005 5610 scandalum
3041 5558 3218 5625 faciat,
3245 5572 3290 5615 et
3320 5564 3436 5620 aliis
3483 5570 3798 5639 furentibus,

2201 5636 2499 5707 jttgttlt'nlur
2519 5642 2629 5695 alii.
2665 5643 2878 5704 Sensim
2906 5665 3031 5704 vero
3055 5652 3284 5710 stimulis
3314 5636 3510 5716 irarum
3541 5665 3800 5726 usitatus.
