4050 6188
202 257 297 313 Ιοίὸ
1455 252 1512 305 S.
1562 246 1931 304 IlltIiONHII
1975 246 2154 300 \‘lTA.

201 385 258 428 ut
281 374 552 429 deterreat
577 388 696 429 eum
722 381 862 427 metu
883 386 912 426 a
941 367 1247 432 scribendo,
1280 365 1440 419 vitam
1470 363 1784 418 intermina-

203 476 284 520 tur
316 482 331 520 :
364 465 601 534 petitque
629 464 747 518 lacti
793 475 978 532 peltas
1019 457 1278 514 conviciis
1308 466 1362 509 et
1390 454 1630 523 turpibus
1659 467 1783 521 pro-

205 557 331 621 bris,
363 571 484 625 qua:
507 555 815 624 gravissima
840 553 895 608 in
923 551 981 606 S.
1014 551 1296 605 Doctorem
1317 545 1465 614 jacit.
1500 543 1785 613 Specimen

203 665 263 702 ex
289 647 371 700 his
412 661 544 716 cape
565 685 581 709 .
610 645 814 715 singula
842 644 986 697 enim
1011 652 1437 696 commemorare
1465 650 1564 690 nos
1600 633 1782 703 pudet.

205 740 484 808 Postquam
542 737 689 792 illum
732 735 968 799 ironice,
1027 729 1439 799 Philosophum,
1490 725 1780 789 Rhetorem,

205 831 614 892 Grammaticum,
646 828 982 881 Dialecticum
1003 866 1018 890 ,
1057 823 1344 887 Ilcbrwum,
1377 819 1638 884 Graecum,
1669 817 1776 870 La-

205 924 380 987 tinum,
412 921 702 990 trilinguem
725 917 968 981 dixisset,
999 915 1102 981 Tu,
1128 912 1326 977 subdit,
1352 911 1438 980 qui
1462 920 1533 964 tot
1561 909 1791 978 discipli-

202 1030 378 1067 narum
406 1013 568 1066 oculis
607 1011 785 1081 vigilas
809 1050 823 1074 ,
850 1008 1103 1080 quomodo
1156 1007 1300 1060 venia
1345 1003 1612 1059 donandus
1650 1019 1720 1066 es,
1749 1000 1792 1054 si

200 1104 464 1167 erraveris,
490 1113 535 1157 et
560 1118 660 1156 non
679 1109 916 1170 perpetuo
956 1099 1164 1166 pudoris
1189 1095 1386 1150 silentio
1418 1091 1794 1162 contegendus?

201 1195 359 1257 Item,
385 1193 589 1247 Imitari
618 1204 664 1246 te
683 1191 814 1244 volui
838 1232 854 1255 ,
888 1190 974 1244 sed
1003 1188 1327 1257 refestinante
1353 1201 1408 1240 eo
1437 1184 1524 1254 qui
1549 1183 1616 1235 ad
1641 1191 1688 1235 te
1709 1197 1790 1233 re-

200 1285 424 1346 meabat,
454 1284 611 1336 malui
640 1282 814 1352 paucis
845 1280 912 1332 ad
936 1291 1000 1344 te,
1023 1295 1172 1347 quam
1192 1279 1258 1330 ad
1279 1278 1407 1330 alios
1441 1291 1532 1344 pro
1553 1275 1652 1327 tuis
1682 1288 1792 1324 ma-

196 1377 406 1429 ledictis
457 1374 610 1427 latius
656 1371 887 1426 scribere.
957 1369 1233 1438 Superﬂua
1280 1367 1404 1419 mihi
1475 1362 1798 1433 reprehensio

199 1467 304 1535 fuit
350 1466 404 1518 in
436 1465 613 1534 paucis
637 1504 652 1528 ,
684 1478 799 1531 quia
845 1465 1072 1531 professa
1103 1459 1189 1512 tibi
1215 1457 1427 1510 habetur
1460 1457 1512 1508 in
1540 1454 1788 1508 omnibus.

202 1558 271 1610 Ει
301 1555 470 1625 paulo
498 1564 638 1623 post,
662 1553 748 1606 En
770 1551 858 1605 tibi
883 1553 996 1604 dico
1025 1567 1045 1603 :
1071 1564 1239 1618 quasso
1261 1549 1371 1616 quis
1390 1546 1477 1599 tibi
1498 1544 1798 1615 permiserit,

203 1658 256 1701 ut
285 1649 340 1700 in
384 1644 760 1698 commentariis
790 1644 888 1695 tuis
917 1640 1147 1710 quadam
1191 1639 1254 1692 de
1285 1639 1501 1707 Origene
1524 1677 1537 1699 ,
1570 1634 1798 1702 quadam

206 1739 271 1792 de
291 1735 615 1805 Apollinario
638 1776 654 1801 ,
685 1734 916 1803 qucedam
947 1733 1010 1785 de
1037 1740 1084 1784 te
1105 1732 1213 1798 ipso
1238 1729 1499 1793 scriberes,
1533 1736 1580 1778 et
1608 1743 1707 1779 non
1739 1724 1801 1778 de

214 1827 431 1896 Origene
447 1835 630 1889 totum,
653 1833 742 1875 aut
763 1837 823 1875 ea:
845 1831 912 1884 te,
936 1828 1022 1872 aut
1047 1819 1247 1872 exalia.
1279 1817 1531 1885 Denique,
1566 1813 1799 1866 Habesne

210 1918 345 1971 ultra
382 1915 599 1986 aliquid,
629 1929 729 1984 quo
757 1929 934 1966 nervos
954 1922 1056 1964 tua?
1081 1909 1398 1979 loquacitatis
1427 1907 1658 1960 intendas
1683 1907 1707 1960 ?
1733 1904 1798 1958 Et

210 2007 514 2075 indignaris,
531 2006 573 2059 si
591 2003 766 2074 putide
779 2012 825 2056 te
850 2001 983 2072 loqui
1009 2017 1238 2072 arguam,
1257 2016 1406 2068 quum
1429 1997 1801 2052 Contaedinrmn

215 2096 551 2164 turpitudines
574 2135 588 2157 ,
618 2103 664 2147 et
693 2105 971 2148 scortorum
991 2102 1369 2159 anmtorumque
1399 2090 1597 2143 ludicra
1627 2088 1802 2143 Eccle-

217 2188 452 2241 siasticus
496 2187 716 2254 scriptor
745 2201 994 2238 assumas.
1024 2184 1190 2237 Minas
1231 2183 1372 2252 quod
1418 2189 1661 2250 Spectat,
1695 2196 1801 2234 non

219 2279 328 2348 ipsa
351 2291 443 2331 eas
469 2276 681 2345 quidem
712 2274 908 2329 Bullini
937 2274 1096 2329 verba
1120 2316 1134 2338 ,
1161 2273 1254 2327 sed
1279 2273 1583 2342 llicronymi
1617 2272 1806 2326 identi-

217 2369 340 2425 dem
371 2365 745 2435 exprobrantis
772 2373 1054 2419 testantur.
1080 2363 1145 2418 In
1196 2365 1392 2426 ultima,
1439 2363 1630 2432 inquit,
1659 2371 1806 2430 parte

221 2459 470 2528 Epistolis
497 2459 790 2512 denuntiata
813 2467 972 2510 morte
1002 2474 1079 2510 me
1123 2457 1357 2520 deterres,
1391 2471 1452 2508 ne
1474 2455 1688 2524 audeam
1730 2471 1808 2507 re-

219 2552 488 2620 spondere.
519 2550 585 2604 Et
612 2559 820 2603 mortem
843 2548 1123 2602 minaris...
1150 2547 1358 2600 minaris
1389 2549 1644 2600 interitum
1669 2587 1683 2610 ,
1712 2547 1807 2599 nisi

221 2651 444 2694 tacuere.
481 2641 737 2709 Denique,
769 2639 946 2693 Terres
976 2655 1054 2692 me
1081 2639 1265 2709 gladiis
1296 2639 1416 2704 tuis,
1445 2647 1492 2690 et
1521 2639 1802 2690 accusatio-

223 2749 337 2788 nem
357 2751 458 2787 non
472 2733 587 2804 jam
609 2731 1037 2795 Ecclesiasttcam,
1065 2738 1152 2786 sed
1179 2731 1506 2784 tribunalium
1531 2733 1808 2784 commina-

225 2827 363 2877 ris...
397 2824 442 2877 si
468 2824 615 2878 aliter
641 2823 863 2887 creditis,
893 2820 1015 2891 quid
1058 2820 1206 2875 vultis
1234 2821 1458 2874 occidere
1479 2822 1504 2874 7
1548 2823 1625 2874 An
1664 2822 1749 2889 qui
1777 2838 1808 2872 a

226 2916 365 2970 vobis
384 2916 694 2981 dissenserit,
735 2914 1036 2968 occidendus
1087 2914 1202 2966 est?
1246 2923 1301 2967 et
1345 2912 1536 2967 similia
1585 2913 1668 2966 bis
1707 2913 1808 2966 alia

226 3008 507 3078 pleraque,
535 3025 656 3077 qua:
684 3021 1106 3062 commemorare
1135 3006 1345 3074 longum
1373 3016 1480 3058 cst.

300 3099 389 3154 \‘l.
418 3100 552 3154 Tum
581 3115 711 3154 vero
740 3098 1097 3168 Hieronymus
1120 3138 1136 3162 ,
1165 3113 1322 3166 quem
1369 3105 1570 3149 tantum
1601 3095 1806 3159 aberat,

229 3200 286 3245 ut
336 3192 633 3246 minitantis
675 3191 849 3244 seruuli
893 3191 1052 3244 verba
1103 3189 1399 3254 deterrent,
1457 3189 1584 3257 quin
1640 3188 1815 3256 potius

229 3282 436 3335 animos
465 3281 534 3335 ad
562 3281 918 3335 Christianam
961 3278 1334 3349 proferendam
1373 3279 1672 3332 doctrinam
1718 3277 1814 3330 ad-

230 3372 440 3437 derent,
499 3373 713 3427 vixdum
756 3379 968 3440 accepta
1012 3370 1308 3424 Rulliniana
1349 3369 1604 3437 Epistola,
1638 3368 1816 3423 stilum

235 3467 286 3520 in
313 3483 429 3522 eam
463 3507 478 3530 ,
508 3468 551 3521 si
575 3481 806 3535 unquam
828 3467 959 3520 alios
989 3465 1230 3519 animose
1264 3463 1426 3528 acuit,
1463 3469 1518 3518 et
1543 3462 1814 3532 proprium

233 3555 472 3618 Librum,
502 3556 590 3625 qui
623 3555 810 3612 tertius
834 3556 1108 3624 Apologia;
1133 3570 1244 3611 sua:
1281 3553 1609 3618 inscribitur,
1648 3553 1813 3607 cudit.

233 3647 537 3718 I‘rmcipuas
581 3662 716 3716 quas
741 3656 796 3702 et
843 3647 1108 3716 prioribus
1149 3646 1365 3716 quidem
1410 3645 1584 3700 Libris
1625 3645 1721 3699 abs
1758 3660 1818 3698 se

235 3739 636 3793 eriminationes
667 3738 936 3806 repulerat
957 3777 974 3803 ,
1005 3738 1104 3789 hoc
1135 3736 1327 3791 iterum
1354 3736 1528 3800 diluit,
1562 3745 1614 3790 et
1645 3737 1696 3790 in
1724 3735 1818 3791 ad«

237 3828 532 3882 versarium
562 3829 633 3882 ita
676 3837 978 3895 retorquet,
1009 3835 1066 3882 ut
1091 3826 1292 3881 nullum
1323 3827 1371 3881 ei
1403 3827 1666 3896 reliquum
1699 3843 1818 3896 per-

236 3915 436 3986 fugium
498 3915 677 3970 faciat.
739 3915 1032 3985 Epistolam
1091 3931 1218 3970 vero
1264 3917 1403 3969 illam
1454 3917 1671 3985 proprie
1717 3917 1818 3972 sibi

235 4006 575 4062 rcfutandam
615 4006 801 4073 sumit,
845 4006 1066 4076 ejusque
1113 4005 1384 4074 particulis
1424 4005 1622 4060 sensim
1662 4016 1820 4075 atque

237 4117 300 4156 cx
345 4102 540 4156 ordine
573 4101 830 4164 recitatis,
871 4099 1274 4166 resinonsionem
1303 4113 1453 4153 suam
1485 4099 1818 4153 verissimam

239 4193 475 4262 quidem,
521 4191 617 4246 sed
645 4200 698 4246 ct
724 4190 834 4244 acri
869 4193 1135 4258 perfusam
1161 4199 1317 4244 aceto
1374 4187 1658 4242 subnectit.
1691 4187 1820 4242 Illud

237 4283 374 4350 quod
404 4282 655 4336 Ilul‘linus
681 4281 998 4335 causabatur
1026 4280 1211 4349 (unum
1241 4279 1382 4334 enim
1405 4277 1547 4347 quod
1591 4279 1820 4334 maxime

239 4378 566 4444 propositam
606 4373 880 4427 historiam
910 4380 1134 4441 spectat,
1164 4370 1402 4425 delibare
1429 4369 1585 4424 liceat
1609 4371 1625 4438 )
1651 4369 1719 4425 de
1741 4371 1823 4425 bi-

241 4464 327 4517 dui
370 4463 638 4533 angustiis
684 4462 785 4516 sibi
825 4462 890 4516 ad
936 4461 1366 4531 respondendum
1409 4461 1702 4527 concessis,
1753 4462 1822 4516 ita

241 4558 455 4625 excipit,
511 4556 646 4622 Quo,
688 4555 783 4617 ait,
825 4554 913 4608 tibi
948 4555 1115 4608 credet
1156 4555 1349 4608 homini
1390 4554 1728 4622 veracissimo,
1772 4564 1826 4607 ut

243 4647 522 4716 negotiator
569 4644 905 4698 Orientalium
937 4645 1200 4710 mercium,
1231 4645 1318 4712 qui
1355 4654 1399 4698 et
1426 4645 1543 4698 hinc
1563 4645 1825 4715 deportata

243 4737 452 4790 cendere
487 4751 690 4788 necesse
718 4733 929 4789 habebat
953 4773 968 4797 ,
1007 4743 1059 4812 et
1094 4735 1162 4788 ibi
1187 4750 1352 4788 emere
1378 4751 1490 4805 qua:
1518 4736 1616 4790 huc
1644 4752 1819 4790 rursus

243 4825 527 4890 adveheret,
556 4823 765 4878 biduum
793 4834 998 4878 tantum
1029 4824 1272 4893 Aquileiw
1297 4826 1466 4897 fuerit,
1491 4835 1545 4879 ut
1571 4827 1753 4895 raptim
1781 4836 1827 4880 et

243 4925 529 4982 extempore
543 4926 720 4969 contra
737 4931 831 4970 nos
859 4916 1049 4977 dictare
1075 4914 1357 4986 Epistolam
1375 4919 1621 4987 cogereris
1641 4919 1666 4972 ?
1689 4918 1828 4972 Libri

246 5006 381 5058 enim
405 5005 498 5066 tui,
536 5022 662 5074 quos
703 5006 893 5060 limasti
920 5023 1008 5074 per
1035 5007 1324 5065 triennium.
1355 5008 1640 5062 disertiores
1669 5010 1830 5063 sunt?

246 5094 313 5150 Ει
341 5097 531 5166 paucis
561 5097 853 5167 interjectis
885 5115 901 5151 :
933 5095 1061 5151 Tant
1077 5108 1311 5167 apertum
1337 5101 1576 5168 temporis
1616 5101 1829 5154 menda-

248 5187 376 5240 cium
402 5196 496 5253 est,
529 5197 584 5240 ut
604 5204 705 5242 non
723 5189 891 5241 dicam
914 5188 1232 5258 respondere,
1254 5188 1344 5245 sed
1363 5190 1524 5260 legere
1550 5190 1701 5245 biduo
1721 5208 1831 5245 mea

248 5280 428 5350 scripta
444 5295 546 5335 non
577 5279 804 5350 potueris
815 5317 829 5330 .
858 5277 939 5332 Ea:
954 5295 1052 5348 quo
1068 5289 1278 5350 apparet
1297 5291 1343 5334 te
1359 5281 1500 5335 illam
1521 5281 1828 5349 Epistolmn,

248 5381 328 5422 aut
348 5371 585 5439 pluribus
613 5371 794 5424 diebus
819 5370 1096 5439 scripsisse,
1131 5380 1217 5424 aut
1243 5371 1285 5424 si
1313 5372 1642 5426 tumultuaria
1670 5373 1834 5425 dicta-

249 5460 311 5514 tio
339 5472 430 5527 est,
454 5462 675 5518 nimium
703 5470 754 5514 te
777 5476 885 5514 esse
904 5461 1253 5530 negligentem,
1275 5461 1360 5530 qui
1388 5478 1542 5532 quum
1569 5470 1830 5532 extempoo

245 5553 363 5609 ralis
402 5556 522 5611 talis
550 5555 650 5619 sis,
699 5552 967 5607 meditatus
1012 5551 1226 5605 deterior
1272 5551 1446 5620 fueris.
1498 5551 1666 5618 llujus
1711 5565 1833 5605 cum

244 5645 454 5718 urgendi,
492 5659 607 5704 tum
653 5644 974 5714 eloquentiae
1003 5643 1239 5716 reliquus
1268 5643 1442 5699 omnis
1469 5650 1730 5698 coatexus
1753 5655 1831 5698 cst

3368 252 3470 306 HG

1892 360 2034 414 Libri
2058 401 2074 425 ,
2122 359 2259 413 haud
2289 375 2418 414 sane
2462 361 2721 417 brevioris
2752 377 2907 433 quam
2952 365 3322 434 prmccdcntes
3352 369 3460 423 duo

1899 469 1997 508 nec
2022 453 2198 507 minus
2227 453 2470 524 expoliti.
3415 455 3422 528 ’ν

1969 543 2122 612 Quod
2156 558 2386 614 propere
2415 554 2588 599 tamen
2617 543 2910 600 adornatus
2936 546 3002 600 ab
3027 561 3092 602 eo
3119 548 3296 616 fuerit,
3323 561 3374 606 et
3399 553 3478 607 fa.

1894 637 1997 694 cile
2049 653 2150 692 una
2202 647 2294 692 aut
2355 639 2524 693 altera
2566 637 3011 707 elucubratione,
3047 643 3187 708 quod
3234 646 3283 698 in
3336 663 3483 702 more

1896 735 2126 803 positum
2159 736 2231 790 illi
2259 744 2395 802 erat,
2424 736 2594 791 series
2624 737 2737 807 ipsa
2762 754 2940 791 rerum
2980 739 3278 807 persuadet.
3309 743 3486 795 Enim.

1893 841 2024 880 vero
2051 827 2257 896 priores
2285 828 2400 898 ejus
2427 827 2533 883 duo
2555 829 2702 884 Libri
2728 840 2853 884 ante
2881 829 3155 900 bnjusmet
3184 834 3306 886 anni
3333 835 3456 899 Apri

1895 916 2002 972 lem
2034 932 2275 972 mensem
2303 935 2318 982 ;
2352 918 2454 973 nisi
2479 919 2778 974 rationibus
2809 920 2876 974 ab
2903 936 3091 976 eorum
3116 921 3336 976 conditu
3367 923 3490 994 sub.

1896 1007 2156 1064 ducendis
2203 1008 2463 1074 fallimur,
2515 1010 2584 1064 ad
2635 1009 2907 1066 Bullinum
2965 1011 3164 1067 deferri
3211 1015 3487 1083 potuisse,

1901 1101 2123 1156 minime
2151 1101 2436 1169 videntur;
2479 1103 2587 1156 imo
2634 1118 2762 1157 vero
2793 1119 2887 1172 par
2917 1104 3141 1161 credere
3171 1115 3272 1169 est,
3304 1107 3490 1160 eodem

1903 1191 1996 1246 illo
2021 1207 2204 1246 mense
2236 1192 2346 1247 fere
2368 1193 2543 1248 medio
2585 1193 2800 1249 demum
2830 1195 3053 1251 adlatos.
3090 1197 3186 1251 llic
3219 1213 3346 1252 vero
3375 1209 3487 1252 sta-

1905 1285 1998 1338 tim
2047 1295 2166 1353 post
2212 1285 2453 1352 biduum,
2505 1289 2636 1354 sive,
2682 1289 2822 1358 quod
2859 1289 3052 1345 Nestcr
3097 1290 3392 1352 contendit,
3437 1298 3492 1343 ct

1908 1376 2124 1444 pr0pius
2139 1377 2342 1432 accedit
2363 1377 2426 1432 ad
2457 1381 2560 1432 veri
2589 1379 2844 1448 speciem,
2874 1391 2989 1451 post
3020 1382 3196 1451 plures
3222 1381 3357 1442 dies.
3392 1380 3493 1434 lal-

1907 1464 2136 1520 tnineam
2191 1467 2480 1537 Epistolam
2538 1470 2680 1523 illam
2733 1470 3024 1525 intorserit.
3079 1470 3236 1525 Certe
3272 1483 3326 1524 ut
3375 1471 3492 1524 hzec

1909 1555 2232 1627 Hieronymo
2260 1557 2592 1622 redderetur,
2631 1576 2738 1614 uno
2769 1562 2943 1617 adhuc
2980 1562 3148 1629 ferme
3181 1563 3494 1620 intermedio

1907 1662 2090 1701 mense
2114 1665 2244 1716 opus
2275 1648 2411 1711 fuit,
2452 1660 2596 1704 tanto
2628 1652 2977 1721 interjacente
3005 1654 3244 1722 Aquileia
3273 1655 3337 1708 ad
3380 1655 3492 1708 Ile-

1905 1735 2100 1791 thleem
2129 1738 2294 1792 maris
2330 1739 2521 1807 spatio.
2573 1741 2896 1796 Devenimns
2917 1743 3028 1810 jam
3061 1743 3239 1810 itaque
3267 1744 3332 1796 ad
3365 1743 3488 1796 Maii

1906 1824 2014 1880 fere
2041 1826 2242 1882 exitum
2268 1869 2281 1892 ,
2310 1844 2417 1898 quo
2443 1839 2591 1883 certo
2619 1830 2876 1900 temporis
2913 1831 3142 1885 termino
3184 1832 3355 1886 serius
3386 1831 3489 1886 dil-

1903 1915 2044 1972 ferre
2073 1916 2130 1971 S.
2161 1917 2332 1974 Patris
2361 1935 2678 1988 responsum
2707 1935 2810 1975 non
2843 1921 2989 1976 licet.
3028 1921 3240 1976 Etenim
3267 1924 3491 1977 Anasta-

1904 2009 2040 2062 sium
2070 2007 2290 2077 putabat
2320 2009 2407 2064 ille
2433 2010 2605 2064 adhuc
2634 2011 2687 2065 in
2714 2011 2849 2066 vivis
2875 2027 3053 2082 agerc,
3077 2013 3219 2082 quod
3249 2015 3489 2066 innnima

1906 2097 1972 2151 de
1997 2098 2195 2152 recenti
2213 2099 2328 2167 ejus
2344 2100 2492 2154 obitu
2516 2100 2750 2154 nondum
2778 2105 3096 2172 accepisset.
3125 2101 3269 2163 Esto.
3294 2103 3487 2171 inquit,

1909 2203 2057 2244 num.
2100 2188 2192 2243 2|.
2246 2192 2488 2258 prccteriti
2537 2192 2662 2245 anni
2716 2209 2807 2262 ego
2856 2192 3142 2262 Epistolam
3196 2194 3435 2261 ﬁnxerint
3479 2213 3496 2248 :

1909 2280 2124 2333 recentia
2152 2279 2220 2332 ad
2249 2279 2506 2334 Orientem
2527 2282 2719 2351 scripta
2749 2282 3006 2351 (Epistula
3027 2282 3233 2336 scilicet
3261 2284 3489 2336 Anasta-

1911 2367 1974 2420 sii
2005 2367 2068 2421 ad
2096 2367 2354 2422 Joannem
2383 2370 2448 2424 de
2474 2369 2840 2440 Rufiino)quis
2863 2371 2994 2424 misit
3019 2371 3044 2424 ?
3066 2372 3116 2424 in
3143 2370 3320 2438 quibus
3350 2371 3498 2444 Papa

1912 2457 2211 2512 Anastasius
2243 2460 2394 2513 tantis
2441 2470 2490 2515 te
2535 2469 2682 2514 ornat
2717 2462 2960 2531 ﬂoribus,
2990 2471 3042 2516 ut
3069 2477 3180 2516 cum
3205 2477 3266 2518 ea
3294 2466 3492 2537 legeris,

1913 2550 2072 2620 magis
2113 2559 2160 2605 te
2198 2551 2324 2606 velle
2362 2552 2632 2624 defendere
2658 2553 2892 2620 incipias,
2927 2572 3080 2626 quam
3108 2573 3200 2610 nos
3235 2574 3494 2613 accusare.

1913 2640 2000 2708 Et,
2035 2640 2210 2696 Siricii
2226 2644 2342 2712 jam
2382 2645 2432 2697 in
2478 2643 2695 2698 Domino
2721 2645 3016 2702 dormientis
3047 2653 3244 2717 profers
3291 2650 3495 2722 Episto-

1911 2733 2034 2798 lam,
2073 2733 2281 2787 viventis
2328 2734 2589 2790 Anastasii
2634 2737 2771 2790 dicta
2813 2740 3126 2793 contemnis?
3159 2738 3292 2795 Fato
3319 2752 3495 2796 autem

1913 2823 2121 2880 functus
2147 2834 2228 2881 est
2262 2826 2587 2893 Anastasius,
2633 2845 2736 2883 non
2769 2831 3063 2898 superioris
3106 2832 3231 2884 anni
3273 2833 3492 2886 Decem-

1915 2915 1994 2968 bri
2026 2931 2206 2971 mense
2237 2914 2322 2990 (ut
2367 2917 2578 2986 Pagins,
2608 2917 3026 2986 Papebrorbius,
3060 2919 3400 2974 Constantius
3451 2933 3505 2976 ct

1916 3019 2015 3058 nos
2041 3020 2249 3074 quoque
2268 3007 2394 3058 olim
2427 3006 2865 3060 existimabamus
2891 3007 3010 3059 aliis
3035 3007 3178 3060 ducti
3211 3024 3500 3078 argumen-

1918 3092 2006 3161 tis)
2036 3133 2051 3157 ,
2083 3093 2176 3146 sed
2207 3095 2414 3146 liocmet
2442 3108 2603 3159 anno,
2634 3093 2699 3148 V.
2727 3094 2990 3149 Kalendas
3018 3095 3186 3149 Maias
3209 3139 3221 3156 ,
3249 3114 3354 3167 qao
3378 3116 3496 3154 me-

1922 3184 2088 3236 moria
2113 3183 2228 3252 cjus
2247 3183 2334 3238 die
2355 3183 2408 3238 in
2437 3186 2704 3256 plerisque
2733 3187 2925 3241 tabulis
2954 3187 3343 3245 Ecelesiasticis
3371 3207 3500 3247 cono

1920 3273 2179 3342 signatur.
2227 3275 2491 3329 Batonius
2544 3291 2754 3346 quoque
2812 3281 2881 3330 ita
2921 3278 3050 3332 olim
3102 3278 3334 3336 rationes
3381 3297 3503 3338 Snas

1921 3362 2058 3430 iniit,
2091 3379 2224 3434 quas
2253 3364 2446 3420 deinde
2479 3366 2718 3436 pluribus
2741 3368 3112 3425 Tillcmontius
3138 3371 3495 3440 confirmavit,

1865 3508 1878 3514 ,
1921 3463 2078 3524 atque
2127 3454 2243 3509 [nec
2294 3456 2510 3511 demum
2559 3457 3093 3532 llieronymiauarum
3149 3463 3504 3533 scriptionum

1921 3547 2088 3602 series
2105 3549 2318 3602 evincit.
2339 3549 2506 3605 Porro
2532 3551 2649 3621 ejus
2670 3551 2849 3606 obitus
2876 3552 3256 3626 Hieronymum
3285 3557 3505 3614 latuisse

1925 3639 2081 3693 unius
2118 3638 2230 3696 fere
2257 3641 2455 3695 mensis
2483 3643 2690 3712 spatio,
2725 3643 2882 3713 idque
2912 3655 2966 3698 ut
2996 3647 3221 3701 multum
3241 3688 3255 3712 ,
3290 3648 3457 3716 potuit
3488 3667 3500 3701 :

1923 3729 2117 3786 diutius
2138 3743 2285 3788 certe
2308 3742 2364 3786 ut
2389 3733 2599 3786 latuerit
2622 3749 2780 3788 nemo
2803 3735 2900 3787 sibi
2929 3736 2980 3789 in
3005 3738 3240 3791 animum
3269 3738 3503 3796 inducat.

1923 3819 1994 3877 Ut
2021 3825 2190 3877 serius
2221 3823 2379 3891 igitur
2415 3823 2514 3876 hoc
2546 3825 2659 3892 ipso
2687 3833 2915 3878 exeunte
2938 3840 3120 3879 mense
3147 3826 3285 3878 Maio
3317 3828 3509 3882 adver.

1923 3927 2014 3968 Sus
2045 3913 2311 3968 Bullinum
2345 3913 2532 3967 librmn
2563 3913 2622 3968 S.
2657 3913 2812 3968 Pater
2834 3913 3158 3968 clueubrarit
3187 3930 3200 3968 :
3232 3916 3502 3982 acceperit

1927 4019 2053 4058 vero
2080 4015 2202 4059 ante
2218 4005 2334 4059 dies
2354 4003 2637 4058 admodum
2658 4018 2857 4074 paucos
2871 4003 3163 4060 adversarii
3186 4003 3505 4075 Epistulam,

1927 4112 2084 4166 quam
2119 4096 2403 4150 refutatum
2424 4096 2552 4149 ibat.
3149 4147 3152 4150 .

2002 4187 2110 4242 \‘ll.
2155 4187 2351 4242 Fuerat
2387 4199 2524 4242 vero
2571 4187 2758 4242 eadem
2804 4187 2932 4254 illa,
2981 4196 3038 4242 ut
3078 4188 3306 4252 videtur,
3356 4204 3512 4242 occa-

1930 4268 2100 4342 sione,
2142 4286 2289 4332 certe
2331 4286 2616 4346 antequam
2661 4278 2940 4340 scriberet,
2992 4287 3209 4348 rogatus
3247 4278 3316 4334 ab
3342 4279 3512 4348 Aqui?

1933 4369 2118 4426 leiensi
2162 4369 2410 4424 Antistite
2440 4368 2638 4424 Sancto
2663 4369 2988 4436 Cbromatio,
3016 4369 3154 4438 apud
3181 4385 3338 4440 quem
3382 4369 3517 4425 Ilur-

1933 4461 2070 4516 linus
2105 4461 2438 4525 morabatur,
2483 4471 2541 4515 ut
2587 4459 2976 4515 concertationi
3021 4460 3146 4516 huic
3187 4469 3368 4527 tantm,
3396 4479 3516 4537 qua;

1931 4559 2166 4620 cmperat
2190 4549 2298 4620 jam
2324 4549 2748 4606 Cbristianormn
2781 4550 2974 4605 animis
3001 4550 3326 4607 oll'cndiculo
3369 4567 3511 4617 csse,

1935 4642 2091 4699 linem
2124 4643 2443 4712 imponeret.
2486 4643 2582 4699 Cui
2635 4643 2850 4714 quidem
2896 4660 3108 4699 smmno
3135 4645 3248 4698 viro
3271 4685 3287 4710 ,
3330 4654 3382 4698 et
3414 4645 3514 4699 sibi

1933 4749 2052 4789 cum
2083 4734 2268 4804 primis
2297 4744 2478 4789 vetere
2524 4735 2755 4789 amicitia
2795 4735 2982 4804 juncto
3002 4778 3017 4802 ,
3066 4734 3308 4788 landilnts
3336 4743 3515 4792 autem

1935 4827 2144 4896 pictatis
2169 4836 2326 4896 atque
2355 4827 2668 4882 eruditionis
2694 4829 3055 4889 ornatissimo,
3091 4840 3293 4878 morem
3324 4839 3516 4898 gerere?

1935 4918 2208 4978 voluisset,
2240 4916 2397 4986 idque
2435 4933 2493 4971 se
2522 4919 2700 4971 animo
2749 4916 3022 4978 habuisse,
3058 4911 3406 4981 jurejurando
3439 4925 3515 4969 te-

1935 5018 2103 5062 status
2131 5016 2233 5062 cst.
2262 5005 2366 5062 Sed
2411 5007 2497 5059 ubi
2528 5007 2717 5067 sensit,
2762 5003 3021 5058 deterreri
3068 5003 3315 5056 seminis
3359 5018 3388 5057 a
3434 5020 3518 5056 re-

1936 5098 2248 5168 spondendo
2271 5137 2286 5158 .
2317 5106 2372 5150 ut
2413 5097 2615 5151 crimen
2655 5095 2804 5148 lateri
2835 5095 3104 5147 videretur
3125 5133 3142 5157 ,
3168 5093 3306 5162 quod
3329 5095 3423 5147 abs
3457 5075 3523 5150 se

1937 5189 2199 5256 repellere
2227 5185 2517 5240 destitisset
2539 5227 2552 5248 ,
2578 5185 2916 5239 committere
2951 5183 3168 5239 omnino
3201 5199 3302 5236 non
3327 5188 3514 5253 potuit,

1938 5289 1994 5334 nt
2013 5279 2164 5333 l'anne
2183 5279 2587 5347 periclitaretur,
2612 5291 2776 5344 seque
2795 5277 3015 5330 invitum
3045 5278 3160 5344 cogi
3189 5274 3253 5330 ad
3272 5275 3518 5332 scriben—

1938 5368 2086 5432 dmn,
2126 5367 2310 5420 doluit.
2347 5366 2541 5420 Testem
2570 5407 2586 5432 ,
2617 5366 2788 5436 inquit
2813 5367 2913 5423 sub
2940 5367 3207 5436 bujusmct
3237 5369 3378 5425 Libri
3422 5371 3520 5423 ini-

1942 5461 2091 5523 tium,
2115 5459 2288 5512 invoco
2315 5455 2348 5509 .l
2356 5473 2496 5512 esum
2517 5457 2837 5513 conscientia
2861 5461 3093 5532 mcte,qui
3116 5471 3159 5515 et
3189 5462 3282 5516 has
3299 5461 3513 5525 litteras,

1941 5568 1985 5610 et
2015 5565 2152 5608 tuam
2182 5550 2466 5621 Epistolam
2481 5551 2807 5622 judicaturus
2829 5562 2920 5621 est,
2949 5571 3027 5611 me
3053 5557 3120 5610 ad
3159 5554 3523 5611 Connnoni:io~

1943 5665 2054 5702 nem
2082 5644 2262 5703 Sancti
2293 5643 2454 5717 [’npt‘t‘
2478 5645 2759 5702 Chromatii
2788 5648 3002 5704 roluissc
3028 5651 3256 5714 reticere.
3283 5657 3329 5704 et
3354 5650 3510 5718 ﬁnem
