  <div class='ocr_page' id='page_1' title='image "/cluster/home/n/w/nwhite01/storage/ocr_20150623/22/uva.x000826587/133.png"; bbox 0 0 4050 6188; ppageno 0'>
   <div class='ocr_carea' id='block_1_1' title="bbox 571 225 673 283">
    <p class='ocr_par' dir='ltr' id='par_1_1' title="bbox 571 225 673 283">
     <span class='ocr_line' id='line_1_1' title="bbox 571 225 673 283; baseline -0.039 0"><span class='ocrx_word' id='word_1_1' title='bbox 571 225 673 283; x_wconf 78' lang='lat' dir='ltr'><strong><em>H7</em></strong></span> 
     </span>
    </p>
   </div>
   <div class='ocr_carea' id='block_1_2' title="bbox 578 331 2148 414">
    <p class='ocr_par' dir='ltr' id='par_1_2' title="bbox 578 331 2148 414">
     <span class='ocr_line' id='line_1_2' title="bbox 578 331 2148 414; baseline -0.008 -20"><span class='ocrx_word' id='word_1_2' title='bbox 578 345 748 414; x_wconf 75' lang='lat' dir='ltr'><strong><em>facere</em></strong></span> <span class='ocrx_word' id='word_1_3' title='bbox 775 340 1109 406; x_wconf 70' lang='lat' dir='ltr'><strong><em>simultatum,</em></strong></span> <span class='ocrx_word' id='word_1_4' title='bbox 1142 346 1187 392; x_wconf 89' lang='lat' dir='ltr'><strong><em>et</em></strong></span> <span class='ocrx_word' id='word_1_5' title='bbox 1214 337 1404 392; x_wconf 79' lang='lat' dir='ltr'><strong><em>vincere</em></strong></span> <span class='ocrx_word' id='word_1_6' title='bbox 1428 336 1479 389; x_wconf 91' lang='lat' dir='ltr'><strong><em>in</em></strong></span> <span class='ocrx_word' id='word_1_7' title='bbox 1505 335 1636 388; x_wconf 91' lang='lat' dir='ltr'><strong><em>bono</em></strong></span> <span class='ocrx_word' id='word_1_8' title='bbox 1660 332 1868 386; x_wconf 88' lang='lat' dir='ltr'><strong><em>malum.</em></strong></span> <span class='ocrx_word' id='word_1_9' title='bbox 1901 332 2007 386; x_wconf 80' lang='lat' dir='ltr'><strong><em>Sed</em></strong></span> <span class='ocrx_word' id='word_1_10' title='bbox 2031 331 2148 399; x_wconf 89' lang='lat' dir='ltr'><strong><em>quia</em></strong></span> 
     </span>
    </p>
   </div>
   <div class='ocr_carea' id='block_1_3' title="bbox 576 421 2147 495">
    <p class='ocr_par' dir='ltr' id='par_1_3' title="bbox 576 421 2147 495">
     <span class='ocr_line' id='line_1_3' title="bbox 576 421 2147 495; baseline -0.009 -8"><span class='ocrx_word' id='word_1_11' title='bbox 576 432 790 487; x_wconf 86' lang='lat' dir='ltr'><strong><em>minaris</em></strong></span> <span class='ocrx_word' id='word_1_12' title='bbox 815 432 1102 495; x_wconf 88' lang='lat' dir='ltr'><strong><em>interitum,</em></strong></span> <span class='ocrx_word' id='word_1_13' title='bbox 1134 428 1232 482; x_wconf 93' lang='lat' dir='ltr'><strong><em>nisi</em></strong></span> <span class='ocrx_word' id='word_1_14' title='bbox 1260 437 1460 480; x_wconf 90' lang='lat' dir='ltr'><strong><em>tacuero</em></strong></span> <span class='ocrx_word' id='word_1_15' title='bbox 1483 466 1497 489; x_wconf 91' lang='lat'><strong><em>,</em></strong></span> <span class='ocrx_word' id='word_1_16' title='bbox 1527 423 1829 493; x_wconf 87' lang='lat' dir='ltr'><strong><em>respondere</em></strong></span> <span class='ocrx_word' id='word_1_17' title='bbox 1855 421 2147 492; x_wconf 86' lang='lat' dir='ltr'><strong><em>compellor,</em></strong></span> 
     </span>
    </p>
   </div>
   <div class='ocr_carea' id='block_1_4' title="bbox 571 514 2148 585">
    <p class='ocr_par' dir='ltr' id='par_1_4' title="bbox 571 514 2148 585">
     <span class='ocr_line' id='line_1_4' title="bbox 571 514 2148 585; baseline -0.008 -8"><span class='ocrx_word' id='word_1_18' title='bbox 571 539 636 577; x_wconf 85' lang='lat' dir='ltr'><strong><em>ne</em></strong></span> <span class='ocrx_word' id='word_1_19' title='bbox 660 522 834 576; x_wconf 87' lang='lat' dir='ltr'><strong><em>videar</em></strong></span> <span class='ocrx_word' id='word_1_20' title='bbox 859 519 1068 575; x_wconf 88' lang='lat' dir='ltr'><strong><em>tacendo</em></strong></span> <span class='ocrx_word' id='word_1_21' title='bbox 1109 517 1296 571; x_wconf 81' lang='lat' dir='ltr'><strong><em>crimen</em></strong></span> <span class='ocrx_word' id='word_1_22' title='bbox 1317 531 1589 585; x_wconf 77' lang='lat' dir='ltr'><strong><em>agnoscere</em></strong></span> <span class='ocrx_word' id='word_1_23' title='bbox 1616 523 1664 568; x_wconf 93' lang='lat' dir='ltr'><strong><em>et</em></strong></span> <span class='ocrx_word' id='word_1_24' title='bbox 1698 514 1956 568; x_wconf 74' lang='lat' dir='ltr'><strong><em>lenitatem</em></strong></span> <span class='ocrx_word' id='word_1_25' title='bbox 1984 528 2148 565; x_wconf 87' lang='lat' dir='ltr'><strong><em>meum</em></strong></span> 
     </span>
    </p>
   </div>
   <div class='ocr_carea' id='block_1_5' title="bbox 570 604 2148 674">
    <p class='ocr_par' dir='ltr' id='par_1_5' title="bbox 570 604 2148 674">
     <span class='ocr_line' id='line_1_5' title="bbox 570 604 2148 674; baseline -0.006 -9"><span class='ocrx_word' id='word_1_26' title='bbox 570 613 724 668; x_wconf 78' lang='lat' dir='ltr'><strong><em>mala:</em></strong></span> <span class='ocrx_word' id='word_1_27' title='bbox 768 609 1083 665; x_wconf 76' lang='lat' dir='ltr'><strong><em>conscientia:</em></strong></span> <span class='ocrx_word' id='word_1_28' title='bbox 1140 606 1326 660; x_wconf 78' lang='lat' dir='ltr'><strong><em>crimen</em></strong></span> <span class='ocrx_word' id='word_1_29' title='bbox 1369 605 1731 674; x_wconf 73' lang='lat' dir='ltr'><strong><em>interpreteris.</em></strong></span> <span class='ocrx_word' id='word_1_30' title='bbox 1787 604 2148 674; x_wconf 69' lang='lat' dir='ltr'><strong><em>Prmterquam</em></strong></span> 
     </span>
    </p>
   </div>
   <div class='ocr_carea' id='block_1_6' title="bbox 569 697 2150 772">
    <p class='ocr_par' dir='ltr' id='par_1_6' title="bbox 569 697 2150 772">
     <span class='ocr_line' id='line_1_6' title="bbox 569 697 2150 772; baseline -0.005 -14"><span class='ocrx_word' id='word_1_31' title='bbox 569 702 712 772; x_wconf 91' lang='lat' dir='ltr'><strong><em>quod</em></strong></span> <span class='ocrx_word' id='word_1_32' title='bbox 763 700 928 755; x_wconf 89' lang='lat' dir='ltr'><strong><em>multa</em></strong></span> <span class='ocrx_word' id='word_1_33' title='bbox 957 697 1174 752; x_wconf 86' lang='lat' dir='ltr'><strong><em>nimium</em></strong></span> <span class='ocrx_word' id='word_1_34' title='bbox 1214 705 1270 752; x_wconf 92' lang='lat' dir='ltr'><strong><em>et</em></strong></span> <span class='ocrx_word' id='word_1_35' title='bbox 1309 697 1488 767; x_wconf 79' lang='lat' dir='ltr'><strong><em>gravia</em></strong></span> <span class='ocrx_word' id='word_1_36' title='bbox 1517 705 1668 752; x_wconf 89' lang='lat' dir='ltr'><strong><em>erant</em></strong></span> <span class='ocrx_word' id='word_1_37' title='bbox 1692 739 1707 764; x_wconf 90' lang='lat'><strong><em>,</em></strong></span> <span class='ocrx_word' id='word_1_38' title='bbox 1737 711 1854 766; x_wconf 77' lang='lat' dir='ltr'><strong><em>qua:</em></strong></span> <span class='ocrx_word' id='word_1_39' title='bbox 1875 704 2060 750; x_wconf 88' lang='lat' dir='ltr'><strong><em>contra</em></strong></span> <span class='ocrx_word' id='word_1_40' title='bbox 2091 709 2150 750; x_wconf 90' lang='lat' dir='ltr'><strong><em>se</em></strong></span> 
     </span>
    </p>
   </div>
   <div class='ocr_carea' id='block_1_7' title="bbox 565 785 2150 861">
    <p class='ocr_par' dir='ltr' id='par_1_7' title="bbox 565 785 2150 861">
     <span class='ocr_line' id='line_1_7' title="bbox 565 785 2150 861; baseline -0.004 -13"><span class='ocrx_word' id='word_1_41' title='bbox 565 797 620 849; x_wconf 87' lang='lat' dir='ltr'><strong><em>in</em></strong></span> <span class='ocrx_word' id='word_1_42' title='bbox 654 791 838 861; x_wconf 81' lang='lat' dir='ltr'><strong><em>vulgus</em></strong></span> <span class='ocrx_word' id='word_1_43' title='bbox 866 788 1145 847; x_wconf 82' lang='lat' dir='ltr'><strong><em>maledicta</em></strong></span> <span class='ocrx_word' id='word_1_44' title='bbox 1171 801 1219 843; x_wconf 87' lang='lat' dir='ltr'><strong><em>et</em></strong></span> <span class='ocrx_word' id='word_1_45' title='bbox 1238 789 1434 854; x_wconf 79' lang='lat' dir='ltr'><strong><em>Romte,</em></strong></span> <span class='ocrx_word' id='word_1_46' title='bbox 1454 789 1505 843; x_wconf 90' lang='lat' dir='ltr'><strong><em>in</em></strong></span> <span class='ocrx_word' id='word_1_47' title='bbox 1527 786 1554 844; x_wconf 87' lang='grc' dir='ltr'><strong><em>Ι</em></strong></span> <span class='ocrx_word' id='word_1_48' title='bbox 1563 788 1686 842; x_wconf 88' lang='lat' dir='ltr'><strong><em>talia</em></strong></span> <span class='ocrx_word' id='word_1_49' title='bbox 1705 827 1722 852; x_wconf 96' lang='lat'><strong><em>,</em></strong></span> <span class='ocrx_word' id='word_1_50' title='bbox 1749 796 1796 841; x_wconf 92' lang='lat' dir='ltr'><strong><em>et</em></strong></span> <span class='ocrx_word' id='word_1_51' title='bbox 1821 804 1908 856; x_wconf 90' lang='lat' dir='ltr'><strong><em>per</em></strong></span> <span class='ocrx_word' id='word_1_52' title='bbox 1937 785 2150 846; x_wconf 88' lang='lat' dir='ltr'><strong><em>Dalma-</em></strong></span> 
     </span>
    </p>
   </div>
   <div class='ocr_carea' id='block_1_8' title="bbox 569 875 2150 948">
    <p class='ocr_par' dir='ltr' id='par_1_8' title="bbox 569 875 2150 948">
     <span class='ocr_line' id='line_1_8' title="bbox 569 875 2150 948; baseline -0.004 -11"><span class='ocrx_word' id='word_1_53' title='bbox 569 883 651 937; x_wconf 76' lang='lat' dir='ltr'><strong><em>ties</em></strong></span> <span class='ocrx_word' id='word_1_54' title='bbox 677 881 869 938; x_wconf 86' lang='lat' dir='ltr'><strong><em>insulas</em></strong></span> <span class='ocrx_word' id='word_1_55' title='bbox 895 878 1186 934; x_wconf 80' lang='lat' dir='ltr'><strong><em>Rulﬁniani</em></strong></span> <span class='ocrx_word' id='word_1_56' title='bbox 1221 878 1500 943; x_wconf 88' lang='lat' dir='ltr'><strong><em>tabellarii,</em></strong></span> <span class='ocrx_word' id='word_1_57' title='bbox 1529 894 1662 948; x_wconf 87' lang='lat' dir='ltr'><strong><em>quos</em></strong></span> <span class='ocrx_word' id='word_1_58' title='bbox 1690 877 1884 934; x_wconf 78' lang='lat' dir='ltr'><strong><em>Noster</em></strong></span> <span class='ocrx_word' id='word_1_59' title='bbox 1923 875 2150 935; x_wconf 84' lang='lat' dir='ltr'><strong><em>Cereales</em></strong></span> 
     </span>
    </p>
   </div>
   <div class='ocr_carea' id='block_1_9' title="bbox 565 968 2149 1036">
    <p class='ocr_par' dir='ltr' id='par_1_9' title="bbox 565 968 2149 1036">
     <span class='ocr_line' id='line_1_9' title="bbox 565 968 2149 1036; baseline -0.004 -8"><span class='ocrx_word' id='word_1_60' title='bbox 565 982 615 1028; x_wconf 84' lang='lat' dir='ltr'><strong><em>et</em></strong></span> <span class='ocrx_word' id='word_1_61' title='bbox 655 971 937 1026; x_wconf 84' lang='lat' dir='ltr'><strong><em>Anabasios</em></strong></span> <span class='ocrx_word' id='word_1_62' title='bbox 982 980 1169 1036; x_wconf 89' lang='lat' dir='ltr'><strong><em>vocat,</em></strong></span> <span class='ocrx_word' id='word_1_63' title='bbox 1199 969 1620 1026; x_wconf 89' lang='lat' dir='ltr'><strong><em>disseminabant</em></strong></span> <span class='ocrx_word' id='word_1_64' title='bbox 1643 1011 1658 1034; x_wconf 89' lang='lat'><strong><em>,</em></strong></span> <span class='ocrx_word' id='word_1_65' title='bbox 1690 979 1746 1022; x_wconf 90' lang='lat' dir='ltr'><strong><em>ut</em></strong></span> <span class='ocrx_word' id='word_1_66' title='bbox 1793 968 2016 1024; x_wconf 82' lang='lat' dir='ltr'><strong><em>volantia</em></strong></span> <span class='ocrx_word' id='word_1_67' title='bbox 2047 977 2149 1022; x_wconf 89' lang='lat' dir='ltr'><strong><em>toto</em></strong></span> 
     </span>
    </p>
   </div>
   <div class='ocr_carea' id='block_1_10' title="bbox 568 1062 2148 1138">
    <p class='ocr_par' dir='ltr' id='par_1_10' title="bbox 568 1062 2148 1138">
     <span class='ocr_line' id='line_1_10' title="bbox 568 1062 2148 1138; baseline -0.003 -19"><span class='ocrx_word' id='word_1_68' title='bbox 568 1067 688 1121; x_wconf 89' lang='lat' dir='ltr'><strong><em>orbe</em></strong></span> <span class='ocrx_word' id='word_1_69' title='bbox 719 1067 897 1138; x_wconf 81' lang='lat' dir='ltr'><strong><em>jacula</em></strong></span> <span class='ocrx_word' id='word_1_70' title='bbox 943 1065 1202 1134; x_wconf 73' lang='lat' dir='ltr'><strong><em>falsitatis,</em></strong></span> <span class='ocrx_word' id='word_1_71' title='bbox 1253 1064 1430 1136; x_wconf 85' lang='lat' dir='ltr'><strong><em>clypeo</em></strong></span> <span class='ocrx_word' id='word_1_72' title='bbox 1479 1063 1701 1118; x_wconf 87' lang='lat' dir='ltr'><strong><em>veritatis</em></strong></span> <span class='ocrx_word' id='word_1_73' title='bbox 1739 1062 1990 1132; x_wconf 74' lang='lat' dir='ltr'><strong><em>excipere,</em></strong></span> <span class='ocrx_word' id='word_1_74' title='bbox 2042 1075 2148 1115; x_wconf 90' lang='lat' dir='ltr'><strong><em>non</em></strong></span> 
     </span>
    </p>
   </div>
   <div class='ocr_carea' id='block_1_11' title="bbox 567 1151 1791 1223">
    <p class='ocr_par' dir='ltr' id='par_1_11' title="bbox 567 1151 1791 1223">
     <span class='ocr_line' id='line_1_11' title="bbox 567 1151 1791 1223; baseline -0.005 -13"><span class='ocrx_word' id='word_1_75' title='bbox 567 1171 780 1223; x_wconf 69' lang='lat' dir='ltr'><strong><em>mquum</em></strong></span> <span class='ocrx_word' id='word_1_76' title='bbox 809 1154 992 1223; x_wconf 90' lang='lat' dir='ltr'><strong><em>modo,</em></strong></span> <span class='ocrx_word' id='word_1_77' title='bbox 1018 1153 1112 1209; x_wconf 88' lang='lat' dir='ltr'><strong><em>sed</em></strong></span> <span class='ocrx_word' id='word_1_78' title='bbox 1140 1163 1195 1210; x_wconf 89' lang='lat' dir='ltr'><strong><em>et</em></strong></span> <span class='ocrx_word' id='word_1_79' title='bbox 1223 1167 1500 1210; x_wconf 86' lang='lat' dir='ltr'><strong><em>necessum</em></strong></span> <span class='ocrx_word' id='word_1_80' title='bbox 1533 1151 1607 1216; x_wconf 86' lang='lat' dir='ltr'><strong><em>illi</em></strong></span> <span class='ocrx_word' id='word_1_81' title='bbox 1631 1160 1791 1207; x_wconf 76' lang='lat' dir='ltr'><strong><em>esset.</em></strong></span> 
     </span>
    </p>
   </div>
   <div class='ocr_carea' id='block_1_12' title="bbox 637 1237 2147 1312">
    <p class='ocr_par' dir='ltr' id='par_1_12' title="bbox 637 1237 2147 1312">
     <span class='ocr_line' id='line_1_12' title="bbox 637 1237 2147 1312; baseline -0.004 -13"><span class='ocrx_word' id='word_1_82' title='bbox 637 1245 776 1300; x_wconf 80' lang='lat' dir='ltr'><strong>VIII.</strong></span> <span class='ocrx_word' id='word_1_83' title='bbox 797 1247 874 1301; x_wconf 79' lang='lat' dir='ltr'><strong><em>Ex</em></strong></span> <span class='ocrx_word' id='word_1_84' title='bbox 905 1246 1096 1300; x_wconf 89' lang='lat' dir='ltr'><strong><em>horum</em></strong></span> <span class='ocrx_word' id='word_1_85' title='bbox 1125 1243 1224 1301; x_wconf 82' lang='lat' dir='ltr'><strong><em>fuit</em></strong></span> <span class='ocrx_word' id='word_1_86' title='bbox 1251 1259 1473 1298; x_wconf 90' lang='lat' dir='ltr'><strong><em>numero</em></strong></span> <span class='ocrx_word' id='word_1_87' title='bbox 1499 1241 1864 1297; x_wconf 89' lang='lat' dir='ltr'><strong><em>commentitia</em></strong></span> <span class='ocrx_word' id='word_1_88' title='bbox 1904 1237 2147 1312; x_wconf 71' lang='lat' dir='ltr'><strong><em>quaedam</em></strong></span> 
     </span>
    </p>
   </div>
   <div class='ocr_carea' id='block_1_13' title="bbox 568 1329 2151 1406">
    <p class='ocr_par' dir='ltr' id='par_1_13' title="bbox 568 1329 2151 1406">
     <span class='ocr_line' id='line_1_13' title="bbox 568 1329 2151 1406; baseline -0.005 -15"><span class='ocrx_word' id='word_1_89' title='bbox 568 1337 808 1406; x_wconf 81' lang='lat' dir='ltr'><strong><em>Epistula</em></strong></span> <span class='ocrx_word' id='word_1_90' title='bbox 851 1335 952 1392; x_wconf 86' lang='lat' dir='ltr'><strong><em>sub</em></strong></span> <span class='ocrx_word' id='word_1_91' title='bbox 988 1335 1168 1392; x_wconf 82' lang='lat' dir='ltr'><strong><em>Sancti</em></strong></span> <span class='ocrx_word' id='word_1_92' title='bbox 1203 1334 1444 1390; x_wconf 84' lang='lat' dir='ltr'><strong><em>Doctoris</em></strong></span> <span class='ocrx_word' id='word_1_93' title='bbox 1472 1333 1687 1395; x_wconf 81' lang='lat' dir='ltr'><strong><em>nomine</em></strong></span> <span class='ocrx_word' id='word_1_94' title='bbox 1716 1331 1918 1400; x_wconf 88' lang='lat' dir='ltr'><strong><em>prolata</em></strong></span> <span class='ocrx_word' id='word_1_95' title='bbox 1949 1331 2002 1384; x_wconf 88' lang='lat' dir='ltr'><strong><em>in</em></strong></span> <span class='ocrx_word' id='word_1_96' title='bbox 2035 1329 2151 1383; x_wconf 79' lang='lat' dir='ltr'><strong><em>vul-</em></strong></span> 
     </span>
    </p>
   </div>
   <div class='ocr_carea' id='block_1_14' title="bbox 567 1420 2150 1498">
    <p class='ocr_par' dir='ltr' id='par_1_14' title="bbox 567 1420 2150 1498">
     <span class='ocr_line' id='line_1_14' title="bbox 567 1420 2150 1498; baseline -0.003 -18"><span class='ocrx_word' id='word_1_97' title='bbox 567 1443 667 1498; x_wconf 77' lang='lat' dir='ltr'><strong><em>gus</em></strong></span> <span class='ocrx_word' id='word_1_98' title='bbox 689 1470 704 1494; x_wconf 89' lang='lat'><strong><em>,</em></strong></span> <span class='ocrx_word' id='word_1_99' title='bbox 739 1428 792 1482; x_wconf 89' lang='lat' dir='ltr'><strong><em>in</em></strong></span> <span class='ocrx_word' id='word_1_100' title='bbox 823 1442 924 1496; x_wconf 87' lang='lat' dir='ltr'><strong><em>qua</em></strong></span> <span class='ocrx_word' id='word_1_101' title='bbox 953 1429 1214 1497; x_wconf 71' lang='lat' dir='ltr'><strong><em>pmnitcre</em></strong></span> <span class='ocrx_word' id='word_1_102' title='bbox 1244 1441 1302 1482; x_wconf 90' lang='lat' dir='ltr'><strong><em>se</em></strong></span> <span class='ocrx_word' id='word_1_103' title='bbox 1329 1423 1617 1489; x_wconf 85' lang='lat' dir='ltr'><strong><em>admodum</em></strong></span> <span class='ocrx_word' id='word_1_104' title='bbox 1659 1432 1943 1480; x_wconf 77' lang='lat' dir='ltr'><strong><em>testaretur</em></strong></span> <span class='ocrx_word' id='word_1_105' title='bbox 1967 1463 1981 1486; x_wconf 90' lang='lat'><strong><em>,</em></strong></span> <span class='ocrx_word' id='word_1_106' title='bbox 2010 1420 2150 1492; x_wconf 87' lang='lat' dir='ltr'><strong><em>quod</em></strong></span> 
     </span>
    </p>
   </div>
   <div class='ocr_carea' id='block_1_15' title="bbox 569 1512 2149 1587">
    <p class='ocr_par' dir='ltr' id='par_1_15' title="bbox 569 1512 2149 1587">
     <span class='ocr_line' id='line_1_15' title="bbox 569 1512 2149 1587; baseline -0.004 -16"><span class='ocrx_word' id='word_1_107' title='bbox 569 1521 746 1573; x_wconf 80' lang='lat' dir='ltr'><strong><em>fucum</em></strong></span> <span class='ocrx_word' id='word_1_108' title='bbox 779 1519 879 1573; x_wconf 89' lang='lat' dir='ltr'><strong><em>sibi</em></strong></span> <span class='ocrx_word' id='word_1_109' title='bbox 909 1518 1023 1572; x_wconf 85' lang='lat' dir='ltr'><strong><em>ﬁeri</em></strong></span> <span class='ocrx_word' id='word_1_110' title='bbox 1056 1532 1246 1587; x_wconf 71' lang='lat' dir='ltr'><strong><em>pissus</em></strong></span> <span class='ocrx_word' id='word_1_111' title='bbox 1289 1517 1342 1571; x_wconf 90' lang='lat' dir='ltr'><strong><em>in</em></strong></span> <span class='ocrx_word' id='word_1_112' title='bbox 1383 1514 1745 1576; x_wconf 84' lang='lat' dir='ltr'><strong><em>adolescentia</em></strong></span> <span class='ocrx_word' id='word_1_113' title='bbox 1779 1514 1846 1568; x_wconf 85' lang='lat' dir='ltr'><strong><em>sb</em></strong></span> <span class='ocrx_word' id='word_1_114' title='bbox 1875 1512 2149 1577; x_wconf 74' lang='lat' dir='ltr'><strong><em>Hebrzeis,</em></strong></span> 
     </span>
    </p>
   </div>
   <div class='ocr_carea' id='block_1_16' title="bbox 569 1603 2154 1680">
    <p class='ocr_par' dir='ltr' id='par_1_16' title="bbox 569 1603 2154 1680">
     <span class='ocr_line' id='line_1_16' title="bbox 569 1603 2154 1680; baseline -0.002 -19"><span class='ocrx_word' id='word_1_115' title='bbox 569 1625 756 1664; x_wconf 90' lang='lat' dir='ltr'><strong><em>eorum</em></strong></span> <span class='ocrx_word' id='word_1_116' title='bbox 789 1610 1060 1665; x_wconf 71' lang='lat' dir='ltr'><strong><em>volumine</em></strong></span> <span class='ocrx_word' id='word_1_117' title='bbox 1081 1651 1095 1673; x_wconf 91' lang='lat'><strong><em>,</em></strong></span> <span class='ocrx_word' id='word_1_118' title='bbox 1127 1625 1247 1680; x_wconf 79' lang='lat' dir='ltr'><strong><em>qua:</em></strong></span> <span class='ocrx_word' id='word_1_119' title='bbox 1274 1607 1407 1667; x_wconf 81' lang='lat' dir='ltr'><strong><em>nihil</em></strong></span> <span class='ocrx_word' id='word_1_120' title='bbox 1437 1606 1547 1668; x_wconf 78' lang='lat' dir='ltr'><strong><em>veri</em></strong></span> <span class='ocrx_word' id='word_1_121' title='bbox 1577 1606 1935 1670; x_wconf 78' lang='lat' dir='ltr'><strong><em>continerent,</em></strong></span> <span class='ocrx_word' id='word_1_122' title='bbox 1967 1603 2154 1658; x_wconf 85' lang='lat' dir='ltr'><strong><em>Latine</em></strong></span> 
     </span>
    </p>
   </div>
   <div class='ocr_carea' id='block_1_17' title="bbox 570 1694 2154 1770">
    <p class='ocr_par' dir='ltr' id='par_1_17' title="bbox 570 1694 2154 1770">
     <span class='ocr_line' id='line_1_17' title="bbox 570 1694 2154 1770; baseline -0.005 -14"><span class='ocrx_word' id='word_1_123' title='bbox 570 1702 852 1758; x_wconf 77' lang='lat' dir='ltr'><strong><em>retuderit.</em></strong></span> <span class='ocrx_word' id='word_1_124' title='bbox 898 1701 1160 1757; x_wconf 85' lang='lat' dir='ltr'><strong><em>Eusebius</em></strong></span> <span class='ocrx_word' id='word_1_125' title='bbox 1207 1698 1586 1756; x_wconf 85' lang='lat' dir='ltr'><strong><em>Cremonensis</em></strong></span> <span class='ocrx_word' id='word_1_126' title='bbox 1624 1711 1742 1751; x_wconf 88' lang='lat' dir='ltr'><strong><em>eam</em></strong></span> <span class='ocrx_word' id='word_1_127' title='bbox 1785 1711 1844 1751; x_wconf 89' lang='lat' dir='ltr'><strong><em>se</em></strong></span> <span class='ocrx_word' id='word_1_128' title='bbox 1888 1694 2154 1770; x_wconf 84' lang='lat' dir='ltr'><strong><em>reperisse</em></strong></span> 
     </span>
    </p>
   </div>
   <div class='ocr_carea' id='block_1_18' title="bbox 571 1786 2156 1868">
    <p class='ocr_par' dir='ltr' id='par_1_18' title="bbox 571 1786 2156 1868">
     <span class='ocr_line' id='line_1_18' title="bbox 571 1786 2156 1868; baseline -0.005 -22"><span class='ocrx_word' id='word_1_129' title='bbox 571 1793 802 1864; x_wconf 83' lang='lat' dir='ltr'><strong><em>primum</em></strong></span> <span class='ocrx_word' id='word_1_130' title='bbox 831 1791 1228 1863; x_wconf 73' lang='lat' dir='ltr'><strong><em>significaverat</em></strong></span> <span class='ocrx_word' id='word_1_131' title='bbox 1249 1789 1390 1868; x_wconf 83' lang='lat' dir='ltr'><strong><em>apud</em></strong></span> <span class='ocrx_word' id='word_1_132' title='bbox 1415 1789 1567 1862; x_wconf 77' lang='lat' dir='ltr'><strong><em>Afros</em></strong></span> <span class='ocrx_word' id='word_1_133' title='bbox 1595 1787 1897 1862; x_wconf 78' lang='lat' dir='ltr'><strong><em>Episcopos,</em></strong></span> <span class='ocrx_word' id='word_1_134' title='bbox 1921 1786 2006 1863; x_wconf 89' lang='lat' dir='ltr'><strong><em>qui</em></strong></span> <span class='ocrx_word' id='word_1_135' title='bbox 2037 1803 2156 1856; x_wconf 87' lang='lat' dir='ltr'><strong><em>pro-</em></strong></span> 
     </span>
    </p>
   </div>
   <div class='ocr_carea' id='block_1_19' title="bbox 570 1876 2155 1955">
    <p class='ocr_par' dir='ltr' id='par_1_19' title="bbox 570 1876 2155 1955">
     <span class='ocr_line' id='line_1_19' title="bbox 570 1876 2155 1955; baseline -0.006 -18"><span class='ocrx_word' id='word_1_136' title='bbox 570 1895 685 1955; x_wconf 81' lang='lat' dir='ltr'><strong><em>pter</em></strong></span> <span class='ocrx_word' id='word_1_137' title='bbox 713 1882 1095 1938; x_wconf 84' lang='lat' dir='ltr'><strong><em>Ecclesiasticas</em></strong></span> <span class='ocrx_word' id='word_1_138' title='bbox 1123 1898 1304 1945; x_wconf 84' lang='lat' dir='ltr'><strong><em>causas</em></strong></span> <span class='ocrx_word' id='word_1_139' title='bbox 1342 1880 1410 1934; x_wconf 87' lang='lat' dir='ltr'><strong><em>ad</em></strong></span> <span class='ocrx_word' id='word_1_140' title='bbox 1439 1879 1740 1935; x_wconf 84' lang='lat' dir='ltr'><strong><em>Comitatum</em></strong></span> <span class='ocrx_word' id='word_1_141' title='bbox 1771 1886 2022 1933; x_wconf 85' lang='lat' dir='ltr'><strong><em>venerant.</em></strong></span> <span class='ocrx_word' id='word_1_142' title='bbox 2055 1876 2155 1938; x_wconf 83' lang='lat' dir='ltr'><strong><em>Fa-</em></strong></span> 
     </span>
    </p>
   </div>
   <div class='ocr_carea' id='block_1_20' title="bbox 571 1968 2154 2051">
    <p class='ocr_par' dir='ltr' id='par_1_20' title="bbox 571 1968 2154 2051">
     <span class='ocr_line' id='line_1_20' title="bbox 571 1968 2154 2051; baseline -0.007 -20"><span class='ocrx_word' id='word_1_143' title='bbox 571 1979 673 2032; x_wconf 83' lang='lat' dir='ltr'><strong><em>cile</em></strong></span> <span class='ocrx_word' id='word_1_144' title='bbox 701 1977 753 2031; x_wconf 92' lang='lat' dir='ltr'><strong><em>hi</em></strong></span> <span class='ocrx_word' id='word_1_145' title='bbox 780 1975 997 2039; x_wconf 85' lang='lat' dir='ltr'><strong><em>fuerint,</em></strong></span> <span class='ocrx_word' id='word_1_146' title='bbox 1025 1989 1160 2051; x_wconf 89' lang='lat' dir='ltr'><strong><em>quos</em></strong></span> <span class='ocrx_word' id='word_1_147' title='bbox 1183 1975 1384 2047; x_wconf 73' lang='lat' dir='ltr'><strong><em>legatos</em></strong></span> <span class='ocrx_word' id='word_1_148' title='bbox 1408 1972 1551 2029; x_wconf 91' lang='lat' dir='ltr'><strong><em>misit</em></strong></span> <span class='ocrx_word' id='word_1_149' title='bbox 1567 1968 1989 2042; x_wconf 65' lang='lat' dir='ltr'><strong><em>Carthaginiense</em></strong></span> <span class='ocrx_word' id='word_1_150' title='bbox 2009 1968 2154 2022; x_wconf 86' lang='lat' dir='ltr'><strong><em>Con-</em></strong></span> 
     </span>
    </p>
   </div>
   <div class='ocr_carea' id='block_1_21' title="bbox 574 2057 2154 2137">
    <p class='ocr_par' dir='ltr' id='par_1_21' title="bbox 574 2057 2154 2137">
     <span class='ocr_line' id='line_1_21' title="bbox 574 2057 2154 2137; baseline -0.007 -15"><span class='ocrx_word' id='word_1_151' title='bbox 574 2069 757 2123; x_wconf 88' lang='lat' dir='ltr'><strong><em>cilium</em></strong></span> <span class='ocrx_word' id='word_1_152' title='bbox 805 2066 988 2124; x_wconf 84' lang='lat' dir='ltr'><strong><em>Idibus</em></strong></span> <span class='ocrx_word' id='word_1_153' title='bbox 1029 2065 1362 2137; x_wconf 85' lang='lat' dir='ltr'><strong><em>Septembris</em></strong></span> <span class='ocrx_word' id='word_1_154' title='bbox 1407 2061 1702 2136; x_wconf 86' lang='lat' dir='ltr'><strong><em>superioris</em></strong></span> <span class='ocrx_word' id='word_1_155' title='bbox 1747 2060 1988 2130; x_wconf 72' lang='lat' dir='ltr'><strong><em>proxime</em></strong></span> <span class='ocrx_word' id='word_1_156' title='bbox 2030 2057 2154 2112; x_wconf 90' lang='lat' dir='ltr'><strong><em>anni</em></strong></span> 
     </span>
    </p>
   </div>
   <div class='ocr_carea' id='block_1_22' title="bbox 574 2148 2155 2226">
    <p class='ocr_par' dir='ltr' id='par_1_22' title="bbox 574 2148 2155 2226">
     <span class='ocr_line' id='line_1_22' title="bbox 574 2148 2155 2226; baseline -0.007 -12"><span class='ocrx_word' id='word_1_157' title='bbox 574 2158 814 2214; x_wconf 90' lang='lat' dir='ltr'><strong><em>habitum</em></strong></span> <span class='ocrx_word' id='word_1_158' title='bbox 837 2197 854 2224; x_wconf 96' lang='lat'><strong><em>,</em></strong></span> <span class='ocrx_word' id='word_1_159' title='bbox 884 2156 949 2211; x_wconf 91' lang='lat' dir='ltr'><strong><em>ad</em></strong></span> <span class='ocrx_word' id='word_1_160' title='bbox 978 2155 1358 2226; x_wconf 87' lang='lat' dir='ltr'><strong><em>Imperatorem</em></strong></span> <span class='ocrx_word' id='word_1_161' title='bbox 1382 2195 1398 2224; x_wconf 92' lang='lat'><strong><em>,</em></strong></span> <span class='ocrx_word' id='word_1_162' title='bbox 1430 2162 1489 2207; x_wconf 92' lang='lat' dir='ltr'><strong><em>ut</em></strong></span> <span class='ocrx_word' id='word_1_163' title='bbox 1517 2153 1585 2206; x_wconf 88' lang='lat' dir='ltr'><strong><em>ab</em></strong></span> <span class='ocrx_word' id='word_1_164' title='bbox 1611 2167 1676 2210; x_wconf 91' lang='lat' dir='ltr'><strong><em>eo</em></strong></span> <span class='ocrx_word' id='word_1_165' title='bbox 1703 2158 1947 2222; x_wconf 82' lang='lat' dir='ltr'><strong><em>peterent</em></strong></span> <span class='ocrx_word' id='word_1_166' title='bbox 1972 2149 2023 2203; x_wconf 91' lang='lat' dir='ltr'><strong><em>in</em></strong></span> <span class='ocrx_word' id='word_1_167' title='bbox 2055 2148 2155 2203; x_wconf 81' lang='lat' dir='ltr'><strong><em>Ec-</em></strong></span> 
     </span>
    </p>
   </div>
   <div class='ocr_carea' id='block_1_23' title="bbox 571 2245 2154 2322">
    <p class='ocr_par' dir='ltr' id='par_1_23' title="bbox 571 2245 2154 2322">
     <span class='ocr_line' id='line_1_23' title="bbox 571 2245 2154 2322; baseline -0.001 -24"><span class='ocrx_word' id='word_1_168' title='bbox 571 2248 734 2302; x_wconf 78' lang='lat' dir='ltr'><strong><em>clesia</em></strong></span> <span class='ocrx_word' id='word_1_169' title='bbox 761 2246 1172 2304; x_wconf 85' lang='lat' dir='ltr'><strong><em>manumittendi</em></strong></span> <span class='ocrx_word' id='word_1_170' title='bbox 1201 2245 1506 2303; x_wconf 79' lang='lat' dir='ltr'><strong><em>facultatem</em></strong></span> <span class='ocrx_word' id='word_1_171' title='bbox 1532 2285 1546 2310; x_wconf 92' lang='lat'><strong><em>,</em></strong></span> <span class='ocrx_word' id='word_1_172' title='bbox 1576 2258 1735 2322; x_wconf 87' lang='lat' dir='ltr'><strong><em>quam</em></strong></span> <span class='ocrx_word' id='word_1_173' title='bbox 1767 2252 1820 2296; x_wconf 91' lang='lat' dir='ltr'><strong><em>et</em></strong></span> <span class='ocrx_word' id='word_1_174' title='bbox 1843 2254 2154 2296; x_wconf 88' lang='lat' dir='ltr'><strong><em>concessam</em></strong></span> 
     </span>
    </p>
   </div>
   <div class='ocr_carea' id='block_1_24' title="bbox 574 2332 2154 2407">
    <p class='ocr_par' dir='ltr' id='par_1_24' title="bbox 574 2332 2154 2407">
     <span class='ocr_line' id='line_1_24' title="bbox 574 2332 2154 2407; baseline -0.007 -14"><span class='ocrx_word' id='word_1_175' title='bbox 574 2338 776 2404; x_wconf 79' lang='lat' dir='ltr'><strong><em>fuisse,</em></strong></span> <span class='ocrx_word' id='word_1_176' title='bbox 821 2353 886 2393; x_wconf 82' lang='lat' dir='ltr'><strong><em>ex</em></strong></span> <span class='ocrx_word' id='word_1_177' title='bbox 931 2337 1229 2407; x_wconf 78' lang='lat' dir='ltr'><strong><em>Augustino</em></strong></span> <span class='ocrx_word' id='word_1_178' title='bbox 1275 2335 1552 2400; x_wconf 78' lang='lat' dir='ltr'><strong><em>discimus.</em></strong></span> <span class='ocrx_word' id='word_1_179' title='bbox 1606 2332 1938 2390; x_wconf 87' lang='lat' dir='ltr'><strong><em>Fontaninus</em></strong></span> <span class='ocrx_word' id='word_1_180' title='bbox 1981 2339 2154 2384; x_wconf 75' lang='lat' dir='ltr'><strong><em>tamen</em></strong></span> 
     </span>
    </p>
   </div>
   <div class='ocr_carea' id='block_1_25' title="bbox 573 2419 2157 2505">
    <p class='ocr_par' dir='ltr' id='par_1_25' title="bbox 573 2419 2157 2505">
     <span class='ocr_line' id='line_1_25' title="bbox 573 2419 2157 2505; baseline -0.005 -24"><span class='ocrx_word' id='word_1_181' title='bbox 573 2429 879 2483; x_wconf 80' lang='lat' dir='ltr'><strong><em>Comitatum</em></strong></span> <span class='ocrx_word' id='word_1_182' title='bbox 907 2428 1164 2505; x_wconf 78' lang='lat' dir='ltr'><strong><em>appellari</em></strong></span> <span class='ocrx_word' id='word_1_183' title='bbox 1193 2425 1381 2482; x_wconf 83' lang='lat' dir='ltr'><strong><em>Aulam</em></strong></span> <span class='ocrx_word' id='word_1_184' title='bbox 1408 2424 1739 2494; x_wconf 82' lang='lat' dir='ltr'><strong><em>Ponti/iciam</em></strong></span> <span class='ocrx_word' id='word_1_185' title='bbox 1764 2423 1948 2485; x_wconf 83' lang='lat' dir='ltr'><strong><em>sentit,</em></strong></span> <span class='ocrx_word' id='word_1_186' title='bbox 1974 2431 2028 2475; x_wconf 89' lang='lat' dir='ltr'><strong><em>et</em></strong></span> <span class='ocrx_word' id='word_1_187' title='bbox 2052 2419 2157 2482; x_wconf 81' lang='lat' dir='ltr'><strong><em>Le-</em></strong></span> 
     </span>
    </p>
   </div>
   <div class='ocr_carea' id='block_1_26' title="bbox 574 2511 2157 2590">
    <p class='ocr_par' dir='ltr' id='par_1_26' title="bbox 574 2511 2157 2590">
     <span class='ocr_line' id='line_1_26' title="bbox 574 2511 2157 2590; baseline -0.005 -18"><span class='ocrx_word' id='word_1_188' title='bbox 574 2529 728 2590; x_wconf 72' lang='lat' dir='ltr'><strong><em>gatos</em></strong></span> <span class='ocrx_word' id='word_1_189' title='bbox 748 2518 853 2574; x_wconf 88' lang='lat' dir='ltr'><strong><em>dici</em></strong></span> <span class='ocrx_word' id='word_1_190' title='bbox 883 2527 1124 2575; x_wconf 87' lang='lat' dir='ltr'><strong><em>autumat</em></strong></span> <span class='ocrx_word' id='word_1_191' title='bbox 1152 2516 1220 2571; x_wconf 89' lang='lat' dir='ltr'><strong><em>ad</em></strong></span> <span class='ocrx_word' id='word_1_192' title='bbox 1248 2515 1611 2582; x_wconf 87' lang='lat' dir='ltr'><strong><em>Anastasium,</em></strong></span> <span class='ocrx_word' id='word_1_193' title='bbox 1641 2513 1710 2570; x_wconf 87' lang='lat' dir='ltr'><strong><em>de</em></strong></span> <span class='ocrx_word' id='word_1_194' title='bbox 1735 2513 1953 2570; x_wconf 87' lang='lat' dir='ltr'><strong><em>nomine</em></strong></span> <span class='ocrx_word' id='word_1_195' title='bbox 1983 2511 2157 2565; x_wconf 72' lang='lat' dir='ltr'><strong><em>Vene-</em></strong></span> 
     </span>
    </p>
   </div>
   <div class='ocr_carea' id='block_1_27' title="bbox 577 2601 2158 2672">
    <p class='ocr_par' dir='ltr' id='par_1_27' title="bbox 577 2601 2158 2672">
     <span class='ocr_line' id='line_1_27' title="bbox 577 2601 2158 2672; baseline -0.004 -10"><span class='ocrx_word' id='word_1_196' title='bbox 577 2610 715 2663; x_wconf 89' lang='lat' dir='ltr'><strong><em>rium</em></strong></span> <span class='ocrx_word' id='word_1_197' title='bbox 747 2607 1198 2664; x_wconf 81' lang='lat' dir='ltr'><strong><em>Mediolanensem</em></strong></span> <span class='ocrx_word' id='word_1_198' title='bbox 1221 2648 1236 2672; x_wconf 93' lang='lat'><strong><em>,</em></strong></span> <span class='ocrx_word' id='word_1_199' title='bbox 1283 2615 1338 2666; x_wconf 90' lang='lat' dir='ltr'><strong><em>et</em></strong></span> <span class='ocrx_word' id='word_1_200' title='bbox 1377 2605 1672 2671; x_wconf 73' lang='lat' dir='ltr'><strong><em>Honorium</em></strong></span> <span class='ocrx_word' id='word_1_201' title='bbox 1703 2604 2000 2672; x_wconf 81' lang='lat' dir='ltr'><strong><em>Augustum</em></strong></span> <span class='ocrx_word' id='word_1_202' title='bbox 2025 2644 2040 2668; x_wconf 89' lang='lat'><strong><em>,</em></strong></span> <span class='ocrx_word' id='word_1_203' title='bbox 2068 2601 2158 2671; x_wconf 88' lang='lat' dir='ltr'><strong><em>qui</em></strong></span> 
     </span>
    </p>
   </div>
   <div class='ocr_carea' id='block_1_28' title="bbox 576 2691 2161 2770">
    <p class='ocr_par' dir='ltr' id='par_1_28' title="bbox 576 2691 2161 2770">
     <span class='ocr_line' id='line_1_28' title="bbox 576 2691 2161 2770; baseline -0.004 -17"><span class='ocrx_word' id='word_1_204' title='bbox 576 2699 869 2770; x_wconf 78' lang='lat' dir='ltr'><strong><em>l-Ipistolam</em></strong></span> <span class='ocrx_word' id='word_1_205' title='bbox 915 2698 1060 2760; x_wconf 85' lang='lat' dir='ltr'><strong><em>illam</em></strong></span> <span class='ocrx_word' id='word_1_206' title='bbox 1107 2711 1288 2754; x_wconf 86' lang='lat' dir='ltr'><strong><em>secum</em></strong></span> <span class='ocrx_word' id='word_1_207' title='bbox 1335 2712 1400 2763; x_wconf 70' lang='lat' dir='ltr'><strong><em>ex</em></strong></span> <span class='ocrx_word' id='word_1_208' title='bbox 1459 2694 1636 2751; x_wconf 84' lang='lat' dir='ltr'><strong><em>Africa</em></strong></span> <span class='ocrx_word' id='word_1_209' title='bbox 1681 2694 1980 2749; x_wconf 86' lang='lat' dir='ltr'><strong><em>attulerint.</em></strong></span> <span class='ocrx_word' id='word_1_210' title='bbox 2026 2691 2161 2752; x_wconf 89' lang='lat' dir='ltr'><strong><em>Utut</em></strong></span> 
     </span>
    </p>
   </div>
   <div class='ocr_carea' id='block_1_29' title="bbox 578 2785 2160 2857">
    <p class='ocr_par' dir='ltr' id='par_1_29' title="bbox 578 2785 2160 2857">
     <span class='ocr_line' id='line_1_29' title="bbox 578 2785 2160 2857; baseline -0.004 -11"><span class='ocrx_word' id='word_1_211' title='bbox 578 2790 824 2846; x_wconf 84' lang='lat' dir='ltr'><strong><em>habuerit</em></strong></span> <span class='ocrx_word' id='word_1_212' title='bbox 847 2804 904 2844; x_wconf 89' lang='lat' dir='ltr'><strong><em>se</em></strong></span> <span class='ocrx_word' id='word_1_213' title='bbox 927 2805 1034 2852; x_wconf 87' lang='lat' dir='ltr'><strong><em>res,</em></strong></span> <span class='ocrx_word' id='word_1_214' title='bbox 1065 2790 1166 2846; x_wconf 90' lang='lat' dir='ltr'><strong><em>hoc</em></strong></span> <span class='ocrx_word' id='word_1_215' title='bbox 1185 2789 1400 2856; x_wconf 86' lang='lat' dir='ltr'><strong><em>audiens</em></strong></span> <span class='ocrx_word' id='word_1_216' title='bbox 1421 2788 1680 2857; x_wconf 78' lang='lat' dir='ltr'><strong><em>obstupuit</em></strong></span> <span class='ocrx_word' id='word_1_217' title='bbox 1703 2786 1760 2843; x_wconf 86' lang='lat' dir='ltr'><strong><em>S.</em></strong></span> <span class='ocrx_word' id='word_1_218' title='bbox 1783 2786 1971 2841; x_wconf 89' lang='lat' dir='ltr'><strong><em>Pater:</em></strong></span> <span class='ocrx_word' id='word_1_219' title='bbox 1991 2785 2160 2840; x_wconf 89' lang='lat' dir='ltr'><strong><em>multo</em></strong></span> 
     </span>
    </p>
   </div>
   <div class='ocr_carea' id='block_1_30' title="bbox 575 2879 2158 2951">
    <p class='ocr_par' dir='ltr' id='par_1_30' title="bbox 575 2879 2158 2951">
     <span class='ocr_line' id='line_1_30' title="bbox 575 2879 2158 2951; baseline -0.003 -17"><span class='ocrx_word' id='word_1_220' title='bbox 575 2889 754 2936; x_wconf 91' lang='lat' dir='ltr'><strong><em>autem</em></strong></span> <span class='ocrx_word' id='word_1_221' title='bbox 781 2880 949 2951; x_wconf 78' lang='lat' dir='ltr'><strong><em>magis</em></strong></span> <span class='ocrx_word' id='word_1_222' title='bbox 973 2879 1272 2943; x_wconf 81' lang='lat' dir='ltr'><strong><em>demiratus</em></strong></span> <span class='ocrx_word' id='word_1_223' title='bbox 1301 2889 1407 2946; x_wconf 79' lang='lat' dir='ltr'><strong><em>est,</em></strong></span> <span class='ocrx_word' id='word_1_224' title='bbox 1437 2895 1596 2949; x_wconf 90' lang='lat' dir='ltr'><strong><em>quum</em></strong></span> <span class='ocrx_word' id='word_1_225' title='bbox 1628 2879 1850 2946; x_wconf 84' lang='lat' dir='ltr'><strong><em>idipsum</em></strong></span> <span class='ocrx_word' id='word_1_226' title='bbox 1881 2879 2158 2936; x_wconf 85' lang='lat' dir='ltr'><strong><em>multorum</em></strong></span> 
     </span>
    </p>
   </div>
   <div class='ocr_carea' id='block_1_31' title="bbox 575 2967 2161 3042">
    <p class='ocr_par' dir='ltr' id='par_1_31' title="bbox 575 2967 2161 3042">
     <span class='ocr_line' id='line_1_31' title="bbox 575 2967 2161 3042; baseline -0.003 -18"><span class='ocrx_word' id='word_1_227' title='bbox 575 2987 640 3026; x_wconf 72' lang='lat' dir='ltr'><strong><em>ex</em></strong></span> <span class='ocrx_word' id='word_1_228' title='bbox 659 2970 808 3027; x_wconf 76' lang='lat' dir='ltr'><strong><em>Urbe</em></strong></span> <span class='ocrx_word' id='word_1_229' title='bbox 836 2975 1054 3042; x_wconf 77' lang='lat' dir='ltr'><strong><em>fratrum</em></strong></span> <span class='ocrx_word' id='word_1_230' title='bbox 1079 2971 1269 3042; x_wconf 79' lang='lat' dir='ltr'><strong><em>scripta</em></strong></span> <span class='ocrx_word' id='word_1_231' title='bbox 1296 2974 1594 3036; x_wconf 88' lang='lat' dir='ltr'><strong><em>docuerunt,</em></strong></span> <span class='ocrx_word' id='word_1_232' title='bbox 1618 2969 1978 3034; x_wconf 72' lang='lat' dir='ltr'><strong><em>sciscitantium</em></strong></span> <span class='ocrx_word' id='word_1_233' title='bbox 2001 2984 2066 3021; x_wconf 91' lang='lat' dir='ltr'><strong><em>an</em></strong></span> <span class='ocrx_word' id='word_1_234' title='bbox 2091 2967 2161 3020; x_wconf 91' lang='lat' dir='ltr'><strong><em>ita</em></strong></span> 
     </span>
    </p>
   </div>
   <div class='ocr_carea' id='block_1_32' title="bbox 575 3059 2160 3137">
    <p class='ocr_par' dir='ltr' id='par_1_32' title="bbox 575 3059 2160 3137">
     <span class='ocr_line' id='line_1_32' title="bbox 575 3059 2160 3137; baseline -0.001 -23"><span class='ocrx_word' id='word_1_235' title='bbox 575 3077 630 3115; x_wconf 86' lang='lat' dir='ltr'><strong><em>se</em></strong></span> <span class='ocrx_word' id='word_1_236' title='bbox 658 3062 888 3125; x_wconf 81' lang='lat' dir='ltr'><strong><em>haberet,</em></strong></span> <span class='ocrx_word' id='word_1_237' title='bbox 921 3069 970 3114; x_wconf 86' lang='lat' dir='ltr'><strong><em>et</em></strong></span> <span class='ocrx_word' id='word_1_238' title='bbox 999 3076 1030 3113; x_wconf 82' lang='grc' dir='ltr'><em>α</em></span> <span class='ocrx_word' id='word_1_239' title='bbox 1056 3076 1155 3130; x_wconf 88' lang='lat' dir='ltr'><strong><em>quo</em></strong></span> <span class='ocrx_word' id='word_1_240' title='bbox 1181 3060 1293 3137; x_wconf 91' lang='lat' dir='ltr'><strong><em>ipsa</em></strong></span> <span class='ocrx_word' id='word_1_241' title='bbox 1321 3059 1552 3130; x_wconf 79' lang='lat' dir='ltr'><strong><em>Epistola</em></strong></span> <span class='ocrx_word' id='word_1_242' title='bbox 1597 3059 1922 3123; x_wconf 70' lang='lat' dir='ltr'><strong><em>disseminata</em></strong></span> <span class='ocrx_word' id='word_1_243' title='bbox 1953 3068 2079 3113; x_wconf 81' lang='lat' dir='ltr'><strong><em>esset</em></strong></span> <span class='ocrx_word' id='word_1_244' title='bbox 2107 3059 2160 3113; x_wconf 90' lang='lat' dir='ltr'><strong><em>iu</em></strong></span> 
     </span>
    </p>
   </div>
   <div class='ocr_carea' id='block_1_33' title="bbox 575 3147 2161 3230">
    <p class='ocr_par' dir='ltr' id='par_1_33' title="bbox 575 3147 2161 3230">
     <span class='ocr_line' id='line_1_33' title="bbox 575 3147 2161 3230; baseline -0.001 -25"><span class='ocrx_word' id='word_1_245' title='bbox 575 3151 778 3222; x_wconf 73' lang='lat' dir='ltr'><strong><em>vulgus,</em></strong></span> <span class='ocrx_word' id='word_1_246' title='bbox 797 3149 1191 3230; x_wconf 74' lang='lat' dir='ltr'><strong><em>lacrymabiliter</em></strong></span> <span class='ocrx_word' id='word_1_247' title='bbox 1209 3149 1565 3218; x_wconf 84' lang='lat' dir='ltr'><strong><em>indicantium.</em></strong></span> <span class='ocrx_word' id='word_1_248' title='bbox 1578 3147 1763 3220; x_wconf 79' lang='lat' dir='ltr'><strong><em>Neque</em></strong></span> <span class='ocrx_word' id='word_1_249' title='bbox 1789 3164 1919 3204; x_wconf 85' lang='lat' dir='ltr'><strong><em>vero</em></strong></span> <span class='ocrx_word' id='word_1_250' title='bbox 1943 3149 2161 3204; x_wconf 80' lang='lat' dir='ltr'><strong><em>difﬁcile</em></strong></span> 
     </span>
    </p>
   </div>
   <div class='ocr_carea' id='block_1_34' title="bbox 575 3238 2162 3312">
    <p class='ocr_par' dir='ltr' id='par_1_34' title="bbox 575 3238 2162 3312">
     <span class='ocr_line' id='line_1_34' title="bbox 575 3238 2162 3312; baseline 0 -15"><span class='ocrx_word' id='word_1_251' title='bbox 575 3243 626 3297; x_wconf 85' lang='lat' dir='ltr'><strong><em>ei</em></strong></span> <span class='ocrx_word' id='word_1_252' title='bbox 666 3241 765 3298; x_wconf 83' lang='lat' dir='ltr'><strong><em>luit</em></strong></span> <span class='ocrx_word' id='word_1_253' title='bbox 788 3284 804 3310; x_wconf 94' lang='lat'><strong><em>,</em></strong></span> <span class='ocrx_word' id='word_1_254' title='bbox 833 3258 897 3298; x_wconf 85' lang='lat' dir='ltr'><strong><em>ex</em></strong></span> <span class='ocrx_word' id='word_1_255' title='bbox 929 3243 1053 3298; x_wconf 82' lang='lat' dir='ltr'><strong><em>stilo</em></strong></span> <span class='ocrx_word' id='word_1_256' title='bbox 1080 3252 1134 3298; x_wconf 90' lang='lat' dir='ltr'><strong><em>et</em></strong></span> <span class='ocrx_word' id='word_1_257' title='bbox 1164 3241 1335 3307; x_wconf 88' lang='lat' dir='ltr'><strong><em>forma</em></strong></span> <span class='ocrx_word' id='word_1_258' title='bbox 1366 3241 1563 3312; x_wconf 86' lang='lat' dir='ltr'><strong><em>eloquii</em></strong></span> <span class='ocrx_word' id='word_1_259' title='bbox 1590 3283 1605 3308; x_wconf 96' lang='lat'><strong><em>,</em></strong></span> <span class='ocrx_word' id='word_1_260' title='bbox 1635 3255 1794 3312; x_wconf 85' lang='lat' dir='ltr'><strong><em>quam</em></strong></span> <span class='ocrx_word' id='word_1_261' title='bbox 1833 3240 1933 3294; x_wconf 88' lang='lat' dir='ltr'><strong><em>sibi</em></strong></span> <span class='ocrx_word' id='word_1_262' title='bbox 1974 3238 2162 3297; x_wconf 78' lang='lat' dir='ltr'><strong><em>fuisset</em></strong></span> 
     </span>
    </p>
   </div>
   <div class='ocr_carea' id='block_1_35' title="bbox 577 3329 2160 3400">
    <p class='ocr_par' dir='ltr' id='par_1_35' title="bbox 577 3329 2160 3400">
     <span class='ocr_line' id='line_1_35' title="bbox 577 3329 2160 3400; baseline -0.001 -13"><span class='ocrx_word' id='word_1_263' title='bbox 577 3333 716 3387; x_wconf 86' lang='lat' dir='ltr'><strong><em>falso</em></strong></span> <span class='ocrx_word' id='word_1_264' title='bbox 741 3332 916 3388; x_wconf 80' lang='lat' dir='ltr'><strong><em>aflIcta</em></strong></span> <span class='ocrx_word' id='word_1_265' title='bbox 943 3372 960 3398; x_wconf 92' lang='lat'><strong><em>,</em></strong></span> <span class='ocrx_word' id='word_1_266' title='bbox 1003 3331 1379 3391; x_wconf 84' lang='lat' dir='ltr'><strong><em>demonstrare</em></strong></span> <span class='ocrx_word' id='word_1_267' title='bbox 1401 3372 1416 3397; x_wconf 91' lang='lat'><strong><em>,</em></strong></span> <span class='ocrx_word' id='word_1_268' title='bbox 1445 3331 1617 3400; x_wconf 89' lang='lat' dir='ltr'><strong><em>deque</em></strong></span> <span class='ocrx_word' id='word_1_269' title='bbox 1645 3334 1761 3400; x_wconf 86' lang='lat' dir='ltr'><strong><em>ejus</em></strong></span> <span class='ocrx_word' id='word_1_270' title='bbox 1787 3332 2021 3386; x_wconf 80' lang='lat' dir='ltr'><strong><em>Auctore</em></strong></span> <span class='ocrx_word' id='word_1_271' title='bbox 2049 3329 2160 3385; x_wconf 90' lang='lat' dir='ltr'><strong><em>doli</em></strong></span> 
     </span>
    </p>
   </div>
   <div class='ocr_carea' id='block_1_36' title="bbox 578 3421 2161 3491">
    <p class='ocr_par' dir='ltr' id='par_1_36' title="bbox 578 3421 2161 3491">
     <span class='ocr_line' id='line_1_36' title="bbox 578 3421 2161 3491; baseline -0.003 -13"><span class='ocrx_word' id='word_1_272' title='bbox 578 3421 796 3478; x_wconf 78' lang='lat' dir='ltr'><strong><em>Ruftlno</em></strong></span> <span class='ocrx_word' id='word_1_273' title='bbox 814 3422 1180 3491; x_wconf 88' lang='lat' dir='ltr'><strong><em>conjecturam</em></strong></span> <span class='ocrx_word' id='word_1_274' title='bbox 1228 3423 1426 3476; x_wconf 80' lang='lat' dir='ltr'><strong><em>facere.</em></strong></span> <span class='ocrx_word' id='word_1_275' title='bbox 1473 3421 1752 3478; x_wconf 89' lang='lat' dir='ltr'><strong><em>Calumnia</em></strong></span> <span class='ocrx_word' id='word_1_276' title='bbox 1804 3430 1982 3475; x_wconf 86' lang='lat' dir='ltr'><strong><em>tamen</em></strong></span> <span class='ocrx_word' id='word_1_277' title='bbox 2028 3421 2161 3480; x_wconf 92' lang='lat' dir='ltr'><strong><em>scri-</em></strong></span> 
     </span>
    </p>
   </div>
   <div class='ocr_carea' id='block_1_37' title="bbox 578 3512 2158 3589">
    <p class='ocr_par' dir='ltr' id='par_1_37' title="bbox 578 3512 2158 3589">
     <span class='ocr_line' id='line_1_37' title="bbox 578 3512 2158 3589; baseline -0.001 -22"><span class='ocrx_word' id='word_1_278' title='bbox 578 3513 782 3584; x_wconf 85' lang='lat' dir='ltr'><strong><em>ptionis</em></strong></span> <span class='ocrx_word' id='word_1_279' title='bbox 822 3513 1068 3586; x_wconf 84' lang='lat' dir='ltr'><strong><em>sublata,</em></strong></span> <span class='ocrx_word' id='word_1_280' title='bbox 1109 3513 1310 3576; x_wconf 85' lang='lat' dir='ltr'><strong><em>nomini</em></strong></span> <span class='ocrx_word' id='word_1_281' title='bbox 1350 3512 1548 3568; x_wconf 83' lang='lat' dir='ltr'><strong><em>falsarii</em></strong></span> <span class='ocrx_word' id='word_1_282' title='bbox 1593 3513 1849 3589; x_wconf 76' lang='lat' dir='ltr'><strong><em>pepercit.</em></strong></span> <span class='ocrx_word' id='word_1_283' title='bbox 1889 3512 1994 3567; x_wconf 88' lang='lat' dir='ltr'><strong><em>Sed</em></strong></span> <span class='ocrx_word' id='word_1_284' title='bbox 2027 3512 2158 3579; x_wconf 79' lang='lat' dir='ltr'><strong><em>illo,l</em></strong></span> 
     </span>
    </p>
   </div>
   <div class='ocr_carea' id='block_1_38' title="bbox 579 3603 2158 3677">
    <p class='ocr_par' dir='ltr' id='par_1_38' title="bbox 579 3603 2158 3677">
     <span class='ocr_line' id='line_1_38' title="bbox 579 3603 2158 3677; baseline -0.003 -17"><span class='ocrx_word' id='word_1_285' title='bbox 579 3615 642 3661; x_wconf 90' lang='lat' dir='ltr'><strong><em>ut</em></strong></span> <span class='ocrx_word' id='word_1_286' title='bbox 669 3619 730 3662; x_wconf 91' lang='lat' dir='ltr'><strong><em>se</em></strong></span> <span class='ocrx_word' id='word_1_287' title='bbox 755 3605 960 3676; x_wconf 84' lang='lat' dir='ltr'><strong><em>culpari</em></strong></span> <span class='ocrx_word' id='word_1_288' title='bbox 984 3604 1271 3666; x_wconf 77' lang='lat' dir='ltr'><strong><em>intellexit,</em></strong></span> <span class='ocrx_word' id='word_1_289' title='bbox 1291 3604 1452 3662; x_wconf 90' lang='lat' dir='ltr'><strong><em>etiam</em></strong></span> <span class='ocrx_word' id='word_1_290' title='bbox 1474 3614 1634 3677; x_wconf 85' lang='lat' dir='ltr'><strong><em>atque</em></strong></span> <span class='ocrx_word' id='word_1_291' title='bbox 1652 3605 1815 3658; x_wconf 89' lang='lat' dir='ltr'><strong><em>etiam</em></strong></span> <span class='ocrx_word' id='word_1_292' title='bbox 1837 3603 2158 3669; x_wconf 81' lang='lat' dir='ltr'><strong><em>obtestante,</em></strong></span> 
     </span>
    </p>
   </div>
   <div class='ocr_carea' id='block_1_39' title="bbox 581 3693 2160 3766">
    <p class='ocr_par' dir='ltr' id='par_1_39' title="bbox 581 3693 2160 3766">
     <span class='ocr_line' id='line_1_39' title="bbox 581 3693 2160 3766; baseline -0.004 -14"><span class='ocrx_word' id='word_1_293' title='bbox 581 3697 716 3752; x_wconf 87' lang='lat' dir='ltr'><strong><em>nihil</em></strong></span> <span class='ocrx_word' id='word_1_294' title='bbox 746 3696 844 3752; x_wconf 86' lang='lat' dir='ltr'><strong><em>abs</em></strong></span> <span class='ocrx_word' id='word_1_295' title='bbox 883 3711 944 3752; x_wconf 89' lang='lat' dir='ltr'><strong><em>se</em></strong></span> <span class='ocrx_word' id='word_1_296' title='bbox 971 3695 1079 3750; x_wconf 89' lang='lat' dir='ltr'><strong><em>tale</em></strong></span> <span class='ocrx_word' id='word_1_297' title='bbox 1126 3709 1358 3766; x_wconf 86' lang='lat' dir='ltr'><strong><em>unquam</em></strong></span> <span class='ocrx_word' id='word_1_298' title='bbox 1388 3703 1748 3766; x_wconf 86' lang='lat' dir='ltr'><strong><em>perpetratum</em></strong></span> <span class='ocrx_word' id='word_1_299' title='bbox 1775 3735 1791 3760; x_wconf 95' lang='lat'><strong><em>,</em></strong></span> <span class='ocrx_word' id='word_1_300' title='bbox 1824 3693 1962 3761; x_wconf 79' lang='lat' dir='ltr'><strong><em>hanc</em></strong></span> <span class='ocrx_word' id='word_1_301' title='bbox 1991 3693 2160 3763; x_wconf 87' lang='lat' dir='ltr'><strong><em>ipsam</em></strong></span> 
     </span>
    </p>
   </div>
   <div class='ocr_carea' id='block_1_40' title="bbox 579 3785 2162 3856">
    <p class='ocr_par' dir='ltr' id='par_1_40' title="bbox 579 3785 2162 3856">
     <span class='ocr_line' id='line_1_40' title="bbox 579 3785 2162 3856; baseline -0.001 -14"><span class='ocrx_word' id='word_1_302' title='bbox 579 3788 796 3845; x_wconf 89' lang='lat' dir='ltr'><strong><em>videtur</em></strong></span> <span class='ocrx_word' id='word_1_303' title='bbox 822 3787 880 3852; x_wconf 86' lang='lat' dir='ltr'><strong><em>S.</em></strong></span> <span class='ocrx_word' id='word_1_304' title='bbox 909 3787 1072 3844; x_wconf 82' lang='lat' dir='ltr'><strong><em>Pater</em></strong></span> <span class='ocrx_word' id='word_1_305' title='bbox 1095 3787 1499 3842; x_wconf 77' lang='lat' dir='ltr'><strong><em>excusationem</em></strong></span> <span class='ocrx_word' id='word_1_306' title='bbox 1530 3786 1581 3844; x_wconf 84' lang='lat' dir='ltr'><strong><em>ei</em></strong></span> <span class='ocrx_word' id='word_1_307' title='bbox 1608 3785 1783 3856; x_wconf 67' lang='lat' dir='ltr'><strong><em>culpa:</em></strong></span> <span class='ocrx_word' id='word_1_308' title='bbox 1809 3793 2040 3850; x_wconf 87' lang='lat' dir='ltr'><strong><em>vertere,</em></strong></span> <span class='ocrx_word' id='word_1_309' title='bbox 2071 3785 2162 3855; x_wconf 80' lang='lat' dir='ltr'><strong><em>qui</em></strong></span> 
     </span>
    </p>
   </div>
   <div class='ocr_carea' id='block_1_41' title="bbox 578 3877 2162 3953">
    <p class='ocr_par' dir='ltr' id='par_1_41' title="bbox 578 3877 2162 3953">
     <span class='ocr_line' id='line_1_41' title="bbox 578 3877 2162 3953; baseline 0.001 -21"><span class='ocrx_word' id='word_1_310' title='bbox 578 3895 860 3953; x_wconf 77' lang='lat' dir='ltr'><strong><em>perperam</em></strong></span> <span class='ocrx_word' id='word_1_311' title='bbox 884 3880 1084 3952; x_wconf 84' lang='lat' dir='ltr'><strong><em>putarit</em></strong></span> <span class='ocrx_word' id='word_1_312' title='bbox 1101 3879 1203 3942; x_wconf 83' lang='lat' dir='ltr'><strong><em>sibi</em></strong></span> <span class='ocrx_word' id='word_1_313' title='bbox 1223 3879 1446 3944; x_wconf 87' lang='lat' dir='ltr'><strong><em>dictum,</em></strong></span> <span class='ocrx_word' id='word_1_314' title='bbox 1465 3877 1607 3952; x_wconf 90' lang='lat' dir='ltr'><strong><em>quod</em></strong></span> <span class='ocrx_word' id='word_1_315' title='bbox 1629 3878 1940 3938; x_wconf 84' lang='lat' dir='ltr'><strong><em>nominatim</em></strong></span> <span class='ocrx_word' id='word_1_316' title='bbox 1961 3879 2162 3936; x_wconf 89' lang='lat' dir='ltr'><strong><em>nemini</em></strong></span> 
     </span>
    </p>
   </div>
   <div class='ocr_carea' id='block_1_42' title="bbox 576 3969 2161 4044">
    <p class='ocr_par' dir='ltr' id='par_1_42' title="bbox 576 3969 2161 4044">
     <span class='ocr_line' id='line_1_42' title="bbox 576 3969 2161 4044; baseline -0.001 -18"><span class='ocrx_word' id='word_1_317' title='bbox 576 3973 750 4034; x_wconf 68' lang='lat' dir='ltr'><strong><em>fuerat</em></strong></span> <span class='ocrx_word' id='word_1_318' title='bbox 771 3973 1112 4044; x_wconf 85' lang='lat' dir='ltr'><strong><em>imputatum.</em></strong></span> <span class='ocrx_word' id='word_1_319' title='bbox 1135 3970 1246 4026; x_wconf 84' lang='lat' dir='ltr'><strong><em>Nec</em></strong></span> <span class='ocrx_word' id='word_1_320' title='bbox 1267 3970 1390 4036; x_wconf 82' lang='lat' dir='ltr'><strong><em>ideo</em></strong></span> <span class='ocrx_word' id='word_1_321' title='bbox 1409 3985 1532 4025; x_wconf 92' lang='lat' dir='ltr'><strong><em>eum</em></strong></span> <span class='ocrx_word' id='word_1_322' title='bbox 1556 3979 1732 4026; x_wconf 88' lang='lat' dir='ltr'><strong><em>tamen</em></strong></span> <span class='ocrx_word' id='word_1_323' title='bbox 1755 3969 1824 4034; x_wconf 81' lang='lat' dir='ltr'><strong><em>ab</em></strong></span> <span class='ocrx_word' id='word_1_324' title='bbox 1847 3969 2003 4041; x_wconf 82' lang='lat' dir='ltr'><strong><em>hujus</em></strong></span> <span class='ocrx_word' id='word_1_325' title='bbox 2027 3985 2161 4026; x_wconf 89' lang='lat' dir='ltr'><strong><em>con-</em></strong></span> 
     </span>
    </p>
   </div>
   <div class='ocr_carea' id='block_1_43' title="bbox 573 4060 2156 4131">
    <p class='ocr_par' dir='ltr' id='par_1_43' title="bbox 573 4060 2156 4131">
     <span class='ocr_line' id='line_1_43' title="bbox 573 4060 2156 4131; baseline -0.001 -12"><span class='ocrx_word' id='word_1_326' title='bbox 573 4063 797 4120; x_wconf 72' lang='lat' dir='ltr'><strong><em>scientia</em></strong></span> <span class='ocrx_word' id='word_1_327' title='bbox 819 4063 1060 4118; x_wconf 80' lang='lat' dir='ltr'><strong><em>criminis</em></strong></span> <span class='ocrx_word' id='word_1_328' title='bbox 1089 4061 1360 4116; x_wconf 73' lang='lat' dir='ltr'><strong><em>liberavit.</em></strong></span> <span class='ocrx_word' id='word_1_329' title='bbox 1381 4060 1514 4127; x_wconf 81' lang='lat' dir='ltr'><strong><em>Quo,</em></strong></span> <span class='ocrx_word' id='word_1_330' title='bbox 1547 4061 1719 4131; x_wconf 79' lang='lat' dir='ltr'><strong><em>inquit</em></strong></span> <span class='ocrx_word' id='word_1_331' title='bbox 1743 4061 1845 4122; x_wconf 86' lang='lat' dir='ltr'><strong><em>hoc</em></strong></span> <span class='ocrx_word' id='word_1_332' title='bbox 1863 4060 1949 4123; x_wconf 82' lang='lat' dir='ltr'><strong><em>Ill.</em></strong></span> <span class='ocrx_word' id='word_1_333' title='bbox 1975 4061 2156 4128; x_wconf 85' lang='lat' dir='ltr'><strong><em>Libro,</em></strong></span> 
     </span>
    </p>
   </div>
   <div class='ocr_carea' id='block_1_44' title="bbox 575 4150 2161 4231">
    <p class='ocr_par' dir='ltr' id='par_1_44' title="bbox 575 4150 2161 4231">
     <span class='ocr_line' id='line_1_44' title="bbox 575 4150 2161 4231; baseline -0.002 -22"><span class='ocrx_word' id='word_1_334' title='bbox 575 4171 679 4209; x_wconf 89' lang='lat' dir='ltr'><strong><em>non</em></strong></span> <span class='ocrx_word' id='word_1_335' title='bbox 705 4163 936 4224; x_wconf 84' lang='lat' dir='ltr'><strong><em>erumpat</em></strong></span> <span class='ocrx_word' id='word_1_336' title='bbox 965 4154 1120 4208; x_wconf 88' lang='lat' dir='ltr'><strong><em>semel</em></strong></span> <span class='ocrx_word' id='word_1_337' title='bbox 1147 4150 1396 4231; x_wconf 72' lang='lat' dir='ltr'><strong><em>e/[renata</em></strong></span> <span class='ocrx_word' id='word_1_338' title='bbox 1425 4153 1642 4206; x_wconf 86' lang='lat' dir='ltr'><strong><em>audacia</em></strong></span> <span class='ocrx_word' id='word_1_339' title='bbox 1661 4152 1696 4223; x_wconf 67' lang='grc' dir='ltr'><strong><em>,ζ</em></strong></span> <span class='ocrx_word' id='word_1_340' title='bbox 1713 4152 1942 4205; x_wconf 81' lang='lat' dir='ltr'><strong><em>Aliorum</em></strong></span> <span class='ocrx_word' id='word_1_341' title='bbox 1971 4154 2161 4206; x_wconf 87' lang='lat' dir='ltr'><strong><em>crimen</em></strong></span> 
     </span>
    </p>
   </div>
   <div class='ocr_carea' id='block_1_45' title="bbox 572 4243 2162 4322">
    <p class='ocr_par' dir='ltr' id='par_1_45' title="bbox 572 4243 2162 4322">
     <span class='ocr_line' id='line_1_45' title="bbox 572 4243 2162 4322; baseline -0.002 -23"><span class='ocrx_word' id='word_1_342' title='bbox 572 4245 673 4299; x_wconf 83' lang='lat' dir='ltr'><strong><em>sibi</em></strong></span> <span class='ocrx_word' id='word_1_343' title='bbox 707 4244 925 4322; x_wconf 69' lang='lat' dir='ltr'><strong><em>objecit,</em></strong></span> <span class='ocrx_word' id='word_1_344' title='bbox 968 4253 1024 4298; x_wconf 91' lang='lat' dir='ltr'><strong><em>ut</em></strong></span> <span class='ocrx_word' id='word_1_345' title='bbox 1062 4260 1154 4298; x_wconf 92' lang='lat' dir='ltr'><strong><em>nos</em></strong></span> <span class='ocrx_word' id='word_1_346' title='bbox 1195 4244 1406 4312; x_wconf 76' lang='lat' dir='ltr'><strong><em>ﬁnxisse</em></strong></span> <span class='ocrx_word' id='word_1_347' title='bbox 1452 4243 1730 4299; x_wconf 86' lang='lat' dir='ltr'><strong><em>videamur.</em></strong></span> <span class='ocrx_word' id='word_1_348' title='bbox 1778 4243 1928 4309; x_wconf 85' lang='lat' dir='ltr'><strong><em>Quod</em></strong></span> <span class='ocrx_word' id='word_1_349' title='bbox 1975 4243 2162 4310; x_wconf 79' lang='lat' dir='ltr'><strong><em>absque</em></strong></span> 
     </span>
    </p>
   </div>
   <div class='ocr_carea' id='block_1_46' title="bbox 573 4334 2160 4407">
    <p class='ocr_par' dir='ltr' id='par_1_46' title="bbox 573 4334 2160 4407">
     <span class='ocr_line' id='line_1_46' title="bbox 573 4334 2160 4407; baseline -0.001 -17"><span class='ocrx_word' id='word_1_350' title='bbox 573 4337 776 4392; x_wconf 83' lang='lat' dir='ltr'><strong><em>nomine</em></strong></span> <span class='ocrx_word' id='word_1_351' title='bbox 817 4336 1008 4396; x_wconf 87' lang='lat' dir='ltr'><strong><em>dictum</em></strong></span> <span class='ocrx_word' id='word_1_352' title='bbox 1053 4345 1164 4404; x_wconf 89' lang='lat' dir='ltr'><strong><em>est,</em></strong></span> <span class='ocrx_word' id='word_1_353' title='bbox 1205 4336 1258 4389; x_wconf 89' lang='lat' dir='ltr'><strong><em>in</em></strong></span> <span class='ocrx_word' id='word_1_354' title='bbox 1296 4352 1350 4391; x_wconf 93' lang='lat' dir='ltr'><strong><em>se</em></strong></span> <span class='ocrx_word' id='word_1_355' title='bbox 1384 4334 1577 4398; x_wconf 79' lang='lat' dir='ltr'><strong><em>dictant</em></strong></span> <span class='ocrx_word' id='word_1_356' title='bbox 1623 4339 1776 4405; x_wconf 74' lang='lat' dir='ltr'><strong><em>refert</em></strong></span> <span class='ocrx_word' id='word_1_357' title='bbox 1806 4351 1821 4388; x_wconf 93' lang='lat'><strong><em>:</em></strong></span> <span class='ocrx_word' id='word_1_358' title='bbox 1849 4343 1894 4388; x_wconf 92' lang='lat' dir='ltr'><strong><em>et</em></strong></span> <span class='ocrx_word' id='word_1_359' title='bbox 1934 4351 2160 4407; x_wconf 81' lang='lat' dir='ltr'><strong><em>purgans</em></strong></span> 
     </span>
    </p>
   </div>
   <div class='ocr_carea' id='block_1_47' title="bbox 573 4433 2159 4499">
    <p class='ocr_par' dir='ltr' id='par_1_47' title="bbox 573 4433 2159 4499">
     <span class='ocr_line' id='line_1_47' title="bbox 573 4433 2159 4499; baseline 0.004 -15"><span class='ocrx_word' id='word_1_360' title='bbox 573 4441 782 4492; x_wconf 74' lang='lat' dir='ltr'><strong><em>externa</em></strong></span> <span class='ocrx_word' id='word_1_361' title='bbox 813 4442 1035 4499; x_wconf 83' lang='lat' dir='ltr'><strong><em>peccata,</em></strong></span> <span class='ocrx_word' id='word_1_362' title='bbox 1070 4442 1269 4491; x_wconf 86' lang='lat' dir='ltr'><strong><em>tantum</em></strong></span> <span class='ocrx_word' id='word_1_363' title='bbox 1299 4433 1362 4485; x_wconf 89' lang='lat' dir='ltr'><strong><em>de</em></strong></span> <span class='ocrx_word' id='word_1_364' title='bbox 1389 4449 1480 4488; x_wconf 88' lang='lat' dir='ltr'><strong><em>sua</em></strong></span> <span class='ocrx_word' id='word_1_365' title='bbox 1508 4449 1717 4497; x_wconf 77' lang='lat' dir='ltr'><strong><em>securus</em></strong></span> <span class='ocrx_word' id='word_1_366' title='bbox 1748 4442 1820 4488; x_wconf 92' lang='lat' dir='ltr'><strong><em>est</em></strong></span> <span class='ocrx_word' id='word_1_367' title='bbox 1850 4434 2159 4490; x_wconf 88' lang='lat' dir='ltr'><strong><em>innocentia.</em></strong></span> 
     </span>
    </p>
   </div>
   <div class='ocr_carea' id='block_1_48' title="bbox 574 4520 2158 4599">
    <p class='ocr_par' dir='ltr' id='par_1_48' title="bbox 574 4520 2158 4599">
     <span class='ocr_line' id='line_1_48' title="bbox 574 4520 2158 4599; baseline 0.003 -24"><span class='ocrx_word' id='word_1_368' title='bbox 574 4520 730 4576; x_wconf 74' lang='lat' dir='ltr'><strong><em>Iurat</em></strong></span> <span class='ocrx_word' id='word_1_369' title='bbox 759 4523 892 4582; x_wconf 83' lang='lat' dir='ltr'><strong><em>enim</em></strong></span> <span class='ocrx_word' id='word_1_370' title='bbox 923 4539 977 4577; x_wconf 88' lang='lat' dir='ltr'><strong><em>se</em></strong></span> <span class='ocrx_word' id='word_1_371' title='bbox 1005 4521 1291 4592; x_wconf 79' lang='lat' dir='ltr'><strong><em>Epistolam</em></strong></span> <span class='ocrx_word' id='word_1_372' title='bbox 1328 4539 1431 4585; x_wconf 88' lang='lat' dir='ltr'><strong><em>non</em></strong></span> <span class='ocrx_word' id='word_1_373' title='bbox 1470 4524 1734 4593; x_wconf 85' lang='lat' dir='ltr'><strong><em>scripsisse</em></strong></span> <span class='ocrx_word' id='word_1_374' title='bbox 1771 4523 1839 4578; x_wconf 89' lang='lat' dir='ltr'><strong><em>ad</em></strong></span> <span class='ocrx_word' id='word_1_375' title='bbox 1876 4525 2032 4599; x_wconf 69' lang='lat' dir='ltr'><strong><em>Afros</em></strong></span> <span class='ocrx_word' id='word_1_376' title='bbox 2065 4525 2158 4581; x_wconf 89' lang='lat' dir='ltr'><strong><em>sub</em></strong></span> 
     </span>
    </p>
   </div>
   <div class='ocr_carea' id='block_1_49' title="bbox 574 4613 2160 4687">
    <p class='ocr_par' dir='ltr' id='par_1_49' title="bbox 574 4613 2160 4687">
     <span class='ocr_line' id='line_1_49' title="bbox 574 4613 2160 4687; baseline 0.001 -20"><span class='ocrx_word' id='word_1_377' title='bbox 574 4613 782 4670; x_wconf 87' lang='lat' dir='ltr'><strong><em>nomine</em></strong></span> <span class='ocrx_word' id='word_1_378' title='bbox 802 4627 944 4676; x_wconf 86' lang='lat' dir='ltr'><strong><em>meo,</em></strong></span> <span class='ocrx_word' id='word_1_379' title='bbox 974 4613 1027 4665; x_wconf 92' lang='lat' dir='ltr'><strong><em>in</em></strong></span> <span class='ocrx_word' id='word_1_380' title='bbox 1064 4629 1164 4686; x_wconf 88' lang='lat' dir='ltr'><strong><em>qua</em></strong></span> <span class='ocrx_word' id='word_1_381' title='bbox 1189 4613 1434 4687; x_wconf 74' lang='lat' dir='ltr'><strong><em>conﬁtear</em></strong></span> <span class='ocrx_word' id='word_1_382' title='bbox 1471 4613 1735 4670; x_wconf 85' lang='lat' dir='ltr'><strong><em>inductum</em></strong></span> <span class='ocrx_word' id='word_1_383' title='bbox 1771 4630 1851 4673; x_wconf 88' lang='lat' dir='ltr'><strong><em>me</em></strong></span> <span class='ocrx_word' id='word_1_384' title='bbox 1888 4631 1919 4667; x_wconf 92' lang='lat' dir='ltr'><strong><em>a</em></strong></span> <span class='ocrx_word' id='word_1_385' title='bbox 1960 4615 2160 4670; x_wconf 64' lang='lat' dir='ltr'><strong><em>ludatis</em></strong></span> 
     </span>
    </p>
   </div>
   <div class='ocr_carea' id='block_1_50' title="bbox 572 4704 2159 4767">
    <p class='ocr_par' dir='ltr' id='par_1_50' title="bbox 572 4704 2159 4767">
     <span class='ocr_line' id='line_1_50' title="bbox 572 4704 2159 4767; baseline 0.003 -8"><span class='ocrx_word' id='word_1_386' title='bbox 572 4704 838 4765; x_wconf 82' lang='lat' dir='ltr'><strong><em>mendacia</em></strong></span> <span class='ocrx_word' id='word_1_387' title='bbox 868 4704 1186 4765; x_wconf 84' lang='lat' dir='ltr'><strong><em>transtulisse</em></strong></span> <span class='ocrx_word' id='word_1_388' title='bbox 1205 4720 1223 4758; x_wconf 91' lang='lat'><strong><em>:</em></strong></span> <span class='ocrx_word' id='word_1_389' title='bbox 1244 4714 1290 4758; x_wconf 90' lang='lat' dir='ltr'><strong><em>et</em></strong></span> <span class='ocrx_word' id='word_1_390' title='bbox 1311 4705 1457 4758; x_wconf 88' lang='lat' dir='ltr'><strong><em>mittit</em></strong></span> <span class='ocrx_word' id='word_1_391' title='bbox 1479 4704 1633 4767; x_wconf 85' lang='lat' dir='ltr'><strong><em>libros</em></strong></span> <span class='ocrx_word' id='word_1_392' title='bbox 1651 4705 1824 4759; x_wconf 88' lang='lat' dir='ltr'><strong><em>eadem</em></strong></span> <span class='ocrx_word' id='word_1_393' title='bbox 1841 4708 2012 4764; x_wconf 89' lang='lat' dir='ltr'><strong><em>omnia</em></strong></span> <span class='ocrx_word' id='word_1_394' title='bbox 2033 4724 2159 4764; x_wconf 65' lang='lat' dir='ltr'><strong><em>con-e</em></strong></span> 
     </span>
    </p>
   </div>
   <div class='ocr_carea' id='block_1_51' title="bbox 572 4795 2160 4868">
    <p class='ocr_par' dir='ltr' id='par_1_51' title="bbox 572 4795 2160 4868">
     <span class='ocr_line' id='line_1_51' title="bbox 572 4795 2160 4868; baseline 0.001 -17"><span class='ocrx_word' id='word_1_395' title='bbox 572 4799 805 4860; x_wconf 87' lang='lat' dir='ltr'><strong><em>tinentes.</em></strong></span> <span class='ocrx_word' id='word_1_396' title='bbox 828 4811 944 4868; x_wconf 79' lang='lat' dir='ltr'><strong><em>qute</em></strong></span> <span class='ocrx_word' id='word_1_397' title='bbox 969 4795 1186 4851; x_wconf 87' lang='lat' dir='ltr'><strong><em>nescisse</em></strong></span> <span class='ocrx_word' id='word_1_398' title='bbox 1211 4811 1266 4856; x_wconf 85' lang='lat' dir='ltr'><strong><em>se</em></strong></span> <span class='ocrx_word' id='word_1_399' title='bbox 1281 4796 1450 4864; x_wconf 89' lang='lat' dir='ltr'><strong><em>jurat.</em></strong></span> <span class='ocrx_word' id='word_1_400' title='bbox 1486 4795 1554 4848; x_wconf 80' lang='lat' dir='ltr'><strong><em>Et</em></strong></span> <span class='ocrx_word' id='word_1_401' title='bbox 1579 4796 1736 4849; x_wconf 91' lang='lat' dir='ltr'><strong><em>miror</em></strong></span> <span class='ocrx_word' id='word_1_402' title='bbox 1759 4798 2012 4866; x_wconf 86' lang='lat' dir='ltr'><strong><em>quomodo</em></strong></span> <span class='ocrx_word' id='word_1_403' title='bbox 2033 4815 2160 4868; x_wconf 85' lang='lat' dir='ltr'><strong><em>pru-</em></strong></span> 
     </span>
    </p>
   </div>
   <div class='ocr_carea' id='block_1_52' title="bbox 573 4869 2161 4966">
    <p class='ocr_par' dir='ltr' id='par_1_52' title="bbox 573 4869 2161 4966">
     <span class='ocr_line' id='line_1_52' title="bbox 573 4869 2161 4966; baseline 0 -22"><span class='ocrx_word' id='word_1_404' title='bbox 573 4892 746 4954; x_wconf 79' lang='lat' dir='ltr'><strong><em>dentia</em></strong></span> <span class='ocrx_word' id='word_1_405' title='bbox 777 4869 888 4966; x_wconf 68' lang='lat' dir='ltr'><strong><em>ejus</em></strong></span> <span class='ocrx_word' id='word_1_406' title='bbox 931 4905 1045 4946; x_wconf 85' lang='lat' dir='ltr'><strong><em>cum</em></strong></span> <span class='ocrx_word' id='word_1_407' title='bbox 1088 4887 1297 4948; x_wconf 85' lang='lat' dir='ltr'><strong><em>alterius</em></strong></span> <span class='ocrx_word' id='word_1_408' title='bbox 1337 4888 1558 4962; x_wconf 82' lang='lat' dir='ltr'><strong><em>nequitia</em></strong></span> <span class='ocrx_word' id='word_1_409' title='bbox 1597 4888 1910 4950; x_wconf 79' lang='lat' dir='ltr'><strong><em>convenerit,</em></strong></span> <span class='ocrx_word' id='word_1_410' title='bbox 1943 4889 2161 4957; x_wconf 85' lang='lat' dir='ltr'><strong><em>utquod</em></strong></span> 
     </span>
    </p>
   </div>
   <div class='ocr_carea' id='block_1_53' title="bbox 570 4979 2158 5056">
    <p class='ocr_par' dir='ltr' id='par_1_53' title="bbox 570 4979 2158 5056">
     <span class='ocr_line' id='line_1_53' title="bbox 570 4979 2158 5056; baseline -0.001 -21"><span class='ocrx_word' id='word_1_411' title='bbox 570 4985 704 5038; x_wconf 91' lang='lat' dir='ltr'><strong><em>alius</em></strong></span> <span class='ocrx_word' id='word_1_412' title='bbox 731 4985 785 5038; x_wconf 87' lang='lat' dir='ltr'><strong><em>iu</em></strong></span> <span class='ocrx_word' id='word_1_413' title='bbox 812 4982 988 5056; x_wconf 68' lang='lat' dir='ltr'><strong><em>Africa</em></strong></span> <span class='ocrx_word' id='word_1_414' title='bbox 1016 4979 1254 5035; x_wconf 89' lang='lat' dir='ltr'><strong><em>mentitus</em></strong></span> <span class='ocrx_word' id='word_1_415' title='bbox 1282 4988 1354 5034; x_wconf 90' lang='lat' dir='ltr'><strong><em>est</em></strong></span> <span class='ocrx_word' id='word_1_416' title='bbox 1371 5019 1386 5043; x_wconf 95' lang='lat'><strong><em>,</em></strong></span> <span class='ocrx_word' id='word_1_417' title='bbox 1427 4980 1510 5040; x_wconf 82' lang='lat' dir='ltr'><strong><em>hic</em></strong></span> <span class='ocrx_word' id='word_1_418' title='bbox 1539 4979 1856 5040; x_wconf 83' lang='lat' dir='ltr'><strong><em>concorditer</em></strong></span> <span class='ocrx_word' id='word_1_419' title='bbox 1881 4995 2049 5039; x_wconf 78' lang='lat' dir='ltr'><strong><em>verum</em></strong></span> <span class='ocrx_word' id='word_1_420' title='bbox 2075 4981 2158 5034; x_wconf 83' lang='lat' dir='ltr'><strong><em>di-</em></strong></span> 
     </span>
    </p>
   </div>
   <div class='ocr_carea' id='block_1_54' title="bbox 571 5069 2159 5148">
    <p class='ocr_par' dir='ltr' id='par_1_54' title="bbox 571 5069 2159 5148">
     <span class='ocr_line' id='line_1_54' title="bbox 571 5069 2159 5148; baseline 0 -22"><span class='ocrx_word' id='word_1_421' title='bbox 571 5081 744 5137; x_wconf 90' lang='lat' dir='ltr'><strong><em>ceret,</em></strong></span> <span class='ocrx_word' id='word_1_422' title='bbox 785 5071 986 5148; x_wconf 82' lang='lat' dir='ltr'><strong><em>stilique</em></strong></span> <span class='ocrx_word' id='word_1_423' title='bbox 1025 5072 1138 5148; x_wconf 71' lang='lat' dir='ltr'><strong><em>ejus</em></strong></span> <span class='ocrx_word' id='word_1_424' title='bbox 1179 5069 1484 5144; x_wconf 86' lang='lat' dir='ltr'><strong><em>elegantiam</em></strong></span> <span class='ocrx_word' id='word_1_425' title='bbox 1527 5070 1695 5130; x_wconf 84' lang='lat' dir='ltr'><strong><em>nescio</em></strong></span> <span class='ocrx_word' id='word_1_426' title='bbox 1737 5069 1849 5139; x_wconf 88' lang='lat' dir='ltr'><strong><em>quis</em></strong></span> <span class='ocrx_word' id='word_1_427' title='bbox 1895 5071 2159 5140; x_wconf 87' lang='lat' dir='ltr'><strong><em>imperitus</em></strong></span> 
     </span>
    </p>
   </div>
   <div class='ocr_carea' id='block_1_55' title="bbox 570 5161 2160 5234">
    <p class='ocr_par' dir='ltr' id='par_1_55' title="bbox 570 5161 2160 5234">
     <span class='ocr_line' id='line_1_55' title="bbox 570 5161 2160 5234; baseline -0.001 -15"><span class='ocrx_word' id='word_1_428' title='bbox 570 5173 740 5234; x_wconf 79' lang='lat' dir='ltr'><strong><em>posset</em></strong></span> <span class='ocrx_word' id='word_1_429' title='bbox 777 5163 988 5222; x_wconf 77' lang='lat' dir='ltr'><strong><em>imitari.</em></strong></span> <span class='ocrx_word' id='word_1_430' title='bbox 1019 5163 1115 5220; x_wconf 90' lang='lat' dir='ltr'><strong><em>Sin</em></strong></span> <span class='ocrx_word' id='word_1_431' title='bbox 1155 5163 1335 5233; x_wconf 85' lang='lat' dir='ltr'><strong><em>itaque</em></strong></span> <span class='ocrx_word' id='word_1_432' title='bbox 1360 5177 1479 5219; x_wconf 83' lang='lat' dir='ltr'><strong><em>eam</em></strong></span> <span class='ocrx_word' id='word_1_433' title='bbox 1519 5161 1632 5231; x_wconf 79' lang='lat' dir='ltr'><strong><em>ipse</em></strong></span> <span class='ocrx_word' id='word_1_434' title='bbox 1662 5161 1959 5231; x_wconf 80' lang='lat' dir='ltr'><strong><em>Epistolam</em></strong></span> <span class='ocrx_word' id='word_1_435' title='bbox 1990 5163 2160 5230; x_wconf 72' lang='lat' dir='ltr'><strong><em>Rulli-</em></strong></span> 
     </span>
    </p>
   </div>
   <div class='ocr_carea' id='block_1_56' title="bbox 571 5255 2159 5328">
    <p class='ocr_par' dir='ltr' id='par_1_56' title="bbox 571 5255 2159 5328">
     <span class='ocr_line' id='line_1_56' title="bbox 571 5255 2159 5328; baseline 0 -17"><span class='ocrx_word' id='word_1_436' title='bbox 571 5273 673 5312; x_wconf 88' lang='lat' dir='ltr'><strong><em>uus</em></strong></span> <span class='ocrx_word' id='word_1_437' title='bbox 703 5263 1043 5317; x_wconf 88' lang='lat' dir='ltr'><strong><em>commentus</em></strong></span> <span class='ocrx_word' id='word_1_438' title='bbox 1071 5265 1173 5322; x_wconf 90' lang='lat' dir='ltr'><strong><em>est,</em></strong></span> <span class='ocrx_word' id='word_1_439' title='bbox 1205 5255 1302 5314; x_wconf 87' lang='lat' dir='ltr'><strong><em>sed</em></strong></span> <span class='ocrx_word' id='word_1_440' title='bbox 1329 5271 1393 5313; x_wconf 75' lang='lat' dir='ltr'><strong><em>ex</em></strong></span> <span class='ocrx_word' id='word_1_441' title='bbox 1425 5255 1542 5325; x_wconf 86' lang='lat' dir='ltr'><strong><em>ejus</em></strong></span> <span class='ocrx_word' id='word_1_442' title='bbox 1570 5255 1754 5316; x_wconf 81' lang='lat' dir='ltr'><strong><em>schola</em></strong></span> <span class='ocrx_word' id='word_1_443' title='bbox 1784 5255 2008 5327; x_wconf 86' lang='lat' dir='ltr'><strong><em>aliquis,</em></strong></span> <span class='ocrx_word' id='word_1_444' title='bbox 2043 5258 2159 5328; x_wconf 89' lang='lat' dir='ltr'><strong><em>ipso</em></strong></span> 
     </span>
    </p>
   </div>
   <div class='ocr_carea' id='block_1_57' title="bbox 498 5345 2159 5418">
    <p class='ocr_par' dir='ltr' id='par_1_57' title="bbox 498 5345 2159 5418">
     <span class='ocr_line' id='line_1_57' title="bbox 498 5345 2159 5418; baseline 0.001 -18"><span class='ocrx_word' id='word_1_445' title='bbox 498 5345 506 5353; x_wconf 85' lang='grc'><em>’</em></span> <span class='ocrx_word' id='word_1_446' title='bbox 576 5347 715 5402; x_wconf 80' lang='lat' dir='ltr'><strong><em>haud</em></strong></span> <span class='ocrx_word' id='word_1_447' title='bbox 750 5359 929 5408; x_wconf 85' lang='lat' dir='ltr'><strong><em>tamen</em></strong></span> <span class='ocrx_word' id='word_1_448' title='bbox 957 5345 1166 5410; x_wconf 77' lang='lat' dir='ltr'><strong><em>inst-io;</em></strong></span> <span class='ocrx_word' id='word_1_449' title='bbox 1196 5361 1300 5407; x_wconf 87' lang='lat' dir='ltr'><strong><em>non</em></strong></span> <span class='ocrx_word' id='word_1_450' title='bbox 1333 5345 1524 5416; x_wconf 90' lang='lat' dir='ltr'><strong><em>injuria</em></strong></span> <span class='ocrx_word' id='word_1_451' title='bbox 1559 5355 1738 5406; x_wconf 88' lang='lat' dir='ltr'><strong><em>tamen</em></strong></span> <span class='ocrx_word' id='word_1_452' title='bbox 1769 5345 1865 5406; x_wconf 82' lang='lat' dir='ltr'><strong><em>abs</em></strong></span> <span class='ocrx_word' id='word_1_453' title='bbox 1897 5346 2159 5418; x_wconf 80' lang='lat' dir='ltr'><strong><em>Hierony-</em></strong></span> 
     </span>
    </p>
   </div>
   <div class='ocr_carea' id='block_1_58' title="bbox 575 5437 1594 5504">
    <p class='ocr_par' dir='ltr' id='par_1_58' title="bbox 575 5437 1594 5504">
     <span class='ocr_line' id='line_1_58' title="bbox 575 5437 1594 5504; baseline -0.001 -15"><span class='ocrx_word' id='word_1_454' title='bbox 575 5451 664 5489; x_wconf 87' lang='lat' dir='ltr'><strong><em>mo</em></strong></span> <span class='ocrx_word' id='word_1_455' title='bbox 693 5437 952 5493; x_wconf 85' lang='lat' dir='ltr'><strong><em>alterutra</em></strong></span> <span class='ocrx_word' id='word_1_456' title='bbox 979 5449 1042 5487; x_wconf 79' lang='lat' dir='ltr'><strong><em>ex</em></strong></span> <span class='ocrx_word' id='word_1_457' title='bbox 1071 5442 1220 5502; x_wconf 89' lang='lat' dir='ltr'><strong><em>parte</em></strong></span> <span class='ocrx_word' id='word_1_458' title='bbox 1250 5450 1372 5492; x_wconf 90' lang='lat' dir='ltr'><strong><em>reus</em></strong></span> <span class='ocrx_word' id='word_1_459' title='bbox 1397 5437 1594 5504; x_wconf 77' lang='lat' dir='ltr'><strong><em>agitur.</em></strong></span> 
     </span>
    </p>
   </div>
   <div class='ocr_carea' id='block_1_59' title="bbox 649 5521 2155 5592">
    <p class='ocr_par' dir='ltr' id='par_1_59' title="bbox 649 5521 2155 5592">
     <span class='ocr_line' id='line_1_59' title="bbox 649 5521 2155 5592; baseline 0.005 -18"><span class='ocrx_word' id='word_1_460' title='bbox 649 5525 740 5576; x_wconf 70' lang='lat' dir='ltr'><strong><em>lx.</em></strong></span> <span class='ocrx_word' id='word_1_461' title='bbox 771 5523 882 5574; x_wconf 88' lang='lat' dir='ltr'><strong><em>llac</em></strong></span> <span class='ocrx_word' id='word_1_462' title='bbox 910 5529 1058 5577; x_wconf 87' lang='lat' dir='ltr'><strong><em>certe</em></strong></span> <span class='ocrx_word' id='word_1_463' title='bbox 1084 5521 1151 5579; x_wconf 83' lang='lat' dir='ltr'><strong><em>de</em></strong></span> <span class='ocrx_word' id='word_1_464' title='bbox 1194 5538 1354 5578; x_wconf 87' lang='lat' dir='ltr'><strong><em>causa</em></strong></span> <span class='ocrx_word' id='word_1_465' title='bbox 1401 5525 1612 5582; x_wconf 89' lang='lat' dir='ltr'><strong><em>videtur</em></strong></span> <span class='ocrx_word' id='word_1_466' title='bbox 1640 5526 1696 5589; x_wconf 84' lang='lat' dir='ltr'><strong><em>S.</em></strong></span> <span class='ocrx_word' id='word_1_467' title='bbox 1732 5527 1907 5592; x_wconf 86' lang='lat' dir='ltr'><strong><em>Pater,</em></strong></span> <span class='ocrx_word' id='word_1_468' title='bbox 1939 5536 1998 5584; x_wconf 89' lang='lat' dir='ltr'><strong><em>ut</em></strong></span> <span class='ocrx_word' id='word_1_469' title='bbox 2027 5542 2155 5582; x_wconf 89' lang='lat' dir='ltr'><strong><em>suus</em></strong></span> 
     </span>
    </p>
   </div>
   <div class='ocr_carea' id='block_1_60' title="bbox 575 5610 2154 5681">
    <p class='ocr_par' dir='ltr' id='par_1_60' title="bbox 575 5610 2154 5681">
     <span class='ocr_line' id='line_1_60' title="bbox 575 5610 2154 5681; baseline 0.011 -25"><span class='ocrx_word' id='word_1_470' title='bbox 575 5613 662 5668; x_wconf 58' lang='lat' dir='ltr'><strong><em>nec</em></strong></span> <span class='ocrx_word' id='word_1_471' title='bbox 710 5610 872 5664; x_wconf 86' lang='lat' dir='ltr'><strong><em>Liber</em></strong></span> <span class='ocrx_word' id='word_1_472' title='bbox 913 5610 1227 5676; x_wconf 80' lang='lat' dir='ltr'><strong><em>quantocius</em></strong></span> <span class='ocrx_word' id='word_1_473' title='bbox 1266 5613 1318 5665; x_wconf 91' lang='lat' dir='ltr'><strong><em>in</em></strong></span> <span class='ocrx_word' id='word_1_474' title='bbox 1363 5614 1594 5672; x_wconf 80' lang='lat' dir='ltr'><strong><em>Africam</em></strong></span> <span class='ocrx_word' id='word_1_475' title='bbox 1639 5615 1941 5677; x_wconf 80' lang='lat' dir='ltr'><strong><em>deferretur</em></strong></span> <span class='ocrx_word' id='word_1_476' title='bbox 1965 5655 1978 5681; x_wconf 90' lang='lat'><strong><em>,</em></strong></span> <span class='ocrx_word' id='word_1_477' title='bbox 2009 5625 2154 5672; x_wconf 81' lang='lat' dir='ltr'><strong><em>sate-</em></strong></span> 
     </span>
    </p>
   </div>
   <div class='ocr_carea' id='block_1_61' title="bbox 1820 205 2517 272">
    <p class='ocr_par' dir='ltr' id='par_1_61' title="bbox 1820 205 2517 272">
     <span class='ocr_line' id='line_1_61' title="bbox 1820 205 2517 272; baseline -0.003 0"><span class='ocrx_word' id='word_1_478' title='bbox 1820 218 1877 272; x_wconf 92' lang='lat' dir='ltr'><strong><em>S.</em></strong></span> <span class='ocrx_word' id='word_1_479' title='bbox 1922 212 2295 272; x_wconf 76' lang='lat' dir='ltr'><strong><em>IIIERONYMI</em></strong></span> <span class='ocrx_word' id='word_1_480' title='bbox 2339 205 2517 270; x_wconf 71' lang='lat' dir='ltr'><strong><em>VITA.</em></strong></span> 
     </span>
    </p>
   </div>
   <div class='ocr_carea' id='block_1_62' title="bbox 3734 224 3849 278">
    <p class='ocr_par' dir='ltr' id='par_1_62' title="bbox 3734 224 3849 278">
     <span class='ocr_line' id='line_1_62' title="bbox 3734 224 3849 278; baseline 0 0"><span class='ocrx_word' id='word_1_481' title='bbox 3734 224 3849 278; x_wconf 77' lang='lat' dir='ltr'><strong><em>H3</em></strong></span> 
     </span>
    </p>
   </div>
   <div class='ocr_carea' id='block_1_63' title="bbox 2264 328 3848 403">
    <p class='ocr_par' dir='ltr' id='par_1_63' title="bbox 2264 328 3848 403">
     <span class='ocr_line' id='line_1_63' title="bbox 2264 328 3848 403; baseline 0.007 -22"><span class='ocrx_word' id='word_1_482' title='bbox 2264 328 2407 397; x_wconf 76' lang='lat' dir='ltr'><strong><em>gisse</em></strong></span> <span class='ocrx_word' id='word_1_483' title='bbox 2437 347 2450 384; x_wconf 89' lang='lat'>:</span> <span class='ocrx_word' id='word_1_484' title='bbox 2475 329 2725 385; x_wconf 89' lang='lat' dir='ltr'><strong><em>nimirum</em></strong></span> <span class='ocrx_word' id='word_1_485' title='bbox 2754 341 2811 387; x_wconf 91' lang='lat' dir='ltr'><strong><em>ut</em></strong></span> <span class='ocrx_word' id='word_1_486' title='bbox 2834 333 2974 403; x_wconf 91' lang='lat' dir='ltr'><strong><em>apud</em></strong></span> <span class='ocrx_word' id='word_1_487' title='bbox 3005 347 3098 389; x_wconf 87' lang='lat' dir='ltr'><strong><em>eos</em></strong></span> <span class='ocrx_word' id='word_1_488' title='bbox 3127 333 3357 390; x_wconf 75' lang='lat' dir='ltr'><strong><em>niaxime</em></strong></span> <span class='ocrx_word' id='word_1_489' title='bbox 3383 333 3706 389; x_wconf 76' lang='lat' dir='ltr'><strong><em>cahmtniam</em></strong></span> <span class='ocrx_word' id='word_1_490' title='bbox 3736 339 3848 392; x_wconf 84' lang='lat' dir='ltr'><strong><em>tol-</em></strong></span> 
     </span>
    </p>
   </div>
   <div class='ocr_carea' id='block_1_64' title="bbox 2262 419 3846 496">
    <p class='ocr_par' dir='ltr' id='par_1_64' title="bbox 2262 419 3846 496">
     <span class='ocr_line' id='line_1_64' title="bbox 2262 419 3846 496; baseline 0.005 -22"><span class='ocrx_word' id='word_1_491' title='bbox 2262 419 2417 488; x_wconf 90' lang='lat' dir='ltr'><strong><em>leret,</em></strong></span> <span class='ocrx_word' id='word_1_492' title='bbox 2442 421 2584 492; x_wconf 87' lang='lat' dir='ltr'><strong><em>apud</em></strong></span> <span class='ocrx_word' id='word_1_493' title='bbox 2607 439 2742 493; x_wconf 92' lang='lat' dir='ltr'><strong><em>quos</em></strong></span> <span class='ocrx_word' id='word_1_494' title='bbox 2762 425 2989 480; x_wconf 83' lang='lat' dir='ltr'><strong><em>conﬂata</em></strong></span> <span class='ocrx_word' id='word_1_495' title='bbox 3017 427 3350 496; x_wconf 88' lang='lat' dir='ltr'><strong><em>potissimum</em></strong></span> <span class='ocrx_word' id='word_1_496' title='bbox 3373 426 3670 481; x_wconf 88' lang='lat' dir='ltr'><strong><em>dicebatur.</em></strong></span> <span class='ocrx_word' id='word_1_497' title='bbox 3688 428 3846 484; x_wconf 88' lang='lat' dir='ltr'><strong><em>Scri-</em></strong></span> 
     </span>
    </p>
   </div>
   <div class='ocr_carea' id='block_1_65' title="bbox 2259 499 3842 588">
    <p class='ocr_par' dir='ltr' id='par_1_65' title="bbox 2259 499 3842 588">
     <span class='ocr_line' id='line_1_65' title="bbox 2259 499 3842 588; baseline 0.005 -22"><span class='ocrx_word' id='word_1_498' title='bbox 2259 499 2571 583; x_wconf 33' lang='lat' dir='ltr'><strong><em>psit&#39;itaque</em></strong></span> <span class='ocrx_word' id='word_1_499' title='bbox 2595 514 2698 570; x_wconf 91' lang='lat' dir='ltr'><strong><em>hoc</em></strong></span> <span class='ocrx_word' id='word_1_500' title='bbox 2726 516 2841 585; x_wconf 91' lang='lat' dir='ltr'><strong><em>ipso</em></strong></span> <span class='ocrx_word' id='word_1_501' title='bbox 2867 532 3008 572; x_wconf 87' lang='lat' dir='ltr'><strong><em>anno</em></strong></span> <span class='ocrx_word' id='word_1_502' title='bbox 3034 520 3099 571; x_wconf 87' lang='lat' dir='ltr'><strong><em>ad</em></strong></span> <span class='ocrx_word' id='word_1_503' title='bbox 3122 517 3480 588; x_wconf 74' lang='lat' dir='ltr'><strong><em>Augustinum</em></strong></span> <span class='ocrx_word' id='word_1_504' title='bbox 3510 518 3678 588; x_wconf 85' lang='lat' dir='ltr'><strong><em>Epist.</em></strong></span> <span class='ocrx_word' id='word_1_505' title='bbox 3707 519 3800 574; x_wconf 88' lang='lat' dir='ltr'><strong><em>Cll</em></strong></span> <span class='ocrx_word' id='word_1_506' title='bbox 3825 558 3842 573; x_wconf 93' lang='lat'><strong><em>.</em></strong></span> 
     </span>
    </p>
   </div>
   <div class='ocr_carea' id='block_1_66' title="bbox 2257 603 3838 679">
    <p class='ocr_par' dir='ltr' id='par_1_66' title="bbox 2257 603 3838 679">
     <span class='ocr_line' id='line_1_66' title="bbox 2257 603 3838 679; baseline 0.005 -22"><span class='ocrx_word' id='word_1_507' title='bbox 2257 603 2411 674; x_wconf 87' lang='lat' dir='ltr'><strong><em>eique</em></strong></span> <span class='ocrx_word' id='word_1_508' title='bbox 2428 603 2699 674; x_wconf 84' lang='lat' dir='ltr'><strong><em>hujusmet</em></strong></span> <span class='ocrx_word' id='word_1_509' title='bbox 2716 609 2878 664; x_wconf 89' lang='lat' dir='ltr'><strong><em>libelli</em></strong></span> <span class='ocrx_word' id='word_1_510' title='bbox 2893 610 2972 663; x_wconf 91' lang='lat' dir='ltr'><strong><em>sui</em></strong></span> <span class='ocrx_word' id='word_1_511' title='bbox 2988 610 3262 679; x_wconf 73' lang='lat' dir='ltr'><strong><em>exemplar</em></strong></span> <span class='ocrx_word' id='word_1_512' title='bbox 3278 610 3540 664; x_wconf 77' lang='lat' dir='ltr'><strong><em>adtexuit.</em></strong></span> <span class='ocrx_word' id='word_1_513' title='bbox 3564 611 3647 674; x_wconf 83' lang='lat' dir='ltr'><strong><em>Et,</em></strong></span> <span class='ocrx_word' id='word_1_514' title='bbox 3667 611 3838 678; x_wconf 78' lang='lat' dir='ltr'><strong><em>Misit,</em></strong></span> 
     </span>
    </p>
   </div>
   <div class='ocr_carea' id='block_1_67' title="bbox 2256 695 3843 770">
    <p class='ocr_par' dir='ltr' id='par_1_67' title="bbox 2256 695 3843 770">
     <span class='ocr_line' id='line_1_67' title="bbox 2256 695 3843 770; baseline 0.006 -24"><span class='ocrx_word' id='word_1_515' title='bbox 2256 695 2367 760; x_wconf 86' lang='lat' dir='ltr'><strong><em>ait,</em></strong></span> <span class='ocrx_word' id='word_1_516' title='bbox 2401 697 2526 750; x_wconf 83' lang='lat' dir='ltr'><strong><em>mihi</em></strong></span> <span class='ocrx_word' id='word_1_517' title='bbox 2564 700 2841 752; x_wconf 89' lang='lat' dir='ltr'><strong><em>temeritate</em></strong></span> <span class='ocrx_word' id='word_1_518' title='bbox 2885 699 3033 758; x_wconf 87' lang='lat' dir='ltr'><strong><em>solita</em></strong></span> <span class='ocrx_word' id='word_1_519' title='bbox 3080 716 3172 754; x_wconf 86' lang='lat' dir='ltr'><strong><em>sua</em></strong></span> <span class='ocrx_word' id='word_1_520' title='bbox 3219 699 3487 754; x_wconf 83' lang='lat' dir='ltr'><strong><em>maledicta</em></strong></span> <span class='ocrx_word' id='word_1_521' title='bbox 3528 700 3843 770; x_wconf 82' lang='lat' dir='ltr'><strong><em>Calpurnius</em></strong></span> 
     </span>
    </p>
   </div>
   <div class='ocr_carea' id='block_1_68' title="bbox 2256 785 3842 859">
    <p class='ocr_par' dir='ltr' id='par_1_68' title="bbox 2256 785 3842 859">
     <span class='ocr_line' id='line_1_68' title="bbox 2256 785 3842 859; baseline 0.007 -24"><span class='ocrx_word' id='word_1_522' title='bbox 2256 796 2582 854; x_wconf 80' lang='lat' dir='ltr'><strong><em>cognomento</em></strong></span> <span class='ocrx_word' id='word_1_523' title='bbox 2617 785 2871 841; x_wconf 88' lang='lat' dir='ltr'><strong><em>Lanarius</em></strong></span> <span class='ocrx_word' id='word_1_524' title='bbox 2890 829 2905 853; x_wconf 95' lang='lat'><strong><em>,</em></strong></span> <span class='ocrx_word' id='word_1_525' title='bbox 2937 804 3049 858; x_wconf 74' lang='lat' dir='ltr'><strong><em>qua:</em></strong></span> <span class='ocrx_word' id='word_1_526' title='bbox 3086 789 3154 841; x_wconf 88' lang='lat' dir='ltr'><strong><em>ad</em></strong></span> <span class='ocrx_word' id='word_1_527' title='bbox 3180 789 3406 858; x_wconf 78' lang='lat' dir='ltr'><strong><em>Africam</em></strong></span> <span class='ocrx_word' id='word_1_528' title='bbox 3435 806 3631 859; x_wconf 85' lang='lat' dir='ltr'><strong><em>quoque</em></strong></span> <span class='ocrx_word' id='word_1_529' title='bbox 3667 793 3842 846; x_wconf 85' lang='lat' dir='ltr'><strong><em>studio</em></strong></span> 
     </span>
    </p>
   </div>
   <div class='ocr_carea' id='block_1_69' title="bbox 2255 875 3837 952">
    <p class='ocr_par' dir='ltr' id='par_1_69' title="bbox 2255 875 3837 952">
     <span class='ocr_line' id='line_1_69' title="bbox 2255 875 3837 952; baseline 0.005 -24"><span class='ocrx_word' id='word_1_530' title='bbox 2255 875 2365 944; x_wconf 81' lang='lat' dir='ltr'><strong><em>ejus</em></strong></span> <span class='ocrx_word' id='word_1_531' title='bbox 2390 875 2544 929; x_wconf 84' lang='lat' dir='ltr'><strong><em>didici</em></strong></span> <span class='ocrx_word' id='word_1_532' title='bbox 2566 879 2848 946; x_wconf 87' lang='lat' dir='ltr'><strong><em>pervenisse</em></strong></span> <span class='ocrx_word' id='word_1_533' title='bbox 2873 895 2892 934; x_wconf 91' lang='lat'><strong><em>:</em></strong></span> <span class='ocrx_word' id='word_1_534' title='bbox 2912 889 3058 946; x_wconf 89' lang='lat' dir='ltr'><strong><em>atque</em></strong></span> <span class='ocrx_word' id='word_1_535' title='bbox 3082 881 3296 933; x_wconf 84' lang='lat' dir='ltr'><strong><em>breviter</em></strong></span> <span class='ocrx_word' id='word_1_536' title='bbox 3317 897 3381 934; x_wconf 81' lang='lat' dir='ltr'><strong><em>ea:</em></strong></span> <span class='ocrx_word' id='word_1_537' title='bbox 3407 892 3550 949; x_wconf 89' lang='lat' dir='ltr'><strong><em>parte</em></strong></span> <span class='ocrx_word' id='word_1_538' title='bbox 3573 884 3837 952; x_wconf 86' lang='lat' dir='ltr'><strong><em>respondi,</em></strong></span> 
     </span>
    </p>
   </div>
   <div class='ocr_carea' id='block_1_70' title="bbox 2255 964 3839 1043">
    <p class='ocr_par' dir='ltr' id='par_1_70' title="bbox 2255 964 3839 1043">
     <span class='ocr_line' id='line_1_70' title="bbox 2255 964 3839 1043; baseline 0.006 -25"><span class='ocrx_word' id='word_1_539' title='bbox 2255 973 2301 1018; x_wconf 91' lang='lat' dir='ltr'><strong><em>et</em></strong></span> <span class='ocrx_word' id='word_1_540' title='bbox 2328 964 2487 1022; x_wconf 89' lang='lat' dir='ltr'><strong><em>libelli</em></strong></span> <span class='ocrx_word' id='word_1_541' title='bbox 2508 967 2618 1037; x_wconf 83' lang='lat' dir='ltr'><strong><em>ejus</em></strong></span> <span class='ocrx_word' id='word_1_542' title='bbox 2640 968 2778 1022; x_wconf 90' lang='lat' dir='ltr'><strong><em>vobis</em></strong></span> <span class='ocrx_word' id='word_1_543' title='bbox 2799 970 2914 1022; x_wconf 88' lang='lat' dir='ltr'><strong><em>misi</em></strong></span> <span class='ocrx_word' id='word_1_544' title='bbox 2933 971 3263 1038; x_wconf 74' lang='lat' dir='ltr'><strong><em>exemplaria,</em></strong></span> <span class='ocrx_word' id='word_1_545' title='bbox 3284 970 3434 1024; x_wconf 87' lang='lat' dir='ltr'><strong><em>latius</em></strong></span> <span class='ocrx_word' id='word_1_546' title='bbox 3453 988 3582 1042; x_wconf 80' lang='lat' dir='ltr'><strong><em>opus</em></strong></span> <span class='ocrx_word' id='word_1_547' title='bbox 3606 973 3839 1043; x_wconf 86' lang='lat' dir='ltr'><strong><em>(priores</em></strong></span> 
     </span>
    </p>
   </div>
   <div class='ocr_carea' id='block_1_71' title="bbox 2256 1057 3838 1131">
    <p class='ocr_par' dir='ltr' id='par_1_71' title="bbox 2256 1057 3838 1131">
     <span class='ocr_line' id='line_1_71' title="bbox 2256 1057 3838 1131; baseline 0.005 -21"><span class='ocrx_word' id='word_1_548' title='bbox 2256 1071 2448 1127; x_wconf 89' lang='lat' dir='ltr'><strong><em>nempe</em></strong></span> <span class='ocrx_word' id='word_1_549' title='bbox 2474 1057 2608 1113; x_wconf 92' lang='lat' dir='ltr'><strong><em>duos</em></strong></span> <span class='ocrx_word' id='word_1_550' title='bbox 2635 1060 2909 1130; x_wconf 74' lang='lat' dir='ltr'><strong><em>Apologia:</em></strong></span> <span class='ocrx_word' id='word_1_551' title='bbox 2947 1075 3058 1115; x_wconf 80' lang='lat' dir='ltr'><strong><em>sua:</em></strong></span> <span class='ocrx_word' id='word_1_552' title='bbox 3090 1063 3277 1125; x_wconf 89' lang='lat' dir='ltr'><strong><em>libros)</em></strong></span> <span class='ocrx_word' id='word_1_553' title='bbox 3307 1079 3461 1131; x_wconf 87' lang='lat' dir='ltr'><strong><em>quum</em></strong></span> <span class='ocrx_word' id='word_1_554' title='bbox 3491 1076 3838 1129; x_wconf 79' lang='lat' dir='ltr'><strong><em>opportunum</em></strong></span> 
     </span>
    </p>
   </div>
   <div class='ocr_carea' id='block_1_72' title="bbox 2255 1149 3840 1228">
    <p class='ocr_par' dir='ltr' id='par_1_72' title="bbox 2255 1149 3840 1228">
     <span class='ocr_line' id='line_1_72' title="bbox 2255 1149 3840 1228; baseline 0.008 -29"><span class='ocrx_word' id='word_1_555' title='bbox 2255 1149 2448 1217; x_wconf 78' lang='lat' dir='ltr'><strong><em>fuerit,</em></strong></span> <span class='ocrx_word' id='word_1_556' title='bbox 2476 1150 2640 1228; x_wconf 85' lang='lat' dir='ltr'><strong><em>primo</em></strong></span> <span class='ocrx_word' id='word_1_557' title='bbox 2668 1153 2917 1206; x_wconf 86' lang='lat' dir='ltr'><strong><em>missurus</em></strong></span> <span class='ocrx_word' id='word_1_558' title='bbox 2944 1164 3167 1223; x_wconf 87' lang='lat' dir='ltr'><strong><em>tempore</em></strong></span> <span class='ocrx_word' id='word_1_559' title='bbox 3193 1170 3212 1207; x_wconf 92' lang='lat'><strong><em>:</em></strong></span> <span class='ocrx_word' id='word_1_560' title='bbox 3232 1155 3285 1207; x_wconf 89' lang='lat' dir='ltr'><strong><em>in</em></strong></span> <span class='ocrx_word' id='word_1_561' title='bbox 3325 1172 3424 1224; x_wconf 81' lang='lat' dir='ltr'><strong><em>quo</em></strong></span> <span class='ocrx_word' id='word_1_562' title='bbox 3449 1157 3578 1209; x_wconf 87' lang='lat' dir='ltr'><strong><em>illud</em></strong></span> <span class='ocrx_word' id='word_1_563' title='bbox 3603 1158 3713 1210; x_wconf 84' lang='lat' dir='ltr'><strong><em>cavi</em></strong></span> <span class='ocrx_word' id='word_1_564' title='bbox 3729 1200 3744 1224; x_wconf 92' lang='lat'><strong><em>,</em></strong></span> <span class='ocrx_word' id='word_1_565' title='bbox 3775 1175 3840 1211; x_wconf 81' lang='lat' dir='ltr'><strong><em>ne</em></strong></span> 
     </span>
    </p>
   </div>
   <div class='ocr_carea' id='block_1_73' title="bbox 2255 1239 3838 1309">
    <p class='ocr_par' dir='ltr' id='par_1_73' title="bbox 2255 1239 3838 1309">
     <span class='ocr_line' id='line_1_73' title="bbox 2255 1239 3838 1309; baseline 0.006 -17"><span class='ocrx_word' id='word_1_566' title='bbox 2255 1239 2676 1294; x_wconf 73' lang='lat' dir='ltr'><strong><em>existimationem</em></strong></span> <span class='ocrx_word' id='word_1_567' title='bbox 2717 1243 2951 1296; x_wconf 66' lang='lat' dir='ltr'><strong><em>(cederem</em></strong></span> <span class='ocrx_word' id='word_1_568' title='bbox 2991 1243 3370 1309; x_wconf 82' lang='lat' dir='ltr'><strong><em>Christianam,</em></strong></span> <span class='ocrx_word' id='word_1_569' title='bbox 3403 1246 3494 1300; x_wconf 91' lang='lat' dir='ltr'><strong><em>sed</em></strong></span> <span class='ocrx_word' id='word_1_570' title='bbox 3539 1257 3735 1300; x_wconf 79' lang='lat' dir='ltr'><strong><em>tantum</em></strong></span> <span class='ocrx_word' id='word_1_571' title='bbox 3779 1257 3838 1301; x_wconf 82' lang='lat' dir='ltr'><strong><em>ut</em></strong></span> 
     </span>
    </p>
   </div>
   <div class='ocr_carea' id='block_1_74' title="bbox 2256 1329 3836 1407">
    <p class='ocr_par' dir='ltr' id='par_1_74' title="bbox 2256 1329 3836 1407">
     <span class='ocr_line' id='line_1_74' title="bbox 2256 1329 3836 1407; baseline 0.006 -25"><span class='ocrx_word' id='word_1_572' title='bbox 2256 1329 2519 1384; x_wconf 85' lang='lat' dir='ltr'><strong><em>delirantis</em></strong></span> <span class='ocrx_word' id='word_1_573' title='bbox 2547 1331 2862 1402; x_wconf 76' lang='lat' dir='ltr'><strong><em>imperitique</em></strong></span> <span class='ocrx_word' id='word_1_574' title='bbox 2904 1336 3221 1388; x_wconf 86' lang='lat' dir='ltr'><strong><em>mendacium</em></strong></span> <span class='ocrx_word' id='word_1_575' title='bbox 3261 1353 3321 1389; x_wconf 88' lang='lat' dir='ltr'><strong><em>ac</em></strong></span> <span class='ocrx_word' id='word_1_576' title='bbox 3347 1338 3630 1391; x_wconf 86' lang='lat' dir='ltr'><strong><em>vecordiam</em></strong></span> <span class='ocrx_word' id='word_1_577' title='bbox 3654 1339 3836 1407; x_wconf 78' lang='lat' dir='ltr'><strong><em>confu-</em></strong></span> 
     </span>
    </p>
   </div>
   <div class='ocr_carea' id='block_1_75' title="bbox 2257 1420 3836 1498">
    <p class='ocr_par' dir='ltr' id='par_1_75' title="bbox 2257 1420 3836 1498">
     <span class='ocr_line' id='line_1_75' title="bbox 2257 1420 3836 1498; baseline 0.008 -27"><span class='ocrx_word' id='word_1_578' title='bbox 2257 1428 2436 1473; x_wconf 85' lang='lat' dir='ltr'><strong><em>tarem.</em></strong></span> <span class='ocrx_word' id='word_1_579' title='bbox 2467 1420 2572 1474; x_wconf 83' lang='lat' dir='ltr'><strong><em>Sed</em></strong></span> <span class='ocrx_word' id='word_1_580' title='bbox 2604 1431 2658 1475; x_wconf 89' lang='lat' dir='ltr'><strong><em>et</em></strong></span> <span class='ocrx_word' id='word_1_581' title='bbox 2683 1423 2800 1475; x_wconf 75' lang='lat' dir='ltr'><strong><em>alia:</em></strong></span> <span class='ocrx_word' id='word_1_582' title='bbox 2831 1434 2953 1477; x_wconf 88' lang='lat' dir='ltr'><strong><em>sunt</em></strong></span> <span class='ocrx_word' id='word_1_583' title='bbox 2985 1423 3051 1478; x_wconf 90' lang='lat' dir='ltr'><strong><em>ad</em></strong></span> <span class='ocrx_word' id='word_1_584' title='bbox 3083 1427 3456 1495; x_wconf 78' lang='lat' dir='ltr'><strong><em>Augustinum,</em></strong></span> <span class='ocrx_word' id='word_1_585' title='bbox 3491 1438 3652 1498; x_wconf 90' lang='lat' dir='ltr'><strong><em>atque</em></strong></span> <span class='ocrx_word' id='word_1_586' title='bbox 3679 1429 3836 1498; x_wconf 89' lang='lat' dir='ltr'><strong><em>hujus</em></strong></span> 
     </span>
    </p>
   </div>
   <div class='ocr_carea' id='block_1_76' title="bbox 2254 1508 3836 1588">
    <p class='ocr_par' dir='ltr' id='par_1_76' title="bbox 2254 1508 3836 1588">
     <span class='ocr_line' id='line_1_76' title="bbox 2254 1508 3836 1588; baseline 0.006 -22"><span class='ocrx_word' id='word_1_587' title='bbox 2254 1508 2320 1566; x_wconf 86' lang='lat' dir='ltr'><strong><em>ad</em></strong></span> <span class='ocrx_word' id='word_1_588' title='bbox 2354 1509 2735 1582; x_wconf 82' lang='lat' dir='ltr'><strong><em>Hieronymum</em></strong></span> <span class='ocrx_word' id='word_1_589' title='bbox 2765 1512 3020 1581; x_wconf 62' lang='lat' dir='ltr'><strong><em>Epistolas</em></strong></span> <span class='ocrx_word' id='word_1_590' title='bbox 3043 1514 3258 1570; x_wconf 89' lang='lat' dir='ltr'><strong><em>hocmet</em></strong></span> <span class='ocrx_word' id='word_1_591' title='bbox 3276 1531 3418 1570; x_wconf 77' lang='lat' dir='ltr'><strong><em>amio</em></strong></span> <span class='ocrx_word' id='word_1_592' title='bbox 3441 1519 3676 1586; x_wconf 63' lang='lat' dir='ltr'><strong><em>scriptas,</em></strong></span> <span class='ocrx_word' id='word_1_593' title='bbox 3703 1533 3836 1588; x_wconf 84' lang='lat' dir='ltr'><strong><em>quas</em></strong></span> 
     </span>
    </p>
   </div>
   <div class='ocr_carea' id='block_1_77' title="bbox 2259 1603 3836 1680">
    <p class='ocr_par' dir='ltr' id='par_1_77' title="bbox 2259 1603 3836 1680">
     <span class='ocr_line' id='line_1_77' title="bbox 2259 1603 3836 1680; baseline 0.009 -28"><span class='ocrx_word' id='word_1_594' title='bbox 2259 1608 2433 1654; x_wconf 89' lang='lat' dir='ltr'><strong><em>tamen</em></strong></span> <span class='ocrx_word' id='word_1_595' title='bbox 2453 1603 2801 1673; x_wconf 85' lang='lat' dir='ltr'><strong><em>subsequenti</em></strong></span> <span class='ocrx_word' id='word_1_596' title='bbox 2823 1607 3070 1674; x_wconf 81' lang='lat' dir='ltr'><strong><em>proxime</em></strong></span> <span class='ocrx_word' id='word_1_597' title='bbox 3086 1606 3350 1676; x_wconf 81' lang='lat' dir='ltr'><strong><em>Capitnlo,</em></strong></span> <span class='ocrx_word' id='word_1_598' title='bbox 3371 1607 3436 1662; x_wconf 82' lang='lat' dir='ltr'><strong><em>ad</em></strong></span> <span class='ocrx_word' id='word_1_599' title='bbox 3453 1608 3606 1678; x_wconf 89' lang='lat' dir='ltr'><strong><em>cujus</em></strong></span> <span class='ocrx_word' id='word_1_600' title='bbox 3623 1612 3836 1680; x_wconf 85' lang='lat' dir='ltr'><strong><em>preprie</em></strong></span> 
     </span>
    </p>
   </div>
   <div class='ocr_carea' id='block_1_78' title="bbox 2255 1694 3832 1763">
    <p class='ocr_par' dir='ltr' id='par_1_78' title="bbox 2255 1694 3832 1763">
     <span class='ocr_line' id='line_1_78' title="bbox 2255 1694 3832 1763; baseline 0.008 -20"><span class='ocrx_word' id='word_1_601' title='bbox 2255 1700 2566 1750; x_wconf 82' lang='lat' dir='ltr'><strong><em>contextum</em></strong></span> <span class='ocrx_word' id='word_1_602' title='bbox 2619 1694 2926 1763; x_wconf 81' lang='lat' dir='ltr'><strong><em>pertinent,</em></strong></span> <span class='ocrx_word' id='word_1_603' title='bbox 2977 1697 3398 1752; x_wconf 84' lang='lat' dir='ltr'><strong><em>recensebimus.</em></strong></span> <span class='ocrx_word' id='word_1_604' title='bbox 3449 1698 3616 1753; x_wconf 85' lang='lat' dir='ltr'><strong><em>Porro</em></strong></span> <span class='ocrx_word' id='word_1_605' title='bbox 3657 1709 3832 1755; x_wconf 87' lang='lat' dir='ltr'><strong><em>autem</em></strong></span> 
     </span>
    </p>
   </div>
   <div class='ocr_carea' id='block_1_79' title="bbox 2257 1781 3833 1858">
    <p class='ocr_par' dir='ltr' id='par_1_79' title="bbox 2257 1781 3833 1858">
     <span class='ocr_line' id='line_1_79' title="bbox 2257 1781 3833 1858; baseline 0.006 -22"><span class='ocrx_word' id='word_1_606' title='bbox 2257 1781 2360 1837; x_wconf 88' lang='lat' dir='ltr'><strong><em>alia</em></strong></span> <span class='ocrx_word' id='word_1_607' title='bbox 2387 1793 2489 1850; x_wconf 89' lang='lat' dir='ltr'><strong><em>est,</em></strong></span> <span class='ocrx_word' id='word_1_608' title='bbox 2521 1800 2641 1854; x_wconf 73' lang='lat' dir='ltr'><strong><em>qua:</em></strong></span> <span class='ocrx_word' id='word_1_609' title='bbox 2665 1797 2984 1855; x_wconf 78' lang='lat' dir='ltr'><strong><em>argumento</em></strong></span> <span class='ocrx_word' id='word_1_610' title='bbox 3004 1803 3068 1844; x_wconf 82' lang='lat' dir='ltr'><strong><em>ex</em></strong></span> <span class='ocrx_word' id='word_1_611' title='bbox 3093 1789 3210 1858; x_wconf 86' lang='lat' dir='ltr'><strong><em>ejus</em></strong></span> <span class='ocrx_word' id='word_1_612' title='bbox 3230 1789 3592 1844; x_wconf 86' lang='lat' dir='ltr'><strong><em>contentionis</em></strong></span> <span class='ocrx_word' id='word_1_613' title='bbox 3612 1789 3833 1847; x_wconf 83' lang='lat' dir='ltr'><strong><em>historia</em></strong></span> 
     </span>
    </p>
   </div>
   <div class='ocr_carea' id='block_1_80' title="bbox 2256 1873 3834 1951">
    <p class='ocr_par' dir='ltr' id='par_1_80' title="bbox 2256 1873 3834 1951">
     <span class='ocr_line' id='line_1_80' title="bbox 2256 1873 3834 1951; baseline 0.006 -23"><span class='ocrx_word' id='word_1_614' title='bbox 2256 1873 2458 1940; x_wconf 88' lang='lat' dir='ltr'><strong><em>ducto,</em></strong></span> <span class='ocrx_word' id='word_1_615' title='bbox 2499 1890 2595 1945; x_wconf 88' lang='lat' dir='ltr'><strong><em>per</em></strong></span> <span class='ocrx_word' id='word_1_616' title='bbox 2630 1875 2682 1931; x_wconf 93' lang='lat' dir='ltr'><strong><em>id</em></strong></span> <span class='ocrx_word' id='word_1_617' title='bbox 2729 1879 3017 1949; x_wconf 90' lang='lat' dir='ltr'><strong><em>temporis,</em></strong></span> <span class='ocrx_word' id='word_1_618' title='bbox 3054 1881 3168 1935; x_wconf 83' lang='lat' dir='ltr'><strong><em>sive</em></strong></span> <span class='ocrx_word' id='word_1_619' title='bbox 3216 1879 3319 1934; x_wconf 90' lang='lat' dir='ltr'><strong><em>isto</em></strong></span> <span class='ocrx_word' id='word_1_620' title='bbox 3360 1890 3450 1934; x_wconf 92' lang='lat' dir='ltr'><strong><em>aut</em></strong></span> <span class='ocrx_word' id='word_1_621' title='bbox 3491 1881 3834 1951; x_wconf 87' lang='lat' dir='ltr'><strong><em>subsequenti</em></strong></span> 
     </span>
    </p>
   </div>
   <div class='ocr_carea' id='block_1_81' title="bbox 2259 1966 3836 2040">
    <p class='ocr_par' dir='ltr' id='par_1_81' title="bbox 2259 1966 3836 2040">
     <span class='ocr_line' id='line_1_81' title="bbox 2259 1966 3836 2040; baseline 0.006 -21"><span class='ocrx_word' id='word_1_622' title='bbox 2259 1966 2500 2034; x_wconf 79' lang='lat' dir='ltr'><strong><em>proxime</em></strong></span> <span class='ocrx_word' id='word_1_623' title='bbox 2543 1981 2685 2023; x_wconf 87' lang='lat' dir='ltr'><strong><em>anno</em></strong></span> <span class='ocrx_word' id='word_1_624' title='bbox 2727 1970 2928 2038; x_wconf 86' lang='lat' dir='ltr'><strong><em>scripta</em></strong></span> <span class='ocrx_word' id='word_1_625' title='bbox 2977 1971 3216 2040; x_wconf 87' lang='lat' dir='ltr'><strong><em>Epistola</em></strong></span> <span class='ocrx_word' id='word_1_626' title='bbox 3266 1971 3540 2038; x_wconf 86' lang='lat' dir='ltr'><strong><em>videatur,</em></strong></span> <span class='ocrx_word' id='word_1_627' title='bbox 3571 1983 3663 2026; x_wconf 84' lang='lat' dir='ltr'><strong><em>aut</em></strong></span> <span class='ocrx_word' id='word_1_628' title='bbox 3689 1983 3836 2028; x_wconf 87' lang='lat' dir='ltr'><strong><em>certe</em></strong></span> 
     </span>
    </p>
   </div>
   <div class='ocr_carea' id='block_1_82' title="bbox 2258 2058 3838 2126">
    <p class='ocr_par' dir='ltr' id='par_1_82' title="bbox 2258 2058 3838 2126">
     <span class='ocr_line' id='line_1_82' title="bbox 2258 2058 3838 2126; baseline 0.005 -16"><span class='ocrx_word' id='word_1_629' title='bbox 2258 2070 2379 2110; x_wconf 90' lang='lat' dir='ltr'><strong><em>eum</em></strong></span> <span class='ocrx_word' id='word_1_630' title='bbox 2426 2058 2696 2114; x_wconf 88' lang='lat' dir='ltr'><strong><em>chronicis</em></strong></span> <span class='ocrx_word' id='word_1_631' title='bbox 2736 2061 3057 2116; x_wconf 88' lang='lat' dir='ltr'><strong><em>certioribus</em></strong></span> <span class='ocrx_word' id='word_1_632' title='bbox 3102 2061 3243 2116; x_wconf 88' lang='lat' dir='ltr'><strong><em>notis</em></strong></span> <span class='ocrx_word' id='word_1_633' title='bbox 3280 2073 3492 2126; x_wconf 87' lang='lat' dir='ltr'><strong><em>careat,</em></strong></span> <span class='ocrx_word' id='word_1_634' title='bbox 3519 2061 3704 2118; x_wconf 84' lang='lat' dir='ltr'><strong><em>referri</em></strong></span> <span class='ocrx_word' id='word_1_635' title='bbox 3731 2062 3838 2118; x_wconf 90' lang='lat' dir='ltr'><strong><em>huc</em></strong></span> 
     </span>
    </p>
   </div>
   <div class='ocr_carea' id='block_1_83' title="bbox 2261 2139 3946 2222">
    <p class='ocr_par' dir='ltr' id='par_1_83' title="bbox 2261 2139 3946 2222">
     <span class='ocr_line' id='line_1_83' title="bbox 2261 2139 3946 2222; baseline 0.005 -23"><span class='ocrx_word' id='word_1_636' title='bbox 2261 2161 2365 2201; x_wconf 92' lang='lat' dir='ltr'><strong><em>non</em></strong></span> <span class='ocrx_word' id='word_1_637' title='bbox 2413 2147 2739 2220; x_wconf 77' lang='lat' dir='ltr'><strong><em>incongrue,</em></strong></span> <span class='ocrx_word' id='word_1_638' title='bbox 2784 2152 2926 2206; x_wconf 89' lang='lat' dir='ltr'><strong><em>serie</em></strong></span> <span class='ocrx_word' id='word_1_639' title='bbox 2966 2167 3146 2206; x_wconf 91' lang='lat' dir='ltr'><strong><em>rerum</em></strong></span> <span class='ocrx_word' id='word_1_640' title='bbox 3187 2152 3600 2217; x_wconf 87' lang='lat' dir='ltr'><strong><em>consentiente,</em></strong></span> <span class='ocrx_word' id='word_1_641' title='bbox 3643 2153 3832 2222; x_wconf 84' lang='lat' dir='ltr'><strong><em>possit.</em></strong></span> <span class='ocrx_word' id='word_1_642' title='bbox 3939 2139 3946 2146; x_wconf 67' lang='grc'><em>’</em></span> 
     </span>
    </p>
   </div>
   <div class='ocr_carea' id='block_1_84' title="bbox 2261 2237 3838 2314">
    <p class='ocr_par' dir='ltr' id='par_1_84' title="bbox 2261 2237 3838 2314">
     <span class='ocr_line' id='line_1_84' title="bbox 2261 2237 3838 2314; baseline 0 -17"><span class='ocrx_word' id='word_1_643' title='bbox 2261 2237 2471 2297; x_wconf 76' lang='lat' dir='ltr'><strong><em>Eximia</em></strong></span> <span class='ocrx_word' id='word_1_644' title='bbox 2509 2254 2570 2294; x_wconf 89' lang='lat' dir='ltr'><strong><em>ea</em></strong></span> <span class='ocrx_word' id='word_1_645' title='bbox 2601 2248 2696 2296; x_wconf 78' lang='lat' dir='ltr'><strong><em>est</em></strong></span> <span class='ocrx_word' id='word_1_646' title='bbox 2727 2241 2866 2297; x_wconf 84' lang='lat' dir='ltr'><strong><em>inter</em></strong></span> <span class='ocrx_word' id='word_1_647' title='bbox 2896 2256 3084 2300; x_wconf 88' lang='lat' dir='ltr'><strong><em>omnes</em></strong></span> <span class='ocrx_word' id='word_1_648' title='bbox 3107 2242 3300 2296; x_wconf 79' lang='lat' dir='ltr'><strong><em>divina:</em></strong></span> <span class='ocrx_word' id='word_1_649' title='bbox 3327 2242 3614 2312; x_wconf 76' lang='lat' dir='ltr'><strong><em>Scriptura:</em></strong></span> <span class='ocrx_word' id='word_1_650' title='bbox 3643 2257 3838 2314; x_wconf 76' lang='lat' dir='ltr'><strong><em>exege-</em></strong></span> 
     </span>
    </p>
   </div>
   <div class='ocr_carea' id='block_1_85' title="bbox 2261 2327 3839 2398">
    <p class='ocr_par' dir='ltr' id='par_1_85' title="bbox 2261 2327 3839 2398">
     <span class='ocr_line' id='line_1_85' title="bbox 2261 2327 3839 2398; baseline 0.004 -18"><span class='ocrx_word' id='word_1_651' title='bbox 2261 2327 2393 2390; x_wconf 81' lang='lat' dir='ltr'><strong><em>ticas</em></strong></span> <span class='ocrx_word' id='word_1_652' title='bbox 2417 2329 2484 2382; x_wconf 89' lang='lat' dir='ltr'><strong><em>ad</em></strong></span> <span class='ocrx_word' id='word_1_653' title='bbox 2509 2328 2763 2391; x_wconf 87' lang='lat' dir='ltr'><strong><em>Sunniam</em></strong></span> <span class='ocrx_word' id='word_1_654' title='bbox 2795 2341 2849 2385; x_wconf 91' lang='lat' dir='ltr'><strong><em>et</em></strong></span> <span class='ocrx_word' id='word_1_655' title='bbox 2878 2331 3162 2388; x_wconf 85' lang='lat' dir='ltr'><strong><em>Fretellam</em></strong></span> <span class='ocrx_word' id='word_1_656' title='bbox 3182 2373 3197 2396; x_wconf 91' lang='lat'><strong><em>,</em></strong></span> <span class='ocrx_word' id='word_1_657' title='bbox 3231 2331 3375 2386; x_wconf 90' lang='lat' dir='ltr'><strong><em>viros</em></strong></span> <span class='ocrx_word' id='word_1_658' title='bbox 3403 2347 3434 2386; x_wconf 89' lang='lat' dir='ltr'><strong><em>e</em></strong></span> <span class='ocrx_word' id='word_1_659' title='bbox 3458 2332 3712 2387; x_wconf 85' lang='lat' dir='ltr'><strong><em>Getarum</em></strong></span> <span class='ocrx_word' id='word_1_660' title='bbox 3731 2371 3748 2398; x_wconf 94' lang='lat'><strong><em>,</em></strong></span> <span class='ocrx_word' id='word_1_661' title='bbox 3780 2342 3839 2387; x_wconf 81' lang='lat' dir='ltr'><strong><em>ut</em></strong></span> 
     </span>
    </p>
   </div>
   <div class='ocr_carea' id='block_1_86' title="bbox 2261 2419 3839 2513">
    <p class='ocr_par' dir='ltr' id='par_1_86' title="bbox 2261 2419 3839 2513">
     <span class='ocr_line' id='line_1_86' title="bbox 2261 2419 3839 2513; baseline 0.004 -41"><span class='ocrx_word' id='word_1_662' title='bbox 2261 2419 2478 2485; x_wconf 86' lang='lat' dir='ltr'><strong><em>volunt,</em></strong></span> <span class='ocrx_word' id='word_1_663' title='bbox 2508 2435 2706 2513; x_wconf 42' lang='lat' dir='ltr'><strong><em>qenere</em></strong></span> <span class='ocrx_word' id='word_1_664' title='bbox 2735 2436 2902 2476; x_wconf 78' lang='lat' dir='ltr'><strong><em>sacra:</em></strong></span> <span class='ocrx_word' id='word_1_665' title='bbox 2930 2422 3248 2478; x_wconf 90' lang='lat' dir='ltr'><strong><em>eruditionis</em></strong></span> <span class='ocrx_word' id='word_1_666' title='bbox 3273 2423 3613 2492; x_wconf 86' lang='lat' dir='ltr'><strong><em>percupidos,</em></strong></span> <span class='ocrx_word' id='word_1_667' title='bbox 3640 2439 3742 2492; x_wconf 88' lang='lat' dir='ltr'><strong><em>qua</em></strong></span> <span class='ocrx_word' id='word_1_668' title='bbox 3771 2423 3839 2479; x_wconf 85' lang='lat' dir='ltr'><strong><em>ad</em></strong></span> 
     </span>
    </p>
   </div>
   <div class='ocr_carea' id='block_1_87' title="bbox 2261 2509 3840 2584">
    <p class='ocr_par' dir='ltr' id='par_1_87' title="bbox 2261 2509 3840 2584">
     <span class='ocr_line' id='line_1_87' title="bbox 2261 2509 3840 2584; baseline 0.005 -21"><span class='ocrx_word' id='word_1_669' title='bbox 2261 2509 2497 2580; x_wconf 83' lang='lat' dir='ltr'><strong><em>singulas</em></strong></span> <span class='ocrx_word' id='word_1_670' title='bbox 2525 2509 2627 2567; x_wconf 63' lang='lat' dir='ltr'><strong><em>&#39;sibi</em></strong></span> <span class='ocrx_word' id='word_1_671' title='bbox 2679 2514 2980 2583; x_wconf 79' lang='lat' dir='ltr'><strong><em>propositas</em></strong></span> <span class='ocrx_word' id='word_1_672' title='bbox 3019 2529 3083 2569; x_wconf 81' lang='lat' dir='ltr'><strong><em>ex</em></strong></span> <span class='ocrx_word' id='word_1_673' title='bbox 3125 2513 3350 2569; x_wconf 86' lang='lat' dir='ltr'><strong><em>Psalmis</em></strong></span> <span class='ocrx_word' id='word_1_674' title='bbox 3389 2515 3713 2584; x_wconf 73' lang='lat' dir='ltr'><strong><em>qua-stiones</em></strong></span> <span class='ocrx_word' id='word_1_675' title='bbox 3749 2529 3840 2571; x_wconf 87' lang='lat' dir='ltr'><strong><em>re-</em></strong></span> 
     </span>
    </p>
   </div>
   <div class='ocr_carea' id='block_1_88' title="bbox 2261 2601 3844 2676">
    <p class='ocr_par' dir='ltr' id='par_1_88' title="bbox 2261 2601 3844 2676">
     <span class='ocr_line' id='line_1_88' title="bbox 2261 2601 3844 2676; baseline 0.005 -22"><span class='ocrx_word' id='word_1_676' title='bbox 2261 2601 2534 2670; x_wconf 86' lang='lat' dir='ltr'><strong><em>spondens</em></strong></span> <span class='ocrx_word' id='word_1_677' title='bbox 2575 2603 2932 2674; x_wconf 86' lang='lat' dir='ltr'><strong><em>Ilieronymus</em></strong></span> <span class='ocrx_word' id='word_1_678' title='bbox 2976 2605 3174 2673; x_wconf 89' lang='lat' dir='ltr'><strong><em>docet,</em></strong></span> <span class='ocrx_word' id='word_1_679' title='bbox 3216 2621 3465 2676; x_wconf 75' lang='lat' dir='ltr'><strong><em>quzenam</em></strong></span> <span class='ocrx_word' id='word_1_680' title='bbox 3485 2607 3556 2662; x_wconf 85' lang='lat' dir='ltr'><strong><em>sit</em></strong></span> <span class='ocrx_word' id='word_1_681' title='bbox 3585 2607 3725 2662; x_wconf 89' lang='lat' dir='ltr'><strong><em>inter</em></strong></span> <span class='ocrx_word' id='word_1_682' title='bbox 3749 2623 3844 2662; x_wconf 82' lang='lat' dir='ltr'><strong><em>va-</em></strong></span> 
     </span>
    </p>
   </div>
   <div class='ocr_carea' id='block_1_89' title="bbox 2262 2694 3844 2773">
    <p class='ocr_par' dir='ltr' id='par_1_89' title="bbox 2262 2694 3844 2773">
     <span class='ocr_line' id='line_1_89' title="bbox 2262 2694 3844 2773; baseline 0.005 -23"><span class='ocrx_word' id='word_1_683' title='bbox 2262 2694 2460 2750; x_wconf 89' lang='lat' dir='ltr'><strong><em>riantes</em></strong></span> <span class='ocrx_word' id='word_1_684' title='bbox 2481 2695 2740 2751; x_wconf 89' lang='lat' dir='ltr'><strong><em>lectiones</em></strong></span> <span class='ocrx_word' id='word_1_685' title='bbox 2760 2696 2976 2753; x_wconf 65' lang='lat' dir='ltr'><strong><em>Graecas</em></strong></span> <span class='ocrx_word' id='word_1_686' title='bbox 2998 2708 3159 2769; x_wconf 88' lang='lat' dir='ltr'><strong><em>atque</em></strong></span> <span class='ocrx_word' id='word_1_687' title='bbox 3179 2699 3399 2756; x_wconf 82' lang='lat' dir='ltr'><strong><em>Latinas</em></strong></span> <span class='ocrx_word' id='word_1_688' title='bbox 3419 2702 3630 2756; x_wconf 63' lang='lat' dir='ltr'><strong><em>ceteris</em></strong></span> <span class='ocrx_word' id='word_1_689' title='bbox 3652 2702 3844 2773; x_wconf 70' lang='lat' dir='ltr'><strong><em>prtere-</em></strong></span> 
     </span>
    </p>
   </div>
   <div class='ocr_carea' id='block_1_90' title="bbox 2263 2785 3840 2860">
    <p class='ocr_par' dir='ltr' id='par_1_90' title="bbox 2263 2785 3840 2860">
     <span class='ocr_line' id='line_1_90' title="bbox 2263 2785 3840 2860; baseline 0.007 -20"><span class='ocrx_word' id='word_1_690' title='bbox 2263 2785 2448 2852; x_wconf 86' lang='lat' dir='ltr'><strong><em>renda,</em></strong></span> <span class='ocrx_word' id='word_1_691' title='bbox 2467 2803 2690 2858; x_wconf 68' lang='lat' dir='ltr'><strong><em>quaeque</em></strong></span> <span class='ocrx_word' id='word_1_692' title='bbox 2707 2789 2926 2860; x_wconf 89' lang='lat' dir='ltr'><strong><em>propius</em></strong></span> <span class='ocrx_word' id='word_1_693' title='bbox 2947 2790 3014 2845; x_wconf 90' lang='lat' dir='ltr'><strong><em>ad</em></strong></span> <span class='ocrx_word' id='word_1_694' title='bbox 3038 2790 3354 2847; x_wconf 86' lang='lat' dir='ltr'><strong><em>Hebraicum</em></strong></span> <span class='ocrx_word' id='word_1_695' title='bbox 3378 2791 3580 2850; x_wconf 87' lang='lat' dir='ltr'><strong><em>fontem</em></strong></span> <span class='ocrx_word' id='word_1_696' title='bbox 3601 2795 3840 2850; x_wconf 87' lang='lat' dir='ltr'><strong><em>accedat.</em></strong></span> 
     </span>
    </p>
   </div>
   <div class='ocr_carea' id='block_1_91' title="bbox 2266 2878 3840 2954">
    <p class='ocr_par' dir='ltr' id='par_1_91' title="bbox 2266 2878 3840 2954">
     <span class='ocr_line' id='line_1_91' title="bbox 2266 2878 3840 2954; baseline 0.006 -22"><span class='ocrx_word' id='word_1_697' title='bbox 2266 2878 2755 2936; x_wconf 89' lang='lat' dir='ltr'><strong><em>Animadvertimus</em></strong></span> <span class='ocrx_word' id='word_1_698' title='bbox 2781 2882 2834 2936; x_wconf 91' lang='lat' dir='ltr'><strong><em>in</em></strong></span> <span class='ocrx_word' id='word_1_699' title='bbox 2863 2882 3260 2954; x_wconf 75' lang='lat' dir='ltr'><strong><em>chronologicis</em></strong></span> <span class='ocrx_word' id='word_1_700' title='bbox 3287 2884 3354 2940; x_wconf 88' lang='lat' dir='ltr'><strong><em>ad</em></strong></span> <span class='ocrx_word' id='word_1_701' title='bbox 3384 2901 3501 2940; x_wconf 88' lang='lat' dir='ltr'><strong><em>eam</em></strong></span> <span class='ocrx_word' id='word_1_702' title='bbox 3527 2886 3702 2952; x_wconf 83' lang='lat' dir='ltr'><strong><em>Notis,</em></strong></span> <span class='ocrx_word' id='word_1_703' title='bbox 3737 2889 3840 2942; x_wconf 86' lang='lat' dir='ltr'><strong><em>mi-</em></strong></span> 
     </span>
    </p>
   </div>
   <div class='ocr_carea' id='block_1_92' title="bbox 2263 2971 3840 3048">
    <p class='ocr_par' dir='ltr' id='par_1_92' title="bbox 2263 2971 3840 3048">
     <span class='ocr_line' id='line_1_92' title="bbox 2263 2971 3840 3048; baseline 0.008 -24"><span class='ocrx_word' id='word_1_704' title='bbox 2263 2971 2406 3027; x_wconf 91' lang='lat' dir='ltr'><strong><em>nime</em></strong></span> <span class='ocrx_word' id='word_1_705' title='bbox 2433 2986 2551 3026; x_wconf 87' lang='lat' dir='ltr'><strong><em>eam</em></strong></span> <span class='ocrx_word' id='word_1_706' title='bbox 2573 2973 2745 3028; x_wconf 76' lang='lat' dir='ltr'><strong><em>videri</em></strong></span> <span class='ocrx_word' id='word_1_707' title='bbox 2791 2984 2916 3030; x_wconf 87' lang='lat' dir='ltr'><strong><em>ante</em></strong></span> <span class='ocrx_word' id='word_1_708' title='bbox 2955 2977 3334 3048; x_wconf 77' lang='lat' dir='ltr'><strong><em>Apologeticos</em></strong></span> <span class='ocrx_word' id='word_1_709' title='bbox 3353 2991 3542 3036; x_wconf 90' lang='lat' dir='ltr'><strong><em>contra</em></strong></span> <span class='ocrx_word' id='word_1_710' title='bbox 3571 2981 3840 3037; x_wconf 79' lang='lat' dir='ltr'><strong><em>Rufiinnm</em></strong></span> 
     </span>
    </p>
   </div>
   <div class='ocr_carea' id='block_1_93' title="bbox 2265 3063 3843 3145">
    <p class='ocr_par' dir='ltr' id='par_1_93' title="bbox 2265 3063 3843 3145">
     <span class='ocr_line' id='line_1_93' title="bbox 2265 3063 3843 3145; baseline 0.009 -29"><span class='ocrx_word' id='word_1_711' title='bbox 2265 3063 2429 3118; x_wconf 91' lang='lat' dir='ltr'><strong><em>libros</em></strong></span> <span class='ocrx_word' id='word_1_712' title='bbox 2451 3064 2840 3135; x_wconf 88' lang='lat' dir='ltr'><strong><em>elucubratam,</em></strong></span> <span class='ocrx_word' id='word_1_713' title='bbox 2869 3069 3132 3139; x_wconf 86' lang='lat' dir='ltr'><strong><em>siquidem</em></strong></span> <span class='ocrx_word' id='word_1_714' title='bbox 3155 3071 3427 3141; x_wconf 89' lang='lat' dir='ltr'><strong><em>objicienti</em></strong></span> <span class='ocrx_word' id='word_1_715' title='bbox 3455 3075 3668 3140; x_wconf 77' lang='lat' dir='ltr'><strong><em>temqu,</em></strong></span> <span class='ocrx_word' id='word_1_716' title='bbox 3699 3076 3843 3145; x_wconf 89' lang='lat' dir='ltr'><strong><em>quod</em></strong></span> 
     </span>
    </p>
   </div>
   <div class='ocr_carea' id='block_1_94' title="bbox 2265 3155 3845 3238">
    <p class='ocr_par' dir='ltr' id='par_1_94' title="bbox 2265 3155 3845 3238">
     <span class='ocr_line' id='line_1_94' title="bbox 2265 3155 3845 3238; baseline 0.009 -27"><span class='ocrx_word' id='word_1_717' title='bbox 2265 3155 2608 3228; x_wconf 72' lang='lat' dir='ltr'><strong><em>Septuaginta</em></strong></span> <span class='ocrx_word' id='word_1_718' title='bbox 2657 3159 2982 3230; x_wconf 90' lang='lat' dir='ltr'><strong><em>Interpretes</em></strong></span> <span class='ocrx_word' id='word_1_719' title='bbox 3025 3165 3353 3232; x_wconf 91' lang='lat' dir='ltr'><strong><em>contemptui</em></strong></span> <span class='ocrx_word' id='word_1_720' title='bbox 3398 3165 3656 3228; x_wconf 84' lang='lat' dir='ltr'><strong><em>haberet.</em></strong></span> <span class='ocrx_word' id='word_1_721' title='bbox 3683 3169 3845 3238; x_wconf 87' lang='lat' dir='ltr'><strong><em>inque</em></strong></span> 
     </span>
    </p>
   </div>
   <div class='ocr_carea' id='block_1_95' title="bbox 2263 3249 3846 3319">
    <p class='ocr_par' dir='ltr' id='par_1_95' title="bbox 2263 3249 3846 3319">
     <span class='ocr_line' id='line_1_95' title="bbox 2263 3249 3846 3319; baseline 0.012 -22"><span class='ocrx_word' id='word_1_722' title='bbox 2263 3262 2450 3300; x_wconf 86' lang='lat' dir='ltr'><strong><em>eorum</em></strong></span> <span class='ocrx_word' id='word_1_723' title='bbox 2477 3249 2906 3319; x_wconf 76' lang='lat' dir='ltr'><strong><em>suggillationem</em></strong></span> <span class='ocrx_word' id='word_1_724' title='bbox 2953 3268 3145 3308; x_wconf 84' lang='lat' dir='ltr'><strong><em>novam</em></strong></span> <span class='ocrx_word' id='word_1_725' title='bbox 3176 3270 3242 3310; x_wconf 81' lang='lat' dir='ltr'><strong><em>ex</em></strong></span> <span class='ocrx_word' id='word_1_726' title='bbox 3276 3255 3502 3311; x_wconf 79' lang='lat' dir='ltr'><strong><em>llebra-o</em></strong></span> <span class='ocrx_word' id='word_1_727' title='bbox 3535 3261 3846 3316; x_wconf 84' lang='lat' dir='ltr'><strong><em>translatio-</em></strong></span> 
     </span>
    </p>
   </div>
   <div class='ocr_carea' id='block_1_96' title="bbox 2267 3337 3844 3412">
    <p class='ocr_par' dir='ltr' id='par_1_96' title="bbox 2267 3337 3844 3412">
     <span class='ocr_line' id='line_1_96' title="bbox 2267 3337 3844 3412; baseline 0.011 -23"><span class='ocrx_word' id='word_1_728' title='bbox 2267 3351 2388 3398; x_wconf 89' lang='lat' dir='ltr'><strong><em>nem</em></strong></span> <span class='ocrx_word' id='word_1_729' title='bbox 2418 3337 2754 3405; x_wconf 88' lang='lat' dir='ltr'><strong><em>adornasset,</em></strong></span> <span class='ocrx_word' id='word_1_730' title='bbox 2780 3342 2915 3397; x_wconf 87' lang='lat' dir='ltr'><strong><em>hanc</em></strong></span> <span class='ocrx_word' id='word_1_731' title='bbox 2936 3344 3116 3412; x_wconf 89' lang='lat' dir='ltr'><strong><em>utique</em></strong></span> <span class='ocrx_word' id='word_1_732' title='bbox 3135 3343 3193 3400; x_wconf 88' lang='lat' dir='ltr'><strong><em>S.</em></strong></span> <span class='ocrx_word' id='word_1_733' title='bbox 3213 3345 3369 3400; x_wconf 85' lang='lat' dir='ltr'><strong><em>Pater</em></strong></span> <span class='ocrx_word' id='word_1_734' title='bbox 3389 3347 3844 3405; x_wconf 85' lang='lat' dir='ltr'><strong><em>elucubrationem</em></strong></span> 
     </span>
    </p>
   </div>
   <div class='ocr_carea' id='block_1_97' title="bbox 2265 3431 3848 3506">
    <p class='ocr_par' dir='ltr' id='par_1_97' title="bbox 2265 3431 3848 3506">
     <span class='ocr_line' id='line_1_97' title="bbox 2265 3431 3848 3506; baseline 0.009 -26"><span class='ocrx_word' id='word_1_735' title='bbox 2265 3441 2416 3483; x_wconf 86' lang='lat' dir='ltr'><strong><em>suam</em></strong></span> <span class='ocrx_word' id='word_1_736' title='bbox 2445 3431 2820 3497; x_wconf 85' lang='lat' dir='ltr'><strong><em>opposuisset,</em></strong></span> <span class='ocrx_word' id='word_1_737' title='bbox 2851 3432 2904 3486; x_wconf 93' lang='lat' dir='ltr'><strong><em>in</em></strong></span> <span class='ocrx_word' id='word_1_738' title='bbox 2935 3448 3038 3502; x_wconf 86' lang='lat' dir='ltr'><strong><em>qua</em></strong></span> <span class='ocrx_word' id='word_1_739' title='bbox 3080 3435 3218 3490; x_wconf 85' lang='lat' dir='ltr'><strong><em>bene</em></strong></span> <span class='ocrx_word' id='word_1_740' title='bbox 3247 3433 3574 3506; x_wconf 86' lang='lat' dir='ltr'><strong><em>Interpretes</em></strong></span> <span class='ocrx_word' id='word_1_741' title='bbox 3615 3439 3685 3493; x_wconf 90' lang='lat' dir='ltr'><strong><em>illi</em></strong></span> <span class='ocrx_word' id='word_1_742' title='bbox 3715 3455 3848 3495; x_wconf 85' lang='lat' dir='ltr'><strong><em>cou-</em></strong></span> 
     </span>
    </p>
   </div>
   <div class='ocr_carea' id='block_1_98' title="bbox 2266 3519 3843 3602">
    <p class='ocr_par' dir='ltr' id='par_1_98' title="bbox 2266 3519 3843 3602">
     <span class='ocr_line' id='line_1_98' title="bbox 2266 3519 3843 3602; baseline 0.01 -30"><span class='ocrx_word' id='word_1_743' title='bbox 2266 3519 2416 3573; x_wconf 88' lang='lat' dir='ltr'><strong><em>tinuo</em></strong></span> <span class='ocrx_word' id='word_1_744' title='bbox 2446 3519 2700 3585; x_wconf 91' lang='lat' dir='ltr'><strong><em>audiunt,</em></strong></span> <span class='ocrx_word' id='word_1_745' title='bbox 2748 3523 3086 3594; x_wconf 89' lang='lat' dir='ltr'><strong><em>potiusquam</em></strong></span> <span class='ocrx_word' id='word_1_746' title='bbox 3107 3567 3122 3592; x_wconf 91' lang='lat'><strong><em>,</em></strong></span> <span class='ocrx_word' id='word_1_747' title='bbox 3156 3525 3258 3582; x_wconf 91' lang='lat' dir='ltr'><strong><em>hoc</em></strong></span> <span class='ocrx_word' id='word_1_748' title='bbox 3287 3527 3709 3585; x_wconf 79' lang='lat' dir='ltr'><strong><em>luculentissima</em></strong></span> <span class='ocrx_word' id='word_1_749' title='bbox 3739 3547 3843 3602; x_wconf 90' lang='lat' dir='ltr'><strong><em>pro</em></strong></span> 
     </span>
    </p>
   </div>
   <div class='ocr_carea' id='block_1_99' title="bbox 2265 3612 3846 3695">
    <p class='ocr_par' dir='ltr' id='par_1_99' title="bbox 2265 3612 3846 3695">
     <span class='ocr_line' id='line_1_99' title="bbox 2265 3612 3846 3695; baseline 0.011 -30"><span class='ocrx_word' id='word_1_750' title='bbox 2265 3626 2324 3674; x_wconf 85' lang='lat' dir='ltr'><strong><em>se</em></strong></span> <span class='ocrx_word' id='word_1_751' title='bbox 2370 3612 2678 3667; x_wconf 90' lang='lat' dir='ltr'><strong><em>testimonio</em></strong></span> <span class='ocrx_word' id='word_1_752' title='bbox 2727 3618 3095 3684; x_wconf 65' lang='lat' dir='ltr'><strong><em>praetermisso</em></strong></span> <span class='ocrx_word' id='word_1_753' title='bbox 3119 3660 3134 3685; x_wconf 93' lang='lat'><strong><em>,</em></strong></span> <span class='ocrx_word' id='word_1_754' title='bbox 3165 3622 3408 3691; x_wconf 76' lang='lat' dir='ltr'><strong><em>exempla</em></strong></span> <span class='ocrx_word' id='word_1_755' title='bbox 3446 3623 3526 3678; x_wconf 90' lang='lat' dir='ltr'><strong><em>sui</em></strong></span> <span class='ocrx_word' id='word_1_756' title='bbox 3567 3638 3691 3695; x_wconf 75' lang='lat' dir='ltr'><strong><em>erga</em></strong></span> <span class='ocrx_word' id='word_1_757' title='bbox 3722 3624 3846 3682; x_wconf 86' lang='lat' dir='ltr'><strong><em>illos</em></strong></span> 
     </span>
    </p>
   </div>
   <div class='ocr_carea' id='block_1_100' title="bbox 2265 3701 3844 3780">
    <p class='ocr_par' dir='ltr' id='par_1_100' title="bbox 2265 3701 3844 3780">
     <span class='ocr_line' id='line_1_100' title="bbox 2265 3701 3844 3780; baseline 0.01 -26"><span class='ocrx_word' id='word_1_758' title='bbox 2265 3702 2424 3762; x_wconf 88' lang='lat' dir='ltr'><strong><em>studii</em></strong></span> <span class='ocrx_word' id='word_1_759' title='bbox 2467 3701 2592 3758; x_wconf 90' lang='lat' dir='ltr'><strong><em>hinc</em></strong></span> <span class='ocrx_word' id='word_1_760' title='bbox 2631 3703 2754 3760; x_wconf 89' lang='lat' dir='ltr'><strong><em>inde</em></strong></span> <span class='ocrx_word' id='word_1_761' title='bbox 2782 3720 2846 3760; x_wconf 75' lang='lat' dir='ltr'><strong><em>ex</em></strong></span> <span class='ocrx_word' id='word_1_762' title='bbox 2888 3707 3010 3761; x_wconf 91' lang='lat' dir='ltr'><strong><em>aliis</em></strong></span> <span class='ocrx_word' id='word_1_763' title='bbox 3045 3709 3156 3764; x_wconf 82' lang='lat' dir='ltr'><strong><em>suis</em></strong></span> <span class='ocrx_word' id='word_1_764' title='bbox 3179 3712 3429 3780; x_wconf 89' lang='lat' dir='ltr'><strong><em>operibus</em></strong></span> <span class='ocrx_word' id='word_1_765' title='bbox 3458 3713 3844 3770; x_wconf 85' lang='lat' dir='ltr'><strong><em>emendicaret.</em></strong></span> 
     </span>
    </p>
   </div>
   <div class='ocr_carea' id='block_1_101' title="bbox 2266 3794 3849 3869">
    <p class='ocr_par' dir='ltr' id='par_1_101' title="bbox 2266 3794 3849 3869">
     <span class='ocr_line' id='line_1_101' title="bbox 2266 3794 3849 3869; baseline 0.006 -18"><span class='ocrx_word' id='word_1_766' title='bbox 2266 3794 2586 3851; x_wconf 88' lang='lat' dir='ltr'><strong><em>Addidimus</em></strong></span> <span class='ocrx_word' id='word_1_767' title='bbox 2610 3835 2627 3862; x_wconf 89' lang='lat'><strong><em>,</em></strong></span> <span class='ocrx_word' id='word_1_768' title='bbox 2655 3810 2756 3852; x_wconf 89' lang='lat' dir='ltr'><strong><em>nec</em></strong></span> <span class='ocrx_word' id='word_1_769' title='bbox 2793 3797 2965 3854; x_wconf 90' lang='lat' dir='ltr'><strong><em>multo</em></strong></span> <span class='ocrx_word' id='word_1_770' title='bbox 3005 3811 3120 3869; x_wconf 91' lang='lat' dir='ltr'><strong><em>post</em></strong></span> <span class='ocrx_word' id='word_1_771' title='bbox 3151 3802 3317 3856; x_wconf 85' lang='lat' dir='ltr'><strong><em>videri</em></strong></span> <span class='ocrx_word' id='word_1_772' title='bbox 3360 3803 3706 3860; x_wconf 83' lang='lat' dir='ltr'><strong><em>dill&#39;erendam</em></strong></span> <span class='ocrx_word' id='word_1_773' title='bbox 3735 3807 3849 3862; x_wconf 85' lang='lat' dir='ltr'><strong><em>:si-</em></strong></span> 
     </span>
    </p>
   </div>
   <div class='ocr_carea' id='block_1_102' title="bbox 2266 3885 3845 3956">
    <p class='ocr_par' dir='ltr' id='par_1_102' title="bbox 2266 3885 3845 3956">
     <span class='ocr_line' id='line_1_102' title="bbox 2266 3885 3845 3956; baseline 0.008 -18"><span class='ocrx_word' id='word_1_774' title='bbox 2266 3885 2480 3956; x_wconf 88' lang='lat' dir='ltr'><strong><em>quidem</em></strong></span> <span class='ocrx_word' id='word_1_775' title='bbox 2525 3885 2643 3955; x_wconf 89' lang='lat' dir='ltr'><strong><em>ejus</em></strong></span> <span class='ocrx_word' id='word_1_776' title='bbox 2683 3887 2926 3956; x_wconf 71' lang='lat' dir='ltr'><strong><em>qumdam</em></strong></span> <span class='ocrx_word' id='word_1_777' title='bbox 2973 3889 3178 3944; x_wconf 90' lang='lat' dir='ltr'><strong><em>mentio</em></strong></span> <span class='ocrx_word' id='word_1_778' title='bbox 3221 3891 3510 3948; x_wconf 86' lang='lat' dir='ltr'><strong><em>haberetur</em></strong></span> <span class='ocrx_word' id='word_1_779' title='bbox 3556 3895 3609 3948; x_wconf 92' lang='lat' dir='ltr'><strong><em>in</em></strong></span> <span class='ocrx_word' id='word_1_780' title='bbox 3653 3895 3845 3950; x_wconf 82' lang='lat' dir='ltr'><strong><em>subse-</em></strong></span> 
     </span>
    </p>
   </div>
   <div class='ocr_carea' id='block_1_103' title="bbox 2265 3975 3848 4044">
    <p class='ocr_par' dir='ltr' id='par_1_103' title="bbox 2265 3975 3848 4044">
     <span class='ocr_line' id='line_1_103' title="bbox 2265 3975 3848 4044; baseline 0.006 -15"><span class='ocrx_word' id='word_1_781' title='bbox 2265 3985 2462 4044; x_wconf 89' lang='lat' dir='ltr'><strong><em>quente</em></strong></span> <span class='ocrx_word' id='word_1_782' title='bbox 2489 3975 2555 4031; x_wconf 88' lang='lat' dir='ltr'><strong><em>ad</em></strong></span> <span class='ocrx_word' id='word_1_783' title='bbox 2583 3975 2805 4043; x_wconf 71' lang='lat' dir='ltr'><strong><em>Lzetam,</em></strong></span> <span class='ocrx_word' id='word_1_784' title='bbox 2839 3978 2926 4034; x_wconf 90' lang='lat' dir='ltr'><strong><em>ubi</em></strong></span> <span class='ocrx_word' id='word_1_785' title='bbox 2957 3979 3206 4036; x_wconf 90' lang='lat' dir='ltr'><strong><em>dicuntur</em></strong></span> <span class='ocrx_word' id='word_1_786' title='bbox 3233 3980 3412 4036; x_wconf 71' lang='lat' dir='ltr'><strong><em>limini</em></strong></span> <span class='ocrx_word' id='word_1_787' title='bbox 3431 3982 3736 4038; x_wconf 87' lang='lat' dir='ltr'><strong><em>Psalterium</em></strong></span> <span class='ocrx_word' id='word_1_788' title='bbox 3761 3987 3848 4039; x_wconf 79' lang='lat' dir='ltr'><strong><em>di-</em></strong></span> 
     </span>
    </p>
   </div>
   <div class='ocr_carea' id='block_1_104' title="bbox 2266 4067 3852 4139">
    <p class='ocr_par' dir='ltr' id='par_1_104' title="bbox 2266 4067 3852 4139">
     <span class='ocr_line' id='line_1_104' title="bbox 2266 4067 3852 4139; baseline 0.008 -20"><span class='ocrx_word' id='word_1_789' title='bbox 2266 4082 2402 4127; x_wconf 82' lang='lat' dir='ltr'><strong><em>scere</em></strong></span> <span class='ocrx_word' id='word_1_790' title='bbox 2425 4081 2445 4129; x_wconf 87' lang='lat'><strong><em>;</em></strong></span> <span class='ocrx_word' id='word_1_791' title='bbox 2465 4082 2584 4136; x_wconf 79' lang='lat' dir='ltr'><strong><em>qua:</em></strong></span> <span class='ocrx_word' id='word_1_792' title='bbox 2607 4067 2824 4138; x_wconf 87' lang='lat' dir='ltr'><strong><em>quidem</em></strong></span> <span class='ocrx_word' id='word_1_793' title='bbox 2855 4069 3094 4138; x_wconf 85' lang='lat' dir='ltr'><strong><em>Epistola</em></strong></span> <span class='ocrx_word' id='word_1_794' title='bbox 3121 4070 3358 4128; x_wconf 88' lang='lat' dir='ltr'><strong><em>huicmet</em></strong></span> <span class='ocrx_word' id='word_1_795' title='bbox 3385 4089 3545 4139; x_wconf 88' lang='lat' dir='ltr'><strong><em>anno,</em></strong></span> <span class='ocrx_word' id='word_1_796' title='bbox 3573 4084 3666 4129; x_wconf 88' lang='lat' dir='ltr'><strong><em>aut</em></strong></span> <span class='ocrx_word' id='word_1_797' title='bbox 3694 4076 3852 4131; x_wconf 82' lang='lat' dir='ltr'><strong><em>initio</em></strong></span> 
     </span>
    </p>
   </div>
   <div class='ocr_carea' id='block_1_105' title="bbox 2265 4156 3852 4229">
    <p class='ocr_par' dir='ltr' id='par_1_105' title="bbox 2265 4156 3852 4229">
     <span class='ocr_line' id='line_1_105' title="bbox 2265 4156 3852 4229; baseline 0.009 -19"><span class='ocrx_word' id='word_1_798' title='bbox 2265 4157 2640 4227; x_wconf 88' lang='lat' dir='ltr'><strong><em>subsequentis</em></strong></span> <span class='ocrx_word' id='word_1_799' title='bbox 2675 4156 2780 4213; x_wconf 76' lang='grc'><strong><em>405</em></strong></span> <span class='ocrx_word' id='word_1_800' title='bbox 2819 4159 3080 4229; x_wconf 76' lang='lat' dir='ltr'><strong><em>alligenda</em></strong></span> <span class='ocrx_word' id='word_1_801' title='bbox 3127 4161 3426 4218; x_wconf 85' lang='lat' dir='ltr'><strong><em>videbatur.</em></strong></span> <span class='ocrx_word' id='word_1_802' title='bbox 3475 4164 3583 4220; x_wconf 89' lang='lat' dir='ltr'><strong><em>Sed</em></strong></span> <span class='ocrx_word' id='word_1_803' title='bbox 3612 4181 3675 4221; x_wconf 91' lang='lat' dir='ltr'><strong><em>ea</em></strong></span> <span class='ocrx_word' id='word_1_804' title='bbox 3706 4182 3852 4224; x_wconf 84' lang='lat' dir='ltr'><strong><em>nunc</em></strong></span> 
     </span>
    </p>
   </div>
   <div class='ocr_carea' id='block_1_106' title="bbox 2269 4247 3852 4324">
    <p class='ocr_par' dir='ltr' id='par_1_106' title="bbox 2269 4247 3852 4324">
     <span class='ocr_line' id='line_1_106' title="bbox 2269 4247 3852 4324; baseline 0.009 -27"><span class='ocrx_word' id='word_1_805' title='bbox 2269 4248 2623 4316; x_wconf 75' lang='lat' dir='ltr'><strong><em>praetermissa</em></strong></span> <span class='ocrx_word' id='word_1_806' title='bbox 2645 4247 2974 4317; x_wconf 82' lang='lat' dir='ltr'><strong><em>conjectura,</em></strong></span> <span class='ocrx_word' id='word_1_807' title='bbox 2999 4250 3103 4304; x_wconf 86' lang='lat' dir='ltr'><strong><em>alia</em></strong></span> <span class='ocrx_word' id='word_1_808' title='bbox 3121 4265 3185 4305; x_wconf 81' lang='lat' dir='ltr'><strong><em>ex</em></strong></span> <span class='ocrx_word' id='word_1_809' title='bbox 3209 4261 3357 4322; x_wconf 85' lang='lat' dir='ltr'><strong><em>parte</em></strong></span> <span class='ocrx_word' id='word_1_810' title='bbox 3376 4252 3666 4324; x_wconf 79' lang='lat' dir='ltr'><strong><em>arguimns,</em></strong></span> <span class='ocrx_word' id='word_1_811' title='bbox 3685 4254 3852 4312; x_wconf 81' lang='lat' dir='ltr'><strong><em>fuisse</em></strong></span> 
     </span>
    </p>
   </div>
   <div class='ocr_carea' id='block_1_107' title="bbox 2265 4339 3874 4412">
    <p class='ocr_par' dir='ltr' id='par_1_107' title="bbox 2265 4339 3874 4412">
     <span class='ocr_line' id='line_1_107' title="bbox 2265 4339 3874 4412; baseline 0.004 -18"><span class='ocrx_word' id='word_1_812' title='bbox 2265 4354 2452 4396; x_wconf 89' lang='lat' dir='ltr'><strong><em>recens</em></strong></span> <span class='ocrx_word' id='word_1_813' title='bbox 2481 4354 2510 4393; x_wconf 89' lang='lat' dir='ltr'><strong><em>a</em></strong></span> <span class='ocrx_word' id='word_1_814' title='bbox 2551 4339 2831 4410; x_wconf 77' lang='lat' dir='ltr'><strong><em>proﬂigato</em></strong></span> <span class='ocrx_word' id='word_1_815' title='bbox 2871 4339 3086 4398; x_wconf 81' lang='lat' dir='ltr'><strong><em>Rufiino</em></strong></span> <span class='ocrx_word' id='word_1_816' title='bbox 3126 4343 3398 4412; x_wconf 87' lang='lat' dir='ltr'><strong><em>scriptam.</em></strong></span> <span class='ocrx_word' id='word_1_817' title='bbox 3431 4344 3509 4398; x_wconf 81' lang='lat' dir='ltr'><strong>Ex</strong></span> <span class='ocrx_word' id='word_1_818' title='bbox 3537 4359 3601 4399; x_wconf 88' lang='lat' dir='ltr'><strong><em>eo</em></strong></span> <span class='ocrx_word' id='word_1_819' title='bbox 3645 4345 3874 4401; x_wconf 54' lang='lat' dir='ltr'><strong><em>scilicet</em></strong></span> 
     </span>
    </p>
   </div>
   <div class='ocr_carea' id='block_1_108' title="bbox 2268 4429 3853 4502">
    <p class='ocr_par' dir='ltr' id='par_1_108' title="bbox 2268 4429 3853 4502">
     <span class='ocr_line' id='line_1_108' title="bbox 2268 4429 3853 4502; baseline 0.004 -20"><span class='ocrx_word' id='word_1_820' title='bbox 2268 4429 2355 4483; x_wconf 91' lang='lat' dir='ltr'><strong><em>uhi</em></strong></span> <span class='ocrx_word' id='word_1_821' title='bbox 2385 4429 2451 4484; x_wconf 88' lang='lat' dir='ltr'><strong><em>ad</em></strong></span> <span class='ocrx_word' id='word_1_822' title='bbox 2481 4429 2750 4484; x_wconf 77' lang='lat' dir='ltr'><strong><em>Psalmum</em></strong></span> <span class='ocrx_word' id='word_1_823' title='bbox 2782 4430 2874 4496; x_wconf 89' lang='lat'><strong><em>88,</em></strong></span> <span class='ocrx_word' id='word_1_824' title='bbox 2901 4431 3048 4486; x_wconf 89' lang='lat' dir='ltr'><strong><em>illum</em></strong></span> <span class='ocrx_word' id='word_1_825' title='bbox 3080 4432 3281 4486; x_wconf 86' lang='lat' dir='ltr'><strong><em>ironice</em></strong></span> <span class='ocrx_word' id='word_1_826' title='bbox 3302 4433 3556 4502; x_wconf 88' lang='lat' dir='ltr'><strong><em>appellat,</em></strong></span> <span class='ocrx_word' id='word_1_827' title='bbox 3578 4434 3853 4488; x_wconf 89' lang='lat' dir='ltr'><strong><em>disertissi-</em></strong></span> 
     </span>
    </p>
   </div>
   <div class='ocr_carea' id='block_1_109' title="bbox 2264 4523 3855 4594">
    <p class='ocr_par' dir='ltr' id='par_1_109' title="bbox 2264 4523 3855 4594">
     <span class='ocr_line' id='line_1_109' title="bbox 2264 4523 3855 4594; baseline 0.003 -20"><span class='ocrx_word' id='word_1_828' title='bbox 2264 4539 2401 4576; x_wconf 88' lang='lat' dir='ltr'><strong><em>mum</em></strong></span> <span class='ocrx_word' id='word_1_829' title='bbox 2417 4523 2559 4583; x_wconf 82' lang='lat' dir='ltr'><strong><em>istius</em></strong></span> <span class='ocrx_word' id='word_1_830' title='bbox 2576 4527 2814 4590; x_wconf 83' lang='lat' dir='ltr'><strong><em>temporis</em></strong></span> <span class='ocrx_word' id='word_1_831' title='bbox 2829 4523 3168 4592; x_wconf 84' lang='lat' dir='ltr'><strong><em>interpretem,</em></strong></span> <span class='ocrx_word' id='word_1_832' title='bbox 3187 4525 3272 4594; x_wconf 92' lang='lat' dir='ltr'><strong><em>qui</em></strong></span> <span class='ocrx_word' id='word_1_833' title='bbox 3289 4523 3532 4580; x_wconf 70' lang='lat' dir='ltr'><strong><em>Grmcum</em></strong></span> <span class='ocrx_word' id='word_1_834' title='bbox 3547 4530 3855 4591; x_wconf 69' lang='grc' dir='ltr'><strong><em>ὅξουδᾱνωσας</em></strong></span> 
     </span>
    </p>
   </div>
   <div class='ocr_carea' id='block_1_110' title="bbox 2265 4611 3856 4682">
    <p class='ocr_par' dir='ltr' id='par_1_110' title="bbox 2265 4611 3856 4682">
     <span class='ocr_line' id='line_1_110' title="bbox 2265 4611 3856 4682; baseline 0.004 -19"><span class='ocrx_word' id='word_1_835' title='bbox 2265 4613 2485 4670; x_wconf 83' lang='lat' dir='ltr'><strong><em>verterit</em></strong></span> <span class='ocrx_word' id='word_1_836' title='bbox 2523 4611 2842 4677; x_wconf 82' lang='lat' dir='ltr'><strong><em>anniltilasti,</em></strong></span> <span class='ocrx_word' id='word_1_837' title='bbox 2879 4612 2956 4666; x_wconf 85' lang='lat' dir='ltr'><strong><em>vel</em></strong></span> <span class='ocrx_word' id='word_1_838' title='bbox 2996 4613 3299 4678; x_wconf 88' lang='lat' dir='ltr'><strong><em>annullasti,</em></strong></span> <span class='ocrx_word' id='word_1_839' title='bbox 3331 4614 3408 4667; x_wconf 83' lang='lat' dir='ltr'><strong><em>vel</em></strong></span> <span class='ocrx_word' id='word_1_840' title='bbox 3444 4615 3735 4682; x_wconf 83' lang='lat' dir='ltr'><strong><em>nulli/icasti</em></strong></span> <span class='ocrx_word' id='word_1_841' title='bbox 3759 4658 3776 4682; x_wconf 92' lang='lat'><strong><em>,</em></strong></span> <span class='ocrx_word' id='word_1_842' title='bbox 3801 4627 3856 4670; x_wconf 83' lang='lat' dir='ltr'><strong><em>et</em></strong></span> 
     </span>
    </p>
   </div>
   <div class='ocr_carea' id='block_1_111' title="bbox 2263 4704 3858 4775">
    <p class='ocr_par' dir='ltr' id='par_1_111' title="bbox 2263 4704 3858 4775">
     <span class='ocr_line' id='line_1_111' title="bbox 2263 4704 3858 4775; baseline 0.001 -17"><span class='ocrx_word' id='word_1_843' title='bbox 2263 4706 2308 4766; x_wconf 84' lang='lat' dir='ltr'><strong><em>si</em></strong></span> <span class='ocrx_word' id='word_1_844' title='bbox 2341 4720 2443 4773; x_wconf 88' lang='lat' dir='ltr'><strong><em>qua</em></strong></span> <span class='ocrx_word' id='word_1_845' title='bbox 2485 4704 2588 4758; x_wconf 89' lang='lat' dir='ltr'><strong><em>alia</em></strong></span> <span class='ocrx_word' id='word_1_846' title='bbox 2628 4713 2839 4772; x_wconf 85' lang='lat' dir='ltr'><strong><em>possunt</em></strong></span> <span class='ocrx_word' id='word_1_847' title='bbox 2878 4704 3091 4758; x_wconf 89' lang='lat' dir='ltr'><strong><em>inveniri</em></strong></span> <span class='ocrx_word' id='word_1_848' title='bbox 3133 4705 3272 4773; x_wconf 88' lang='lat' dir='ltr'><strong><em>apud</em></strong></span> <span class='ocrx_word' id='word_1_849' title='bbox 3313 4706 3570 4774; x_wconf 86' lang='lat' dir='ltr'><strong><em>imperitos</em></strong></span> <span class='ocrx_word' id='word_1_850' title='bbox 3619 4715 3858 4775; x_wconf 82' lang='lat' dir='ltr'><strong><em>portenta</em></strong></span> 
     </span>
    </p>
   </div>
   <div class='ocr_carea' id='block_1_112' title="bbox 2266 4794 3855 4865">
    <p class='ocr_par' dir='ltr' id='par_1_112' title="bbox 2266 4794 3855 4865">
     <span class='ocr_line' id='line_1_112' title="bbox 2266 4794 3855 4865; baseline 0.003 -19"><span class='ocrx_word' id='word_1_851' title='bbox 2266 4795 2550 4851; x_wconf 83' lang='lat' dir='ltr'><strong><em>verborum.</em></strong></span> <span class='ocrx_word' id='word_1_852' title='bbox 2583 4795 2756 4862; x_wconf 86' lang='lat' dir='ltr'><strong><em>Atque</em></strong></span> <span class='ocrx_word' id='word_1_853' title='bbox 2788 4794 2902 4848; x_wconf 83' lang='lat' dir='ltr'><strong><em>lnrc</em></strong></span> <span class='ocrx_word' id='word_1_854' title='bbox 2925 4803 3101 4848; x_wconf 89' lang='lat' dir='ltr'><strong><em>tamen</em></strong></span> <span class='ocrx_word' id='word_1_855' title='bbox 3131 4795 3330 4859; x_wconf 88' lang='lat' dir='ltr'><strong><em>omnia,</em></strong></span> <span class='ocrx_word' id='word_1_856' title='bbox 3351 4805 3605 4864; x_wconf 89' lang='lat' dir='ltr'><strong><em>quantum</em></strong></span> <span class='ocrx_word' id='word_1_857' title='bbox 3635 4796 3855 4865; x_wconf 86' lang='lat' dir='ltr'><strong><em>assequi</em></strong></span> 
     </span>
    </p>
   </div>
   <div class='ocr_carea' id='block_1_113' title="bbox 2265 4881 3857 4955">
    <p class='ocr_par' dir='ltr' id='par_1_113' title="bbox 2265 4881 3857 4955">
     <span class='ocr_line' id='line_1_113' title="bbox 2265 4881 3857 4955; baseline 0.001 -17"><span class='ocrx_word' id='word_1_858' title='bbox 2265 4883 2572 4953; x_wconf 86' lang='lat' dir='ltr'><strong><em>conjectura</em></strong></span> <span class='ocrx_word' id='word_1_859' title='bbox 2617 4881 2779 4948; x_wconf 85' lang='lat' dir='ltr'><strong><em>licet,</em></strong></span> <span class='ocrx_word' id='word_1_860' title='bbox 2820 4893 3135 4954; x_wconf 75' lang='lat' dir='ltr'><strong><em>argumenta</em></strong></span> <span class='ocrx_word' id='word_1_861' title='bbox 3184 4885 3568 4955; x_wconf 86' lang='lat' dir='ltr'><strong><em>proponimus,</em></strong></span> <span class='ocrx_word' id='word_1_862' title='bbox 3601 4900 3710 4939; x_wconf 88' lang='lat' dir='ltr'><strong><em>non</em></strong></span> <span class='ocrx_word' id='word_1_863' title='bbox 3752 4901 3857 4954; x_wconf 89' lang='lat' dir='ltr'><strong><em>pro</em></strong></span> 
     </span>
    </p>
   </div>
   <div class='ocr_carea' id='block_1_114' title="bbox 2265 4977 2731 5046">
    <p class='ocr_par' dir='ltr' id='par_1_114' title="bbox 2265 4977 2731 5046">
     <span class='ocr_line' id='line_1_114' title="bbox 2265 4977 2731 5046; baseline -0.009 -15"><span class='ocrx_word' id='word_1_864' title='bbox 2265 4977 2428 5032; x_wconf 88' lang='lat' dir='ltr'><strong><em>certis</em></strong></span> <span class='ocrx_word' id='word_1_865' title='bbox 2460 4989 2731 5046; x_wconf 79' lang='lat' dir='ltr'><strong><em>urgemus.</em></strong></span> 
     </span>
    </p>
   </div>
   <div class='ocr_carea' id='block_1_115' title="bbox 2338 5063 3858 5137">
    <p class='ocr_par' dir='ltr' id='par_1_115' title="bbox 2338 5063 3858 5137">
     <span class='ocr_line' id='line_1_115' title="bbox 2338 5063 3858 5137; baseline 0.003 -18"><span class='ocrx_word' id='word_1_866' title='bbox 2338 5065 2534 5122; x_wconf 78' lang='lat' dir='ltr'><strong><em>Verum</em></strong></span> <span class='ocrx_word' id='word_1_867' title='bbox 2562 5063 2854 5134; x_wconf 80' lang='lat' dir='ltr'><strong><em>Epistulam</em></strong></span> <span class='ocrx_word' id='word_1_868' title='bbox 2883 5065 2949 5119; x_wconf 90' lang='lat' dir='ltr'><strong><em>ad</em></strong></span> <span class='ocrx_word' id='word_1_869' title='bbox 2980 5065 3179 5120; x_wconf 69' lang='lat' dir='ltr'><strong><em>Lmtam</em></strong></span> <span class='ocrx_word' id='word_1_870' title='bbox 3209 5066 3352 5136; x_wconf 90' lang='lat' dir='ltr'><strong><em>quod</em></strong></span> <span class='ocrx_word' id='word_1_871' title='bbox 3393 5074 3636 5136; x_wconf 85' lang='lat' dir='ltr'><strong><em>spectat,</em></strong></span> <span class='ocrx_word' id='word_1_872' title='bbox 3667 5065 3858 5137; x_wconf 84' lang='lat' dir='ltr'><strong><em>utique</em></strong></span> 
     </span>
    </p>
   </div>
   <div class='ocr_carea' id='block_1_116' title="bbox 2265 5153 3855 5226">
    <p class='ocr_par' dir='ltr' id='par_1_116' title="bbox 2265 5153 3855 5226">
     <span class='ocr_line' id='line_1_116' title="bbox 2265 5153 3855 5226; baseline 0.002 -16"><span class='ocrx_word' id='word_1_873' title='bbox 2265 5170 2383 5210; x_wconf 90' lang='lat' dir='ltr'><strong><em>eam</em></strong></span> <span class='ocrx_word' id='word_1_874' title='bbox 2431 5169 2571 5216; x_wconf 77' lang='lat' dir='ltr'><strong><em>nuiic</em></strong></span> <span class='ocrx_word' id='word_1_875' title='bbox 2615 5153 2795 5215; x_wconf 81' lang='lat' dir='ltr'><strong><em>malim</em></strong></span> <span class='ocrx_word' id='word_1_876' title='bbox 2841 5153 2910 5210; x_wconf 89' lang='lat' dir='ltr'><strong><em>ad</em></strong></span> <span class='ocrx_word' id='word_1_877' title='bbox 2973 5156 3364 5224; x_wconf 63' lang='lat' dir='ltr'><strong><em>praicedentem</em></strong></span> <span class='ocrx_word' id='word_1_878' title='bbox 3406 5156 3503 5210; x_wconf 64' lang='lat'><strong><em>40!</em></strong></span> <span class='ocrx_word' id='word_1_879' title='bbox 3553 5172 3855 5226; x_wconf 86' lang='lat' dir='ltr'><strong><em>revocare,</em></strong></span> 
     </span>
    </p>
   </div>
   <div class='ocr_carea' id='block_1_117' title="bbox 2265 5246 3857 5318">
    <p class='ocr_par' dir='ltr' id='par_1_117' title="bbox 2265 5246 3857 5318">
     <span class='ocr_line' id='line_1_117' title="bbox 2265 5246 3857 5318; baseline 0.003 -18"><span class='ocrx_word' id='word_1_880' title='bbox 2265 5264 2423 5318; x_wconf 86' lang='lat' dir='ltr'><strong><em>qnam</em></strong></span> <span class='ocrx_word' id='word_1_881' title='bbox 2477 5249 2528 5304; x_wconf 90' lang='lat' dir='ltr'><strong><em>in</em></strong></span> <span class='ocrx_word' id='word_1_882' title='bbox 2589 5255 2901 5317; x_wconf 88' lang='lat' dir='ltr'><strong><em>sequentem</em></strong></span> <span class='ocrx_word' id='word_1_883' title='bbox 2957 5247 3063 5303; x_wconf 68' lang='lat'><strong>405</strong></span> <span class='ocrx_word' id='word_1_884' title='bbox 3107 5247 3320 5302; x_wconf 83' lang='lat' dir='ltr'><strong><em>vixdum</em></strong></span> <span class='ocrx_word' id='word_1_885' title='bbox 3368 5246 3492 5302; x_wconf 82' lang='lat' dir='ltr'><strong><em>licet</em></strong></span> <span class='ocrx_word' id='word_1_886' title='bbox 3540 5247 3857 5305; x_wconf 88' lang='lat' dir='ltr'><strong><em>inchoatum</em></strong></span> 
     </span>
    </p>
   </div>
   <div class='ocr_carea' id='block_1_118' title="bbox 2265 5339 3858 5407">
    <p class='ocr_par' dir='ltr' id='par_1_118' title="bbox 2265 5339 3858 5407">
     <span class='ocr_line' id='line_1_118' title="bbox 2265 5339 3858 5407; baseline 0.001 -11"><span class='ocrx_word' id='word_1_887' title='bbox 2265 5341 2482 5403; x_wconf 72' lang='lat' dir='ltr'><strong><em>(litierre</em></strong></span> <span class='ocrx_word' id='word_1_888' title='bbox 2505 5358 2519 5396; x_wconf 87' lang='lat'><strong>:</strong></span> <span class='ocrx_word' id='word_1_889' title='bbox 2545 5341 2754 5396; x_wconf 86' lang='lat' dir='ltr'><strong><em>tametsi</em></strong></span> <span class='ocrx_word' id='word_1_890' title='bbox 2777 5339 2900 5394; x_wconf 88' lang='lat' dir='ltr'><strong><em>huic</em></strong></span> <span class='ocrx_word' id='word_1_891' title='bbox 2922 5340 3064 5394; x_wconf 91' lang='lat' dir='ltr'><strong><em>illam</em></strong></span> <span class='ocrx_word' id='word_1_892' title='bbox 3089 5341 3140 5393; x_wconf 90' lang='lat' dir='ltr'><strong><em>in</em></strong></span> <span class='ocrx_word' id='word_1_893' title='bbox 3159 5339 3513 5407; x_wconf 83' lang='lat' dir='ltr'><strong><em>Epistolarum</em></strong></span> <span class='ocrx_word' id='word_1_894' title='bbox 3537 5342 3858 5398; x_wconf 84' lang='lat' dir='ltr'><strong><em>recensione</em></strong></span> 
     </span>
    </p>
   </div>
   <div class='ocr_carea' id='block_1_119' title="bbox 2264 5427 3857 5499">
    <p class='ocr_par' dir='ltr' id='par_1_119' title="bbox 2264 5427 3857 5499">
     <span class='ocr_line' id='line_1_119' title="bbox 2264 5427 3857 5499; baseline -0.001 -14"><span class='ocrx_word' id='word_1_895' title='bbox 2264 5431 2546 5486; x_wconf 77' lang='lat' dir='ltr'><strong><em>aflixerim.</em></strong></span> <span class='ocrx_word' id='word_1_896' title='bbox 2584 5429 2849 5499; x_wconf 74' lang='lat' dir='ltr'><strong><em>Nupserat</em></strong></span> <span class='ocrx_word' id='word_1_897' title='bbox 2889 5429 3032 5486; x_wconf 78' lang='lat' dir='ltr'><strong><em>Lzeta</em></strong></span> <span class='ocrx_word' id='word_1_898' title='bbox 3077 5428 3336 5488; x_wconf 81' lang='lat' dir='ltr'><strong><em>Toxotio.</em></strong></span> <span class='ocrx_word' id='word_1_899' title='bbox 3377 5427 3436 5483; x_wconf 88' lang='lat' dir='ltr'><strong><em>S.</em></strong></span> <span class='ocrx_word' id='word_1_900' title='bbox 3485 5428 3662 5483; x_wconf 79' lang='lat' dir='ltr'><strong><em>Paula:</em></strong></span> <span class='ocrx_word' id='word_1_901' title='bbox 3703 5430 3857 5499; x_wconf 82' lang='lat' dir='ltr'><strong><em>lilio,</em></strong></span> 
     </span>
    </p>
   </div>
   <div class='ocr_carea' id='block_1_120' title="bbox 2265 5515 3860 5590">
    <p class='ocr_par' dir='ltr' id='par_1_120' title="bbox 2265 5515 3860 5590">
     <span class='ocr_line' id='line_1_120' title="bbox 2265 5515 3860 5590; baseline -0.002 -14"><span class='ocrx_word' id='word_1_902' title='bbox 2265 5536 2330 5576; x_wconf 79' lang='lat' dir='ltr'><strong><em>ex</em></strong></span> <span class='ocrx_word' id='word_1_903' title='bbox 2361 5536 2468 5590; x_wconf 89' lang='lat' dir='ltr'><strong><em>quo</em></strong></span> <span class='ocrx_word' id='word_1_904' title='bbox 2494 5529 2548 5576; x_wconf 91' lang='lat' dir='ltr'><strong><em>et</em></strong></span> <span class='ocrx_word' id='word_1_905' title='bbox 2575 5519 2738 5575; x_wconf 80' lang='lat' dir='ltr'><strong><em>tiliam</em></strong></span> <span class='ocrx_word' id='word_1_906' title='bbox 2759 5559 2774 5583; x_wconf 91' lang='lat'><strong><em>,</em></strong></span> <span class='ocrx_word' id='word_1_907' title='bbox 2805 5533 2924 5588; x_wconf 75' lang='lat' dir='ltr'><strong><em>qute</em></strong></span> <span class='ocrx_word' id='word_1_908' title='bbox 2946 5516 3014 5572; x_wconf 90' lang='lat' dir='ltr'><strong><em>de</em></strong></span> <span class='ocrx_word' id='word_1_909' title='bbox 3041 5517 3173 5570; x_wconf 80' lang='lat' dir='ltr'><strong><em>avia:</em></strong></span> <span class='ocrx_word' id='word_1_910' title='bbox 3202 5515 3419 5571; x_wconf 88' lang='lat' dir='ltr'><strong><em>nomine</em></strong></span> <span class='ocrx_word' id='word_1_911' title='bbox 3450 5517 3613 5572; x_wconf 85' lang='lat' dir='ltr'><strong><em>Paula</em></strong></span> <span class='ocrx_word' id='word_1_912' title='bbox 3644 5535 3823 5574; x_wconf 90' lang='lat' dir='ltr'><strong><em>nuncu</em></strong></span> <span class='ocrx_word' id='word_1_913' title='bbox 3844 5551 3860 5564; x_wconf 72' lang='grc' dir='ltr'><strong>ο</strong></span> 
     </span>
    </p>
   </div>
   <div class='ocr_carea' id='block_1_121' title="bbox 2269 5604 3858 5683">
    <p class='ocr_par' dir='ltr' id='par_1_121' title="bbox 2269 5604 3858 5683">
     <span class='ocr_line' id='line_1_121' title="bbox 2269 5604 3858 5683; baseline 0.003 -21"><span class='ocrx_word' id='word_1_914' title='bbox 2269 5621 2388 5679; x_wconf 76' lang='lat' dir='ltr'><strong><em>pata</em></strong></span> <span class='ocrx_word' id='word_1_915' title='bbox 2427 5619 2509 5666; x_wconf 90' lang='lat' dir='ltr'><strong><em>est</em></strong></span> <span class='ocrx_word' id='word_1_916' title='bbox 2548 5610 2728 5681; x_wconf 78' lang='lat' dir='ltr'><strong><em>junior</em></strong></span> <span class='ocrx_word' id='word_1_917' title='bbox 2752 5647 2770 5674; x_wconf 85' lang='lat'><strong><em>,</em></strong></span> <span class='ocrx_word' id='word_1_918' title='bbox 2799 5617 3124 5683; x_wconf 76' lang='lat' dir='ltr'><strong><em>susceperat.</em></strong></span> <span class='ocrx_word' id='word_1_919' title='bbox 3158 5604 3302 5661; x_wconf 78' lang='lat' dir='ltr'><strong><em>lianc</em></strong></span> <span class='ocrx_word' id='word_1_920' title='bbox 3329 5607 3387 5671; x_wconf 68' lang='grc' dir='ltr'><strong><em>δ.</em></strong></span> <span class='ocrx_word' id='word_1_921' title='bbox 3418 5606 3580 5662; x_wconf 82' lang='lat' dir='ltr'><strong><em>Pater</em></strong></span> <span class='ocrx_word' id='word_1_922' title='bbox 3602 5649 3620 5675; x_wconf 92' lang='lat'><strong><em>,</em></strong></span> <span class='ocrx_word' id='word_1_923' title='bbox 3652 5614 3858 5676; x_wconf 73' lang='lat' dir='ltr'><strong><em>quinos</em></strong></span> 
     </span>
    </p>
   </div>
  </div>
