4050 6188
190 208 279 263 II9
550 256 553 259 ς
1422 214 1480 270 S.
1522 207 1899 269 llIERONYlII
1944 211 2126 267 VITA.

193 324 430 381 institutis
446 272 565 396 jar:
590 325 713 383 inde
730 326 797 383 ab
816 326 941 398 ipsis
959 326 1293 385 incunabulis
1313 325 1378 381 ad
1399 326 1758 381 Christianam

195 417 430 486 pietatem
476 416 1069 489 informari‘oporteat,
1119 418 1278 473 docet
1309 435 1324 471 :
1355 433 1581 486 cumque
1624 428 1759 467 avus

195 506 300 574 ejus
330 506 555 562 Albinus
602 508 776 563 adhuc
814 510 864 563 in
904 509 1238 564 Etlmicismo
1285 516 1586 576 perstaret,
1621 506 1761 559 inter

192 599 286 653 alia
322 614 439 668 quae
479 599 1009 669 magniﬁceextollit
1034 643 1049 665 ,
1091 600 1167 655 rei
1212 599 1528 654 Christiana:
1564 598 1757 652 decora

192 698 339 755 atque
383 688 747 755 inercmeuta,
794 690 921 745 illud
969 699 1268 755 memorat,
1310 706 1377 746 ex
1417 704 1521 758 quo
1554 687 1759 756 epocha

189 778 486 845 scriptionis
515 779 648 834 satis
679 780 986 835 innotescit.
1030 781 1275 843 Marnas,
1307 780 1409 844 ait,
1446 778 1599 833 Gaza
1625 778 1759 847 luget

188 869 425 934 inclusus,
450 880 495 922 et
516 871 821 925 eversionem
844 872 1019 941 templi
1045 872 1227 939 iugiter
1253 872 1570 939 pertimescit.
1598 869 1759 923 Scili-

186 970 264 1011 cet
289 973 354 1013 ex
379 958 436 1014 S.
464 960 743 1029 Porphyrii
767 961 1005 1031 ejusdem
1029 961 1175 1015 urbis
1198 961 1442 1031 Episcopi
1469 959 1585 1014 Vita
1607 974 1760 1013 como

188 1061 392 1117 pertum
421 1061 539 1119 est,
568 1053 731 1108 fuisse
767 1068 910 1107 anno
950 1053 1054 1108 398
1095 1054 1315 1107 missum
1363 1053 1647 1106 Diacouum
1691 1048 1760 1104 ad

186 1139 567 1207 Imperatorem
611 1142 933 1205 Arcadium,
978 1143 1067 1212 qui
1110 1142 1318 1212 Templi
1359 1142 1476 1211 ejus
1515 1142 1764 1210 profanos

179 1233 352 1287 cultus
395 1244 607 1288 curaret
648 1232 1031 1301 prohibendos.
1074 1232 1211 1286 Tum
1254 1233 1356 1286 lata
1394 1231 1507 1285 Lex
1547 1241 1629 1283 est
1663 1231 1764 1284 hoc

179 1323 377 1378 eodem
409 1338 553 1384 anno
583 1323 636 1376 in
669 1337 787 1379 eam
830 1338 941 1378 rem
964 1364 979 1388 ,
1011 1322 1233 1392 ejusque
1271 1324 1584 1376 auctoritate
1627 1320 1765 1373 haud

179 1415 356 1472 multo
398 1425 524 1483 past
569 1414 698 1484 ipsa:
727 1413 932 1482 Templi
974 1413 1117 1469 I'orcs
1144 1414 1404 1469 obserata:
1427 1454 1441 1477 ,
1473 1422 1526 1467 et
1556 1411 1767 1466 Marnas

180 1508 431 1566 inclusus.
466 1505 722 1559 Triennio
748 1515 874 1575 post
900 1521 1037 1560 nova
1070 1504 1346 1576 Porphyrii
1379 1505 1638 1572 legatione
1666 1506 1764 1557 im-

184 1608 475 1667 petratum,
506 1604 564 1649 ut
594 1596 806 1664 penitus
835 1596 1126 1660 deleretur,
1155 1610 1320 1664 reque
1345 1595 1456 1663 ipsa
1484 1594 1762 1662 Templum

184 1688 530 1754 absumptum
561 1685 809 1739 incendio
838 1694 943 1741 est.
976 1684 1110 1739 Cum
1152 1684 1227 1737 ait
1272 1685 1446 1751 itaque
1475 1681 1534 1736 S.
1566 1682 1759 1746 Pater,

183 1777 418 1837 Narniam
462 1777 796 1834 eversionem
843 1775 924 1827 sui
962 1774 1160 1842 jugiter
1201 1772 1610 1841 pertimescere,
1647 1770 1759 1839 jam

185 1870 267 1925 illa
298 1868 471 1923 ldolio
498 1868 679 1926 clades
708 1866 1019 1921 imminebat
1042 1883 1055 1919 :
1080 1880 1199 1933 qua:
1230 1864 1397 1934 magis
1425 1863 1607 1933 utique
1634 1864 1759 1917 anui

185 1960 308 2024 illi,
351 1958 417 2011 ad
461 1958 619 2011 linem
660 1966 717 2011 ut
756 1956 887 2010 libet
931 1954 1302 2025 properantis,
1332 1968 1489 2023 quam
1523 1953 1762 2021 proxime

188 2049 516 2117 insequentis
544 2056 627 2102 est
666 2057 811 2101 nota.
844 2046 987 2100 Idem
1017 2059 1230 2114 quoque
1274 2052 1485 2113 tempus
1528 2058 1632 2097 non
1662 2043 1761 2096 ob-

186 2154 339 2194 scure
384 2138 621 2203 indicat,
658 2138 851 2207 quibus
892 2136 1240 2205 subsequitur
1278 2135 1476 2197 verbis,
1524 2132 1764 2186 Getarum

186 2233 369 2285 rutilus
397 2241 444 2285 et
470 2232 632 2300 ﬂavus
673 2231 920 2287 exercitus
958 2229 1303 2289 Ecclesiarum
1330 2228 1621 2295 circumfert
1651 2237 1763 2280 ten-

188 2324 315 2375 toria
335 2363 351 2384 ,
382 2334 431 2375 et
471 2322 585 2377 ideo
614 2322 828 2390 forsitan
863 2330 1039 2376 contra
1068 2338 1159 2376 nos
1193 2336 1340 2390 a'qua
1370 2328 1595 2389 pugnant
1623 2319 1765 2384 acie,

187 2414 304 2477 quia
348 2413 465 2482 pari
502 2413 747 2483 religione
772 2413 1056 2481 confidunt.
1104 2411 1365 2466 Nimirum
1393 2412 1460 2465 ab
1487 2424 1632 2465 anno
1660 2410 1767 2465 400

190 2506 495 2575 irruperunt.
535 2506 589 2561 in
622 2505 825 2559 Italiam
857 2504 1016 2562 Gothi
1042 2545 1057 2570 ,
1090 2505 1328 2573 aliasque
1356 2503 1609 2573 deinceps
1639 2518 1766 2573 pro-

188 2597 391 2653 vincias
422 2610 743 2665 pervasere,
772 2604 990 2650 strenue
1016 2606 1198 2649 contra
1229 2594 1527 2648 Romanum
1556 2595 1765 2648 exerci-

192 2698 342 2754 tum,
384 2703 487 2743 nec
535 2703 665 2743 sane
713 2689 1046 2758 improspere
1088 2687 1434 2755 dimicantes,
1481 2696 1536 2743 ut
1578 2702 1764 2743 eorum

193 2788 490 2848 temporum
523 2778 759 2835 historia!
785 2779 1035 2847 produnt.

727 2871 952 2928 CAPUT
991 2871 1228 2927 XXXIII.

193 2961 230 3015 l.
254 2962 518 3018 Contentio
556 2961 920 3033 Hieronymum
958 2965 1089 3017 inter
1109 2974 1259 3033 atque
1286 2962 1619 3033 Augustinum
1644 2962 1766 3016 obo-

258 3055 409 3107 ritur.
438 3054 499 3109 ΙΙ.
526 3052 772 3123 Episton
794 3055 889 3107 hac
908 3071 1059 3123 super
1086 3071 1143 3107 re
1169 3054 1305 3107 ultro
1327 3056 1554 3122 citroque
1581 3054 1766 3105 missa.

260 3144 348 3199 ΙΙΙ.
372 3144 774 3199 Commentarius
798 3146 851 3198 in
877 3145 1090 3197 Abdiam
1121 3146 1238 3197 huic
1263 3146 1474 3211 tentpori
1496 3144 1765 3197 adseritur.

258 3235 348 3290 lV.
378 3235 576 3294 Sancta
603 3234 774 3290 Paula
809 3236 939 3290 diem
979 3235 1118 3299 obit,
1163 3236 1309 3304 cujus
1350 3234 1525 3288 laudes
1553 3235 1772 3287 Sanctus

259 3324 418 3381 Pater
456 3325 687 3396 Epistola
712 3326 779 3379 ad
802 3326 1137 3380 Eustochium
1183 3327 1519 3395 prosequitur.
1552 3325 1615 3379 V.
1643 3325 1772 3378 Tum

259 3419 413 3489 hujus
477 3420 601 3472 anni
677 3418 975 3472 Paschalem
1041 3418 1309 3484 Theophili
1372 3417 1551 3471 Latine
1604 3420 1767 3472 vertit.

267 3509 351 3566 Vl.
381 3508 607 3578 Italique
646 3507 895 3579 Regulam
924 3509 1104 3564 Sancti
1134 3507 1401 3561 Paeltomii
1423 3547 1439 3573 ,
1480 3510 1687 3579 ejusque
1711 3517 1767 3561 ut

261 3611 309 3654 et
337 3599 636 3656 Theoderici
679 3599 938 3669 Epistolas
958 3639 974 3665 ,
1017 3609 1063 3654 et
1089 3600 1238 3654 verba
1264 3600 1491 3669 mystica.
1524 3599 1629 3653 VII.
1663 3598 1770 3653 lte-

262 3710 374 3746 rum
417 3692 661 3747 adversus
704 3692 1042 3763 Augustinum
1086 3693 1331 3761 disputat.
1388 3691 1523 3746 VIII.
1580 3692 1771 3746 Eorum

262 3784 359 3836 hac
410 3798 563 3853 super
608 3798 664 3835 re
704 3780 967 3851 Epistolas.
1011 3782 1103 3837 1X.
1148 3782 1354 3852 Scripta
1372 3783 1496 3836 ‘alia
1540 3784 1773 3853 quazdam

264 3874 444 3929 Sancti
472 3873 667 3934 Patris.
690 3889 803 3943 qua:
836 3873 935 3927 huc
974 3875 1237 3943 pertinent.

265 3963 308 4018 ι.
358 3964 497 4017 Olim
531 3964 878 4033 Augustinus,
905 3978 1065 4033 quum
1109 3962 1775 4034 llieronymiCommenta-

196 4056 302 4109 rios
349 4056 403 4110 in
438 4054 729 4125 Epistolam
775 4053 843 4108 ad
895 4053 1108 4109 Galatas
1148 4053 1369 4123 legeret,
1417 4068 1485 4107 eo
1530 4053 1649 4107 loco
1690 4053 1772 4108 ot.

198 4150 376 4204 tensus
406 4145 651 4207 nonnihil
686 4154 805 4210 est,
836 4162 934 4215 quo
977 4144 1249 4214 Apostolus
1292 4142 1475 4198 Petrus
1521 4160 1553 4196 a
1601 4144 1773 4212 perni-

196 4241 333 4294 ciosa
383 4240 707 4293 simulatione
772 4247 1051 4293 revocatur.
1124 4237 1333 4305 Quippe
1393 4235 1586 4290 Noster
1637 4235 1775 4289 haud

196 4344 320 4383 vere
362 4328 587 4385 Paulum
646 4328 805 4383 Petro
850 4329 1105 4397 Apostolo
1157 4326 1451 4390 restitisse,
1501 4335 1773 4391 autumat;

198 4420 286 4474 sed
314 4419 510 4481 factum
559 4419 834 4487 utriusque
868 4420 1298 4486 diSpeusationc,
1326 4428 1380 4471 ut
1414 4417 1608 4471 Paulus
1649 4433 1777 4470 nova

198 4511 407 4565 bellator
464 4520 607 4564 vetus
668 4527 790 4567 usus
842 4521 951 4564 arte
1005 4512 1302 4581 pugnandi,
1353 4510 1777 4579 dispensationem

196 4598 352 4665 Petri,
380 4620 483 4672 qua
507 4601 723 4656 Judwos
742 4602 929 4659 salvari
953 4604 1204 4672 cupiebat,
1233 4619 1361 4655 nova
1388 4602 1496 4670 ipse
1524 4601 1781 4653 contradi-

196 4696 369 4746 ctionis
392 4693 771 4762 dispensatione
789 4695 1053 4762 corrigeret
1073 4707 1090 4755 ;
1108 4702 1151 4745 et
1172 4692 1420 4747 resisteret
1443 4692 1488 4744 ei
1502 4692 1554 4745 in
1575 4692 1775 4761 faciem,

196 4799 292 4837 non
327 4798 554 4853 arguens
588 4783 899 4854 prapositum
922 4825 936 4848 ,
968 4784 1056 4837 sed
1094 4783 1237 4852 quasi
1260 4783 1310 4835 in
1340 4781 1543 4848 publica
1572 4792 1779 4835 contra-

195 4874 365 4928 dicens
385 4915 403 4939 ,
433 4885 490 4925 ut
529 4890 593 4928 ea:
632 4890 690 4927 eo
728 4876 862 4944 quod
889 4872 1085 4928 Paulus
1110 4890 1225 4928 eum
1249 4890 1465 4942 arguens
1493 4873 1771 4937 resistebat,

196 4962 244 5013 1ιὶ
265 4962 358 5032 qui
379 4960 697 5022 crediderant
734 4979 798 5019 ea:
823 4961 1086 5027 Gentibus,
1120 4973 1463 5021 seruarentur.
1498 4963 1624 5018 Hzec
1655 4963 1782 5032 ﬂip-

196 5068 493 5121 pouensem
528 5054 844 5124 Episc0pum
889 5054 1155 5124 expositio
1197 5055 1395 5123 movit,
1442 5055 1531 5124 qui
1560 5054 1781 5123 patrocio

196 5146 329 5198 nium
351 5146 609 5211 mendacii
636 5156 926 5217 susceptum
951 5146 1287 5201 simulatione
1309 5147 1395 5199 illa
1418 5146 1777 5211 existimabat,

198 5246 240 5287 et
280 5238 636 5292 exitiosissimc
662 5239 801 5291 credi
829 5238 880 5291 in
907 5238 1097 5292 sanctis
1140 5236 1306 5291 Libris
1351 5238 1523 5293 haberi
1571 5237 1779 5291 menda-

200 5327 344 5398 cium,
385 5330 551 5394 idest,
579 5346 666 5384 eos
703 5330 951 5393 homines,
974 5345 1061 5398 per
1079 5346 1201 5399 quos
1229 5330 1367 5383 nobis
1392 5328 1483 5382 illa
1510 5329 1781 5398 Scriptura

200 5421 474 5478 ministrata
519 5431 591 5478 est
632 5432 786 5491 atque
825 5422 1110 5489 conscripta
1134 5462 1150 5487 ,
1189 5422 1384 5491 aliquid
1427 5421 1481 5473 in
1508 5422 1613 5475 suis
1643 5420 1782 5475 libris

202 5510 343 5575 fuisse
370 5516 630 5569 mentitos.
668 5512 899 5569 Volebat
921 5520 1097 5565 autem
1129 5512 1241 5581 ipse
1268 5511 1372 5565 alia
1410 5512 1616 5565 ratione
1644 5512 1780 5567 solvi

202 5599 555 5669 difﬁcultatem
593 5623 606 5659 :
632 5604 889 5667 videlicet
909 5612 965 5657 ut
986 5602 1183 5659 Paulus
1202 5601 1415 5672 Legalia
1445 5610 1594 5671 tunc,
1622 5602 1779 5661 modo

1871 324 2098 391 quodam
2126 339 2232 378 non
2260 332 2565 381 necessario
2584 368 2600 393 ,
2624 328 2912 387 observans
2931 372 2946 397 ,
2986 333 3208 392 minime
3232 350 3442 397 errave-

1865 415 1955 477 rit,
1980 415 2074 469 sed
2114 415 2331 471 Petrum
2357 417 2592 486 quidem,
2618 420 2709 487 qui
2737 420 2802 473 ad
2827 438 2888 475 ea
2926 424 3166 483 Gentiles
3194 433 3443 503 exemplo

1862 520 1962 559 suo
1991 507 2250 576 adigeret,
2289 509 2410 578 jure
2456 510 2877 579 reprehenderit.
2912 514 3034 569 Haec
3074 529 3189 573 erat
3217 532 3443 579 conten-

1865 598 2026 650 tiouis
2054 600 2305 653 materies
2336 610 2466 661 tota,
2494 611 2585 655 aut
2612 610 2760 657 certe
2787 605 3055 673 przccipua
3073 646 3088 671 ,
3129 624 3245 678 qua:
3275 618 3442 672 multo

1862 689 2077 758 quidem
2122 701 2278 745 antea
2322 692 2547 759 oborta,
2596 693 2700 749 hoc
2742 695 2959 751 demum
2994 706 3233 769 tempore
3257 706 3442 775 agitari

1832 822 1835 825 .
1864 779 2002 834 inter
2026 796 2120 835 eos
2141 784 2321 852 cmpit.

1933 872 2001 927 ll.
2048 874 2116 929 Ut
2158 888 2335 931 autem
2384 893 2504 932 cum
2552 880 2814 936 stomachi
2861 884 3021 939 etiam
3065 888 3447 958 signiﬁcatione

1864 964 2147 1035 aliquando
2212 969 2567 1041 Hieronymus
2616 974 3006 1042 responderet,
3050 978 3101 1033 in
3150 995 3308 1036 causa
3354 983 3448 1037 fuit

1866 1055 2223 1123 Epistolarum
2270 1078 2389 1129 qua:
2433 1063 2575 1117 ultro
2615 1066 2857 1135 citroque
2910 1069 3089 1123 missa:
3144 1081 3302 1136 sunt,
3347 1075 3449 1129 im-

1868 1161 2120 1215 prospera
2140 1190 2154 1211 ,
2188 1158 2246 1204 ut
2289 1150 2361 1205 ita
2388 1152 2559 1207 dicam
2580 1196 2595 1219 ,
2624 1155 2855 1210 fortuna.
2900 1158 3195 1229 Scripserat
3222 1165 3448 1233 primum

1869 1241 1935 1293 de
1962 1255 2023 1295 ea
2055 1257 2114 1295 re
2146 1244 2471 1311 Augustinus
2513 1247 2622 1315 jam
2669 1248 2791 1304 inde
2816 1250 2883 1304 ab
2910 1266 3052 1307 anno
3101 1254 3205 1310 595
3237 1256 3448 1324 Episto-

1870 1329 2009 1396 Iam,
2042 1348 2162 1401 quae
2202 1333 2525 1404 Hieronymo
2583 1346 2757 1393 tamen
2789 1357 3057 1411 nunquam
3103 1355 3184 1399 est
3222 1347 3447 1404 reddita.

1871 1420 2003 1474 Tum
2052 1422 2210 1476 aliam
2244 1434 2359 1491 post
2388 1426 2552 1480 ferme
2582 1429 2866 1485 triennium
2897 1432 2963 1485 ad
2992 1434 3238 1489 eumdem
3267 1436 3449 1505 dedit,

1869 1527 1988 1580 qua:
2014 1512 2102 1566 diu
2130 1516 2457 1585 multumque
2502 1534 2596 1586 per
2641 1520 2839 1575 Urbem
2888 1539 3087 1594 perque
3128 1527 3329 1583 Italiam
3361 1546 3449 1583 va-

1866 1612 2008 1669 gata,
2052 1618 2215 1672 quum
2255 1616 2310 1659 et
2359 1622 2551 1662 cauere
2600 1610 2747 1663 illum
2794 1619 3085 1683 παλινῳδίαν
3130 1630 3287 1685 supra
3334 1621 3447 1689 ejus

1865 1694 2197 1759 expositione
2226 1695 2327 1749 loci
2352 1698 2583 1765 juberet,
2613 1712 2664 1755 et
2692 1703 2822 1756 satis
2844 1717 2981 1759 esset
3013 1708 3237 1775 prolixa,
3262 1724 3446 1765 ansam

1864 1785 2064 1837 rumori
2092 1785 2217 1840 fecit
2240 1829 2253 1847 ,
2285 1796 2339 1841 ut
2367 1789 2558 1843 librum
2587 1792 2844 1849 adversus
2894 1795 3277 1868 Hieronymum
3303 1816 3444 1855 com.

1865 1878 2127 1947 posuisse,
2160 1890 2213 1934 et
2264 1882 2473 1936 misisse
2514 1883 2735 1939 Romam
2766 1887 2993 1943 Sanctus
3036 1891 3272 1947 Antistes
3298 1893 3447 1948 dice-

1865 1978 2032 2021 retur.
2088 1969 2205 2039 lpse
2252 1982 2467 2040 autem,
2517 1978 2606 2046 qui
2655 1980 2922 2033 uudeuam
2970 1990 3123 2035 ortus
3176 1984 3263 2038 hic
3308 1993 3446 2038 esset

1867 2060 2008 2129 vulgi
2058 2076 2238 2115 sermo
2285 2064 2598 2133 ignorabat,
2653 2070 2836 2124 tertias
2882 2073 3165 2139 superiore
3209 2075 3448 2142 proxime

1868 2165 2011 2204 anno
2037 2151 2143 2205 402
2172 2154 2375 2207 litteras
2401 2156 2467 2209 ad
2491 2156 2741 2213 Nostrum
2772 2161 3005 2229 scripsit,
3030 2177 3367 2224 asseverans,
3401 2165 3449 2221 id

1870 2254 1928 2293 se
1954 2256 2287 2312 nequaquam
2337 2244 2528 2301 iecisse
2562 2249 2702 2317 quod
2726 2249 3015 2315 dicebatur,
3048 2267 3145 2306 nec
3168 2254 3273 2306 ullo
3302 2263 3451 2321 pacto

1870 2330 2005 2398 ejus,
2036 2347 2195 2401 quem
2228 2350 2294 2387 cx
2319 2338 2499 2390 animo
2534 2340 2851 2408 suspiceret,
2883 2350 3043 2410 atque
3068 2352 3288 2405 amaret,
3318 2343 3451 2399 vello

1871 2420 2224 2479 olleusionem
2272 2427 2566 2483 incurrere.
2598 2429 2692 2483 lla:
2720 2430 2933 2484 demum
2967 2431 3293 2504 Hieronymo
3334 2434 3449 2488 red-

1870 2513 1995 2567 dita:
2022 2526 2145 2569 sunt
2173 2516 2362 2572 eodem
2405 2519 2495 2573 illo
2523 2536 2684 2586 anno,
2718 2537 2837 2575 cum
2887 2532 3030 2576 esset
3074 2526 3317 2578 ASIerius
3348 2524 3450 2591 Hy~

1848 2634 1849 2637 η
1872 2604 2197 2673 podiaconus
2222 2608 2274 2660 in
2304 2608 2415 2677 ipso
2441 2611 2762 2681 profectionis
2788 2610 3003 2665 articulo
3030 2628 3060 2666 e
3092 2612 3374 2667 Palaestina
3397 2616 3450 2670 in

1870 2694 2125 2750 Africam.
2180 2696 2347 2767 Ilujus
2394 2699 2570 2768 itaque
2617 2702 2900 2755 occasione
2949 2705 3195 2757 rescribit
3223 2704 3449 2767 Noster,

1872 2786 2013 2841 bene
2056 2788 2256 2843 habere
2308 2788 2410 2844 hoc
2454 2792 2707 2861 quidem,
2754 2791 2895 2861 quod
2938 2795 3228 2864 satisfacis,
3272 2794 3378 2856 ait,
3410 2802 3453 2847 te

1871 2884 2046 2929 contra
2088 2877 2384 2943 parvitatem
2411 2895 2573 2931 meant
2616 2879 2802 2931 librum
2847 2880 3063 2933 Romam
3107 2896 3207 2933 non
3237 2881 3451 2935 misisse.

1870 2964 1975 3017 Sed
2006 2963 2253 3030 Epistolte
2279 2965 2503 3037 (subdit)
2545 2967 2815 3035 cujusdam
2859 2968 3003 3035 quasi
3030 2968 3098 3019 ad
3142 2984 3221 3021 me
3255 2969 3456 3037 scripta!

1876 3070 1963 3119 per
1992 3056 2201 3121 fratrem
2223 3063 2448 3106 nostrum
2479 3054 2778 3123 Sysinnium
2826 3054 3132 3124 Diaconum,
3162 3060 3263 3111 huc
3286 3074 3457 3113 exem-

1877 3144 2042 3212 plaria
2071 3153 2398 3213 peruenerunt
2429 3161 2449 3199 :
2476 3144 2530 3197 in
2571 3160 2671 3213 qua
2711 3145 2929 3199 hortaris
2957 3163 3033 3201 me
3075 3158 3130 3201 ut
3169 3154 3458 3218 παλινῳδίαν

1875 3252 2028 3305 super
2074 3235 2297 3303 quodam
2339 3234 2568 3305 Apostoli
2606 3238 2828 3306 capitulo
2873 3255 3071 3292 canam.
3099 3240 3457 3307 Quamobrem

1876 3326 2143 3380 subiratus
2177 3325 2359 3392 addit,
2389 3324 2503 3397 Ego
2528 3327 2823 3397 simpliciter
2847 3329 3010 3397 fateor
3030 3330 3315 3402 dignationi
3335 3340 3457 3399 tute,

1864 3418 1988 3472 licet
2013 3418 2175 3487 stylus
2200 3430 2247 3470 et
2274 3423 2632 3488 ἐπιχιιρήματα
2661 3428 2745 3472 tua
2770 3420 2893 3472 mihi
2932 3420 3248 3488 uiderentur,
3293 3432 3458 3479 tamen

1875 3525 1977 3562 non
2006 3519 2188 3562 temere
2210 3509 2583 3577 exemplaribus
2622 3510 2903 3563 litterarum
2925 3512 3229 3565 credendum
3266 3515 3456 3581 putaui,

1876 3619 1939 3656 ne
1960 3605 2090 3673 forte
2112 3618 2191 3655 me
2212 3603 2566 3671 respondente,
2592 3604 2742 3657 ltesus
2758 3605 2894 3671 juste
2922 3605 3294 3673 expostulares,
3324 3606 3460 3675 quod

1877 3696 2090 3764 probare
2130 3705 2247 3747 ante
2290 3694 2569 3747 debuissem
2590 3734 2606 3759 ,
2636 3702 2777 3745 tuum
2823 3710 2928 3747 esse
2965 3710 3281 3757 sermonem,
3314 3703 3361 3747 et
3388 3696 3461 3747 sic

1876 3784 2170 3849 rescribere,
2192 3793 2297 3838 etc.
2324 3783 2518 3836 Verum
2542 3786 2655 3834 haec
2670 3796 2882 3850 quoque
2916 3779 3095 3834 Sancti
3125 3781 3299 3834 Patris
3327 3780 3459 3849 Epi-

1877 3878 2013 3931 stola
2043 3878 2254 3931 Asterio
2280 3875 2505 3940 credita,
2537 3874 2666 3928 satis
2686 3874 2853 3927 multo
2878 3881 2997 3942 post
3019 3881 3277 3940 tempore,
3300 3885 3458 3939 quam

1877 3968 2183 4031 debuisset,
2216 3967 2268 4019 in
2320 3966 2553 4019 Alricam
2597 3964 2771 4017 delata
2799 3972 2900 4017 est.
2951 3962 3285 4017 lutereadum
3316 3961 3459 4014 enim

1880 4059 2195 4128 perbrevem
2217 4055 2375 4109 aliam
2407 4054 2471 4108 ad
2494 4055 2740 4109 emndem
2764 4054 2997 4121 scripsit,
3018 4069 3121 4121 qua
3149 4052 3459 4107 I'm-sidiutn

1882 4150 1954 4204 illi
2001 4146 2379 4210 commendat,
2426 4155 2480 4199 et
2525 4144 2730 4198 salvere
2771 4144 2923 4212 jubet
2973 4144 3219 4213 Alypium
3266 4144 3457 4212 (Epist.

1880 4239 1951 4295 Cl
1962 4237 2020 4291 11
2029 4240 2046 4308 )
2075 4257 2088 4292 :
2118 4247 2312 4291 uetera
2359 4234 2714 4291 observantia:
2772 4242 2933 4301 atque
2970 4234 3169 4287 amoris
3197 4233 3463 4302 signiﬁca-

1884 4331 2116 4385 tionibus
2144 4326 2397 4383 abundat.
2438 4326 2513 4380 lte
2542 4323 2641 4378 hac
2681 4337 2780 4377 nos
2808 4322 2971 4376 multa
3001 4323 3050 4376 iu
3074 4322 3462 4394 chronologicis

1882 4423 2060 4487 Notis,
2088 4437 2206 4491 qua:
2238 4421 2340 4474 huc
2369 4428 2424 4473 ut
2461 4417 2702 4499 releras,
2749 4426 2999 4471 auctores
3042 4431 3242 4473 sumus.
3275 4420 3378 4474 Sed
3409 4429 3465 4476 et

1882 4516 2211 4586 Augustinus
2280 4514 2492 4567 interim
2560 4511 2959 4580 llieronymiaui
3031 4512 3148 4579 ejus
3220 4513 3461 4582 responsi

1885 4606 2094 4661 nescius
2123 4604 2255 4658 duas
2280 4604 2409 4658 alias
2434 4603 2500 4656 ad
2527 4618 2651 4669 eum,
2674 4601 2852 4667 dedit,
2886 4617 3113 4671 quarum
3151 4604 3295 4671 prior
3334 4601 3463 4654 dici-

1884 4705 1969 4750 tur
2015 4695 2350 4750 intercidisse
2392 4703 2690 4763 temporum
2737 4694 2927 4761 injuria
2956 4710 2974 4746 :
3019 4695 3183 4746 altera
3224 4691 3310 4744 illa
3340 4698 3462 4754 est,

1883 4787 2033 4854 cujus
2078 4786 2317 4851 initium,
2369 4784 2452 4838 Ea:
2493 4801 2593 4855 quo
2635 4786 2762 4854 coepi
2804 4784 2872 4835 ad
2916 4793 2963 4836 te
3005 4782 3219 4835 scribere
3250 4795 3270 4832 :
3297 4780 3379 4832 cui
3410 4790 3465 4834 et

1884 4879 2216 4947 superiorum
2248 4876 2610 4947 Epistolarum
2642 4890 2860 4929 suarum
2906 4873 3150 4940 exempla
3192 4869 3462 4939 adtexuit,

1884 4969 2023 5039 quod
2068 4985 2128 5023 ea
2161 4978 2339 5021 utrum
2367 4968 2666 5036 accepisset
2695 4965 2786 5018 ille
2811 5004 2827 5029 ,
2858 4978 3048 5025 necne,
3084 4962 3373 5029 ignorat-ct.
3407 4960 3463 5014 lu

1886 5058 1985 5112 hac
2010 5067 2186 5111 autem
2217 5071 2368 5110 nova:
2397 5053 2781 5109 concertationi
2821 5065 3005 5104 ansam
3047 5049 3304 5121 praebuit,
3337 5050 3464 5105 dum

1886 5150 2051 5204 libere
2084 5148 2382 5215 prolitetur,
2412 5146 2631 5198 minime
2654 5142 2866 5211 probari
2890 5141 2991 5195 sibi
3012 5142 3129 5210 ejus
3156 5140 3386 5194 studium
3410 5140 3465 5195 in

1884 5237 2158 5293 vertendis
2182 5251 2249 5289 ex
2295 5236 2520 5289 Ilebraao
2547 5233 2836 5301 Scripturis
2860 5273 2875 5297 ,
2924 5248 3045 5303 qua:
3078 5246 3269 5287 vocum
3316 5231 3468 5285 novis

1888 5338 1994 5384 tate
2015 5368 2030 5393 ,
2062 5326 2314 5380 adsuetos
2360 5323 2527 5377 veteri
2566 5322 2917 5377 Translationi
2947 5338 3011 5377 ex
3057 5322 3248 5379 Grmco
3270 5323 3467 5392 saepius

1889 5420 2221 5491 percelleret.
2258 5418 2433 5484 Quare
2457 5423 2511 5469 et
2534 5414 2791 5470 tumultus
2816 5431 2938 5470 eum
2965 5416 3218 5472 admonet
3245 5415 3467 5471 excitari

1886 5510 2024 5581 apml
2072 5508 2299 5563 Africam
2354 5508 2409 5562 in
2458 5505 2639 5561 Oeensi
2695 5505 2934 5562 Ecclesia
2985 5508 3266 5564 occasione
3315 5508 3468 5563 vocis

1894 5603 2110 5670 bederw,
2140 5616 2297 5672 quam
2318 5614 2417 5672 pro
2442 5597 2718 5667 cucurbita,
2745 5608 2802 5657 ut
2827 5609 2979 5657 vetus
3004 5599 3209 5659 ferebat
3234 5598 3466 5661 Versio.
