4050 6188
629 287 724 340 151
1902 275 1957 329 S.
1998 270 2374 329 ΙΙΙΕΒΟΝΥΜΙ
2416 271 2595 326 νιτλ.

2310 367 2477 436 ΐειείιρ
2505 396 2645 436 anno
2685 381 3013 436 elaboratum
3049 397 3172 436 emn
3212 381 3923 444 Commentariunrexisti-

629 401 683 455 2n
711 395 938 468 quodam
959 394 1111 450 Jona:
1139 394 1255 447 loco
1283 395 1645 457 usurpaverat.
1665 386 2019 456 llieronymus
2046 383 2209 452 priori

629 508 697 546 ex
753 490 872 554 his,
926 488 975 541 ei
1025 485 1274 540 videlicet
1319 495 1440 550 qua:
1492 479 1862 541 desideratur,
1918 475 2214 545 respondet
2261 533 2267 539 _

631 578 870 649 Epistola
917 578 970 630 in
1019 573 1333 628 recensione
1383 579 1566 625 nostra
1618 568 1727 623 CV.
1782 568 1950 624 multo
1996 565 2211 636 quidem

629 672 807 726 acrius
831 682 988 738 quam
1019 675 1177 720 antea
1205 663 1552 732 expostulatis
1576 678 1697 735 cum
1727 660 2054 730 ilipponensi
2089 660 2213 728 Epi-

623 775 791 830 scopo
821 756 1095 826 injuriam,
1127 771 1232 826 qua
1271 755 1569 825 impetitum
1607 768 1666 808 se
1703 752 2005 822 reputabat,
2034 761 2081 804 et
2110 766 2212 804 non

621 849 845 919 simplici
871 847 1042 901 animo
1071 862 1258 916 sparsa
1302 847 1353 901 in
1394 847 1582 915 vulgus
1627 844 1865 913 Epistola
1907 842 2210 897 lacessitum

621 938 689 994 ad
743 937 1194 1007 respondendum.
1243 935 1341 1001 Si,
1397 936 1603 1006 inquit,
1648 951 1758 989 mea
1800 933 2028 988 continus
2075 932 2212 985 dicta

624 1029 966 1098 reprehendas
982 1067 1000 1093 ,
1026 1037 1076 1083 et
1103 1029 1353 1082 rationem
1379 1027 1687 1096 scriptorum
1734 1034 1940 1095 expetas
1960 1065 1976 1090 ,
2003 1035 2052 1079 et
2097 1038 2212 1094 quia

624 1120 914 1188 scripserim
957 1118 1223 1174 emendare
1263 1119 1563 1186 compcllas,
1605 1127 1651 1171 et
1678 1117 1747 1170 ad
1775 1120 2062 1186 παλινῳόιαν
2091 1131 2209 1184 pro-

625 1227 770 1265 voces
791 1251 807 1277 ,
851 1221 897 1264 et
923 1207 1097 1264 oculos
1126 1210 1250 1262 mihi
1275 1208 1459 1262 reddas
1479 1249 1493 1272 ,
1526 1209 1578 1262 in
1605 1208 1700 1263 hoc
1737 1208 1940 1263 lwditur
1963 1207 2207 1273 amicitia,

626 1303 678 1355 in
709 1301 803 1356 hoc
830 1300 1209 1354 necessitudinis
1242 1301 1368 1370 jura
1411 1298 1686 1352 uiolantur.
1737 1297 2010 1352 Adtniscet
2050 1311 2209 1365 quas-

626 1392 749 1446 dam
790 1402 964 1446 tamen
1013 1390 1279 1446 interdum
1325 1389 1715 1445 benevolentia:
1759 1387 2207 1458 signiﬁcationes;

626 1492 787 1551 utque
818 1482 1078 1551 intelligas
1109 1483 1396 1536 maximam
1437 1482 1501 1535 iis
1547 1481 1635 1550 qui
1677 1480 1908 1535 creditas
1937 1480 2038 1535 sibi
2065 1479 2208 1534 litte-

625 1587 744 1637 ras,
775 1580 868 1627 aut
909 1572 1111 1638 serius,
1141 1582 1232 1626 aut
1259 1588 1549 1641 numquam
1582 1570 1960 1636 reddiderunt,
1987 1584 2210 1625 concer-

627 1666 840 1719 tationis
863 1666 1074 1734 culpam
1099 1666 1333 1720 voluisse
1355 1665 1610 1724 tribuere.
1641 1665 1743 1720 hoc
1764 1665 1872 1720 line
1897 1664 2204 1720 concludit:

630 1753 744 1808 lloc
764 1772 796 1808 a
818 1773 896 1814 me
937 1766 1141 1826 rogatus
1169 1757 1373 1809 observa
1392 1797 1407 1819 ,
1432 1765 1486 1809 nt
1511 1756 1758 1826 quidquid
1781 1755 1904 1808 ntihi
1924 1756 2205 1823 scripseris,

627 1845 695 1905 ad
721 1861 800 1898 me
824 1846 1042 1914 primum
1070 1846 1230 1915 facias
1260 1847 1534 1914 pervenire.
1573 1845 1694 1900 Sua!
1723 1845 2108 1900 Translationis
2142 1861 2208 1900 ex

628 1935 856 1989 llehrmo
900 1949 1000 1989 nec
1049 1935 1290 1988 meminit
1336 1935 1590 2004 quidem:
1644 1934 1694 1987 id
1735 1935 1875 2004 quod
1928 1934 2210 1989 manifesto

629 2027 826 2080 indicio
851 2037 929 2081 est
951 2067 967 2092 ,
997 2026 1230 2080 nondmn
1279 2027 1382 2082 hoc
1404 2041 1545 2080 anno
1573 2027 1696 2083 405.
1723 2042 1828 2096 quo
1859 2027 1975 2081 hare
2001 2027 2205 2082 scribe-

625 2119 735 2182 bat,
768 2128 824 2173 ut
870 2119 921 2172 in
952 2119 1350 2188 chronologicis
1392 2119 1543 2173 Notis
1586 2119 1844 2174 evicimus
1871 2161 1884 2183 ,
1931 2119 2208 2188 accepisse

625 2228 746 2268 cum
787 2211 1009 2266 alteram
1052 2212 1331 2281 Augustini
1379 2226 1442 2266 ea
1485 2211 1554 2264 de
1599 2226 1659 2266 re
1689 2211 2016 2279 Epistolam,
2048 2226 2206 2280 quam

624 2301 821 2354 dudum
855 2301 1202 2354 laudavimus.
1237 2301 1346 2354 [lac
1377 2301 1482 2354 line
1510 2316 1695 2354 eorum
1727 2302 1874 2355 stetit
1895 2309 2207 2356 controver-

623 2394 700 2450 sia
744 2393 844 2446 hoc
887 2407 1060 2457 anno,
1105 2408 1224 2462 qua:
1272 2392 1619 2462 subsequenti
1646 2392 1753 2446 404
1780 2399 2010 2446 exeunte
2048 2407 2205 2446 reno-

623 2493 745 2535 vata
767 2482 980 2551 quidem
1009 2491 1087 2535 est
1116 2482 1272 2551 paulo
1300 2481 1502 2550 majore
1527 2482 1870 2536 contentione
1892 2482 2079 2544 animi,
2107 2481 2202 2536 sed

625 2571 774 2625 salva
806 2583 1002 2633 tamen,
1034 2587 1136 2642 qua
1165 2581 1423 2626 certatum
1451 2572 1589 2625 inter
1611 2586 1706 2626 eos
1732 2582 1836 2636 est,
1865 2573 2106 2627 caritate.

600 2665 605 2716 ί
699 2659 784 2714 lll.
820 2661 1024 2715 interea
1069 2662 1325 2731 temporis
1350 2661 1408 2716 S.
1440 2661 1648 2715 Patrem
1691 2661 1743 2716 in
1791 2662 2016 2717 Abdiam
2047 2662 2208 2717 Com-

625 2752 917 2805 mentarios
941 2751 1288 2818 elucubrasse
1310 2792 1324 2817 ,
1369 2767 1679 2820 persuasum
1708 2753 1863 2806 nobis
1883 2761 1986 2817 est,
2018 2764 2202 2808 contra

621 2853 782 2911 atque
806 2843 1000 2896 eruditi
1032 2842 1276 2912 plerique
1307 2858 1495 2898 omnes
1524 2843 1782 2905 sentiunt,
1813 2844 1900 2911 qui
1933 2858 2055 2897 eum
2085 2844 2205 2898 Pro-

625 2937 835 3003 plzeiam
885 2935 1253 3002 quinquennio
1303 2943 1464 2997 ante,
1535 2932 1727 2987 eodem
1778 2934 1983 2989 scilicet
2044 2943 2204 3000 atque

618 3025 779 3080 Jonas
832 3035 1070 3094 tempore
1134 3025 1456 3096 explicatum
1515 3023 1864 3079 contendunt.
1937 3025 2005 3078 Et
2071 3040 2201 3081 sane

620 3120 849 3182 Sanctus
879 3120 993 3188 ipse
1021 3119 1222 3173 Auctor
1249 3117 1570 3172 Prcel'atione
1611 3117 1758 3173 Libri
1789 3118 1880 3173 Ill.
1911 3118 1963 3172 in
2001 3123 2161 3173 Amos
2183 3159 2198 3183 ,

619 3206 809 3277 Tertio,
841 3209 1032 3278 mquit,
1059 3219 1172 3278 post
1193 3209 1332 3278 longi
1361 3210 1602 3278 temporis
1625 3209 1883 3263 silentium
1911 3210 2125 3264 Abdiam
2154 3221 2202 3266 et

615 3297 803 3362 Jonam
849 3299 937 3351 tibi
977 3297 1327 3368 (Pammaehi)
1368 3299 1637 3370 imperanti
1682 3299 1946 3353 edisserui.
1979 3299 2196 3365 Verum,

618 3404 724 3457 quo
757 3388 828 3442 sit
855 3389 1002 3443 locus
1029 3390 1129 3443 iste
1169 3389 1437 3444 intellectu
1463 3389 1807 3457 accipiendas
1837 3399 1995 3459 atque
2033 3391 2201 3444 inter-

620 3480 931 3549 pretandus,
962 3489 1019 3538 ut
1042 3481 1141 3535 sabi
1165 3489 1220 3534 et
1256 3496 1377 3535 cum
1413 3482 1624 3536 cmteris
1647 3481 1748 3536 hac
1775 3481 1854 3536 de.
1872 3499 1927 3537 re
1952 3484 2196 3537 testium.-

618 3571 721 3624 niis
747 3580 975 3634 constet,
1007 3584 1100 3624 ncs
1131 3569 1344 3638 praeﬁxa
1369 3571 1538 3625 Tomo
1562 3570 1648 3626 Vl.
1677 3571 2017 3638 Prmfatione,
2041 3590 2201 3642 quau-

619 3671 734 3724 tum
758 3661 968 3733 assequi
996 3660 1348 3730 conjectando
1375 3661 1545 3725 licuit,
1570 3661 1924 3724 ostendimus.
1955 3663 2199 3720 Palmare

615 3765 795 3809 autem
822 3767 1191 3823 argumentum
1230 3755 1296 3808 ad
1340 3769 1458 3810 eam
1497 3753 1950 3809 elucubratiouem
1983 3754 2088 3811 huc
2113 3772 2199 3812 re

567 3859 574 3862 ’
617 3847 949 3912 trahendam,
973 3863 1040 3903 ex
1067 3848 1344 3916 ipsiusmet
1381 3846 1562 3902 verbis
1587 3844 1645 3901 S.
1681 3846 1854 3901 Patris
1885 3847 1937 3900 in
1967 3847 2194 3919 Prologo

611 3940 678 3997 ad
707 3957 828 3994 eum
871 3937 1191 4008 Prophetam
1239 3937 1553 3992 excudimus
1577 3977 1592 4003 ,
1621 3946 1678 3990 ut
1712 3938 1948 3993 rationes
1981 3937 2048 3991 ita
2083 3938 2197 4008 ipse

612 4031 869 4101 colligere
894 4030 1156 4084 videatur.
1190 4029 1399 4098 Quippe
1425 4043 1486 4084 se
1511 4029 1605 4090 ait.
1633 4028 1702 4083 ab
1725 4043 1792 4082 eo
1822 4037 2061 4097 tempore
2090 4043 2196 4100 quo

610 4126 867 4191 specimen
887 4121 1040 4190 hujus
1059 4120 1436 4175 Cornmenlarii
1455 4119 1506 4172 in
1527 4118 1867 4174 adolescentia
1891 4128 2189 4187 tentaverat,

611 4215 820 4282 triginta
839 4215 944 4280 iant
965 4229 1126 4266 annos
1149 4212 1205 4267 in
1233 4210 1328 4264 Dei
1347 4227 1498 4281 opere
1516 4213 1579 4265 ab
1603 4211 1774 4266 labore
1793 4212 2022 4268 sudasse.
2059 4212 2191 4268 Tum

611 4305 741 4363 illud
769 4305 1007 4359 declarat
1032 4304 1188 4374 quale
1211 4311 1422 4373 tempus
1449 4302 1638 4370 fuerit,
1665 4304 1890 4373 quando,
1922 4305 2188 4374 inquiens,

609 4396 829 4465 egressi,
879 4397 949 4450 mi
989 4395 1288 4449 Pammaclti
1312 4436 1328 4460 ,
1374 4396 1601 4450 scholam
1647 4395 1928 4452 Rhetorum
1951 4437 1966 4460 ,
1995 4396 2193 4452 diverso

611 4487 778 4546 studio
807 4487 1090 4558 ferebamur
1115 4502 1136 4540 :
1172 4486 1377 4556 quando
1420 4503 1532 4557 ego,
1560 4495 1606 4540 et
1651 4485 1959 4541 Heliodorus
1986 4489 2192 4542 carissi-

611 4595 724 4636 mus
751 4577 943 4650 pariter
981 4577 1208 4632 habitare
1238 4575 1495 4630 Chalcidis
1533 4577 1864 4632 solitudinem
1889 4579 2190 4638 nitebamur.

609 4671 738 4731 {hcc
769 4683 898 4724 vero
923 4669 1052 4723 satis
1081 4670 1358 4737 perspicue
1390 4669 1825 4725 trecentesimum
1853 4673 2191 4742 septuagesi.

609 4779 754 4821 mum
778 4761 996 4818 tertium
1023 4775 1240 4824 annum,
1266 4768 1358 4815 aut
1383 4761 1753 4830 insequentem
1794 4771 2020 4830 notant,
2049 4765 2190 4833 quod

607 4868 674 4908 ex
707 4861 819 4907 toto
849 4851 980 4905 Vita:
1019 4849 1452 4922 llioronymiana:
1478 4859 1767 4917 contextu,
1801 4861 1856 4906 et
1881 4854 2190 4922 praescripta

606 4945 793 5014 Capite
820 4943 911 5002 IX.
942 4944 1161 5000 historia
1192 4954 1524 5013 compertum
1567 4953 1668 4999 est.
1711 4945 1896 5015 Neque
1931 4960 2061 5001 sane
2085 4947 2192 5001 alio

607 5036 962 5102 commodius,
986 5051 1146 5106 quam
1173 5050 1279 5105 quo
1308 5045 1548 5105 tempore
1567 5035 1871 5090 diversatus
1901 5044 1985 5091 est
2014 5039 2194 5092 Antio-

605 5129 764 5194 ohiae,
790 5128 1031 5198 proxime
1061 5138 1346 5198 antequam
1385 5129 1436 5182 in
1461 5127 1732 5182 Chalcidis
1761 5127 2103 5183 solitudinem
2130 5145 2190 5185 se

605 5221 889 5290 reciperet,
917 5230 970 5274 et
995 5235 1183 5275 recens
1220 5220 1289 5274 ab
1313 5219 1511 5273 auditis
1550 5218 1944 5274 Ecclesiasticis
1975 5219 2192 5274 Tracta.

607 5313 833 5376 toribus,
858 5320 1018 5381 atque
1046 5309 1376 5379 Apollinario
1396 5309 1732 5379 cumprimis,
1762 5309 1959 5379 ingenii
1983 5309 2076 5364 ille
2104 5310 2186 5365 sui

606 5401 909 5472 periculum
955 5400 1162 5454 fecerit.
1210 5401 1302 5454 His
1339 5401 1500 5469 igitur
1549 5401 1802 5456 trecentis
1848 5401 2184 5471 septuaginta

605 5492 782 5548 tribus
809 5491 962 5543 annis
982 5491 1029 5544 si
1057 5490 1192 5544 alios
1219 5491 1431 5559 triginta
1452 5490 1747 5556 addideris,
1779 5491 1869 5560 qui
1888 5491 1958 5546 ab
1984 5493 2098 5556 illo,
2130 5502 2187 5546 ut

608 5582 728 5648 ipse
771 5580 877 5642 ait,
928 5579 1132 5645 puerilis
1157 5581 1346 5648 ingenii
1389 5580 1678 5648 prmlutlio,
1727 5581 1792 5634 ad
1841 5581 1943 5635 hoc
1973 5592 2187 5637 maturae

611 5671 876 5725 senectutis
901 5685 1025 5738 opus
1062 5669 1475 5725 intercesserunt
1495 5709 1509 5734 ,
1542 5671 1682 5725 lumc
1707 5680 1891 5726 teneas
1917 5673 2044 5740 405.,
2077 5689 2184 5744 quo

3805 278 3830 332 1
3845 278 3932 332 ΞΞΞ

2321 487 2549 528 mamns.
2577 473 2770 527 Notum
2807 489 2967 543 porro
2996 474 3136 542 quod
3163 475 3232 527 de
3257 475 3437 542 priore
3465 475 3556 529 illo
3601 478 3925 535 rudimento

2319 574 2502 620 narrat
2539 564 2597 620 S.
2631 567 2830 619 Pater:
2877 565 3159 632 Sperabam
3203 566 3256 618 in
3293 567 3545 621 scriniolis
3585 569 3743 626 latere
3770 574 3922 640 quod

2317 656 2639 722 scripseram,
2675 665 2720 708 et
2759 655 3000 725 ingenioli
3029 656 3126 708 mei
3155 657 3372 724 printam
3413 661 3743 714 temeritatem
3772 664 3924 732 igni—

2319 747 2410 800 bus
2438 761 2671 800 voueram
2692 788 2707 811 ,
2755 764 2909 816 quum
2934 748 3098 801 subito
3127 748 3192 801 de
3218 747 3377 804 Italia
3404 749 3621 816 offertur
3645 757 3923 819 exemplar

2316 851 2350 888 a
2372 839 2592 906 quodam
2609 838 2796 908 juvene
2819 847 2890 890 tot
2919 838 3067 891 annis
3085 879 3100 903 ,
3136 848 3255 907 quot
3278 848 3325 891 et
3366 855 3456 909 ego
3483 845 3742 908 quondam
3771 846 3918 897 scri—

2316 944 2515 998 pseram
2539 969 2554 995 ,
2601 928 2844 982 laudante
2885 929 3186 998 opusculum
3216 945 3401 982 meum.
3447 929 3658 998 Fateor,
3689 934 3921 989 miratus

2315 1036 2460 1087 sum,
2487 1021 2625 1092 quod
2651 1022 2967 1089 quantumuis
3006 1021 3190 1090 aliquis
3223 1021 3356 1075 male
3395 1023 3685 1093 scripserit,
3717 1026 3918 1080 inuenit

2315 1111 2531 1164 similem
2577 1113 2813 1166 lectorem
2851 1112 2952 1165 sui.
3002 1110 3102 1165 Ille
3146 1112 3484 1180 praedicabat,
3517 1129 3610 1184 ego
3638 1117 3914 1170 erubesce-

2315 1202 2429 1257 bant
2459 1217 2479 1256 :
2503 1203 2590 1256 ille
2612 1203 2756 1275 quasi
2783 1189 3022 1272 mgsticos
3060 1201 3341 1255 intellectus
3383 1203 3572 1271 ferebat
3601 1205 3668 1258 ad
3696 1207 3910 1273 caelum,

2314 1308 2406 1362 ego
2449 1293 2665 1346 demisso
2695 1294 2857 1362 capite
2898 1293 3131 1360 conﬁteri
3176 1309 3340 1345 meum
3371 1294 3617 1362 pudorem
3662 1297 3912 1366 prohibe—

2314 1383 2406 1436 bar
2430 1382 2521 1453 (In
2551 1382 2812 1454 Prtefut.).
2849 1383 3066 1437 Factum
3094 1382 3287 1437 deinde
3303 1399 3368 1438 ex
3397 1387 3643 1439 Auctoris
3670 1397 3820 1455 voto,
3848 1398 3913 1446 u:

2316 1475 2419 1530 hoc
2449 1491 2589 1530 novo
2619 1476 3016 1530 Commentario
3036 1518 3050 1543 ,
3084 1477 3321 1530 numeris
3351 1479 3598 1532 omnibus
3631 1482 3905 1550 absoluto,

2314 1568 2368 1622 in
2399 1567 2588 1637 vulgus
2618 1572 2938 1637 prodeunte,
2971 1571 3244 1638 specimen
3271 1571 3400 1626 illud
3431 1573 3632 1627 sensim
3662 1590 3906 1631 evanue-

2313 1659 2405 1723 rit,
2435 1668 2484 1712 et
2510 1657 2716 1726 jamdiu
2745 1659 2874 1712 olim
2901 1659 3181 1714 exciderit.
3246 1670 3248 1672 '

2386 1747 2477 1802 IV.
2523 1747 2679 1803 Initio
2718 1749 3094 1819 subsequentis
3141 1750 3266 1805 anni
3312 1752 3369 1808 S.
3401 1753 3597 1819 Paula,
3627 1759 3903 1814 Summum

2315 1841 2623 1913 Hieronymi
2682 1842 2986 1911 praesidium
3029 1851 3084 1899 et
3133 1843 3318 1909 decus,
3373 1845 3514 1901 diem
3565 1848 3697 1903 obit.
3749 1850 3906 1906 Tunc

2313 1932 2590 1986 enimvero
2619 1933 2814 1987 attritas
2844 1933 2960 2002 ejus
2993 1949 3080 1988 res
3113 1943 3256 2001 sunt,
3285 1945 3532 2006 totusque
3563 1939 3651 1993 ille
3680 1951 3901 1994 sancto-

2312 2039 2430 2079 rum
2471 2034 2663 2092 cmtns,
2697 2032 2751 2078 ct
2775 2024 3008 2079 maxime
3037 2025 3312 2095 Virginum
3343 2028 3480 2091 luce,
3511 2037 3569 2082 ut
3601 2030 3667 2083 ita
3697 2031 3899 2096 dicam,

2312 2129 2406 2168 sua
2434 2114 2624 2168 caruit.
2673 2114 2873 2169 Fuerat
2899 2115 3231 2170 admirabilis
3261 2119 3559 2172 sanctitatis
3588 2119 3809 2186 femina,
3840 2133 3904 2178 ut

2312 2206 2522 2277 generis
2566 2207 2845 2260 nobilitate
2887 2215 3048 2273 atque
3073 2209 3265 2276 opibus
3293 2209 3424 2263 nulli
3456 2211 3714 2274 secunda,
3746 2213 3815 2266 ita
3845 2225 3902 2267 et

2312 2295 2732 2352 Charisianarum
2762 2296 3017 2351 virtutum
3065 2297 3310 2353 laudibus
3335 2313 3494 2367 supra
3525 2315 3684 2370 quam
3717 2303 3900 2357 verbis

2311 2387 2593 2456 complecti
2635 2386 2757 2457 quis
2804 2387 2992 2456 possit,
3045 2387 3201 2458 longe
3249 2389 3622 2444 nobilissima:
3669 2393 3899 2448 Toxotio

2311 2479 2526 2543 marito,
2573 2477 2658 2531 cui
2707 2478 2940 2547 quinque
2989 2479 3187 2533 liberos
3215 2479 3476 2542 ediderat,
3510 2481 3778 2546 del‘uncm,
3812 2492 3897 2537 to-

2312 2578 2419 2624 tam
2462 2583 2522 2622 se
2567 2568 2676 2623 Deo
2706 2569 2868 2633 vovit,
2899 2578 2954 2623 et
2979 2569 3032 2622 in
3063 2579 3251 2624 sancto
3276 2570 3558 2640 PropOsito
3587 2572 3676 2626 diu
3709 2574 3896 2630 Roma:

2310 2660 2459 2714 vixit.
2513 2659 2713 2713 Deinde
2759 2659 2952 2713 domus
2995 2662 3417 2728 opulentissima:
3462 2664 3712 2718 omnibus
3757 2680 3896 2733 pene

2308 2752 2508 2807 divitiis
2538 2752 2588 2806 iu
2621 2767 2880 2822 pauperes
2918 2755 3172 2824 erogatis,
3220 2771 3319 2808 non
3350 2755 3642 2821 liberorum,
3676 2773 3778 2811 non
3807 2761 3891 2830 fa-

2309 2844 2483 2911 miliae,
2511 2862 2613 2898 non
2641 2845 3030 2914 possessionum,
3061 2862 3163 2899 non
3191 2847 3412 2916 alicujus
3440 2848 3531 2911 rei,
3561 2864 3675 2917 qua:
3701 2849 3770 2902 ad
3792 2865 3892 2903 sa:-

2308 2937 2479 2991 culum
2506 2937 2778 3006 pertinent,
2807 2953 3017 3000 memor,
3050 2939 3104 2992 in
3135 2937 3406 2992 Orientem
3433 2950 3486 2992 et
3513 2940 3652 2994 Loca
3682 2953 3888 3009 sancta,

2307 3028 2593 3097 navigavit,
2637 3043 2858 3081 amorem
2899 3028 3144 3096 ﬁliorum,
3189 3031 3382 3094 maiore
3425 3031 3475 3083 in
3524 3030 3682 3084 Deum
3720 3049 3894 3088 amore

2306 3127 2646 3183 contemnens,
2671 3127 2716 3172 et
2737 3119 2788 3171 in
2817 3118 2928 3172 sola
2957 3117 3232 3172 Eustochio
3257 3120 3385 3187 filia,
3415 3136 3528 3190 quia
3551 3132 3598 3175 et
3630 3123 3892 3193 Propositi

2305 3219 2352 3263 et
2381 3209 2714 3280 navigationis
2741 3209 2852 3280 ejus
2867 3225 3030 3262 comes
3041 3218 3167 3273 erat,
3189 3211 3523 3279 acquiescens.
3546 3211 3892 3269 Perlustratis

2305 3298 2710 3369 diligentissime
2737 3299 2904 3352 sacris
2931 3297 3130 3354 Iudaea:
3151 3300 3305 3366 locis,
3335 3309 3494 3370 atque
3521 3300 3736 3371 Egypti
3766 3319 3888 3358 mo-

2307 3391 2556 3447 nasteriis
2606 3390 2984 3446 Alexandriam
3017 3405 3184 3460 usque
3227 3405 3329 3445 una
3361 3407 3482 3446 cum
3515 3393 3840 3464 Hieronymo
3869 3437 3884 3460 ,

2303 3485 2357 3538 iu
2401 3484 2673 3537 Bethleem
2701 3483 2854 3551 juxta
2887 3481 3098 3536 Domini
3127 3497 3364 3551 prmsepe
3389 3485 3648 3539 consedit.
3684 3486 3756 3540 lbi
3786 3501 3889 3540 ex-

2305 3585 2510 3630 structo
2555 3574 2831 3644 Virginum
2884 3576 3230 3640 monasterio,
3261 3575 3346 3628 vix
3380 3575 3526 3630 dictu
3557 3586 3659 3642 est,
3693 3578 3889 3646 quibus

2303 3682 2362 3722 se
2393 3664 2648 3721 institutis
2676 3666 2743 3720 ad
2793 3666 3064 3736 Angelicaa
3110 3666 3243 3720 Vitae
3289 3666 3455 3722 instar
3497 3671 3883 3737 composuerit,

2302 3757 2601 3827 quibusque
2629 3756 2764 3810 alias
2793 3757 3054 3826 exemplis
3083 3773 3147 3812 ac
3179 3760 3460 3828 prmceplis
3487 3762 3706 3815 rexerit.
3741 3761 3888 3816 Inter

2301 3848 2749 3903 cumulatissimas
2787 3848 3011 3903 virtutes
3051 3848 3168 3918 ejus
3197 3849 3466 3904 eminebat
3491 3851 3887 3920 quodammodo

2302 3937 2593 4003 humilitas,
2623 3952 2742 4007 qua:
2769 3939 2934 4007 prium
2963 3939 3363 3992 Christianorum
3401 3949 3473 3993 est
3512 3940 3670 3993 virtus
3709 3956 3729 3995 ,ο
3769 3949 3885 3996 tum

2300 4029 2551 4101 patientia
2587 4043 2723 4099 pene
2762 4029 3047 4098 singularis
3085 4047 3099 4082 :
3147 4039 3486 4099 contemptus
3512 4032 3692 4086 saeculi
3721 4045 3884 4101 supra

2300 4122 2766 4178 admirabilitatem
2807 4139 2821 4176 :
2864 4124 2919 4176 in
2952 4137 3217 4192 pauperes
3257 4131 3432 4177 autem
3461 4134 3622 4194 atque
3651 4134 3886 4196 a-grotos

2299 4216 2495 4270 caritas
2520 4224 2576 4268 et
2605 4213 2882 4267 liberalitas
2912 4229 3031 4281 qua:
3055 4212 3323 4267 excedebat
3348 4215 3570 4268 modum.
3601 4215 3695 4269 llis
3721 4230 3882 4271 acce~

2299 4305 2459 4361 debat
2481 4304 2622 4374 jugis
2651 4304 3050 4371 Scripturarum
3079 4301 3377 4372 meditatio,
3407 4318 3511 4359 non
3539 4305 3656 4360 sine
3681 4305 3887 4375 lingua-

2299 4413 2417 4453 rum
2463 4395 2666 4453 (ἴε-πω)
2709 4405 2869 4466 atque
2901 4395 3178 4452 llebraicm
3216 4397 3427 4465 peritia,
3456 4412 3560 4468 quo
3587 4397 3751 4452 veluti
3781 4411 3891 4452 care

2300 4488 2416 4543 lesti
2437 4486 2632 4558 pabulo
2658 4487 2816 4542 vitam
2841 4488 3037 4542 animm
3061 4487 3418 4555 sustentabat,
3439 4498 3492 4542 et
3512 4487 3576 4542 ad
3601 4489 3883 4557 pietatem,

2297 4577 2705 4647 divinarumque
2734 4592 2914 4633 rerum
2944 4577 3225 4632 scientiam
3272 4579 3325 4632 in
3368 4579 3484 4633 dies
3524 4580 3690 4650 magis
3721 4581 3887 4650 proli-

2297 4668 2493 4724 ciebat.
2544 4667 2752 4737 Saepius
2779 4667 2984 4722 morbis
3013 4675 3235 4730 tentata,
3271 4679 3324 4722 et
3353 4667 3516 4737 fracto
3545 4667 3714 4734 senili,
3743 4668 3888 4721 debi-

2300 4759 2538 4830 litatoque
2567 4759 2889 4828 corpusculo,
2925 4769 3080 4814 tanta:
3103 4759 3428 4813 continentia:
3470 4758 3588 4821 fuit,
3623 4770 3680 4813 ut
3707 4774 3888 4828 neque

2311 4859 2435 4904 tunc
2459 4849 2697 4915 domum,
2725 4865 2885 4918 quum
2921 4849 3138 4919 jatnjant
3165 4849 3395 4903 animam
3437 4857 3636 4918 ageret,
3665 4851 3728 4901 ob
3753 4852 3888 4920 refe-

2297 4941 2514 4995 ctionem
2543 4941 2770 5008 corporis
2787 4939 2910 4993 vino
2941 4940 3015 4993 uti
3043 4939 3291 5005 voluerit,
3309 4953 3482 5008 neque
3505 4938 3570 4992 ad
3591 4938 3644 4992 id
3668 4940 3886 4995 exorari

2297 5047 2356 5087 se
2389 5047 2541 5101 passa
2573 5032 2644 5086 sit
2684 5032 2798 5086 sive
2841 5047 2870 5084 a
2899 5031 3134 5095 Medicis,
3168 5033 3281 5086 sive
3306 5031 3374 5086 ab
3403 5030 3753 5102 Hieronymo,
3787 5046 3884 5086 seu

2297 5123 2528 5192 denique
2555 5122 2624 5176 ab
2652 5137 2739 5187 eo,
2771 5123 2859 5191 qui
2892 5134 3015 5175 tunc
3037 5121 3242 5187 aderat,
3275 5137 3499 5176 summa;
3525 5122 3886 5190 cumpictatis

2299 5223 2409 5269 tum
2439 5213 2715 5284 dignitatis
2746 5213 2863 5266 viro
2892 5211 3052 5266 Beato
3085 5211 3229 5280 Papa
3277 5210 3592 5280 Epiphanio.
3645 5212 3884 5282 Denique

2296 5306 2571 5369 virtutum,
2600 5319 2720 5372 quas
2759 5318 2896 5372 pene
2925 5311 3178 5372 superant
3209 5301 3390 5365 Iidem,
3425 5301 3668 5356 laudibus
3696 5317 3884 5356 eumn.

2298 5396 2423 5460 lata,
2455 5393 2702 5448 Dormivit
2731 5393 2924 5449 Sancta
2951 5403 2996 5446 et
3026 5391 3183 5445 Beata
3212 5391 3404 5455 Paula,
3446 5397 3659 5462 septimo
3688 5392 3882 5446 KalCIP

2296 5490 2389 5544 das
2420 5487 2748 5554 Februarias,
2799 5487 2945 5540 tertia
2988 5485 3236 5540 Sabbatlti
3267 5496 3379 5554 post
3412 5485 3552 5540 Solis
3575 5486 3882 5538 accubitum.

2297 5581 2512 5640 Sepulta
2557 5590 2626 5635 est
2673 5580 2850 5649 quinto
2901 5576 3257 5631 Kalendarum
3303 5577 3616 5642 earumdem,
3652 5576 3882 5631 Honorio

2300 5676 2525 5742 Augusto
2553 5673 2711 5727 series
2735 5680 2780 5723 et
2801 5669 3097 5723 Aristcua'to
3119 5666 3442 5722 Consulibus.
3479 5667 3615 5723 Vixit
3640 5671 3694 5723 in
3713 5678 3884 5729 sancto
