  <div class='ocr_page' id='page_1' title='image "/cluster/home/n/w/nwhite01/storage/ocr_20150623/22/uva.x000826587/136.png"; bbox 0 0 4050 6188; ppageno 0'>
   <div class='ocr_carea' id='block_1_1' title="bbox 181 266 298 321">
    <p class='ocr_par' dir='ltr' id='par_1_1' title="bbox 181 266 298 321">
     <span class='ocr_line' id='line_1_1' title="bbox 181 266 298 321; baseline -0.009 0"><span class='ocrx_word' id='word_1_1' title='bbox 181 266 298 321; x_wconf 74' lang='grc'><strong>15⁸5</strong></span> 
     </span>
    </p>
   </div>
   <div class='ocr_carea' id='block_1_2' title="bbox 1454 266 2153 325">
    <p class='ocr_par' dir='ltr' id='par_1_2' title="bbox 1454 266 2153 325">
     <span class='ocr_line' id='line_1_2' title="bbox 1454 266 2153 325; baseline 0.004 -3"><span class='ocrx_word' id='word_1_2' title='bbox 1454 267 1513 322; x_wconf 88' lang='lat' dir='ltr'><strong><em>S.</em></strong></span> <span class='ocrx_word' id='word_1_3' title='bbox 1556 266 1935 323; x_wconf 73' lang='lat' dir='ltr'><strong><em>HIERONYMI</em></strong></span> <span class='ocrx_word' id='word_1_4' title='bbox 1976 266 2153 325; x_wconf 74' lang='lat' dir='ltr'><strong><em>VITA.</em></strong></span> 
     </span>
    </p>
   </div>
   <div class='ocr_carea' id='block_1_3' title="bbox 3380 292 3483 349">
    <p class='ocr_par' dir='ltr' id='par_1_3' title="bbox 3380 292 3483 349">
     <span class='ocr_line' id='line_1_3' title="bbox 3380 292 3483 349; baseline 0.039 -4"><span class='ocrx_word' id='word_1_5' title='bbox 3380 292 3483 349; x_wconf 65' lang='grc'><strong><em>154</em></strong></span> 
     </span>
    </p>
   </div>
   <div class='ocr_carea' id='block_1_4' title="bbox 183 378 3484 457">
    <p class='ocr_par' dir='ltr' id='par_1_4' title="bbox 183 378 3484 457">
     <span class='ocr_line' id='line_1_4' title="bbox 183 378 3484 457; baseline 0.004 -22"><span class='ocrx_word' id='word_1_6' title='bbox 183 380 480 450; x_wconf 68' lang='lat' dir='ltr'><strong><em>Proposito</em></strong></span> <span class='ocrx_word' id='word_1_7' title='bbox 531 380 710 435; x_wconf 68' lang='lat' dir='ltr'><strong><em>Romae</em></strong></span> <span class='ocrx_word' id='word_1_8' title='bbox 746 395 902 434; x_wconf 89' lang='lat' dir='ltr'><strong><em>annos</em></strong></span> <span class='ocrx_word' id='word_1_9' title='bbox 942 380 1181 451; x_wconf 87' lang='lat' dir='ltr'><strong><em>quinque,</em></strong></span> <span class='ocrx_word' id='word_1_10' title='bbox 1225 378 1483 433; x_wconf 85' lang='lat' dir='ltr'><strong><em>Bethleem</em></strong></span> <span class='ocrx_word' id='word_1_11' title='bbox 1524 396 1686 434; x_wconf 89' lang='lat' dir='ltr'><strong><em>annos</em></strong></span> <span class='ocrx_word' id='word_1_12' title='bbox 1715 380 1791 433; x_wconf 76' lang='grc' dir='ltr'><strong><em>υἱ·</em></strong></span> <span class='ocrx_word' id='word_1_13' title='bbox 1897 396 1997 433; x_wconf 88' lang='lat' dir='ltr'><strong><em>non</em></strong></span> <span class='ocrx_word' id='word_1_14' title='bbox 2037 381 2105 432; x_wconf 91' lang='lat' dir='ltr'><strong><em>ad</em></strong></span> <span class='ocrx_word' id='word_1_15' title='bbox 2146 383 2378 450; x_wconf 83' lang='lat' dir='ltr'><strong><em>proprias</em></strong></span> <span class='ocrx_word' id='word_1_16' title='bbox 2419 383 2647 438; x_wconf 90' lang='lat' dir='ltr'><strong><em>ducimus</em></strong></span> <span class='ocrx_word' id='word_1_17' title='bbox 2690 388 3023 457; x_wconf 69' lang='lat' dir='ltr'><strong><em>necessitates,</em></strong></span> <span class='ocrx_word' id='word_1_18' title='bbox 3049 393 3145 448; x_wconf 80' lang='lat' dir='ltr'><strong><em>sed</em></strong></span> <span class='ocrx_word' id='word_1_19' title='bbox 3170 396 3240 451; x_wconf 90' lang='lat' dir='ltr'><strong><em>ad</em></strong></span> <span class='ocrx_word' id='word_1_20' title='bbox 3264 396 3484 456; x_wconf 78' lang='lat' dir='ltr'><strong><em>Sancto.</em></strong></span> 
     </span>
    </p>
   </div>
   <div class='ocr_carea' id='block_1_5' title="bbox 184 468 1787 542">
    <p class='ocr_par' dir='ltr' id='par_1_5' title="bbox 184 468 1787 542">
     <span class='ocr_line' id='line_1_5' title="bbox 184 468 1787 542; baseline 0.001 -19"><span class='ocrx_word' id='word_1_21' title='bbox 184 472 345 542; x_wconf 82' lang='lat' dir='ltr'><strong><em>ginti.</em></strong></span> <span class='ocrx_word' id='word_1_22' title='bbox 392 468 561 524; x_wconf 81' lang='lat' dir='ltr'><strong><em>Omne</em></strong></span> <span class='ocrx_word' id='word_1_23' title='bbox 589 473 702 525; x_wconf 65' lang='lat' dir='ltr'><strong><em>vita;</em></strong></span> <span class='ocrx_word' id='word_1_24' title='bbox 726 480 919 539; x_wconf 86' lang='lat' dir='ltr'><strong><em>tempus</em></strong></span> <span class='ocrx_word' id='word_1_25' title='bbox 962 470 1186 541; x_wconf 79' lang='lat' dir='ltr'><strong><em>implevit</em></strong></span> <span class='ocrx_word' id='word_1_26' title='bbox 1222 472 1367 524; x_wconf 89' lang='lat' dir='ltr'><strong><em>annis</em></strong></span> <span class='ocrx_word' id='word_1_27' title='bbox 1418 472 1787 542; x_wconf 78' lang='lat' dir='ltr'><strong><em>quinquaginta</em></strong></span> 
     </span>
    </p>
   </div>
   <div class='ocr_carea' id='block_1_6' title="bbox 182 561 1382 631">
    <p class='ocr_par' dir='ltr' id='par_1_6' title="bbox 182 561 1382 631">
     <span class='ocr_line' id='line_1_6' title="bbox 182 561 1382 631; baseline -0.003 -16"><span class='ocrx_word' id='word_1_28' title='bbox 182 577 306 624; x_wconf 75' lang='lat' dir='ltr'><strong><em>sex,</em></strong></span> <span class='ocrx_word' id='word_1_29' title='bbox 339 561 595 615; x_wconf 84' lang='lat' dir='ltr'><strong><em>mensibus</em></strong></span> <span class='ocrx_word' id='word_1_30' title='bbox 624 571 754 625; x_wconf 86' lang='lat' dir='ltr'><strong><em>octo,</em></strong></span> <span class='ocrx_word' id='word_1_31' title='bbox 780 561 953 614; x_wconf 87' lang='lat' dir='ltr'><strong><em>diebus</em></strong></span> <span class='ocrx_word' id='word_1_32' title='bbox 981 561 1159 631; x_wconf 77' lang='lat' dir='ltr'><strong><em>viginti</em></strong></span> <span class='ocrx_word' id='word_1_33' title='bbox 1187 570 1233 614; x_wconf 89' lang='lat' dir='ltr'><strong><em>et</em></strong></span> <span class='ocrx_word' id='word_1_34' title='bbox 1263 577 1382 613; x_wconf 88' lang='lat' dir='ltr'><strong><em>uno.</em></strong></span> 
     </span>
    </p>
   </div>
   <div class='ocr_carea' id='block_1_7' title="bbox 266 651 1784 723">
    <p class='ocr_par' dir='ltr' id='par_1_7' title="bbox 266 651 1784 723">
     <span class='ocr_line' id='line_1_7' title="bbox 266 651 1784 723; baseline 0.002 -19"><span class='ocrx_word' id='word_1_35' title='bbox 266 651 629 723; x_wconf 80' lang='lat' dir='ltr'><strong><em>Hieronymus</em></strong></span> <span class='ocrx_word' id='word_1_36' title='bbox 656 653 744 721; x_wconf 91' lang='lat' dir='ltr'><strong><em>qui</em></strong></span> <span class='ocrx_word' id='word_1_37' title='bbox 776 661 852 706; x_wconf 91' lang='lat' dir='ltr'><strong><em>tot</em></strong></span> <span class='ocrx_word' id='word_1_38' title='bbox 877 651 993 721; x_wconf 83' lang='lat' dir='ltr'><strong><em>ejus</em></strong></span> <span class='ocrx_word' id='word_1_39' title='bbox 1014 654 1269 706; x_wconf 87' lang='lat' dir='ltr'><strong><em>virtutum</em></strong></span> <span class='ocrx_word' id='word_1_40' title='bbox 1299 659 1591 721; x_wconf 86' lang='lat' dir='ltr'><strong><em>perpetuus</em></strong></span> <span class='ocrx_word' id='word_1_41' title='bbox 1612 651 1784 708; x_wconf 87' lang='lat' dir='ltr'><strong><em>fuerat</em></strong></span> 
     </span>
    </p>
   </div>
   <div class='ocr_carea' id='block_1_8' title="bbox 180 743 1781 814">
    <p class='ocr_par' dir='ltr' id='par_1_8' title="bbox 180 743 1781 814">
     <span class='ocr_line' id='line_1_8' title="bbox 180 743 1781 814; baseline 0.001 -18"><span class='ocrx_word' id='word_1_42' title='bbox 180 743 514 808; x_wconf 77' lang='lat' dir='ltr'><strong><em>admirator,</em></strong></span> <span class='ocrx_word' id='word_1_43' title='bbox 548 754 696 799; x_wconf 90' lang='lat' dir='ltr'><strong><em>tanto</em></strong></span> <span class='ocrx_word' id='word_1_44' title='bbox 721 744 884 799; x_wconf 91' lang='lat' dir='ltr'><strong><em>animi</em></strong></span> <span class='ocrx_word' id='word_1_45' title='bbox 907 759 1139 799; x_wconf 68' lang='lat' dir='ltr'><strong><em>mmrore</em></strong></span> <span class='ocrx_word' id='word_1_46' title='bbox 1156 744 1437 814; x_wconf 90' lang='lat' dir='ltr'><strong><em>perculsus</em></strong></span> <span class='ocrx_word' id='word_1_47' title='bbox 1457 753 1559 806; x_wconf 87' lang='lat' dir='ltr'><strong><em>est,</em></strong></span> <span class='ocrx_word' id='word_1_48' title='bbox 1584 754 1641 797; x_wconf 90' lang='lat' dir='ltr'><strong><em>ut</em></strong></span> <span class='ocrx_word' id='word_1_49' title='bbox 1661 760 1781 798; x_wconf 90' lang='lat' dir='ltr'><strong><em>cum</em></strong></span> 
     </span>
    </p>
   </div>
   <div class='ocr_carea' id='block_1_9' title="bbox 180 833 1783 905">
    <p class='ocr_par' dir='ltr' id='par_1_9' title="bbox 180 833 1783 905">
     <span class='ocr_line' id='line_1_9' title="bbox 180 833 1783 905; baseline 0.001 -17"><span class='ocrx_word' id='word_1_50' title='bbox 180 835 448 905; x_wconf 82' lang='lat' dir='ltr'><strong><em>prosequi</em></strong></span> <span class='ocrx_word' id='word_1_51' title='bbox 478 849 596 890; x_wconf 88' lang='lat' dir='ltr'><strong><em>eam</em></strong></span> <span class='ocrx_word' id='word_1_52' title='bbox 626 835 878 890; x_wconf 84' lang='lat' dir='ltr'><strong><em>laudibus</em></strong></span> <span class='ocrx_word' id='word_1_53' title='bbox 918 834 1099 897; x_wconf 77' lang='lat' dir='ltr'><strong><em>vellet,</em></strong></span> <span class='ocrx_word' id='word_1_54' title='bbox 1141 835 1300 905; x_wconf 79' lang='lat' dir='ltr'><strong><em>idque</em></strong></span> <span class='ocrx_word' id='word_1_55' title='bbox 1341 833 1633 890; x_wconf 86' lang='lat' dir='ltr'><strong><em>Eustochio</em></strong></span> <span class='ocrx_word' id='word_1_56' title='bbox 1662 834 1783 889; x_wconf 79' lang='lat' dir='ltr'><strong><em>lilia:</em></strong></span> 
     </span>
    </p>
   </div>
   <div class='ocr_carea' id='block_1_10' title="bbox 182 923 1779 997">
    <p class='ocr_par' dir='ltr' id='par_1_10' title="bbox 182 923 1779 997">
     <span class='ocr_line' id='line_1_10' title="bbox 182 923 1779 997; baseline 0 -19"><span class='ocrx_word' id='word_1_57' title='bbox 182 926 516 994; x_wconf 91' lang='lat' dir='ltr'><strong><em>recepisset,</em></strong></span> <span class='ocrx_word' id='word_1_58' title='bbox 536 926 845 997; x_wconf 79' lang='lat' dir='ltr'><strong><em>aliquandiu</em></strong></span> <span class='ocrx_word' id='word_1_59' title='bbox 871 942 979 996; x_wconf 74' lang='lat' dir='ltr'><strong><em>pra:</em></strong></span> <span class='ocrx_word' id='word_1_60' title='bbox 1001 925 1189 979; x_wconf 90' lang='lat' dir='ltr'><strong><em>dolore</em></strong></span> <span class='ocrx_word' id='word_1_61' title='bbox 1216 941 1321 980; x_wconf 90' lang='lat' dir='ltr'><strong><em>non</em></strong></span> <span class='ocrx_word' id='word_1_62' title='bbox 1347 925 1592 997; x_wconf 80' lang='lat' dir='ltr'><strong><em>valuerit.</em></strong></span> <span class='ocrx_word' id='word_1_63' title='bbox 1622 923 1779 989; x_wconf 80' lang='lat' dir='ltr'><strong><em>Nam,</em></strong></span> 
     </span>
    </p>
   </div>
   <div class='ocr_carea' id='block_1_11' title="bbox 175 1016 1783 1087">
    <p class='ocr_par' dir='ltr' id='par_1_11' title="bbox 175 1016 1783 1087">
     <span class='ocr_line' id='line_1_11' title="bbox 175 1016 1783 1087; baseline 0.001 -18"><span class='ocrx_word' id='word_1_64' title='bbox 175 1016 388 1085; x_wconf 85' lang='lat' dir='ltr'><strong><em>inquit,</em></strong></span> <span class='ocrx_word' id='word_1_65' title='bbox 425 1018 842 1087; x_wconf 70' lang='lat' dir='ltr'><strong><em>quotiescumque</em></strong></span> <span class='ocrx_word' id='word_1_66' title='bbox 865 1018 1037 1072; x_wconf 88' lang='lat' dir='ltr'><strong><em>stilum</em></strong></span> <span class='ocrx_word' id='word_1_67' title='bbox 1063 1018 1217 1087; x_wconf 80' lang='lat' dir='ltr'><strong><em>ﬁgere</em></strong></span> <span class='ocrx_word' id='word_1_68' title='bbox 1242 1018 1397 1081; x_wconf 77' lang='lat' dir='ltr'><strong><em>volui,</em></strong></span> <span class='ocrx_word' id='word_1_69' title='bbox 1423 1026 1472 1071; x_wconf 85' lang='lat' dir='ltr'><strong><em>et</em></strong></span> <span class='ocrx_word' id='word_1_70' title='bbox 1498 1033 1627 1082; x_wconf 85' lang='lat' dir='ltr'><strong><em>opus</em></strong></span> <span class='ocrx_word' id='word_1_71' title='bbox 1659 1032 1783 1070; x_wconf 77' lang='lat' dir='ltr'><strong><em>exa-</em></strong></span> 
     </span>
    </p>
   </div>
   <div class='ocr_carea' id='block_1_12' title="bbox 171 1108 1776 1186">
    <p class='ocr_par' dir='ltr' id='par_1_12' title="bbox 171 1108 1776 1186">
     <span class='ocr_line' id='line_1_12' title="bbox 171 1108 1776 1186; baseline 0.001 -29"><span class='ocrx_word' id='word_1_72' title='bbox 171 1122 300 1159; x_wconf 85' lang='lat' dir='ltr'><strong><em>rare</em></strong></span> <span class='ocrx_word' id='word_1_73' title='bbox 317 1110 655 1177; x_wconf 84' lang='lat' dir='ltr'><strong><em>promissum,</em></strong></span> <span class='ocrx_word' id='word_1_74' title='bbox 675 1110 819 1163; x_wconf 89' lang='lat' dir='ltr'><strong><em>toties</em></strong></span> <span class='ocrx_word' id='word_1_75' title='bbox 835 1110 1157 1186; x_wconf 83' lang='lat' dir='ltr'><strong><em>obriguerunt</em></strong></span> <span class='ocrx_word' id='word_1_76' title='bbox 1184 1110 1351 1179; x_wconf 88' lang='lat' dir='ltr'><strong><em>digiti,</em></strong></span> <span class='ocrx_word' id='word_1_77' title='bbox 1374 1108 1552 1162; x_wconf 84' lang='lat' dir='ltr'><strong><em>cecidit</em></strong></span> <span class='ocrx_word' id='word_1_78' title='bbox 1575 1121 1776 1168; x_wconf 88' lang='lat' dir='ltr'><strong><em>manus,</em></strong></span> 
     </span>
    </p>
   </div>
   <div class='ocr_carea' id='block_1_13' title="bbox 167 1198 1777 1270">
    <p class='ocr_par' dir='ltr' id='par_1_13' title="bbox 167 1198 1777 1270">
     <span class='ocr_line' id='line_1_13' title="bbox 167 1198 1777 1270; baseline -0.001 -20"><span class='ocrx_word' id='word_1_79' title='bbox 167 1214 365 1252; x_wconf 83' lang='lat' dir='ltr'><strong><em>sensus</em></strong></span> <span class='ocrx_word' id='word_1_80' title='bbox 393 1200 638 1270; x_wconf 88' lang='lat' dir='ltr'><strong><em>elanguit.</em></strong></span> <span class='ocrx_word' id='word_1_81' title='bbox 690 1200 1055 1270; x_wconf 84' lang='lat' dir='ltr'><strong><em>Prosequutus</em></strong></span> <span class='ocrx_word' id='word_1_82' title='bbox 1080 1210 1163 1255; x_wconf 88' lang='lat' dir='ltr'><strong><em>est</em></strong></span> <span class='ocrx_word' id='word_1_83' title='bbox 1194 1210 1395 1266; x_wconf 84' lang='lat' dir='ltr'><strong><em>tamen,</em></strong></span> <span class='ocrx_word' id='word_1_84' title='bbox 1422 1208 1477 1253; x_wconf 90' lang='lat' dir='ltr'><strong><em>et</em></strong></span> <span class='ocrx_word' id='word_1_85' title='bbox 1502 1198 1634 1253; x_wconf 88' lang='lat' dir='ltr'><strong><em>satis</em></strong></span> <span class='ocrx_word' id='word_1_86' title='bbox 1662 1212 1777 1250; x_wconf 91' lang='lat' dir='ltr'><strong><em>ma-</em></strong></span> 
     </span>
    </p>
   </div>
   <div class='ocr_carea' id='block_1_14' title="bbox 162 1290 1778 1361">
    <p class='ocr_par' dir='ltr' id='par_1_14' title="bbox 162 1290 1778 1361">
     <span class='ocr_line' id='line_1_14' title="bbox 162 1290 1778 1361; baseline 0 -20"><span class='ocrx_word' id='word_1_87' title='bbox 162 1290 382 1358; x_wconf 75' lang='lat' dir='ltr'><strong><em>gnifice</em></strong></span> <span class='ocrx_word' id='word_1_88' title='bbox 414 1291 557 1345; x_wconf 82' lang='lat' dir='ltr'><strong>haud</strong></span> <span class='ocrx_word' id='word_1_89' title='bbox 586 1292 755 1345; x_wconf 80' lang='lat' dir='ltr'><strong><em>inulto</em></strong></span> <span class='ocrx_word' id='word_1_90' title='bbox 788 1300 928 1361; x_wconf 89' lang='lat' dir='ltr'><strong><em>post,</em></strong></span> <span class='ocrx_word' id='word_1_91' title='bbox 955 1292 1153 1347; x_wconf 86' lang='lat' dir='ltr'><strong><em>dictata</em></strong></span> <span class='ocrx_word' id='word_1_92' title='bbox 1178 1292 1245 1345; x_wconf 89' lang='lat' dir='ltr'><strong><em>ad</em></strong></span> <span class='ocrx_word' id='word_1_93' title='bbox 1278 1292 1405 1345; x_wconf 81' lang='lat' dir='ltr'><strong><em>duas</em></strong></span> <span class='ocrx_word' id='word_1_94' title='bbox 1432 1290 1778 1345; x_wconf 63' lang='lat' dir='ltr'><strong><em>lucubratiuno</em></strong></span> 
     </span>
    </p>
   </div>
   <div class='ocr_carea' id='block_1_15' title="bbox 165 1378 1780 1449">
    <p class='ocr_par' dir='ltr' id='par_1_15' title="bbox 165 1378 1780 1449">
     <span class='ocr_line' id='line_1_15' title="bbox 165 1378 1780 1449; baseline 0.002 -19"><span class='ocrx_word' id='word_1_95' title='bbox 165 1379 320 1433; x_wconf 82' lang='lat' dir='ltr'><strong><em>calas</em></strong></span> <span class='ocrx_word' id='word_1_96' title='bbox 364 1381 527 1444; x_wconf 86' lang='lat' dir='ltr'><strong><em>libro,</em></strong></span> <span class='ocrx_word' id='word_1_97' title='bbox 574 1381 687 1435; x_wconf 89' lang='lat' dir='ltr'><strong><em>sive</em></strong></span> <span class='ocrx_word' id='word_1_98' title='bbox 732 1382 993 1449; x_wconf 82' lang='lat' dir='ltr'><strong><em>Epistola,</em></strong></span> <span class='ocrx_word' id='word_1_99' title='bbox 1022 1384 1106 1435; x_wconf 91' lang='lat' dir='ltr'><strong><em>cui</em></strong></span> <span class='ocrx_word' id='word_1_100' title='bbox 1140 1382 1349 1435; x_wconf 88' lang='lat' dir='ltr'><strong><em>titulum</em></strong></span> <span class='ocrx_word' id='word_1_101' title='bbox 1376 1382 1443 1436; x_wconf 86' lang='lat' dir='ltr'><strong><em>de</em></strong></span> <span class='ocrx_word' id='word_1_102' title='bbox 1471 1396 1620 1435; x_wconf 90' lang='lat' dir='ltr'><strong><em>more</em></strong></span> <span class='ocrx_word' id='word_1_103' title='bbox 1651 1378 1780 1447; x_wconf 85' lang='lat' dir='ltr'><strong><em>Epi-</em></strong></span> 
     </span>
    </p>
   </div>
   <div class='ocr_carea' id='block_1_16' title="bbox 168 1470 1777 1540">
    <p class='ocr_par' dir='ltr' id='par_1_16' title="bbox 168 1470 1777 1540">
     <span class='ocr_line' id='line_1_16' title="bbox 168 1470 1777 1540; baseline 0.001 -19"><span class='ocrx_word' id='word_1_104' title='bbox 168 1471 423 1537; x_wconf 80' lang='lat' dir='ltr'><strong><em>taphium</em></strong></span> <span class='ocrx_word' id='word_1_105' title='bbox 455 1470 601 1535; x_wconf 87' lang='lat' dir='ltr'><strong><em>fecit,</em></strong></span> <span class='ocrx_word' id='word_1_106' title='bbox 631 1472 915 1540; x_wconf 87' lang='lat' dir='ltr'><strong><em>eidemque</em></strong></span> <span class='ocrx_word' id='word_1_107' title='bbox 941 1470 1446 1540; x_wconf 76' lang='lat' dir='ltr'><strong><em>VirginiEustochio</em></strong></span> <span class='ocrx_word' id='word_1_108' title='bbox 1486 1470 1777 1539; x_wconf 82' lang='lat' dir='ltr'><strong><em>inscripsit.</em></strong></span> 
     </span>
    </p>
   </div>
   <div class='ocr_carea' id='block_1_17' title="bbox 165 1558 1775 1617">
    <p class='ocr_par' dir='ltr' id='par_1_17' title="bbox 165 1558 1775 1617">
     <span class='ocr_line' id='line_1_17' title="bbox 165 1558 1775 1617; baseline 0 -5"><span class='ocrx_word' id='word_1_109' title='bbox 165 1558 243 1612; x_wconf 84' lang='lat' dir='ltr'><strong><em>Ea</em></strong></span> <span class='ocrx_word' id='word_1_110' title='bbox 275 1572 433 1611; x_wconf 87' lang='lat' dir='ltr'><strong><em>nunc</em></strong></span> <span class='ocrx_word' id='word_1_111' title='bbox 462 1558 637 1615; x_wconf 85' lang='lat' dir='ltr'><strong><em>locum</em></strong></span> <span class='ocrx_word' id='word_1_112' title='bbox 671 1568 813 1612; x_wconf 86' lang='lat' dir='ltr'><strong><em>tenet</em></strong></span> <span class='ocrx_word' id='word_1_113' title='bbox 846 1561 895 1611; x_wconf 88' lang='lat' dir='ltr'><strong><em>in</em></strong></span> <span class='ocrx_word' id='word_1_114' title='bbox 924 1560 1237 1615; x_wconf 83' lang='lat' dir='ltr'><strong><em>recensione</em></strong></span> <span class='ocrx_word' id='word_1_115' title='bbox 1266 1571 1443 1613; x_wconf 84' lang='lat' dir='ltr'><strong><em>nostra</em></strong></span> <span class='ocrx_word' id='word_1_116' title='bbox 1488 1558 1664 1617; x_wconf 81' lang='lat' dir='ltr'><strong><em>CVIII.</em></strong></span> <span class='ocrx_word' id='word_1_117' title='bbox 1712 1573 1775 1612; x_wconf 83' lang='lat' dir='ltr'><strong><em>ex</em></strong></span> 
     </span>
    </p>
   </div>
   <div class='ocr_carea' id='block_1_18' title="bbox 164 1649 1773 1719">
    <p class='ocr_par' dir='ltr' id='par_1_18' title="bbox 164 1649 1773 1719">
     <span class='ocr_line' id='line_1_18' title="bbox 164 1649 1773 1719; baseline 0.001 -18"><span class='ocrx_word' id='word_1_118' title='bbox 164 1664 269 1719; x_wconf 88' lang='lat' dir='ltr'><strong><em>qua</em></strong></span> <span class='ocrx_word' id='word_1_119' title='bbox 296 1649 415 1704; x_wconf 74' lang='lat' dir='ltr'><strong><em>ill-.e</em></strong></span> <span class='ocrx_word' id='word_1_120' title='bbox 444 1650 603 1705; x_wconf 83' lang='lat' dir='ltr'><strong><em>etiam</em></strong></span> <span class='ocrx_word' id='word_1_121' title='bbox 630 1649 902 1719; x_wconf 75' lang='lat' dir='ltr'><strong><em>pleneque</em></strong></span> <span class='ocrx_word' id='word_1_122' title='bbox 948 1666 1134 1704; x_wconf 89' lang='lat' dir='ltr'><strong><em>omnes</em></strong></span> <span class='ocrx_word' id='word_1_123' title='bbox 1163 1650 1613 1718; x_wconf 64' lang='lat' dir='ltr'><strong><em>desumptarsunt,</em></strong></span> <span class='ocrx_word' id='word_1_124' title='bbox 1640 1664 1773 1718; x_wconf 86' lang='lat' dir='ltr'><strong><em>quas</em></strong></span> 
     </span>
    </p>
   </div>
   <div class='ocr_carea' id='block_1_19' title="bbox 164 1738 1334 1794">
    <p class='ocr_par' dir='ltr' id='par_1_19' title="bbox 164 1738 1334 1794">
     <span class='ocr_line' id='line_1_19' title="bbox 164 1738 1334 1794; baseline -0.003 -1"><span class='ocrx_word' id='word_1_125' title='bbox 164 1739 339 1793; x_wconf 87' lang='lat' dir='ltr'><strong><em>modo</em></strong></span> <span class='ocrx_word' id='word_1_126' title='bbox 374 1739 433 1793; x_wconf 89' lang='lat' dir='ltr'><strong><em>S.</em></strong></span> <span class='ocrx_word' id='word_1_127' title='bbox 464 1738 718 1793; x_wconf 76' lang='lat' dir='ltr'><strong><em>Matrona:</em></strong></span> <span class='ocrx_word' id='word_1_128' title='bbox 748 1739 935 1793; x_wconf 86' lang='lat' dir='ltr'><strong><em>laudes</em></strong></span> <span class='ocrx_word' id='word_1_129' title='bbox 964 1739 1334 1794; x_wconf 81' lang='lat' dir='ltr'><strong><em>delibavimus.</em></strong></span> 
     </span>
    </p>
   </div>
   <div class='ocr_carea' id='block_1_20' title="bbox 235 1827 1767 1901">
    <p class='ocr_par' dir='ltr' id='par_1_20' title="bbox 235 1827 1767 1901">
     <span class='ocr_line' id='line_1_20' title="bbox 235 1827 1767 1901; baseline 0 -21"><span class='ocrx_word' id='word_1_130' title='bbox 235 1828 310 1881; x_wconf 73' lang='grc' dir='ltr'><strong>ν.</strong></span> <span class='ocrx_word' id='word_1_131' title='bbox 375 1829 626 1883; x_wconf 84' lang='lat' dir='ltr'><strong><em>Dedimus</em></strong></span> <span class='ocrx_word' id='word_1_132' title='bbox 674 1844 887 1901; x_wconf 89' lang='lat' dir='ltr'><strong><em>quoque</em></strong></span> <span class='ocrx_word' id='word_1_133' title='bbox 934 1828 1011 1883; x_wconf 89' lang='lat' dir='ltr'><strong><em>illi</em></strong></span> <span class='ocrx_word' id='word_1_134' title='bbox 1061 1828 1199 1884; x_wconf 87' lang='lat' dir='ltr'><strong><em>inter</em></strong></span> <span class='ocrx_word' id='word_1_135' title='bbox 1229 1827 1386 1895; x_wconf 84' lang='lat' dir='ltr'><strong><em>hujus</em></strong></span> <span class='ocrx_word' id='word_1_136' title='bbox 1413 1828 1540 1881; x_wconf 85' lang='lat' dir='ltr'><strong><em>anni</em></strong></span> <span class='ocrx_word' id='word_1_137' title='bbox 1569 1827 1767 1897; x_wconf 89' lang='lat' dir='ltr'><strong><em>scripta</em></strong></span> 
     </span>
    </p>
   </div>
   <div class='ocr_carea' id='block_1_21' title="bbox 162 1916 1764 1988">
    <p class='ocr_par' dir='ltr' id='par_1_21' title="bbox 162 1916 1764 1988">
     <span class='ocr_line' id='line_1_21' title="bbox 162 1916 1764 1988; baseline -0.001 -16"><span class='ocrx_word' id='word_1_138' title='bbox 162 1919 413 1988; x_wconf 85' lang='lat' dir='ltr'><strong><em>priorem</em></strong></span> <span class='ocrx_word' id='word_1_139' title='bbox 447 1919 621 1973; x_wconf 90' lang='lat' dir='ltr'><strong><em>locum</em></strong></span> <span class='ocrx_word' id='word_1_140' title='bbox 654 1936 667 1971; x_wconf 91' lang='lat'><strong>:</strong></span> <span class='ocrx_word' id='word_1_141' title='bbox 695 1933 817 1972; x_wconf 90' lang='lat' dir='ltr'><strong><em>cum</em></strong></span> <span class='ocrx_word' id='word_1_142' title='bbox 844 1919 991 1973; x_wconf 90' lang='lat' dir='ltr'><strong><em>enim</em></strong></span> <span class='ocrx_word' id='word_1_143' title='bbox 1024 1933 1210 1971; x_wconf 80' lang='lat' dir='ltr'><strong><em>mense</em></strong></span> <span class='ocrx_word' id='word_1_144' title='bbox 1240 1916 1516 1981; x_wconf 82' lang='lat' dir='ltr'><strong><em>Januario,</em></strong></span> <span class='ocrx_word' id='word_1_145' title='bbox 1548 1917 1764 1975; x_wconf 80' lang='lat' dir='ltr'><strong>vixdum</strong></span> 
     </span>
    </p>
   </div>
   <div class='ocr_carea' id='block_1_22' title="bbox 162 2008 1764 2082">
    <p class='ocr_par' dir='ltr' id='par_1_22' title="bbox 162 2008 1764 2082">
     <span class='ocr_line' id='line_1_22' title="bbox 162 2008 1764 2082; baseline -0.001 -15"><span class='ocrx_word' id='word_1_146' title='bbox 162 2013 415 2068; x_wconf 81' lang='lat' dir='ltr'><strong><em>medium</em></strong></span> <span class='ocrx_word' id='word_1_147' title='bbox 448 2012 850 2082; x_wconf 69' lang='lat' dir='ltr'><strong><em>praetergressi),</em></strong></span> <span class='ocrx_word' id='word_1_148' title='bbox 882 2010 1074 2065; x_wconf 86' lang='lat' dir='ltr'><strong><em>Sancta</em></strong></span> <span class='ocrx_word' id='word_1_149' title='bbox 1104 2010 1190 2063; x_wconf 90' lang='lat' dir='ltr'><strong><em>illa</em></strong></span> <span class='ocrx_word' id='word_1_150' title='bbox 1223 2009 1416 2065; x_wconf 78' lang='lat' dir='ltr'><strong><em>femina</em></strong></span> <span class='ocrx_word' id='word_1_151' title='bbox 1443 2009 1669 2065; x_wconf 84' lang='lat' dir='ltr'><strong><em>avolarit</em></strong></span> <span class='ocrx_word' id='word_1_152' title='bbox 1697 2008 1764 2065; x_wconf 85' lang='lat' dir='ltr'><strong><em>ad</em></strong></span> 
     </span>
    </p>
   </div>
   <div class='ocr_carea' id='block_1_23' title="bbox 161 2102 1762 2173">
    <p class='ocr_par' dir='ltr' id='par_1_23' title="bbox 161 2102 1762 2173">
     <span class='ocr_line' id='line_1_23' title="bbox 161 2102 1762 2173; baseline -0.002 -15"><span class='ocrx_word' id='word_1_153' title='bbox 161 2120 423 2173; x_wconf 85' lang='lat' dir='ltr'><strong><em>superos,</em></strong></span> <span class='ocrx_word' id='word_1_154' title='bbox 457 2105 674 2158; x_wconf 88' lang='lat' dir='ltr'><strong><em>minime</em></strong></span> <span class='ocrx_word' id='word_1_155' title='bbox 705 2104 875 2156; x_wconf 86' lang='lat' dir='ltr'><strong><em>visum</em></strong></span> <span class='ocrx_word' id='word_1_156' title='bbox 908 2111 990 2158; x_wconf 75' lang='lat' dir='ltr'><strong><em>est</em></strong></span> <span class='ocrx_word' id='word_1_157' title='bbox 1018 2103 1344 2164; x_wconf 85' lang='lat' dir='ltr'><strong><em>verosimile.</em></strong></span> <span class='ocrx_word' id='word_1_158' title='bbox 1378 2102 1762 2172; x_wconf 79' lang='lat' dir='ltr'><strong><em>Hieronymum</em></strong></span> 
     </span>
    </p>
   </div>
   <div class='ocr_carea' id='block_1_24' title="bbox 168 2193 1763 2266">
    <p class='ocr_par' dir='ltr' id='par_1_24' title="bbox 168 2193 1763 2266">
     <span class='ocr_line' id='line_1_24' title="bbox 168 2193 1763 2266; baseline -0.003 -17"><span class='ocrx_word' id='word_1_159' title='bbox 168 2206 467 2266; x_wconf 75' lang='lat' dir='ltr'><strong><em>postquam</em></strong></span> <span class='ocrx_word' id='word_1_160' title='bbox 491 2198 559 2249; x_wconf 90' lang='lat' dir='ltr'><strong><em>ab</em></strong></span> <span class='ocrx_word' id='word_1_161' title='bbox 583 2196 673 2253; x_wconf 87' lang='lat' dir='ltr'><strong><em>illo</em></strong></span> <span class='ocrx_word' id='word_1_162' title='bbox 696 2193 987 2248; x_wconf 86' lang='lat' dir='ltr'><strong><em>infortunio</em></strong></span> <span class='ocrx_word' id='word_1_163' title='bbox 1014 2194 1316 2263; x_wconf 72' lang='lat' dir='ltr'><strong><em>respiravit,</em></strong></span> <span class='ocrx_word' id='word_1_164' title='bbox 1346 2204 1503 2263; x_wconf 81' lang='lat' dir='ltr'><strong>alque</strong></span> <span class='ocrx_word' id='word_1_165' title='bbox 1526 2194 1763 2246; x_wconf 90' lang='lat' dir='ltr'><strong><em>animum</em></strong></span> 
     </span>
    </p>
   </div>
   <div class='ocr_carea' id='block_1_25' title="bbox 161 2285 1763 2356">
    <p class='ocr_par' dir='ltr' id='par_1_25' title="bbox 161 2285 1763 2356">
     <span class='ocr_line' id='line_1_25' title="bbox 161 2285 1763 2356; baseline -0.001 -19"><span class='ocrx_word' id='word_1_166' title='bbox 161 2287 453 2354; x_wconf 78' lang='lat' dir='ltr'><strong><em>appellere</em></strong></span> <span class='ocrx_word' id='word_1_167' title='bbox 497 2287 563 2340; x_wconf 80' lang='lat' dir='ltr'><strong><em>ad</em></strong></span> <span class='ocrx_word' id='word_1_168' title='bbox 612 2285 952 2342; x_wconf 90' lang='lat' dir='ltr'><strong><em>scribendum</em></strong></span> <span class='ocrx_word' id='word_1_169' title='bbox 1012 2286 1203 2356; x_wconf 88' lang='lat' dir='ltr'><strong><em>potuit,</em></strong></span> <span class='ocrx_word' id='word_1_170' title='bbox 1256 2286 1322 2337; x_wconf 90' lang='lat' dir='ltr'><strong><em>ah</em></strong></span> <span class='ocrx_word' id='word_1_171' title='bbox 1364 2286 1466 2337; x_wconf 85' lang='lat' dir='ltr'><strong><em>alia</em></strong></span> <span class='ocrx_word' id='word_1_172' title='bbox 1514 2300 1763 2339; x_wconf 81' lang='lat' dir='ltr'><strong><em>exorsum</em></strong></span> 
     </span>
    </p>
   </div>
   <div class='ocr_carea' id='block_1_26' title="bbox 159 2377 1762 2449">
    <p class='ocr_par' dir='ltr' id='par_1_26' title="bbox 159 2377 1762 2449">
     <span class='ocr_line' id='line_1_26' title="bbox 159 2377 1762 2449; baseline -0.001 -19"><span class='ocrx_word' id='word_1_173' title='bbox 159 2377 471 2447; x_wconf 85' lang='lat' dir='ltr'><strong><em>scriptione</em></strong></span> <span class='ocrx_word' id='word_1_174' title='bbox 498 2394 654 2446; x_wconf 90' lang='lat' dir='ltr'><strong><em>quam</em></strong></span> <span class='ocrx_word' id='word_1_175' title='bbox 703 2378 826 2441; x_wconf 87' lang='lat' dir='ltr'><strong><em>ista,</em></strong></span> <span class='ocrx_word' id='word_1_176' title='bbox 875 2393 994 2449; x_wconf 78' lang='lat' dir='ltr'><strong><em>qua:</em></strong></span> <span class='ocrx_word' id='word_1_177' title='bbox 1043 2387 1094 2430; x_wconf 88' lang='lat' dir='ltr'><strong><em>et</em></strong></span> <span class='ocrx_word' id='word_1_178' title='bbox 1139 2378 1287 2429; x_wconf 87' lang='lat' dir='ltr'><strong><em>cordi</em></strong></span> <span class='ocrx_word' id='word_1_179' title='bbox 1321 2377 1419 2445; x_wconf 88' lang='lat' dir='ltr'><strong><em>ipsi</em></strong></span> <span class='ocrx_word' id='word_1_180' title='bbox 1451 2386 1566 2429; x_wconf 89' lang='lat' dir='ltr'><strong><em>erat</em></strong></span> <span class='ocrx_word' id='word_1_181' title='bbox 1607 2392 1762 2444; x_wconf 83' lang='lat' dir='ltr'><strong><em>quam</em></strong></span> 
     </span>
    </p>
   </div>
   <div class='ocr_carea' id='block_1_27' title="bbox 161 2467 1764 2536">
    <p class='ocr_par' dir='ltr' id='par_1_27' title="bbox 161 2467 1764 2536">
     <span class='ocr_line' id='line_1_27' title="bbox 161 2467 1764 2536; baseline -0.001 -16"><span class='ocrx_word' id='word_1_182' title='bbox 161 2468 318 2535; x_wconf 84' lang='lat' dir='ltr'><strong><em>quod</em></strong></span> <span class='ocrx_word' id='word_1_183' title='bbox 364 2468 618 2528; x_wconf 84' lang='lat' dir='ltr'><strong><em>maxime,</em></strong></span> <span class='ocrx_word' id='word_1_184' title='bbox 646 2477 700 2522; x_wconf 89' lang='lat' dir='ltr'><strong><em>et</em></strong></span> <span class='ocrx_word' id='word_1_185' title='bbox 730 2468 1005 2522; x_wconf 72' lang='lat' dir='ltr'><strong><em>memoria:</em></strong></span> <span class='ocrx_word' id='word_1_186' title='bbox 1035 2468 1178 2520; x_wconf 90' lang='lat' dir='ltr'><strong><em>illius</em></strong></span> <span class='ocrx_word' id='word_1_187' title='bbox 1203 2469 1337 2536; x_wconf 78' lang='lat' dir='ltr'><strong><em>grati</em></strong></span> <span class='ocrx_word' id='word_1_188' title='bbox 1366 2482 1578 2536; x_wconf 87' lang='lat' dir='ltr'><strong><em>quoque</em></strong></span> <span class='ocrx_word' id='word_1_189' title='bbox 1601 2467 1764 2520; x_wconf 88' lang='lat' dir='ltr'><strong><em>animi</em></strong></span> 
     </span>
    </p>
   </div>
   <div class='ocr_carea' id='block_1_28' title="bbox 163 2555 1764 2627">
    <p class='ocr_par' dir='ltr' id='par_1_28' title="bbox 163 2555 1764 2627">
     <span class='ocr_line' id='line_1_28' title="bbox 163 2555 1764 2627; baseline 0 -17"><span class='ocrx_word' id='word_1_190' title='bbox 163 2571 338 2610; x_wconf 80' lang='lat' dir='ltr'><strong><em>sensu</em></strong></span> <span class='ocrx_word' id='word_1_191' title='bbox 366 2555 564 2610; x_wconf 89' lang='lat' dir='ltr'><strong><em>debita.</em></strong></span> <span class='ocrx_word' id='word_1_192' title='bbox 594 2557 676 2609; x_wconf 87' lang='lat' dir='ltr'><strong><em>Ab</em></strong></span> <span class='ocrx_word' id='word_1_193' title='bbox 706 2557 805 2610; x_wconf 88' lang='lat' dir='ltr'><strong><em>hoc</em></strong></span> <span class='ocrx_word' id='word_1_194' title='bbox 826 2557 1004 2625; x_wconf 83' lang='lat' dir='ltr'><strong><em>itaque</em></strong></span> <span class='ocrx_word' id='word_1_195' title='bbox 1023 2558 1295 2624; x_wconf 77' lang='lat' dir='ltr'><strong><em>persoluto</em></strong></span> <span class='ocrx_word' id='word_1_196' title='bbox 1316 2556 1518 2621; x_wconf 80' lang='lat' dir='ltr'><strong><em>officio,</em></strong></span> <span class='ocrx_word' id='word_1_197' title='bbox 1542 2556 1764 2627; x_wconf 87' lang='lat' dir='ltr'><strong><em>gradum</em></strong></span> 
     </span>
    </p>
   </div>
   <div class='ocr_carea' id='block_1_29' title="bbox 164 2647 1761 2717">
    <p class='ocr_par' dir='ltr' id='par_1_29' title="bbox 164 2647 1761 2717">
     <span class='ocr_line' id='line_1_29' title="bbox 164 2647 1761 2717; baseline 0.002 -17"><span class='ocrx_word' id='word_1_198' title='bbox 164 2647 236 2701; x_wconf 88' lang='lat' dir='ltr'><strong><em>ad</em></strong></span> <span class='ocrx_word' id='word_1_199' title='bbox 290 2647 395 2701; x_wconf 84' lang='lat' dir='ltr'><strong><em>alia</em></strong></span> <span class='ocrx_word' id='word_1_200' title='bbox 443 2648 803 2717; x_wconf 84' lang='lat' dir='ltr'><strong><em>consignanda</em></strong></span> <span class='ocrx_word' id='word_1_201' title='bbox 850 2649 1043 2703; x_wconf 86' lang='lat' dir='ltr'><strong><em>litteris</em></strong></span> <span class='ocrx_word' id='word_1_202' title='bbox 1073 2648 1214 2702; x_wconf 88' lang='lat' dir='ltr'><strong><em>fecit.</em></strong></span> <span class='ocrx_word' id='word_1_203' title='bbox 1250 2649 1319 2702; x_wconf 87' lang='lat' dir='ltr'><strong><em>Et</em></strong></span> <span class='ocrx_word' id='word_1_204' title='bbox 1349 2650 1521 2717; x_wconf 89' lang='lat' dir='ltr'><strong><em>primo</em></strong></span> <span class='ocrx_word' id='word_1_205' title='bbox 1550 2649 1761 2716; x_wconf 80' lang='lat' dir='ltr'><strong><em>quidem</em></strong></span> 
     </span>
    </p>
   </div>
   <div class='ocr_carea' id='block_1_30' title="bbox 166 2738 1759 2808">
    <p class='ocr_par' dir='ltr' id='par_1_30' title="bbox 166 2738 1759 2808">
     <span class='ocr_line' id='line_1_30' title="bbox 166 2738 1759 2808; baseline 0.002 -17"><span class='ocrx_word' id='word_1_206' title='bbox 166 2738 462 2806; x_wconf 86' lang='lat' dir='ltr'><strong><em>Theophili</em></strong></span> <span class='ocrx_word' id='word_1_207' title='bbox 511 2738 820 2794; x_wconf 71' lang='lat' dir='ltr'><strong><em>Paschalctn</em></strong></span> <span class='ocrx_word' id='word_1_208' title='bbox 869 2738 1164 2808; x_wconf 78' lang='lat' dir='ltr'><strong><em>Epistolam</em></strong></span> <span class='ocrx_word' id='word_1_209' title='bbox 1212 2739 1262 2791; x_wconf 88' lang='lat' dir='ltr'><strong><em>in</em></strong></span> <span class='ocrx_word' id='word_1_210' title='bbox 1292 2738 1535 2793; x_wconf 85' lang='lat' dir='ltr'><strong><em>Latinum</em></strong></span> <span class='ocrx_word' id='word_1_211' title='bbox 1563 2741 1759 2794; x_wconf 82' lang='lat' dir='ltr'><strong><em>vertit:</em></strong></span> 
     </span>
    </p>
   </div>
   <div class='ocr_carea' id='block_1_31' title="bbox 166 2829 1763 2899">
    <p class='ocr_par' dir='ltr' id='par_1_31' title="bbox 166 2829 1763 2899">
     <span class='ocr_line' id='line_1_31' title="bbox 166 2829 1763 2899; baseline -0.002 -14"><span class='ocrx_word' id='word_1_212' title='bbox 166 2829 515 2894; x_wconf 81' lang='lat' dir='ltr'><strong><em>Paschaletn,</em></strong></span> <span class='ocrx_word' id='word_1_213' title='bbox 541 2832 775 2899; x_wconf 89' lang='lat' dir='ltr'><strong><em>inquam,</em></strong></span> <span class='ocrx_word' id='word_1_214' title='bbox 803 2830 959 2898; x_wconf 86' lang='lat' dir='ltr'><strong><em>hujus</em></strong></span> <span class='ocrx_word' id='word_1_215' title='bbox 984 2831 1106 2883; x_wconf 89' lang='lat' dir='ltr'><strong><em>anni</em></strong></span> <span class='ocrx_word' id='word_1_216' title='bbox 1128 2830 1253 2893; x_wconf 69' lang='grc' dir='ltr'><strong><em>ΜΗ,</em></strong></span> <span class='ocrx_word' id='word_1_217' title='bbox 1280 2830 1422 2899; x_wconf 90' lang='lat' dir='ltr'><strong><em>quod</em></strong></span> <span class='ocrx_word' id='word_1_218' title='bbox 1446 2847 1506 2883; x_wconf 83' lang='lat' dir='ltr'><strong><em>es</em></strong></span> <span class='ocrx_word' id='word_1_219' title='bbox 1534 2830 1763 2883; x_wconf 84' lang='lat' dir='ltr'><strong><em>Pascha-</em></strong></span> 
     </span>
    </p>
   </div>
   <div class='ocr_carea' id='block_1_32' title="bbox 170 2906 1764 2977">
    <p class='ocr_par' dir='ltr' id='par_1_32' title="bbox 170 2906 1764 2977">
     <span class='ocr_line' id='line_1_32' title="bbox 170 2906 1764 2977; baseline -0.003 -1"><span class='ocrx_word' id='word_1_220' title='bbox 170 2924 239 2977; x_wconf 90' lang='lat' dir='ltr'><strong><em>tis</em></strong></span> <span class='ocrx_word' id='word_1_221' title='bbox 271 2923 680 2977; x_wconf 86' lang='lat' dir='ltr'><strong><em>denuntiatione</em></strong></span> <span class='ocrx_word' id='word_1_222' title='bbox 705 2924 938 2976; x_wconf 84' lang='lat' dir='ltr'><strong><em>vicesima</em></strong></span> <span class='ocrx_word' id='word_1_223' title='bbox 958 2923 1175 2976; x_wconf 82' lang='lat' dir='ltr'><strong><em>secunda</em></strong></span> <span class='ocrx_word' id='word_1_224' title='bbox 1197 2923 1278 2975; x_wconf 87' lang='lat' dir='ltr'><strong><em>die</em></strong></span> <span class='ocrx_word' id='word_1_225' title='bbox 1299 2924 1481 2977; x_wconf 80' lang='lat' dir='ltr'><strong><em>mensis</em></strong></span> <span class='ocrx_word' id='word_1_226' title='bbox 1508 2906 1764 2976; x_wconf 68' lang='lat' dir='ltr'><strong><em>Phariam-</em></strong></span> 
     </span>
    </p>
   </div>
   <div class='ocr_carea' id='block_1_33' title="bbox 170 3014 1756 3085">
    <p class='ocr_par' dir='ltr' id='par_1_33' title="bbox 170 3014 1756 3085">
     <span class='ocr_line' id='line_1_33' title="bbox 170 3014 1756 3085; baseline 0.003 -19"><span class='ocrx_word' id='word_1_227' title='bbox 170 3016 267 3079; x_wconf 73' lang='lat' dir='ltr'><strong><em>tiri,</em></strong></span> <span class='ocrx_word' id='word_1_228' title='bbox 319 3014 371 3068; x_wconf 91' lang='lat' dir='ltr'><strong><em>id</em></strong></span> <span class='ocrx_word' id='word_1_229' title='bbox 406 3024 508 3079; x_wconf 88' lang='lat' dir='ltr'><strong><em>est,</em></strong></span> <span class='ocrx_word' id='word_1_230' title='bbox 551 3015 756 3069; x_wconf 90' lang='lat' dir='ltr'><strong><em>decima</em></strong></span> <span class='ocrx_word' id='word_1_231' title='bbox 798 3023 983 3069; x_wconf 83' lang='lat' dir='ltr'><strong><em>octava</em></strong></span> <span class='ocrx_word' id='word_1_232' title='bbox 1031 3016 1250 3083; x_wconf 80' lang='lat' dir='ltr'><strong><em>Aprilis,</em></strong></span> <span class='ocrx_word' id='word_1_233' title='bbox 1294 3024 1624 3085; x_wconf 84' lang='lat' dir='ltr'><strong><em>compertum</em></strong></span> <span class='ocrx_word' id='word_1_234' title='bbox 1654 3025 1756 3070; x_wconf 90' lang='lat' dir='ltr'><strong><em>est.</em></strong></span> 
     </span>
    </p>
   </div>
   <div class='ocr_carea' id='block_1_34' title="bbox 171 3104 1761 3161">
    <p class='ocr_par' dir='ltr' id='par_1_34' title="bbox 171 3104 1761 3161">
     <span class='ocr_line' id='line_1_34' title="bbox 171 3104 1761 3161; baseline -0.001 -2"><span class='ocrx_word' id='word_1_235' title='bbox 171 3104 470 3160; x_wconf 75' lang='lat' dir='ltr'><strong><em>Namerum</em></strong></span> <span class='ocrx_word' id='word_1_236' title='bbox 516 3120 578 3159; x_wconf 92' lang='lat' dir='ltr'><strong><em>ea</em></strong></span> <span class='ocrx_word' id='word_1_237' title='bbox 624 3106 828 3161; x_wconf 85' lang='lat' dir='ltr'><strong><em>obtinet</em></strong></span> <span class='ocrx_word' id='word_1_238' title='bbox 874 3106 925 3160; x_wconf 92' lang='lat' dir='ltr'><strong><em>in</em></strong></span> <span class='ocrx_word' id='word_1_239' title='bbox 972 3106 1287 3161; x_wconf 85' lang='lat' dir='ltr'><strong><em>recensione</em></strong></span> <span class='ocrx_word' id='word_1_240' title='bbox 1318 3116 1499 3160; x_wconf 87' lang='lat' dir='ltr'><strong><em>nostra</em></strong></span> <span class='ocrx_word' id='word_1_241' title='bbox 1528 3105 1761 3159; x_wconf 85' lang='lat' dir='ltr'><strong><em>centesi-</em></strong></span> 
     </span>
    </p>
   </div>
   <div class='ocr_carea' id='block_1_35' title="bbox 171 3194 1763 3265">
    <p class='ocr_par' dir='ltr' id='par_1_35' title="bbox 171 3194 1763 3265">
     <span class='ocr_line' id='line_1_35' title="bbox 171 3194 1763 3265; baseline -0.002 -13"><span class='ocrx_word' id='word_1_242' title='bbox 171 3213 320 3252; x_wconf 88' lang='lat' dir='ltr'><strong><em>mum</em></strong></span> <span class='ocrx_word' id='word_1_243' title='bbox 382 3216 396 3252; x_wconf 87' lang='lat'>:</span> <span class='ocrx_word' id='word_1_244' title='bbox 455 3198 608 3264; x_wconf 88' lang='lat' dir='ltr'><strong><em>cujus</em></strong></span> <span class='ocrx_word' id='word_1_245' title='bbox 661 3197 735 3251; x_wconf 89' lang='lat' dir='ltr'><strong><em>rei</em></strong></span> <span class='ocrx_word' id='word_1_246' title='bbox 806 3213 995 3252; x_wconf 85' lang='lat' dir='ltr'><strong><em>causas</em></strong></span> <span class='ocrx_word' id='word_1_247' title='bbox 1060 3197 1111 3250; x_wconf 92' lang='lat' dir='ltr'><strong><em>in</em></strong></span> <span class='ocrx_word' id='word_1_248' title='bbox 1160 3196 1567 3265; x_wconf 82' lang='lat' dir='ltr'><strong><em>Chronologicis</em></strong></span> <span class='ocrx_word' id='word_1_249' title='bbox 1612 3194 1763 3249; x_wconf 85' lang='lat' dir='ltr'><strong><em>Notis</em></strong></span> 
     </span>
    </p>
   </div>
   <div class='ocr_carea' id='block_1_36' title="bbox 172 3286 1765 3356">
    <p class='ocr_par' dir='ltr' id='par_1_36' title="bbox 172 3286 1765 3356">
     <span class='ocr_line' id='line_1_36' title="bbox 172 3286 1765 3356; baseline 0 -15"><span class='ocrx_word' id='word_1_250' title='bbox 172 3288 489 3356; x_wconf 89' lang='lat' dir='ltr'><strong><em>adjecimus.</em></strong></span> <span class='ocrx_word' id='word_1_251' title='bbox 524 3288 703 3342; x_wconf 85' lang='lat' dir='ltr'><strong><em>Tertia</em></strong></span> <span class='ocrx_word' id='word_1_252' title='bbox 735 3299 910 3343; x_wconf 90' lang='lat' dir='ltr'><strong><em>autem</em></strong></span> <span class='ocrx_word' id='word_1_253' title='bbox 941 3304 1010 3342; x_wconf 88' lang='lat' dir='ltr'><strong><em>ex</em></strong></span> <span class='ocrx_word' id='word_1_254' title='bbox 1056 3287 1139 3341; x_wconf 92' lang='lat' dir='ltr'><strong><em>his</em></strong></span> <span class='ocrx_word' id='word_1_255' title='bbox 1183 3297 1286 3352; x_wconf 89' lang='lat' dir='ltr'><strong><em>est,</em></strong></span> <span class='ocrx_word' id='word_1_256' title='bbox 1340 3303 1471 3356; x_wconf 88' lang='lat' dir='ltr'><strong><em>quas</em></strong></span> <span class='ocrx_word' id='word_1_257' title='bbox 1515 3287 1572 3342; x_wconf 87' lang='lat' dir='ltr'><strong><em>S.</em></strong></span> <span class='ocrx_word' id='word_1_258' title='bbox 1606 3286 1765 3341; x_wconf 71' lang='lat' dir='ltr'><strong><em>Pater</em></strong></span> 
     </span>
    </p>
   </div>
   <div class='ocr_carea' id='block_1_37' title="bbox 174 3376 1762 3447">
    <p class='ocr_par' dir='ltr' id='par_1_37' title="bbox 174 3376 1762 3447">
     <span class='ocr_line' id='line_1_37' title="bbox 174 3376 1762 3447; baseline 0.001 -16"><span class='ocrx_word' id='word_1_259' title='bbox 174 3376 364 3438; x_wconf 83' lang='lat' dir='ltr'><strong><em>Latine</em></strong></span> <span class='ocrx_word' id='word_1_260' title='bbox 409 3377 727 3445; x_wconf 85' lang='lat' dir='ltr'><strong><em>explicavit;</em></strong></span> <span class='ocrx_word' id='word_1_261' title='bbox 780 3394 902 3431; x_wconf 92' lang='lat' dir='ltr'><strong><em>nam</em></strong></span> <span class='ocrx_word' id='word_1_262' title='bbox 934 3386 1178 3447; x_wconf 83' lang='lat' dir='ltr'><strong><em>quartam</em></strong></span> <span class='ocrx_word' id='word_1_263' title='bbox 1208 3377 1297 3447; x_wconf 89' lang='lat' dir='ltr'><strong><em>qui</em></strong></span> <span class='ocrx_word' id='word_1_264' title='bbox 1326 3377 1531 3441; x_wconf 90' lang='lat' dir='ltr'><strong><em>dicunt,</em></strong></span> <span class='ocrx_word' id='word_1_265' title='bbox 1562 3386 1762 3432; x_wconf 86' lang='lat' dir='ltr'><strong><em>etcum</em></strong></span> 
     </span>
    </p>
   </div>
   <div class='ocr_carea' id='block_1_38' title="bbox 180 3467 1762 3539">
    <p class='ocr_par' dir='ltr' id='par_1_38' title="bbox 180 3467 1762 3539">
     <span class='ocr_line' id='line_1_38' title="bbox 180 3467 1762 3539; baseline 0.001 -17"><span class='ocrx_word' id='word_1_266' title='bbox 180 3467 411 3522; x_wconf 84' lang='lat' dir='ltr'><strong><em>Baronio</em></strong></span> <span class='ocrx_word' id='word_1_267' title='bbox 432 3468 783 3530; x_wconf 88' lang='lat' dir='ltr'><strong><em>contendunt,</em></strong></span> <span class='ocrx_word' id='word_1_268' title='bbox 812 3469 1106 3536; x_wconf 85' lang='lat' dir='ltr'><strong><em>superioris</em></strong></span> <span class='ocrx_word' id='word_1_269' title='bbox 1132 3484 1344 3538; x_wconf 78' lang='lat' dir='ltr'><strong><em>quoque</em></strong></span> <span class='ocrx_word' id='word_1_270' title='bbox 1374 3470 1614 3539; x_wconf 80' lang='lat' dir='ltr'><strong><em>proxime</em></strong></span> <span class='ocrx_word' id='word_1_271' title='bbox 1635 3471 1762 3523; x_wconf 87' lang='lat' dir='ltr'><strong><em>anni</em></strong></span> 
     </span>
    </p>
   </div>
   <div class='ocr_carea' id='block_1_39' title="bbox 177 3560 1761 3633">
    <p class='ocr_par' dir='ltr' id='par_1_39' title="bbox 177 3560 1761 3633">
     <span class='ocr_line' id='line_1_39' title="bbox 177 3560 1761 3633; baseline 0 -18"><span class='ocrx_word' id='word_1_272' title='bbox 177 3560 489 3615; x_wconf 86' lang='lat' dir='ltr'><strong><em>Paschalem</em></strong></span> <span class='ocrx_word' id='word_1_273' title='bbox 522 3560 590 3614; x_wconf 91' lang='lat' dir='ltr'><strong><em>ab</em></strong></span> <span class='ocrx_word' id='word_1_274' title='bbox 622 3560 947 3632; x_wconf 82' lang='lat' dir='ltr'><strong><em>Hieronymo</em></strong></span> <span class='ocrx_word' id='word_1_275' title='bbox 976 3561 1161 3621; x_wconf 83' lang='lat' dir='ltr'><strong><em>Latine</em></strong></span> <span class='ocrx_word' id='word_1_276' title='bbox 1192 3561 1451 3617; x_wconf 86' lang='lat' dir='ltr'><strong><em>redditam</em></strong></span> <span class='ocrx_word' id='word_1_277' title='bbox 1484 3564 1626 3633; x_wconf 70' lang='lat' dir='ltr'><strong><em>(qua:</em></strong></span> <span class='ocrx_word' id='word_1_278' title='bbox 1658 3563 1761 3615; x_wconf 58' lang='lat' dir='ltr'><strong><em>mi.</em></strong></span> 
     </span>
    </p>
   </div>
   <div class='ocr_carea' id='block_1_40' title="bbox 179 3652 1761 3721">
    <p class='ocr_par' dir='ltr' id='par_1_40' title="bbox 179 3652 1761 3721">
     <span class='ocr_line' id='line_1_40' title="bbox 179 3652 1761 3721; baseline 0.002 -16"><span class='ocrx_word' id='word_1_279' title='bbox 179 3652 320 3705; x_wconf 89' lang='lat' dir='ltr'><strong><em>nime</em></strong></span> <span class='ocrx_word' id='word_1_280' title='bbox 370 3661 547 3706; x_wconf 88' lang='lat' dir='ltr'><strong><em>tamen</em></strong></span> <span class='ocrx_word' id='word_1_281' title='bbox 595 3661 806 3707; x_wconf 77' lang='lat' dir='ltr'><strong><em>aetatem</em></strong></span> <span class='ocrx_word' id='word_1_282' title='bbox 857 3652 1057 3721; x_wconf 89' lang='lat' dir='ltr'><strong><em>tulerit)</em></strong></span> <span class='ocrx_word' id='word_1_283' title='bbox 1112 3662 1222 3706; x_wconf 92' lang='lat' dir='ltr'><strong><em>toto</em></strong></span> <span class='ocrx_word' id='word_1_284' title='bbox 1265 3653 1397 3706; x_wconf 72' lang='lat' dir='ltr'><strong><em>cmlo</em></strong></span> <span class='ocrx_word' id='word_1_285' title='bbox 1423 3662 1621 3707; x_wconf 87' lang='lat' dir='ltr'><strong><em>errant.</em></strong></span> <span class='ocrx_word' id='word_1_286' title='bbox 1654 3652 1761 3707; x_wconf 88' lang='lat' dir='ltr'><strong><em>Sed</em></strong></span> 
     </span>
    </p>
   </div>
   <div class='ocr_carea' id='block_1_41' title="bbox 177 3741 1759 3819">
    <p class='ocr_par' dir='ltr' id='par_1_41' title="bbox 177 3741 1759 3819">
     <span class='ocr_line' id='line_1_41' title="bbox 177 3741 1759 3819; baseline -0.001 -21"><span class='ocrx_word' id='word_1_287' title='bbox 177 3743 350 3812; x_wconf 86' lang='lat' dir='ltr'><strong><em>ipsum</em></strong></span> <span class='ocrx_word' id='word_1_288' title='bbox 397 3750 617 3812; x_wconf 66' lang='lat' dir='ltr'><strong><em>praestat</em></strong></span> <span class='ocrx_word' id='word_1_289' title='bbox 652 3741 711 3797; x_wconf 87' lang='lat' dir='ltr'><strong><em>S.</em></strong></span> <span class='ocrx_word' id='word_1_290' title='bbox 749 3742 1103 3811; x_wconf 87' lang='lat' dir='ltr'><strong><em>lnterpretem</em></strong></span> <span class='ocrx_word' id='word_1_291' title='bbox 1133 3742 1232 3798; x_wconf 89' lang='lat' dir='ltr'><strong><em>hac</em></strong></span> <span class='ocrx_word' id='word_1_292' title='bbox 1260 3743 1327 3799; x_wconf 89' lang='lat' dir='ltr'><strong><em>de</em></strong></span> <span class='ocrx_word' id='word_1_293' title='bbox 1356 3760 1413 3799; x_wconf 89' lang='lat' dir='ltr'><strong><em>re</em></strong></span> <span class='ocrx_word' id='word_1_294' title='bbox 1454 3744 1759 3819; x_wconf 81' lang='lat' dir='ltr'><strong><em>loquentem</em></strong></span> 
     </span>
    </p>
   </div>
   <div class='ocr_carea' id='block_1_42' title="bbox 177 3834 1761 3907">
    <p class='ocr_par' dir='ltr' id='par_1_42' title="bbox 177 3834 1761 3907">
     <span class='ocr_line' id='line_1_42' title="bbox 177 3834 1761 3907; baseline -0.001 -19"><span class='ocrx_word' id='word_1_295' title='bbox 177 3835 364 3890; x_wconf 89' lang='lat' dir='ltr'><strong><em>audire</em></strong></span> <span class='ocrx_word' id='word_1_296' title='bbox 394 3836 629 3904; x_wconf 78' lang='lat' dir='ltr'><strong><em>Epistola</em></strong></span> <span class='ocrx_word' id='word_1_297' title='bbox 657 3834 840 3893; x_wconf 64' lang='lat' dir='ltr'><strong><em>XCEX.</em></strong></span> <span class='ocrx_word' id='word_1_298' title='bbox 882 3851 983 3904; x_wconf 89' lang='lat' dir='ltr'><strong><em>qua</em></strong></span> <span class='ocrx_word' id='word_1_299' title='bbox 1012 3850 1071 3890; x_wconf 89' lang='lat' dir='ltr'><strong><em>se</em></strong></span> <span class='ocrx_word' id='word_1_300' title='bbox 1097 3837 1237 3905; x_wconf 83' lang='lat' dir='ltr'><strong><em>apud</em></strong></span> <span class='ocrx_word' id='word_1_301' title='bbox 1270 3836 1621 3907; x_wconf 86' lang='lat' dir='ltr'><strong><em>Theophilum</em></strong></span> <span class='ocrx_word' id='word_1_302' title='bbox 1662 3852 1761 3890; x_wconf 66' lang='grc' dir='ltr'><strong><em>θκρ</em></strong></span> 
     </span>
    </p>
   </div>
   <div class='ocr_carea' id='block_1_43' title="bbox 173 3926 1761 3998">
    <p class='ocr_par' dir='ltr' id='par_1_43' title="bbox 173 3926 1761 3998">
     <span class='ocr_line' id='line_1_43' title="bbox 173 3926 1761 3998; baseline 0.001 -16"><span class='ocrx_word' id='word_1_303' title='bbox 173 3936 346 3991; x_wconf 89' lang='lat' dir='ltr'><strong><em>cusat,</em></strong></span> <span class='ocrx_word' id='word_1_304' title='bbox 392 3926 535 3996; x_wconf 90' lang='lat' dir='ltr'><strong><em>quod</em></strong></span> <span class='ocrx_word' id='word_1_305' title='bbox 579 3927 755 3981; x_wconf 89' lang='lat' dir='ltr'><strong><em>serius</em></strong></span> <span class='ocrx_word' id='word_1_306' title='bbox 800 3942 916 3981; x_wconf 89' lang='lat' dir='ltr'><strong><em>eam</em></strong></span> <span class='ocrx_word' id='word_1_307' title='bbox 963 3928 1200 3989; x_wconf 78' lang='lat' dir='ltr'><strong><em>verterit,</em></strong></span> <span class='ocrx_word' id='word_1_308' title='bbox 1258 3928 1540 3997; x_wconf 88' lang='lat' dir='ltr'><strong><em>impeditus</em></strong></span> <span class='ocrx_word' id='word_1_309' title='bbox 1570 3930 1761 3998; x_wconf 82' lang='lat' dir='ltr'><strong><em>partim</em></strong></span> 
     </span>
    </p>
   </div>
   <div class='ocr_carea' id='block_1_44' title="bbox 174 4015 1761 4086">
    <p class='ocr_par' dir='ltr' id='par_1_44' title="bbox 174 4015 1761 4086">
     <span class='ocr_line' id='line_1_44' title="bbox 174 4015 1761 4086; baseline 0.001 -17"><span class='ocrx_word' id='word_1_310' title='bbox 174 4018 321 4070; x_wconf 91' lang='lat' dir='ltr'><strong><em>obitu</em></strong></span> <span class='ocrx_word' id='word_1_311' title='bbox 365 4015 567 4081; x_wconf 70' lang='lat' dir='ltr'><strong><em>Paulae,</em></strong></span> <span class='ocrx_word' id='word_1_312' title='bbox 596 4017 790 4086; x_wconf 87' lang='lat' dir='ltr'><strong><em>partim</em></strong></span> <span class='ocrx_word' id='word_1_313' title='bbox 823 4031 920 4071; x_wconf 91' lang='lat' dir='ltr'><strong><em>suo</em></strong></span> <span class='ocrx_word' id='word_1_314' title='bbox 949 4017 1159 4070; x_wconf 92' lang='lat' dir='ltr'><strong><em>morbo.</em></strong></span> <span class='ocrx_word' id='word_1_315' title='bbox 1190 4015 1273 4070; x_wconf 80' lang='lat' dir='ltr'><strong><em>Ea:</em></strong></span> <span class='ocrx_word' id='word_1_316' title='bbox 1299 4032 1377 4083; x_wconf 87' lang='lat' dir='ltr'><strong><em>eo,</em></strong></span> <span class='ocrx_word' id='word_1_317' title='bbox 1410 4017 1602 4085; x_wconf 83' lang='lat' dir='ltr'><strong><em>inquit,</em></strong></span> <span class='ocrx_word' id='word_1_318' title='bbox 1634 4029 1761 4073; x_wconf 78' lang='lat' dir='ltr'><strong><em>tem-</em></strong></span> 
     </span>
    </p>
   </div>
   <div class='ocr_carea' id='block_1_45' title="bbox 174 4106 1764 4179">
    <p class='ocr_par' dir='ltr' id='par_1_45' title="bbox 174 4106 1764 4179">
     <span class='ocr_line' id='line_1_45' title="bbox 174 4106 1764 4179; baseline 0 -18"><span class='ocrx_word' id='word_1_319' title='bbox 174 4125 315 4171; x_wconf 83' lang='lat' dir='ltr'><strong><em>pore,</em></strong></span> <span class='ocrx_word' id='word_1_320' title='bbox 346 4125 449 4175; x_wconf 90' lang='lat' dir='ltr'><strong><em>quo</em></strong></span> <span class='ocrx_word' id='word_1_321' title='bbox 481 4106 813 4162; x_wconf 86' lang='lat' dir='ltr'><strong><em>Beatitudinis</em></strong></span> <span class='ocrx_word' id='word_1_322' title='bbox 834 4118 933 4162; x_wconf 79' lang='lat' dir='ltr'><strong><em>tute</em></strong></span> <span class='ocrx_word' id='word_1_323' title='bbox 951 4111 1123 4177; x_wconf 90' lang='lat' dir='ltr'><strong><em>accepi</em></strong></span> <span class='ocrx_word' id='word_1_324' title='bbox 1146 4107 1424 4176; x_wconf 83' lang='lat' dir='ltr'><strong><em>Epistolas,</em></strong></span> <span class='ocrx_word' id='word_1_325' title='bbox 1443 4110 1625 4179; x_wconf 86' lang='lat' dir='ltr'><strong><em>juncta</em></strong></span> <span class='ocrx_word' id='word_1_326' title='bbox 1657 4106 1764 4161; x_wconf 86' lang='lat' dir='ltr'><strong><em>Pa-</em></strong></span> 
     </span>
    </p>
   </div>
   <div class='ocr_carea' id='block_1_46' title="bbox 173 4199 1765 4269">
    <p class='ocr_par' dir='ltr' id='par_1_46' title="bbox 173 4199 1765 4269">
     <span class='ocr_line' id='line_1_46' title="bbox 173 4199 1765 4269; baseline 0 -16"><span class='ocrx_word' id='word_1_327' title='bbox 173 4199 335 4253; x_wconf 83' lang='lat' dir='ltr'><strong><em>schali</em></strong></span> <span class='ocrx_word' id='word_1_328' title='bbox 365 4199 515 4264; x_wconf 90' lang='lat' dir='ltr'><strong><em>libro,</em></strong></span> <span class='ocrx_word' id='word_1_329' title='bbox 546 4214 700 4269; x_wconf 85' lang='lat' dir='ltr'><strong><em>usque</em></strong></span> <span class='ocrx_word' id='word_1_330' title='bbox 741 4199 794 4251; x_wconf 89' lang='lat' dir='ltr'><strong><em>in</em></strong></span> <span class='ocrx_word' id='word_1_331' title='bbox 837 4209 1133 4268; x_wconf 64' lang='lat' dir='ltr'><strong><em>praesentem</em></strong></span> <span class='ocrx_word' id='word_1_332' title='bbox 1181 4199 1333 4259; x_wconf 89' lang='lat' dir='ltr'><strong><em>diem.</em></strong></span> <span class='ocrx_word' id='word_1_333' title='bbox 1384 4199 1453 4251; x_wconf 90' lang='lat' dir='ltr'><strong><em>ita</em></strong></span> <span class='ocrx_word' id='word_1_334' title='bbox 1483 4207 1529 4252; x_wconf 90' lang='lat' dir='ltr'><strong><em>et</em></strong></span> <span class='ocrx_word' id='word_1_335' title='bbox 1558 4216 1765 4253; x_wconf 75' lang='lat' dir='ltr'><strong><em>incerare</em></strong></span> 
     </span>
    </p>
   </div>
   <div class='ocr_carea' id='block_1_47' title="bbox 172 4288 1766 4357">
    <p class='ocr_par' dir='ltr' id='par_1_47' title="bbox 172 4288 1766 4357">
     <span class='ocr_line' id='line_1_47' title="bbox 172 4288 1766 4357; baseline 0.001 -17"><span class='ocrx_word' id='word_1_336' title='bbox 172 4289 341 4347; x_wconf 86' lang='lat' dir='ltr'><strong><em>luctus</em></strong></span> <span class='ocrx_word' id='word_1_337' title='bbox 382 4300 429 4341; x_wconf 88' lang='lat' dir='ltr'><strong><em>et</em></strong></span> <span class='ocrx_word' id='word_1_338' title='bbox 470 4290 828 4355; x_wconf 83' lang='lat' dir='ltr'><strong><em>sollicitudine,</em></strong></span> <span class='ocrx_word' id='word_1_339' title='bbox 860 4306 919 4343; x_wconf 91' lang='lat' dir='ltr'><strong><em>ac</em></strong></span> <span class='ocrx_word' id='word_1_340' title='bbox 949 4289 1161 4343; x_wconf 78' lang='lat' dir='ltr'><strong><em>diversis</em></strong></span> <span class='ocrx_word' id='word_1_341' title='bbox 1185 4304 1337 4357; x_wconf 89' lang='lat' dir='ltr'><strong><em>super</em></strong></span> <span class='ocrx_word' id='word_1_342' title='bbox 1360 4298 1496 4341; x_wconf 85' lang='lat' dir='ltr'><strong><em>statu</em></strong></span> <span class='ocrx_word' id='word_1_343' title='bbox 1526 4288 1766 4342; x_wconf 73' lang='lat' dir='ltr'><strong><em>Ecclesia:</em></strong></span> 
     </span>
    </p>
   </div>
   <div class='ocr_carea' id='block_1_48' title="bbox 171 4380 1764 4453">
    <p class='ocr_par' dir='ltr' id='par_1_48' title="bbox 171 4380 1764 4453">
     <span class='ocr_line' id='line_1_48' title="bbox 171 4380 1764 4453; baseline 0.001 -20"><span class='ocrx_word' id='word_1_344' title='bbox 171 4382 291 4434; x_wconf 85' lang='lat' dir='ltr'><strong><em>hinc</em></strong></span> <span class='ocrx_word' id='word_1_345' title='bbox 321 4381 441 4435; x_wconf 89' lang='lat' dir='ltr'><strong><em>inde</em></strong></span> <span class='ocrx_word' id='word_1_346' title='bbox 481 4382 763 4435; x_wconf 87' lang='lat' dir='ltr'><strong><em>rumoribus</em></strong></span> <span class='ocrx_word' id='word_1_347' title='bbox 808 4383 1090 4453; x_wconf 76' lang='lat' dir='ltr'><strong><em>exagitatus</em></strong></span> <span class='ocrx_word' id='word_1_348' title='bbox 1132 4397 1263 4446; x_wconf 90' lang='lat' dir='ltr'><strong><em>sum,</em></strong></span> <span class='ocrx_word' id='word_1_349' title='bbox 1316 4391 1368 4433; x_wconf 91' lang='lat' dir='ltr'><strong><em>ut</em></strong></span> <span class='ocrx_word' id='word_1_350' title='bbox 1413 4382 1495 4434; x_wconf 77' lang='lat' dir='ltr'><strong><em>via:</em></strong></span> <span class='ocrx_word' id='word_1_351' title='bbox 1535 4380 1764 4435; x_wconf 78' lang='lat' dir='ltr'><strong><em>uolumen</em></strong></span> 
     </span>
    </p>
   </div>
   <div class='ocr_carea' id='block_1_49' title="bbox 173 4470 1766 4541">
    <p class='ocr_par' dir='ltr' id='par_1_49' title="bbox 173 4470 1766 4541">
     <span class='ocr_line' id='line_1_49' title="bbox 173 4470 1766 4541; baseline -0.001 -16"><span class='ocrx_word' id='word_1_352' title='bbox 173 4482 320 4525; x_wconf 86' lang='lat' dir='ltr'><strong><em>tuum</em></strong></span> <span class='ocrx_word' id='word_1_353' title='bbox 366 4474 614 4540; x_wconf 87' lang='lat' dir='ltr'><strong><em>potuerim</em></strong></span> <span class='ocrx_word' id='word_1_354' title='bbox 652 4474 705 4527; x_wconf 87' lang='lat' dir='ltr'><strong><em>in</em></strong></span> <span class='ocrx_word' id='word_1_355' title='bbox 750 4471 986 4525; x_wconf 87' lang='lat' dir='ltr'><strong><em>Latinum</em></strong></span> <span class='ocrx_word' id='word_1_356' title='bbox 1017 4487 1294 4526; x_wconf 85' lang='lat' dir='ltr'><strong><em>sermonem</em></strong></span> <span class='ocrx_word' id='word_1_357' title='bbox 1320 4480 1524 4525; x_wconf 84' lang='lat' dir='ltr'><strong><em>vertere.</em></strong></span> <span class='ocrx_word' id='word_1_358' title='bbox 1564 4470 1766 4541; x_wconf 83' lang='lat' dir='ltr'><strong><em>Optime</em></strong></span> 
     </span>
    </p>
   </div>
   <div class='ocr_carea' id='block_1_50' title="bbox 173 4562 1765 4637">
    <p class='ocr_par' dir='ltr' id='par_1_50' title="bbox 173 4562 1765 4637">
     <span class='ocr_line' id='line_1_50' title="bbox 173 4562 1765 4637; baseline -0.001 -17"><span class='ocrx_word' id='word_1_359' title='bbox 173 4568 309 4620; x_wconf 76' lang='lat' dir='ltr'><strong><em>enim</em></strong></span> <span class='ocrx_word' id='word_1_360' title='bbox 357 4567 491 4619; x_wconf 85' lang='lat' dir='ltr'><strong><em>nosti</em></strong></span> <span class='ocrx_word' id='word_1_361' title='bbox 521 4568 676 4637; x_wconf 77' lang='lat' dir='ltr'><strong><em>juxta</em></strong></span> <span class='ocrx_word' id='word_1_362' title='bbox 716 4576 924 4620; x_wconf 85' lang='lat' dir='ltr'><strong><em>ueterem</em></strong></span> <span class='ocrx_word' id='word_1_363' title='bbox 951 4565 1266 4628; x_wconf 82' lang='lat' dir='ltr'><strong><em>sententiam,</em></strong></span> <span class='ocrx_word' id='word_1_364' title='bbox 1300 4562 1421 4618; x_wconf 87' lang='lat' dir='ltr'><strong><em>Non</em></strong></span> <span class='ocrx_word' id='word_1_365' title='bbox 1448 4580 1554 4618; x_wconf 88' lang='lat' dir='ltr'><strong><em>esse</em></strong></span> <span class='ocrx_word' id='word_1_366' title='bbox 1575 4563 1765 4619; x_wconf 80' lang='lat' dir='ltr'><strong><em>tristem</em></strong></span> 
     </span>
    </p>
   </div>
   <div class='ocr_carea' id='block_1_51' title="bbox 175 4654 1765 4727">
    <p class='ocr_par' dir='ltr' id='par_1_51' title="bbox 175 4654 1765 4727">
     <span class='ocr_line' id='line_1_51' title="bbox 175 4654 1765 4727; baseline -0.002 -17"><span class='ocrx_word' id='word_1_367' title='bbox 175 4657 515 4727; x_wconf 87' lang='lat' dir='ltr'><strong><em>eloquentiam</em></strong></span> <span class='ocrx_word' id='word_1_368' title='bbox 555 4673 573 4710; x_wconf 92' lang='lat'><strong><em>:</em></strong></span> <span class='ocrx_word' id='word_1_369' title='bbox 613 4659 830 4710; x_wconf 72' lang='lat' dir='ltr'><strong><em>maxime</em></strong></span> <span class='ocrx_word' id='word_1_370' title='bbox 856 4657 899 4710; x_wconf 90' lang='lat' dir='ltr'><strong><em>si</em></strong></span> <span class='ocrx_word' id='word_1_371' title='bbox 929 4655 997 4708; x_wconf 94' lang='lat' dir='ltr'><strong><em>ad</em></strong></span> <span class='ocrx_word' id='word_1_372' title='bbox 1023 4654 1373 4727; x_wconf 72' lang='lat' dir='ltr'><strong><em>agritudinem</em></strong></span> <span class='ocrx_word' id='word_1_373' title='bbox 1402 4654 1559 4708; x_wconf 90' lang='lat' dir='ltr'><strong><em>animi</em></strong></span> <span class='ocrx_word' id='word_1_374' title='bbox 1596 4670 1765 4708; x_wconf 83' lang='lat' dir='ltr'><strong><em>acces-</em></strong></span> 
     </span>
    </p>
   </div>
   <div class='ocr_carea' id='block_1_52' title="bbox 176 4745 1767 4819">
    <p class='ocr_par' dir='ltr' id='par_1_52' title="bbox 176 4745 1767 4819">
     <span class='ocr_line' id='line_1_52' title="bbox 176 4745 1767 4819; baseline -0.003 -17"><span class='ocrx_word' id='word_1_375' title='bbox 176 4750 295 4805; x_wconf 87' lang='lat' dir='ltr'><strong><em>serit</em></strong></span> <span class='ocrx_word' id='word_1_376' title='bbox 321 4748 550 4819; x_wconf 89' lang='lat' dir='ltr'><strong><em>corporis</em></strong></span> <span class='ocrx_word' id='word_1_377' title='bbox 580 4748 847 4817; x_wconf 76' lang='lat' dir='ltr'><strong><em>wgritudo.</em></strong></span> <span class='ocrx_word' id='word_1_378' title='bbox 880 4746 947 4801; x_wconf 89' lang='lat' dir='ltr'><strong><em>Et</em></strong></span> <span class='ocrx_word' id='word_1_379' title='bbox 974 4747 1106 4800; x_wconf 83' lang='lat' dir='ltr'><strong><em>hanc</em></strong></span> <span class='ocrx_word' id='word_1_380' title='bbox 1129 4749 1295 4817; x_wconf 89' lang='lat' dir='ltr'><strong><em>ipsam</em></strong></span> <span class='ocrx_word' id='word_1_381' title='bbox 1325 4745 1607 4816; x_wconf 85' lang='lat' dir='ltr'><strong><em>Epistulam</em></strong></span> <span class='ocrx_word' id='word_1_382' title='bbox 1630 4745 1767 4815; x_wconf 91' lang='lat' dir='ltr'><strong><em>febre</em></strong></span> 
     </span>
    </p>
   </div>
   <div class='ocr_carea' id='block_1_53' title="bbox 182 4836 1761 4908">
    <p class='ocr_par' dir='ltr' id='par_1_53' title="bbox 182 4836 1761 4908">
     <span class='ocr_line' id='line_1_53' title="bbox 182 4836 1761 4908; baseline -0.004 -12"><span class='ocrx_word' id='word_1_383' title='bbox 182 4854 424 4904; x_wconf 65' lang='lat' dir='ltr'><strong><em>(esttrans,</em></strong></span> <span class='ocrx_word' id='word_1_384' title='bbox 477 4848 524 4893; x_wconf 92' lang='lat' dir='ltr'><strong><em>et</em></strong></span> <span class='ocrx_word' id='word_1_385' title='bbox 565 4842 791 4907; x_wconf 86' lang='lat' dir='ltr'><strong><em>quintum</em></strong></span> <span class='ocrx_word' id='word_1_386' title='bbox 821 4841 935 4908; x_wconf 89' lang='lat' dir='ltr'><strong><em>jam</em></strong></span> <span class='ocrx_word' id='word_1_387' title='bbox 962 4838 1094 4891; x_wconf 83' lang='lat' dir='ltr'><strong><em>dicat</em></strong></span> <span class='ocrx_word' id='word_1_388' title='bbox 1123 4836 1421 4892; x_wconf 77' lang='lat' dir='ltr'><strong><em>decumbens</em></strong></span> <span class='ocrx_word' id='word_1_389' title='bbox 1450 4836 1651 4901; x_wconf 87' lang='lat' dir='ltr'><strong><em>lectulo,</em></strong></span> <span class='ocrx_word' id='word_1_390' title='bbox 1681 4837 1761 4890; x_wconf 84' lang='lat' dir='ltr'><strong><em>ui-</em></strong></span> 
     </span>
    </p>
   </div>
   <div class='ocr_carea' id='block_1_54' title="bbox 184 4926 1770 5001">
    <p class='ocr_par' dir='ltr' id='par_1_54' title="bbox 184 4926 1770 5001">
     <span class='ocr_line' id='line_1_54' title="bbox 184 4926 1770 5001; baseline -0.003 -17"><span class='ocrx_word' id='word_1_391' title='bbox 184 4934 282 4985; x_wconf 81' lang='lat' dir='ltr'><strong><em>mia</em></strong></span> <span class='ocrx_word' id='word_1_392' title='bbox 324 4931 650 5001; x_wconf 77' lang='lat' dir='ltr'><strong><em>festinatione</em></strong></span> <span class='ocrx_word' id='word_1_393' title='bbox 692 4930 872 4983; x_wconf 89' lang='lat' dir='ltr'><strong><em>dictavi</em></strong></span> <span class='ocrx_word' id='word_1_394' title='bbox 904 4946 924 4984; x_wconf 90' lang='lat'><strong><em>:</em></strong></span> <span class='ocrx_word' id='word_1_395' title='bbox 958 4928 1168 4983; x_wconf 83' lang='lat' dir='ltr'><strong><em>breviter</em></strong></span> <span class='ocrx_word' id='word_1_396' title='bbox 1194 4928 1425 4982; x_wconf 88' lang='lat' dir='ltr'><strong><em>indicans</em></strong></span> <span class='ocrx_word' id='word_1_397' title='bbox 1454 4926 1770 4999; x_wconf 81' lang='lat' dir='ltr'><strong><em>Beatitudini</em></strong></span> 
     </span>
    </p>
   </div>
   <div class='ocr_carea' id='block_1_55' title="bbox 184 5013 1769 5093">
    <p class='ocr_par' dir='ltr' id='par_1_55' title="bbox 184 5013 1769 5093">
     <span class='ocr_line' id='line_1_55' title="bbox 184 5013 1769 5093; baseline -0.002 -16"><span class='ocrx_word' id='word_1_398' title='bbox 184 5035 299 5089; x_wconf 75' lang='lat' dir='ltr'><strong><em>tute,</em></strong></span> <span class='ocrx_word' id='word_1_399' title='bbox 350 5013 595 5087; x_wconf 86' lang='lat' dir='ltr'><strong><em>magnum</em></strong></span> <span class='ocrx_word' id='word_1_400' title='bbox 640 5036 717 5074; x_wconf 88' lang='lat' dir='ltr'><strong><em>me</em></strong></span> <span class='ocrx_word' id='word_1_401' title='bbox 752 5020 970 5075; x_wconf 86' lang='lat' dir='ltr'><strong><em>laborem</em></strong></span> <span class='ocrx_word' id='word_1_402' title='bbox 1015 5020 1309 5074; x_wconf 79' lang='lat' dir='ltr'><strong><em>sustinuisse</em></strong></span> <span class='ocrx_word' id='word_1_403' title='bbox 1356 5019 1409 5072; x_wconf 87' lang='lat' dir='ltr'><strong><em>in</em></strong></span> <span class='ocrx_word' id='word_1_404' title='bbox 1440 5019 1769 5093; x_wconf 81' lang='lat' dir='ltr'><strong><em>translatione</em></strong></span> 
     </span>
    </p>
   </div>
   <div class='ocr_carea' id='block_1_56' title="bbox 186 5111 1771 5182">
    <p class='ocr_par' dir='ltr' id='par_1_56' title="bbox 186 5111 1771 5182">
     <span class='ocr_line' id='line_1_56' title="bbox 186 5111 1771 5182; baseline -0.003 -16"><span class='ocrx_word' id='word_1_405' title='bbox 186 5116 307 5182; x_wconf 81' lang='lat' dir='ltr'><strong><em>ejus,</em></strong></span> <span class='ocrx_word' id='word_1_406' title='bbox 329 5122 384 5167; x_wconf 88' lang='lat' dir='ltr'><strong><em>ut</em></strong></span> <span class='ocrx_word' id='word_1_407' title='bbox 403 5125 583 5165; x_wconf 86' lang='lat' dir='ltr'><strong><em>omnes</em></strong></span> <span class='ocrx_word' id='word_1_408' title='bbox 608 5111 871 5163; x_wconf 81' lang='lat' dir='ltr'><strong><em>sententias</em></strong></span> <span class='ocrx_word' id='word_1_409' title='bbox 888 5111 998 5173; x_wconf 88' lang='lat' dir='ltr'><strong><em>pari</em></strong></span> <span class='ocrx_word' id='word_1_410' title='bbox 1015 5120 1269 5165; x_wconf 85' lang='lat' dir='ltr'><strong><em>uenustate</em></strong></span> <span class='ocrx_word' id='word_1_411' title='bbox 1288 5112 1631 5181; x_wconf 71' lang='lat' dir='ltr'><strong><em>transferrem,</em></strong></span> <span class='ocrx_word' id='word_1_412' title='bbox 1655 5119 1771 5171; x_wconf 73' lang='lat' dir='ltr'><strong><em>etc.</em></strong></span> 
     </span>
    </p>
   </div>
   <div class='ocr_carea' id='block_1_57' title="bbox 190 5195 1765 5273">
    <p class='ocr_par' dir='ltr' id='par_1_57' title="bbox 190 5195 1765 5273">
     <span class='ocr_line' id='line_1_57' title="bbox 190 5195 1765 5273; baseline -0.004 -16"><span class='ocrx_word' id='word_1_413' title='bbox 190 5204 251 5257; x_wconf 80' lang='lat' dir='ltr'><strong><em>Et</em></strong></span> <span class='ocrx_word' id='word_1_414' title='bbox 278 5202 435 5273; x_wconf 89' lang='lat' dir='ltr'><strong><em>paulo</em></strong></span> <span class='ocrx_word' id='word_1_415' title='bbox 465 5208 585 5269; x_wconf 89' lang='lat' dir='ltr'><strong><em>post</em></strong></span> <span class='ocrx_word' id='word_1_416' title='bbox 613 5216 626 5250; x_wconf 88' lang='lat'><strong><em>:</em></strong></span> <span class='ocrx_word' id='word_1_417' title='bbox 663 5195 813 5253; x_wconf 87' lang='lat' dir='ltr'><strong><em>Unde</em></strong></span> <span class='ocrx_word' id='word_1_418' title='bbox 841 5198 1062 5263; x_wconf 87' lang='lat' dir='ltr'><strong><em>obsecro,</em></strong></span> <span class='ocrx_word' id='word_1_419' title='bbox 1093 5200 1325 5269; x_wconf 84' lang='lat' dir='ltr'><strong><em>ignoscas</em></strong></span> <span class='ocrx_word' id='word_1_420' title='bbox 1355 5199 1584 5251; x_wconf 84' lang='lat' dir='ltr'><strong><em>tarditati</em></strong></span> <span class='ocrx_word' id='word_1_421' title='bbox 1614 5199 1765 5252; x_wconf 88' lang='lat' dir='ltr'><strong><em>etiam</em></strong></span> 
     </span>
    </p>
   </div>
   <div class='ocr_carea' id='block_1_58' title="bbox 193 5287 1766 5360">
    <p class='ocr_par' dir='ltr' id='par_1_58' title="bbox 193 5287 1766 5360">
     <span class='ocr_line' id='line_1_58' title="bbox 193 5287 1766 5360; baseline -0.003 -11"><span class='ocrx_word' id='word_1_422' title='bbox 193 5311 305 5349; x_wconf 74' lang='lat' dir='ltr'><strong><em>uteie</em></strong></span> <span class='ocrx_word' id='word_1_423' title='bbox 344 5310 365 5349; x_wconf 88' lang='lat'><strong><em>:</em></strong></span> <span class='ocrx_word' id='word_1_424' title='bbox 410 5294 486 5347; x_wconf 90' lang='lat' dir='ltr'><strong><em>ita</em></strong></span> <span class='ocrx_word' id='word_1_425' title='bbox 531 5290 665 5346; x_wconf 87' lang='lat' dir='ltr'><strong><em>enim</em></strong></span> <span class='ocrx_word' id='word_1_426' title='bbox 694 5287 882 5344; x_wconf 74' lang='lat' dir='ltr'><strong><em>sancta:</em></strong></span> <span class='ocrx_word' id='word_1_427' title='bbox 907 5299 955 5343; x_wconf 88' lang='lat' dir='ltr'><strong><em>et</em></strong></span> <span class='ocrx_word' id='word_1_428' title='bbox 982 5292 1272 5344; x_wconf 84' lang='lat' dir='ltr'><strong><em>uenerabilis</em></strong></span> <span class='ocrx_word' id='word_1_429' title='bbox 1302 5289 1482 5343; x_wconf 81' lang='lat' dir='ltr'><strong><em>Paula:</em></strong></span> <span class='ocrx_word' id='word_1_430' title='bbox 1508 5297 1766 5360; x_wconf 74' lang='lat' dir='ltr'><strong><em>confectus</em></strong></span> 
     </span>
    </p>
   </div>
   <div class='ocr_carea' id='block_1_59' title="bbox 195 5381 1765 5453">
    <p class='ocr_par' dir='ltr' id='par_1_59' title="bbox 195 5381 1765 5453">
     <span class='ocr_line' id='line_1_59' title="bbox 195 5381 1765 5453; baseline -0.006 -11"><span class='ocrx_word' id='word_1_431' title='bbox 195 5404 289 5443; x_wconf 83' lang='lat' dir='ltr'><strong><em>sum</em></strong></span> <span class='ocrx_word' id='word_1_432' title='bbox 339 5384 672 5449; x_wconf 85' lang='lat' dir='ltr'><strong><em>dormitione,</em></strong></span> <span class='ocrx_word' id='word_1_433' title='bbox 722 5392 777 5435; x_wconf 89' lang='lat' dir='ltr'><strong><em>ut</em></strong></span> <span class='ocrx_word' id='word_1_434' title='bbox 807 5383 992 5453; x_wconf 85' lang='lat' dir='ltr'><strong><em>absque</em></strong></span> <span class='ocrx_word' id='word_1_435' title='bbox 1039 5383 1370 5436; x_wconf 85' lang='lat' dir='ltr'><strong><em>translatione</em></strong></span> <span class='ocrx_word' id='word_1_436' title='bbox 1417 5381 1568 5450; x_wconf 82' lang='lat' dir='ltr'><strong><em>hujus</em></strong></span> <span class='ocrx_word' id='word_1_437' title='bbox 1628 5381 1765 5445; x_wconf 85' lang='lat' dir='ltr'><strong><em>libri,</em></strong></span> 
     </span>
    </p>
   </div>
   <div class='ocr_carea' id='block_1_60' title="bbox 194 5471 1765 5552">
    <p class='ocr_par' dir='ltr' id='par_1_60' title="bbox 194 5471 1765 5552">
     <span class='ocr_line' id='line_1_60' title="bbox 194 5471 1765 5552; baseline -0.009 -17"><span class='ocrx_word' id='word_1_438' title='bbox 194 5499 329 5552; x_wconf 79' lang='lat' dir='ltr'><strong><em>usque</em></strong></span> <span class='ocrx_word' id='word_1_439' title='bbox 354 5481 409 5533; x_wconf 89' lang='lat' dir='ltr'><strong><em>in</em></strong></span> <span class='ocrx_word' id='word_1_440' title='bbox 443 5483 746 5546; x_wconf 71' lang='lat' dir='ltr'><strong><em>prazsentem</em></strong></span> <span class='ocrx_word' id='word_1_441' title='bbox 774 5474 906 5527; x_wconf 88' lang='lat' dir='ltr'><strong><em>diem</em></strong></span> <span class='ocrx_word' id='word_1_442' title='bbox 933 5474 1062 5527; x_wconf 78' lang='lat' dir='ltr'><strong><em>nihil</em></strong></span> <span class='ocrx_word' id='word_1_443' title='bbox 1086 5473 1231 5526; x_wconf 87' lang='lat' dir='ltr'><strong><em>aliud</em></strong></span> <span class='ocrx_word' id='word_1_444' title='bbox 1260 5472 1418 5525; x_wconf 85' lang='lat' dir='ltr'><strong><em>divini</em></strong></span> <span class='ocrx_word' id='word_1_445' title='bbox 1448 5471 1611 5540; x_wconf 82' lang='lat' dir='ltr'><strong><em>operis</em></strong></span> <span class='ocrx_word' id='word_1_446' title='bbox 1638 5472 1765 5525; x_wconf 86' lang='lat' dir='ltr'><strong><em>scri-</em></strong></span> 
     </span>
    </p>
   </div>
   <div class='ocr_carea' id='block_1_61' title="bbox 189 5562 1765 5647">
    <p class='ocr_par' dir='ltr' id='par_1_61' title="bbox 189 5562 1765 5647">
     <span class='ocr_line' id='line_1_61' title="bbox 189 5562 1765 5647; baseline -0.011 -17"><span class='ocrx_word' id='word_1_447' title='bbox 189 5577 375 5647; x_wconf 75' lang='lat' dir='ltr'><strong><em>pserint.</em></strong></span> <span class='ocrx_word' id='word_1_448' title='bbox 429 5567 762 5622; x_wconf 85' lang='lat' dir='ltr'><strong><em>Perdidimus</em></strong></span> <span class='ocrx_word' id='word_1_449' title='bbox 800 5567 954 5632; x_wconf 88' lang='lat' dir='ltr'><strong><em>enim,</em></strong></span> <span class='ocrx_word' id='word_1_450' title='bbox 1001 5576 1054 5619; x_wconf 92' lang='lat' dir='ltr'><strong><em>ut</em></strong></span> <span class='ocrx_word' id='word_1_451' title='bbox 1083 5566 1191 5635; x_wconf 88' lang='lat' dir='ltr'><strong><em>ipse</em></strong></span> <span class='ocrx_word' id='word_1_452' title='bbox 1219 5565 1372 5628; x_wconf 87' lang='lat' dir='ltr'><strong><em>nosti,</em></strong></span> <span class='ocrx_word' id='word_1_453' title='bbox 1403 5573 1603 5632; x_wconf 88' lang='lat' dir='ltr'><strong><em>repente</em></strong></span> <span class='ocrx_word' id='word_1_454' title='bbox 1627 5562 1765 5616; x_wconf 86' lang='lat' dir='ltr'><strong><em>sola—</em></strong></span> 
     </span>
    </p>
   </div>
   <div class='ocr_carea' id='block_1_62' title="bbox 183 5650 1766 5727">
    <p class='ocr_par' dir='ltr' id='par_1_62' title="bbox 183 5650 1766 5727">
     <span class='ocr_line' id='line_1_62' title="bbox 183 5650 1766 5727; baseline -0.013 -2"><span class='ocrx_word' id='word_1_455' title='bbox 183 5674 303 5727; x_wconf 83' lang='lat' dir='ltr'><strong><em>tium.</em></strong></span> <span class='ocrx_word' id='word_1_456' title='bbox 336 5660 487 5726; x_wconf 84' lang='lat' dir='ltr'><strong><em>auod</em></strong></span> <span class='ocrx_word' id='word_1_457' title='bbox 533 5658 612 5727; x_wconf 87' lang='lat' dir='ltr'><strong><em>(ut</em></strong></span> <span class='ocrx_word' id='word_1_458' title='bbox 652 5657 965 5710; x_wconf 78' lang='lat' dir='ltr'><strong><em>conscientiw</em></strong></span> <span class='ocrx_word' id='word_1_459' title='bbox 1006 5667 1190 5711; x_wconf 70' lang='lat' dir='ltr'><strong><em>nostris</em></strong></span> <span class='ocrx_word' id='word_1_460' title='bbox 1221 5666 1237 5710; x_wconf 89' lang='lat' dir='ltr'><strong><em>t</em></strong></span> <span class='ocrx_word' id='word_1_461' title='bbox 1267 5656 1355 5709; x_wconf 89' lang='lat' dir='ltr'><strong><em>stis</em></strong></span> <span class='ocrx_word' id='word_1_462' title='bbox 1400 5663 1470 5707; x_wconf 84' lang='lat' dir='ltr'><strong><em>est</em></strong></span> <span class='ocrx_word' id='word_1_463' title='bbox 1500 5650 1766 5724; x_wconf 69' lang='lat' dir='ltr'><strong><em>Dominus)</em></strong></span> 
     </span>
    </p>
   </div>
   <div class='ocr_carea' id='block_1_63' title="bbox 1892 474 3191 542">
    <p class='ocr_par' dir='ltr' id='par_1_63' title="bbox 1892 474 3191 542">
     <span class='ocr_line' id='line_1_63' title="bbox 1892 474 3191 542; baseline 0.012 -19"><span class='ocrx_word' id='word_1_464' title='bbox 1892 487 2004 523; x_wconf 89' lang='lat' dir='ltr'><strong><em>rum</em></strong></span> <span class='ocrx_word' id='word_1_465' title='bbox 2035 474 2331 541; x_wconf 83' lang='lat' dir='ltr'><strong><em>refrigeria,</em></strong></span> <span class='ocrx_word' id='word_1_466' title='bbox 2356 474 2535 542; x_wconf 87' lang='lat' dir='ltr'><strong><em>quibus</em></strong></span> <span class='ocrx_word' id='word_1_467' title='bbox 2556 476 2646 528; x_wconf 89' lang='lat' dir='ltr'><strong><em>illa</em></strong></span> <span class='ocrx_word' id='word_1_468' title='bbox 2672 476 2887 530; x_wconf 87' lang='lat' dir='ltr'><strong><em>sollicite</em></strong></span> <span class='ocrx_word' id='word_1_469' title='bbox 2909 484 3191 540; x_wconf 74' lang='lat' dir='ltr'><strong><em>serviebat.</em></strong></span> 
     </span>
    </p>
   </div>
   <div class='ocr_carea' id='block_1_64' title="bbox 1962 560 3479 648">
    <p class='ocr_par' dir='ltr' id='par_1_64' title="bbox 1962 560 3479 648">
     <span class='ocr_line' id='line_1_64' title="bbox 1962 560 3479 648; baseline 0.017 -35"><span class='ocrx_word' id='word_1_470' title='bbox 1962 560 2050 614; x_wconf 80' lang='lat' dir='ltr'><strong><em>Vl.</em></strong></span> <span class='ocrx_word' id='word_1_471' title='bbox 2098 562 2419 631; x_wconf 85' lang='lat' dir='ltr'><strong><em>Aliquandiu</em></strong></span> <span class='ocrx_word' id='word_1_472' title='bbox 2469 574 2607 633; x_wconf 89' lang='lat' dir='ltr'><strong><em>post.</em></strong></span> <span class='ocrx_word' id='word_1_473' title='bbox 2652 565 2845 619; x_wconf 83' lang='lat' dir='ltr'><strong><em>cadent</em></strong></span> <span class='ocrx_word' id='word_1_474' title='bbox 2893 568 2992 624; x_wconf 91' lang='lat' dir='ltr'><strong><em>hoc</em></strong></span> <span class='ocrx_word' id='word_1_475' title='bbox 3022 580 3203 628; x_wconf 89' lang='lat' dir='ltr'><strong><em>tamen</em></strong></span> <span class='ocrx_word' id='word_1_476' title='bbox 3234 593 3394 648; x_wconf 85' lang='lat' dir='ltr'><strong><em>anno,</em></strong></span> <span class='ocrx_word' id='word_1_477' title='bbox 3422 592 3479 638; x_wconf 84' lang='lat' dir='ltr'><strong><em>et</em></strong></span> 
     </span>
    </p>
   </div>
   <div class='ocr_carea' id='block_1_65' title="bbox 1889 650 3471 740">
    <p class='ocr_par' dir='ltr' id='par_1_65' title="bbox 1889 650 3471 740">
     <span class='ocr_line' id='line_1_65' title="bbox 1889 650 3471 740; baseline 0.012 -36"><span class='ocrx_word' id='word_1_478' title='bbox 1889 650 2125 704; x_wconf 87' lang='lat' dir='ltr'><strong><em>nondum</em></strong></span> <span class='ocrx_word' id='word_1_479' title='bbox 2146 652 2397 713; x_wconf 83' lang='lat' dir='ltr'><strong><em>obducta,</em></strong></span> <span class='ocrx_word' id='word_1_480' title='bbox 2423 670 2579 722; x_wconf 89' lang='lat' dir='ltr'><strong><em>quam</em></strong></span> <span class='ocrx_word' id='word_1_481' title='bbox 2602 654 2778 708; x_wconf 74' lang='lat' dir='ltr'><strong><em>Paulae</em></strong></span> <span class='ocrx_word' id='word_1_482' title='bbox 2794 656 2970 712; x_wconf 84' lang='lat' dir='ltr'><strong><em>obitus</em></strong></span> <span class='ocrx_word' id='word_1_483' title='bbox 2998 660 3281 731; x_wconf 76' lang='lat' dir='ltr'><strong><em>inﬂixerat,</em></strong></span> <span class='ocrx_word' id='word_1_484' title='bbox 3302 670 3471 740; x_wconf 78' lang='lat' dir='ltr'><strong><em>plaga,</em></strong></span> 
     </span>
    </p>
   </div>
   <div class='ocr_carea' id='block_1_66' title="bbox 1884 741 3474 815">
    <p class='ocr_par' dir='ltr' id='par_1_66' title="bbox 1884 741 3474 815">
     <span class='ocr_line' id='line_1_66' title="bbox 1884 741 3474 815; baseline 0.014 -22"><span class='ocrx_word' id='word_1_485' title='bbox 1884 741 2044 794; x_wconf 83' lang='lat' dir='ltr'><strong><em>aliam</em></strong></span> <span class='ocrx_word' id='word_1_486' title='bbox 2067 742 2133 796; x_wconf 89' lang='lat' dir='ltr'><strong><em>de</em></strong></span> <span class='ocrx_word' id='word_1_487' title='bbox 2158 741 2347 799; x_wconf 67' lang='lat' dir='ltr'><strong><em>Grmco</em></strong></span> <span class='ocrx_word' id='word_1_488' title='bbox 2375 745 2783 800; x_wconf 85' lang='lat' dir='ltr'><strong><em>translationem</em></strong></span> <span class='ocrx_word' id='word_1_489' title='bbox 2811 747 3120 804; x_wconf 87' lang='lat' dir='ltr'><strong><em>adornavit.</em></strong></span> <span class='ocrx_word' id='word_1_490' title='bbox 3142 752 3330 809; x_wconf 88' lang='lat' dir='ltr'><strong><em>llabuit</em></strong></span> <span class='ocrx_word' id='word_1_491' title='bbox 3350 776 3474 815; x_wconf 85' lang='lat' dir='ltr'><strong><em>vero</em></strong></span> 
     </span>
    </p>
   </div>
   <div class='ocr_carea' id='block_1_67' title="bbox 1885 830 3473 906">
    <p class='ocr_par' dir='ltr' id='par_1_67' title="bbox 1885 830 3473 906">
     <span class='ocr_line' id='line_1_67' title="bbox 1885 830 3473 906; baseline 0.012 -23"><span class='ocrx_word' id='word_1_492' title='bbox 1885 830 1959 884; x_wconf 88' lang='lat' dir='ltr'><strong><em>ita</em></strong></span> <span class='ocrx_word' id='word_1_493' title='bbox 1988 844 2047 885; x_wconf 88' lang='lat' dir='ltr'><strong><em>se</em></strong></span> <span class='ocrx_word' id='word_1_494' title='bbox 2074 846 2182 885; x_wconf 89' lang='lat' dir='ltr'><strong><em>res.</em></strong></span> <span class='ocrx_word' id='word_1_495' title='bbox 2211 831 2344 886; x_wconf 89' lang='lat' dir='ltr'><strong><em>Cum</em></strong></span> <span class='ocrx_word' id='word_1_496' title='bbox 2378 833 2431 888; x_wconf 92' lang='lat' dir='ltr'><strong><em>in</em></strong></span> <span class='ocrx_word' id='word_1_497' title='bbox 2464 834 2754 891; x_wconf 88' lang='lat' dir='ltr'><strong><em>Thebaidis</em></strong></span> <span class='ocrx_word' id='word_1_498' title='bbox 2797 839 3082 906; x_wconf 76' lang='lat' dir='ltr'><strong><em>cmuobiis,</em></strong></span> <span class='ocrx_word' id='word_1_499' title='bbox 3114 851 3169 895; x_wconf 87' lang='lat' dir='ltr'><strong><em>et</em></strong></span> <span class='ocrx_word' id='word_1_500' title='bbox 3209 843 3259 896; x_wconf 91' lang='lat' dir='ltr'><strong><em>in</em></strong></span> <span class='ocrx_word' id='word_1_501' title='bbox 3294 846 3473 901; x_wconf 80' lang='lat' dir='ltr'><strong><em>Mona-</em></strong></span> 
     </span>
    </p>
   </div>
   <div class='ocr_carea' id='block_1_68' title="bbox 1883 921 3474 1007">
    <p class='ocr_par' dir='ltr' id='par_1_68' title="bbox 1883 921 3474 1007">
     <span class='ocr_line' id='line_1_68' title="bbox 1883 921 3474 1007; baseline 0.012 -34"><span class='ocrx_word' id='word_1_502' title='bbox 1883 921 2048 975; x_wconf 88' lang='lat' dir='ltr'><strong><em>sterio</em></strong></span> <span class='ocrx_word' id='word_1_503' title='bbox 2091 921 2370 979; x_wconf 72' lang='lat' dir='ltr'><strong><em>bietenmze</em></strong></span> <span class='ocrx_word' id='word_1_504' title='bbox 2419 924 2724 981; x_wconf 84' lang='lat' dir='ltr'><strong><em>habitarent</em></strong></span> <span class='ocrx_word' id='word_1_505' title='bbox 2769 927 2985 996; x_wconf 88' lang='lat' dir='ltr'><strong><em>plurimi</em></strong></span> <span class='ocrx_word' id='word_1_506' title='bbox 3018 929 3353 1000; x_wconf 86' lang='lat' dir='ltr'><strong><em>Latinorum,</em></strong></span> <span class='ocrx_word' id='word_1_507' title='bbox 3383 939 3474 1007; x_wconf 88' lang='lat' dir='ltr'><strong><em>qui</em></strong></span> 
     </span>
    </p>
   </div>
   <div class='ocr_carea' id='block_1_69' title="bbox 1884 1009 3471 1097">
    <p class='ocr_par' dir='ltr' id='par_1_69' title="bbox 1884 1009 3471 1097">
     <span class='ocr_line' id='line_1_69' title="bbox 1884 1009 3471 1097; baseline 0.013 -36"><span class='ocrx_word' id='word_1_508' title='bbox 1884 1009 2197 1078; x_wconf 86' lang='lat' dir='ltr'><strong><em>ignorabant</em></strong></span> <span class='ocrx_word' id='word_1_509' title='bbox 2225 1013 2601 1085; x_wconf 63' lang='lat' dir='ltr'><strong><em>Egyptiacum</em></strong></span> <span class='ocrx_word' id='word_1_510' title='bbox 2630 1017 2985 1089; x_wconf 78' lang='lat' dir='ltr'><strong><em>Grzncumque</em></strong></span> <span class='ocrx_word' id='word_1_511' title='bbox 3005 1035 3333 1090; x_wconf 85' lang='lat' dir='ltr'><strong><em>sermonem,</em></strong></span> <span class='ocrx_word' id='word_1_512' title='bbox 3364 1043 3471 1097; x_wconf 92' lang='lat' dir='ltr'><strong><em>quo</em></strong></span> 
     </span>
    </p>
   </div>
   <div class='ocr_carea' id='block_1_70' title="bbox 1885 1099 3471 1188">
    <p class='ocr_par' dir='ltr' id='par_1_70' title="bbox 1885 1099 3471 1188">
     <span class='ocr_line' id='line_1_70' title="bbox 1885 1099 3471 1188; baseline 0.013 -34"><span class='ocrx_word' id='word_1_513' title='bbox 1885 1099 2156 1157; x_wconf 81' lang='lat' dir='ltr'><strong><em>Pachumii</em></strong></span> <span class='ocrx_word' id='word_1_514' title='bbox 2188 1113 2242 1159; x_wconf 90' lang='lat' dir='ltr'><strong><em>et</em></strong></span> <span class='ocrx_word' id='word_1_515' title='bbox 2260 1105 2527 1161; x_wconf 87' lang='lat' dir='ltr'><strong><em>Theodori</em></strong></span> <span class='ocrx_word' id='word_1_516' title='bbox 2550 1118 2603 1162; x_wconf 89' lang='lat' dir='ltr'><strong><em>et</em></strong></span> <span class='ocrx_word' id='word_1_517' title='bbox 2632 1108 2850 1165; x_wconf 89' lang='lat' dir='ltr'><strong><em>Orsiesii</em></strong></span> <span class='ocrx_word' id='word_1_518' title='bbox 2875 1111 3151 1182; x_wconf 70' lang='lat' dir='ltr'><strong><em>Prmcepta</em></strong></span> <span class='ocrx_word' id='word_1_519' title='bbox 3170 1119 3471 1188; x_wconf 86' lang='lat' dir='ltr'><strong><em>conscripta</em></strong></span> 
     </span>
    </p>
   </div>
   <div class='ocr_carea' id='block_1_71' title="bbox 1882 1192 3472 1277">
    <p class='ocr_par' dir='ltr' id='par_1_71' title="bbox 1882 1192 3472 1277">
     <span class='ocr_line' id='line_1_71' title="bbox 1882 1192 3472 1277; baseline 0.012 -33"><span class='ocrx_word' id='word_1_520' title='bbox 1882 1200 2026 1254; x_wconf 90' lang='lat' dir='ltr'><strong><em>sunt,</em></strong></span> <span class='ocrx_word' id='word_1_521' title='bbox 2051 1192 2211 1247; x_wconf 88' lang='lat' dir='ltr'><strong><em>homo</em></strong></span> <span class='ocrx_word' id='word_1_522' title='bbox 2230 1196 2318 1248; x_wconf 85' lang='lat' dir='ltr'><strong><em>Dei</em></strong></span> <span class='ocrx_word' id='word_1_523' title='bbox 2339 1198 2554 1264; x_wconf 87' lang='lat' dir='ltr'><strong><em>quidam</em></strong></span> <span class='ocrx_word' id='word_1_524' title='bbox 2571 1199 2821 1255; x_wconf 84' lang='lat' dir='ltr'><strong><em>Silvanus</em></strong></span> <span class='ocrx_word' id='word_1_525' title='bbox 2841 1202 3132 1273; x_wconf 87' lang='lat' dir='ltr'><strong><em>Presbyter</em></strong></span> <span class='ocrx_word' id='word_1_526' title='bbox 3154 1206 3337 1271; x_wconf 90' lang='lat' dir='ltr'><strong><em>libros,</em></strong></span> <span class='ocrx_word' id='word_1_527' title='bbox 3362 1209 3472 1277; x_wconf 51' lang='lat' dir='ltr'><strong><em>qui.</em></strong></span> 
     </span>
    </p>
   </div>
   <div class='ocr_carea' id='block_1_72' title="bbox 1883 1280 3473 1359">
    <p class='ocr_par' dir='ltr' id='par_1_72' title="bbox 1883 1280 3473 1359">
     <span class='ocr_line' id='line_1_72' title="bbox 1883 1280 3473 1359; baseline 0.011 -26"><span class='ocrx_word' id='word_1_528' title='bbox 1883 1280 1982 1334; x_wconf 87' lang='lat' dir='ltr'><strong><em>bus</em></strong></span> <span class='ocrx_word' id='word_1_529' title='bbox 1998 1282 2081 1335; x_wconf 88' lang='lat' dir='ltr'><strong><em>illa</em></strong></span> <span class='ocrx_word' id='word_1_530' title='bbox 2096 1284 2525 1350; x_wconf 90' lang='lat' dir='ltr'><strong><em>continebantur,</em></strong></span> <span class='ocrx_word' id='word_1_531' title='bbox 2541 1288 2608 1340; x_wconf 90' lang='lat' dir='ltr'><strong><em>de</em></strong></span> <span class='ocrx_word' id='word_1_532' title='bbox 2623 1288 3052 1359; x_wconf 58' lang='lat' dir='ltr'><strong><em>(Egyptiacajam</em></strong></span> <span class='ocrx_word' id='word_1_533' title='bbox 3067 1308 3249 1347; x_wconf 82' lang='lat' dir='ltr'><strong><em>versos</em></strong></span> <span class='ocrx_word' id='word_1_534' title='bbox 3263 1295 3313 1349; x_wconf 91' lang='lat' dir='ltr'><strong><em>in</em></strong></span> <span class='ocrx_word' id='word_1_535' title='bbox 3328 1296 3473 1351; x_wconf 72' lang='lat' dir='ltr'><strong><em>Crte-</em></strong></span> 
     </span>
    </p>
   </div>
   <div class='ocr_carea' id='block_1_73' title="bbox 1881 1375 3468 1457">
    <p class='ocr_par' dir='ltr' id='par_1_73' title="bbox 1881 1375 3468 1457">
     <span class='ocr_line' id='line_1_73' title="bbox 1881 1375 3468 1457; baseline 0.011 -31"><span class='ocrx_word' id='word_1_536' title='bbox 1881 1389 1999 1427; x_wconf 91' lang='lat' dir='ltr'><strong><em>cam</em></strong></span> <span class='ocrx_word' id='word_1_537' title='bbox 2030 1375 2281 1443; x_wconf 78' lang='lat' dir='ltr'><strong><em>linguam,</em></strong></span> <span class='ocrx_word' id='word_1_538' title='bbox 2314 1378 2379 1431; x_wconf 89' lang='lat' dir='ltr'><strong><em>ad</em></strong></span> <span class='ocrx_word' id='word_1_539' title='bbox 2431 1378 2814 1451; x_wconf 84' lang='lat' dir='ltr'><strong><em>Hieronymum</em></strong></span> <span class='ocrx_word' id='word_1_540' title='bbox 2845 1383 3062 1448; x_wconf 84' lang='lat' dir='ltr'><strong><em>direxit,</em></strong></span> <span class='ocrx_word' id='word_1_541' title='bbox 3108 1386 3265 1439; x_wconf 84' lang='lat' dir='ltr'><strong><em>etiam</em></strong></span> <span class='ocrx_word' id='word_1_542' title='bbox 3307 1398 3468 1457; x_wconf 86' lang='lat' dir='ltr'><strong><em>atque</em></strong></span> 
     </span>
    </p>
   </div>
   <div class='ocr_carea' id='block_1_74' title="bbox 1881 1465 3469 1534">
    <p class='ocr_par' dir='ltr' id='par_1_74' title="bbox 1881 1465 3469 1534">
     <span class='ocr_line' id='line_1_74' title="bbox 1881 1465 3469 1534; baseline 0.012 -19"><span class='ocrx_word' id='word_1_543' title='bbox 1881 1465 2041 1517; x_wconf 86' lang='lat' dir='ltr'><strong><em>etiam</em></strong></span> <span class='ocrx_word' id='word_1_544' title='bbox 2074 1465 2333 1534; x_wconf 84' lang='lat' dir='ltr'><strong><em>ﬂagitans,</em></strong></span> <span class='ocrx_word' id='word_1_545' title='bbox 2386 1478 2442 1521; x_wconf 90' lang='lat' dir='ltr'><strong><em>ut</em></strong></span> <span class='ocrx_word' id='word_1_546' title='bbox 2488 1469 2673 1523; x_wconf 87' lang='lat' dir='ltr'><strong><em>Latina</em></strong></span> <span class='ocrx_word' id='word_1_547' title='bbox 2706 1471 2773 1525; x_wconf 90' lang='lat' dir='ltr'><strong><em>de</em></strong></span> <span class='ocrx_word' id='word_1_548' title='bbox 2802 1472 3004 1527; x_wconf 73' lang='lat' dir='ltr'><strong><em>Gnceis</em></strong></span> <span class='ocrx_word' id='word_1_549' title='bbox 3032 1477 3296 1533; x_wconf 86' lang='lat' dir='ltr'><strong><em>redderet.</em></strong></span> <span class='ocrx_word' id='word_1_550' title='bbox 3326 1479 3469 1534; x_wconf 83' lang='lat' dir='ltr'><strong><em>Misit</em></strong></span> 
     </span>
    </p>
   </div>
   <div class='ocr_carea' id='block_1_75' title="bbox 1879 1554 3467 1637">
    <p class='ocr_par' dir='ltr' id='par_1_75' title="bbox 1879 1554 3467 1637">
     <span class='ocr_line' id='line_1_75' title="bbox 1879 1554 3467 1637; baseline 0.012 -31"><span class='ocrx_word' id='word_1_551' title='bbox 1879 1554 2038 1607; x_wconf 90' lang='lat' dir='ltr'><strong><em>etiam</em></strong></span> <span class='ocrx_word' id='word_1_552' title='bbox 2070 1556 2140 1608; x_wconf 87' lang='lat' dir='ltr'><strong><em>ob</em></strong></span> <span class='ocrx_word' id='word_1_553' title='bbox 2160 1571 2277 1609; x_wconf 85' lang='lat' dir='ltr'><strong><em>eam</em></strong></span> <span class='ocrx_word' id='word_1_554' title='bbox 2325 1572 2541 1612; x_wconf 75' lang='lat' dir='ltr'><strong><em>causam</em></strong></span> <span class='ocrx_word' id='word_1_555' title='bbox 2571 1560 2846 1615; x_wconf 80' lang='lat' dir='ltr'><strong><em>Leontium</em></strong></span> <span class='ocrx_word' id='word_1_556' title='bbox 2877 1564 3255 1637; x_wconf 80' lang='lat' dir='ltr'><strong><em>Presbyterum</em></strong></span> <span class='ocrx_word' id='word_1_557' title='bbox 3282 1580 3335 1623; x_wconf 88' lang='lat' dir='ltr'><strong><em>et</em></strong></span> <span class='ocrx_word' id='word_1_558' title='bbox 3360 1584 3467 1625; x_wconf 78' lang='lat' dir='ltr'><strong><em>ca:-</em></strong></span> 
     </span>
    </p>
   </div>
   <div class='ocr_carea' id='block_1_76' title="bbox 1878 1645 3461 1727">
    <p class='ocr_par' dir='ltr' id='par_1_76' title="bbox 1878 1645 3461 1727">
     <span class='ocr_line' id='line_1_76' title="bbox 1878 1645 3461 1727; baseline 0.014 -33"><span class='ocrx_word' id='word_1_559' title='bbox 1878 1653 2016 1696; x_wconf 62' lang='grc' dir='ltr'><strong><em>ιρτος</em></strong></span> <span class='ocrx_word' id='word_1_560' title='bbox 2033 1660 2149 1696; x_wconf 90' lang='lat' dir='ltr'><strong><em>cum</em></strong></span> <span class='ocrx_word' id='word_1_561' title='bbox 2169 1662 2231 1698; x_wconf 84' lang='lat' dir='ltr'><strong><em>eo</em></strong></span> <span class='ocrx_word' id='word_1_562' title='bbox 2250 1645 2460 1713; x_wconf 71' lang='lat' dir='ltr'><strong><em>fratres,</em></strong></span> <span class='ocrx_word' id='word_1_563' title='bbox 2482 1650 2571 1717; x_wconf 92' lang='lat' dir='ltr'><strong><em>qui</em></strong></span> <span class='ocrx_word' id='word_1_564' title='bbox 2592 1666 2724 1718; x_wconf 81' lang='lat' dir='ltr'><strong><em>opus</em></strong></span> <span class='ocrx_word' id='word_1_565' title='bbox 2744 1664 3010 1721; x_wconf 78' lang='lat' dir='ltr'><strong><em>urgerent,</em></strong></span> <span class='ocrx_word' id='word_1_566' title='bbox 3030 1666 3082 1709; x_wconf 90' lang='lat' dir='ltr'><strong><em>et</em></strong></span> <span class='ocrx_word' id='word_1_567' title='bbox 3104 1658 3212 1711; x_wconf 79' lang='lat' dir='ltr'><strong><em>fere</em></strong></span> <span class='ocrx_word' id='word_1_568' title='bbox 3233 1675 3327 1727; x_wconf 90' lang='lat' dir='ltr'><strong><em>per</em></strong></span> <span class='ocrx_word' id='word_1_569' title='bbox 3344 1676 3461 1715; x_wconf 80' lang='lat' dir='ltr'><strong><em>mo-</em></strong></span> 
     </span>
    </p>
   </div>
   <div class='ocr_carea' id='block_1_77' title="bbox 1871 1736 3455 1815">
    <p class='ocr_par' dir='ltr' id='par_1_77' title="bbox 1871 1736 3455 1815">
     <span class='ocr_line' id='line_1_77' title="bbox 1871 1736 3455 1815; baseline 0.013 -31"><span class='ocrx_word' id='word_1_570' title='bbox 1871 1744 2048 1786; x_wconf 89' lang='lat' dir='ltr'><strong><em>menta</em></strong></span> <span class='ocrx_word' id='word_1_571' title='bbox 2088 1736 2379 1804; x_wconf 80' lang='lat' dir='ltr'><strong><em>exigerent.</em></strong></span> <span class='ocrx_word' id='word_1_572' title='bbox 2422 1740 2641 1807; x_wconf 75' lang='lat' dir='ltr'><strong><em>Accepit</em></strong></span> <span class='ocrx_word' id='word_1_573' title='bbox 2672 1742 2852 1810; x_wconf 85' lang='lat' dir='ltr'><strong><em>itaque</em></strong></span> <span class='ocrx_word' id='word_1_574' title='bbox 2878 1743 3070 1799; x_wconf 79' lang='lat' dir='ltr'><strong><em>Noster</em></strong></span> <span class='ocrx_word' id='word_1_575' title='bbox 3101 1750 3455 1815; x_wconf 79' lang='lat' dir='ltr'><strong><em>provinciam,</em></strong></span> 
     </span>
    </p>
   </div>
   <div class='ocr_carea' id='block_1_78' title="bbox 1868 1822 3453 1907">
    <p class='ocr_par' dir='ltr' id='par_1_78' title="bbox 1868 1822 3453 1907">
     <span class='ocr_line' id='line_1_78' title="bbox 1868 1822 3453 1907; baseline 0.014 -33"><span class='ocrx_word' id='word_1_576' title='bbox 1868 1832 1923 1875; x_wconf 90' lang='lat' dir='ltr'><strong><em>ct</em></strong></span> <span class='ocrx_word' id='word_1_577' title='bbox 1973 1822 2212 1877; x_wconf 70' lang='lat' dir='ltr'><strong><em>Cra-cam</em></strong></span> <span class='ocrx_word' id='word_1_578' title='bbox 2262 1827 2403 1879; x_wconf 87' lang='lat' dir='ltr'><strong><em>illam</em></strong></span> <span class='ocrx_word' id='word_1_579' title='bbox 2454 1829 2757 1883; x_wconf 75' lang='lat' dir='ltr'><strong><em>versionem</em></strong></span> <span class='ocrx_word' id='word_1_580' title='bbox 2789 1832 2840 1885; x_wconf 92' lang='lat' dir='ltr'><strong><em>in</em></strong></span> <span class='ocrx_word' id='word_1_581' title='bbox 2869 1832 3115 1887; x_wconf 88' lang='lat' dir='ltr'><strong><em>Latinum</em></strong></span> <span class='ocrx_word' id='word_1_582' title='bbox 3147 1838 3453 1907; x_wconf 84' lang='lat' dir='ltr'><strong><em>refundens,</em></strong></span> 
     </span>
    </p>
   </div>
   <div class='ocr_carea' id='block_1_79' title="bbox 1866 1913 3456 1997">
    <p class='ocr_par' dir='ltr' id='par_1_79' title="bbox 1866 1913 3456 1997">
     <span class='ocr_line' id='line_1_79' title="bbox 1866 1913 3456 1997; baseline 0.011 -33"><span class='ocrx_word' id='word_1_583' title='bbox 1866 1913 2036 1966; x_wconf 88' lang='lat' dir='ltr'><strong><em>accito</em></strong></span> <span class='ocrx_word' id='word_1_584' title='bbox 2063 1913 2279 1968; x_wconf 87' lang='lat' dir='ltr'><strong><em>Notario</em></strong></span> <span class='ocrx_word' id='word_1_585' title='bbox 2306 1917 2545 1983; x_wconf 84' lang='lat' dir='ltr'><strong><em>dictavit,</em></strong></span> <span class='ocrx_word' id='word_1_586' title='bbox 2576 1930 2630 1971; x_wconf 90' lang='lat' dir='ltr'><strong><em>ut</em></strong></span> <span class='ocrx_word' id='word_1_587' title='bbox 2658 1922 2829 1984; x_wconf 84' lang='lat' dir='ltr'><strong><em>tantis,</em></strong></span> <span class='ocrx_word' id='word_1_588' title='bbox 2864 1933 2917 1975; x_wconf 91' lang='lat' dir='ltr'><strong><em>ut</em></strong></span> <span class='ocrx_word' id='word_1_589' title='bbox 2943 1925 3035 1988; x_wconf 88' lang='lat' dir='ltr'><strong><em>ait,</em></strong></span> <span class='ocrx_word' id='word_1_590' title='bbox 3061 1926 3178 1979; x_wconf 85' lang='lat' dir='ltr'><strong><em>viris</em></strong></span> <span class='ocrx_word' id='word_1_591' title='bbox 3203 1929 3456 1997; x_wconf 79' lang='lat' dir='ltr'><strong><em>imperau-</em></strong></span> 
     </span>
    </p>
   </div>
   <div class='ocr_carea' id='block_1_80' title="bbox 1869 2000 3457 2084">
    <p class='ocr_par' dir='ltr' id='par_1_80' title="bbox 1869 2000 3457 2084">
     <span class='ocr_line' id='line_1_80' title="bbox 1869 2000 3457 2084; baseline 0.013 -32"><span class='ocrx_word' id='word_1_592' title='bbox 1869 2000 2015 2065; x_wconf 87' lang='lat' dir='ltr'><strong><em>tibus,</em></strong></span> <span class='ocrx_word' id='word_1_593' title='bbox 2048 2005 2226 2056; x_wconf 85' lang='lat' dir='ltr'><strong><em>nedum</em></strong></span> <span class='ocrx_word' id='word_1_594' title='bbox 2256 2007 2546 2075; x_wconf 87' lang='lat' dir='ltr'><strong><em>rogantibas</em></strong></span> <span class='ocrx_word' id='word_1_595' title='bbox 2569 2008 2832 2066; x_wconf 87' lang='lat' dir='ltr'><strong><em>obediret.</em></strong></span> <span class='ocrx_word' id='word_1_596' title='bbox 2860 2015 2899 2065; x_wconf 83' lang='lat' dir='ltr'><strong>A</strong></span> <span class='ocrx_word' id='word_1_597' title='bbox 2912 2012 3121 2065; x_wconf 85' lang='lat' dir='ltr'><strong><em>bsoluto</em></strong></span> <span class='ocrx_word' id='word_1_598' title='bbox 3142 2018 3289 2084; x_wconf 87' lang='lat' dir='ltr'><strong><em>operi</em></strong></span> <span class='ocrx_word' id='word_1_599' title='bbox 3311 2018 3457 2073; x_wconf 74' lang='lat' dir='ltr'><strong><em>Prte-</em></strong></span> 
     </span>
    </p>
   </div>
   <div class='ocr_carea' id='block_1_81' title="bbox 1869 2092 3453 2169">
    <p class='ocr_par' dir='ltr' id='par_1_81' title="bbox 1869 2092 3453 2169">
     <span class='ocr_line' id='line_1_81' title="bbox 1869 2092 3453 2169; baseline 0.013 -25"><span class='ocrx_word' id='word_1_600' title='bbox 1869 2092 2117 2167; x_wconf 63' lang='lat' dir='ltr'><strong><em>lationem</em></strong></span> <span class='ocrx_word' id='word_1_601' title='bbox 2162 2095 2229 2149; x_wconf 88' lang='lat' dir='ltr'><strong><em>de</em></strong></span> <span class='ocrx_word' id='word_1_602' title='bbox 2272 2112 2372 2150; x_wconf 88' lang='lat' dir='ltr'><strong><em>suo</em></strong></span> <span class='ocrx_word' id='word_1_603' title='bbox 2401 2100 2647 2167; x_wconf 67' lang='lat' dir='ltr'><strong><em>pr1rlixit,</em></strong></span> <span class='ocrx_word' id='word_1_604' title='bbox 2680 2102 2730 2154; x_wconf 88' lang='lat' dir='ltr'><strong><em>in</em></strong></span> <span class='ocrx_word' id='word_1_605' title='bbox 2760 2119 2863 2169; x_wconf 90' lang='lat' dir='ltr'><strong><em>qua</em></strong></span> <span class='ocrx_word' id='word_1_606' title='bbox 2895 2114 3002 2157; x_wconf 91' lang='lat' dir='ltr'><strong><em>tum</em></strong></span> <span class='ocrx_word' id='word_1_607' title='bbox 3035 2107 3288 2161; x_wconf 85' lang='lat' dir='ltr'><strong><em>hactenus</em></strong></span> <span class='ocrx_word' id='word_1_608' title='bbox 3318 2110 3453 2165; x_wconf 87' lang='lat' dir='ltr'><strong><em>deli-</em></strong></span> 
     </span>
    </p>
   </div>
   <div class='ocr_carea' id='block_1_82' title="bbox 1870 2186 3457 2268">
    <p class='ocr_par' dir='ltr' id='par_1_82' title="bbox 1870 2186 3457 2268">
     <span class='ocr_line' id='line_1_82' title="bbox 1870 2186 3457 2268; baseline 0.013 -31"><span class='ocrx_word' id='word_1_609' title='bbox 1870 2186 2011 2248; x_wconf 90' lang='lat' dir='ltr'><strong><em>bata,</em></strong></span> <span class='ocrx_word' id='word_1_610' title='bbox 2047 2197 2156 2241; x_wconf 91' lang='lat' dir='ltr'><strong><em>tum</em></strong></span> <span class='ocrx_word' id='word_1_611' title='bbox 2189 2190 2440 2257; x_wconf 88' lang='lat' dir='ltr'><strong><em>pleraque</em></strong></span> <span class='ocrx_word' id='word_1_612' title='bbox 2472 2192 2571 2243; x_wconf 84' lang='lat' dir='ltr'><strong><em>alia</em></strong></span> <span class='ocrx_word' id='word_1_613' title='bbox 2603 2193 2674 2245; x_wconf 88' lang='lat' dir='ltr'><strong><em>rei</em></strong></span> <span class='ocrx_word' id='word_1_614' title='bbox 2708 2193 2953 2259; x_wconf 80' lang='lat' dir='ltr'><strong><em>adjuncta</em></strong></span> <span class='ocrx_word' id='word_1_615' title='bbox 2985 2198 3232 2263; x_wconf 84' lang='lat' dir='ltr'><strong><em>explicat,</em></strong></span> <span class='ocrx_word' id='word_1_616' title='bbox 3265 2201 3457 2268; x_wconf 89' lang='lat' dir='ltr'><strong><em>quibus</em></strong></span> 
     </span>
    </p>
   </div>
   <div class='ocr_carea' id='block_1_83' title="bbox 1867 2278 3455 2350">
    <p class='ocr_par' dir='ltr' id='par_1_83' title="bbox 1867 2278 3455 2350">
     <span class='ocr_line' id='line_1_83' title="bbox 1867 2278 3455 2350; baseline 0.011 -20"><span class='ocrx_word' id='word_1_617' title='bbox 1867 2288 1920 2331; x_wconf 87' lang='lat' dir='ltr'><strong><em>et</em></strong></span> <span class='ocrx_word' id='word_1_618' title='bbox 1961 2278 2029 2333; x_wconf 88' lang='lat' dir='ltr'><strong><em>de</em></strong></span> <span class='ocrx_word' id='word_1_619' title='bbox 2074 2281 2185 2350; x_wconf 65' lang='lat' dir='ltr'><strong><em>ipsa</em></strong></span> <span class='ocrx_word' id='word_1_620' title='bbox 2217 2284 2471 2349; x_wconf 88' lang='lat' dir='ltr'><strong><em>tentporis</em></strong></span> <span class='ocrx_word' id='word_1_621' title='bbox 2502 2286 2771 2339; x_wconf 84' lang='lat' dir='ltr'><strong><em>notatione</em></strong></span> <span class='ocrx_word' id='word_1_622' title='bbox 2798 2287 3164 2345; x_wconf 86' lang='lat' dir='ltr'><strong><em>admonemur.</em></strong></span> <span class='ocrx_word' id='word_1_623' title='bbox 3200 2292 3353 2347; x_wconf 86' lang='lat' dir='ltr'><strong><em>Initio</em></strong></span> <span class='ocrx_word' id='word_1_624' title='bbox 3379 2297 3455 2349; x_wconf 91' lang='lat' dir='ltr'><strong><em>si-</em></strong></span> 
     </span>
    </p>
   </div>
   <div class='ocr_carea' id='block_1_84' title="bbox 1865 2371 3453 2445">
    <p class='ocr_par' dir='ltr' id='par_1_84' title="bbox 1865 2371 3453 2445">
     <span class='ocr_line' id='line_1_84' title="bbox 1865 2371 3453 2445; baseline 0.014 -24"><span class='ocrx_word' id='word_1_625' title='bbox 1865 2371 2080 2437; x_wconf 79' lang='lat' dir='ltr'><strong><em>gniﬁcat</em></strong></span> <span class='ocrx_word' id='word_1_626' title='bbox 2102 2372 2413 2440; x_wconf 86' lang='lat' dir='ltr'><strong><em>jamdudum</em></strong></span> <span class='ocrx_word' id='word_1_627' title='bbox 2442 2390 2581 2441; x_wconf 88' lang='lat' dir='ltr'><strong><em>esse,</em></strong></span> <span class='ocrx_word' id='word_1_628' title='bbox 2603 2391 2665 2430; x_wconf 84' lang='lat' dir='ltr'><strong><em>ex</em></strong></span> <span class='ocrx_word' id='word_1_629' title='bbox 2690 2393 2796 2445; x_wconf 88' lang='lat' dir='ltr'><strong><em>quo</em></strong></span> <span class='ocrx_word' id='word_1_630' title='bbox 2819 2379 2995 2431; x_wconf 81' lang='lat' dir='ltr'><strong><em>Slilum</em></strong></span> <span class='ocrx_word' id='word_1_631' title='bbox 3023 2398 3124 2434; x_wconf 92' lang='lat' dir='ltr'><strong><em>non</em></strong></span> <span class='ocrx_word' id='word_1_632' title='bbox 3148 2398 3453 2443; x_wconf 72' lang='lat' dir='ltr'><strong><em>exercrrct:</em></strong></span> 
     </span>
    </p>
   </div>
   <div class='ocr_carea' id='block_1_85' title="bbox 1868 2464 3456 2548">
    <p class='ocr_par' dir='ltr' id='par_1_85' title="bbox 1868 2464 3456 2548">
     <span class='ocr_line' id='line_1_85' title="bbox 1868 2464 3456 2548; baseline 0.013 -36"><span class='ocrx_word' id='word_1_633' title='bbox 1868 2478 2021 2527; x_wconf 87' lang='lat' dir='ltr'><strong><em>quem</em></strong></span> <span class='ocrx_word' id='word_1_634' title='bbox 2068 2464 2201 2518; x_wconf 84' lang='lat' dir='ltr'><strong><em>adeo</em></strong></span> <span class='ocrx_word' id='word_1_635' title='bbox 2242 2477 2517 2533; x_wconf 75' lang='lat' dir='ltr'><strong><em>comparat</em></strong></span> <span class='ocrx_word' id='word_1_636' title='bbox 2563 2479 2708 2521; x_wconf 85' lang='lat' dir='ltr'><strong><em>acuto</em></strong></span> <span class='ocrx_word' id='word_1_637' title='bbox 2749 2471 2921 2540; x_wconf 90' lang='lat' dir='ltr'><strong><em>gladio</em></strong></span> <span class='ocrx_word' id='word_1_638' title='bbox 2962 2482 3008 2525; x_wconf 87' lang='lat' dir='ltr'><strong><em>ct</em></strong></span> <span class='ocrx_word' id='word_1_639' title='bbox 3036 2475 3265 2544; x_wconf 71' lang='lat' dir='ltr'><strong><em>let&#39;igato,</em></strong></span> <span class='ocrx_word' id='word_1_640' title='bbox 3297 2480 3379 2548; x_wconf 85' lang='lat' dir='ltr'><strong><em>qui</em></strong></span> <span class='ocrx_word' id='word_1_641' title='bbox 3411 2481 3456 2533; x_wconf 80' lang='lat' dir='ltr'><strong><em>si</em></strong></span> 
     </span>
    </p>
   </div>
   <div class='ocr_carea' id='block_1_86' title="bbox 1866 2555 3453 2639">
    <p class='ocr_par' dir='ltr' id='par_1_86' title="bbox 1866 2555 3453 2639">
     <span class='ocr_line' id='line_1_86' title="bbox 1866 2555 3453 2639; baseline 0.013 -34"><span class='ocrx_word' id='word_1_642' title='bbox 1866 2555 1951 2606; x_wconf 88' lang='lat' dir='ltr'><strong><em>diu</em></strong></span> <span class='ocrx_word' id='word_1_643' title='bbox 1974 2556 2023 2608; x_wconf 90' lang='lat' dir='ltr'><strong><em>in</em></strong></span> <span class='ocrx_word' id='word_1_644' title='bbox 2047 2558 2226 2627; x_wconf 86' lang='lat' dir='ltr'><strong><em>vagina</em></strong></span> <span class='ocrx_word' id='word_1_645' title='bbox 2247 2559 2477 2612; x_wconf 87' lang='lat' dir='ltr'><strong><em>conditus</em></strong></span> <span class='ocrx_word' id='word_1_646' title='bbox 2500 2561 2667 2629; x_wconf 80' lang='lat' dir='ltr'><strong><em>fuerit,</em></strong></span> <span class='ocrx_word' id='word_1_647' title='bbox 2697 2563 2937 2617; x_wconf 81' lang='lat' dir='ltr'><strong><em>sordescit</em></strong></span> <span class='ocrx_word' id='word_1_648' title='bbox 2958 2568 3204 2635; x_wconf 80' lang='lat' dir='ltr'><strong><em>rubigine,</em></strong></span> <span class='ocrx_word' id='word_1_649' title='bbox 3230 2580 3273 2621; x_wconf 92' lang='lat' dir='ltr'><strong><em>et</em></strong></span> <span class='ocrx_word' id='word_1_650' title='bbox 3290 2572 3453 2639; x_wconf 81' lang='lat' dir='ltr'><strong><em>splen-</em></strong></span> 
     </span>
    </p>
   </div>
   <div class='ocr_carea' id='block_1_87' title="bbox 1866 2646 3452 2734">
    <p class='ocr_par' dir='ltr' id='par_1_87' title="bbox 1866 2646 3452 2734">
     <span class='ocr_line' id='line_1_87' title="bbox 1866 2646 3452 2734; baseline 0.01 -33"><span class='ocrx_word' id='word_1_651' title='bbox 1866 2646 2037 2701; x_wconf 80' lang='lat' dir='ltr'><strong><em>derent</em></strong></span> <span class='ocrx_word' id='word_1_652' title='bbox 2080 2650 2281 2716; x_wconf 85' lang='lat' dir='ltr'><strong><em>pristini</em></strong></span> <span class='ocrx_word' id='word_1_653' title='bbox 2328 2651 2521 2709; x_wconf 82' lang='lat' dir='ltr'><strong><em>decoris</em></strong></span> <span class='ocrx_word' id='word_1_654' title='bbox 2570 2654 2773 2706; x_wconf 88' lang='lat' dir='ltr'><strong><em>amittit.</em></strong></span> <span class='ocrx_word' id='word_1_655' title='bbox 2830 2654 2997 2722; x_wconf 80' lang='lat' dir='ltr'><strong><em>Unde,</em></strong></span> <span class='ocrx_word' id='word_1_656' title='bbox 3030 2660 3232 2722; x_wconf 86' lang='lat' dir='ltr'><strong><em>subdit,</em></strong></span> <span class='ocrx_word' id='word_1_657' title='bbox 3277 2673 3320 2715; x_wconf 86' lang='lat' dir='ltr'><strong><em>et</em></strong></span> <span class='ocrx_word' id='word_1_658' title='bbox 3362 2679 3452 2734; x_wconf 81' lang='lat' dir='ltr'><strong><em>ego</em></strong></span> 
     </span>
    </p>
   </div>
   <div class='ocr_carea' id='block_1_88' title="bbox 1864 2740 3449 2808">
    <p class='ocr_par' dir='ltr' id='par_1_88' title="bbox 1864 2740 3449 2808">
     <span class='ocr_line' id='line_1_88' title="bbox 1864 2740 3449 2808; baseline 0.013 -20"><span class='ocrx_word' id='word_1_659' title='bbox 1864 2754 2073 2791; x_wconf 73' lang='lat' dir='ltr'><strong><em>intereas</em></strong></span> <span class='ocrx_word' id='word_1_660' title='bbox 2098 2756 2250 2807; x_wconf 81' lang='lat' dir='ltr'><strong><em>super</em></strong></span> <span class='ocrx_word' id='word_1_661' title='bbox 2278 2740 2579 2796; x_wconf 85' lang='lat' dir='ltr'><strong><em>dormitione</em></strong></span> <span class='ocrx_word' id='word_1_662' title='bbox 2602 2754 2789 2799; x_wconf 78' lang='lat' dir='ltr'><strong><em>sancta:</em></strong></span> <span class='ocrx_word' id='word_1_663' title='bbox 2814 2756 2861 2801; x_wconf 86' lang='lat' dir='ltr'><strong><em>ct</em></strong></span> <span class='ocrx_word' id='word_1_664' title='bbox 2880 2751 3171 2804; x_wconf 81' lang='lat' dir='ltr'><strong><em>venerabilis</em></strong></span> <span class='ocrx_word' id='word_1_665' title='bbox 3194 2751 3396 2805; x_wconf 72' lang='lat' dir='ltr'><strong><em>Ptin/a3.</em></strong></span> <span class='ocrx_word' id='word_1_666' title='bbox 3411 2786 3449 2808; x_wconf 62' lang='grc' dir='ltr'>,ι</span> 
     </span>
    </p>
   </div>
   <div class='ocr_carea' id='block_1_89' title="bbox 1863 2830 3447 2911">
    <p class='ocr_par' dir='ltr' id='par_1_89' title="bbox 1863 2830 3447 2911">
     <span class='ocr_line' id='line_1_89' title="bbox 1863 2830 3447 2911; baseline 0.01 -31"><span class='ocrx_word' id='word_1_667' title='bbox 1863 2830 1999 2891; x_wconf 87' lang='lat' dir='ltr'><strong><em>quod</em></strong></span> <span class='ocrx_word' id='word_1_668' title='bbox 2026 2831 2295 2885; x_wconf 83' lang='lat' dir='ltr'><strong><em>multorum</em></strong></span> <span class='ocrx_word' id='word_1_669' title='bbox 2320 2834 2477 2887; x_wconf 89' lang='lat' dir='ltr'><strong><em>incisa</em></strong></span> <span class='ocrx_word' id='word_1_670' title='bbox 2499 2836 2636 2889; x_wconf 86' lang='lat' dir='ltr'><strong><em>illius</em></strong></span> <span class='ocrx_word' id='word_1_671' title='bbox 2656 2848 2811 2893; x_wconf 85' lang='lat' dir='ltr'><strong><em>morte</em></strong></span> <span class='ocrx_word' id='word_1_672' title='bbox 2827 2840 3093 2909; x_wconf 89' lang='lat' dir='ltr'><strong><em>refrigeria</em></strong></span> <span class='ocrx_word' id='word_1_673' title='bbox 3118 2846 3447 2911; x_wconf 84' lang='lat' dir='ltr'><strong><em>suspirarem,</em></strong></span> 
     </span>
    </p>
   </div>
   <div class='ocr_carea' id='block_1_90' title="bbox 1862 2923 3453 2990">
    <p class='ocr_par' dir='ltr' id='par_1_90' title="bbox 1862 2923 3453 2990">
     <span class='ocr_line' id='line_1_90' title="bbox 1862 2923 3453 2990; baseline 0.012 -19"><span class='ocrx_word' id='word_1_674' title='bbox 1862 2923 2053 2988; x_wconf 81' lang='lat' dir='ltr'><strong><em>accepi,</em></strong></span> <span class='ocrx_word' id='word_1_675' title='bbox 2075 2933 2176 2975; x_wconf 86' lang='lat' dir='ltr'><strong><em>etc.</em></strong></span> <span class='ocrx_word' id='word_1_676' title='bbox 2208 2923 2339 2976; x_wconf 82' lang='lat' dir='ltr'><strong><em>Tum</em></strong></span> <span class='ocrx_word' id='word_1_677' title='bbox 2369 2925 2507 2979; x_wconf 86' lang='lat' dir='ltr'><strong><em>inter</em></strong></span> <span class='ocrx_word' id='word_1_678' title='bbox 2532 2926 2664 2980; x_wconf 80' lang='lat' dir='ltr'><strong><em>alias</em></strong></span> <span class='ocrx_word' id='word_1_679' title='bbox 2690 2929 2783 2980; x_wconf 85' lang='lat' dir='ltr'><strong><em>abs</em></strong></span> <span class='ocrx_word' id='word_1_680' title='bbox 2810 2944 2868 2981; x_wconf 89' lang='lat' dir='ltr'><strong><em>se</em></strong></span> <span class='ocrx_word' id='word_1_681' title='bbox 2894 2930 3164 2984; x_wconf 73' lang='lat' dir='ltr'><strong><em>adornata:</em></strong></span> <span class='ocrx_word' id='word_1_682' title='bbox 3194 2936 3453 2990; x_wconf 85' lang='lat' dir='ltr'><strong><em>versionis</em></strong></span> 
     </span>
    </p>
   </div>
   <div class='ocr_carea' id='block_1_91' title="bbox 1865 3011 3449 3089">
    <p class='ocr_par' dir='ltr' id='par_1_91' title="bbox 1865 3011 3449 3089">
     <span class='ocr_line' id='line_1_91' title="bbox 1865 3011 3449 3089; baseline 0.01 -26"><span class='ocrx_word' id='word_1_683' title='bbox 1865 3025 2073 3071; x_wconf 82' lang='lat' dir='ltr'><strong><em>causas,</em></strong></span> <span class='ocrx_word' id='word_1_684' title='bbox 2114 3011 2251 3065; x_wconf 83' lang='lat' dir='ltr'><strong><em>hanc</em></strong></span> <span class='ocrx_word' id='word_1_685' title='bbox 2298 3015 2447 3067; x_wconf 82' lang='lat' dir='ltr'><strong><em>addit</em></strong></span> <span class='ocrx_word' id='word_1_686' title='bbox 2476 3031 2490 3069; x_wconf 75' lang='grc' dir='ltr'>ε</span> <span class='ocrx_word' id='word_1_687' title='bbox 2519 3026 2571 3068; x_wconf 92' lang='lat' dir='ltr'><strong><em>ut</em></strong></span> <span class='ocrx_word' id='word_1_688' title='bbox 2615 3016 2764 3081; x_wconf 86' lang='lat' dir='ltr'><strong><em>bono,</em></strong></span> <span class='ocrx_word' id='word_1_689' title='bbox 2798 3027 2847 3068; x_wconf 89' lang='lat' dir='ltr'><strong><em>ut</em></strong></span> <span class='ocrx_word' id='word_1_690' title='bbox 2877 3020 3041 3084; x_wconf 87' lang='lat' dir='ltr'><strong><em>aiunt,</em></strong></span> <span class='ocrx_word' id='word_1_691' title='bbox 3073 3024 3299 3089; x_wconf 83' lang='lat' dir='ltr'><strong><em>auspicio</em></strong></span> <span class='ocrx_word' id='word_1_692' title='bbox 3340 3026 3449 3079; x_wconf 82' lang='lat' dir='ltr'><strong><em>latt-</em></strong></span> 
     </span>
    </p>
   </div>
   <div class='ocr_carea' id='block_1_92' title="bbox 1865 3102 3448 3179">
    <p class='ocr_par' dir='ltr' id='par_1_92' title="bbox 1865 3102 3448 3179">
     <span class='ocr_line' id='line_1_92' title="bbox 1865 3102 3448 3179; baseline 0.013 -29"><span class='ocrx_word' id='word_1_693' title='bbox 1865 3117 1984 3169; x_wconf 88' lang='lat' dir='ltr'><strong><em>gum</em></strong></span> <span class='ocrx_word' id='word_1_694' title='bbox 2015 3102 2270 3153; x_wconf 87' lang='lat' dir='ltr'><strong><em>silentium</em></strong></span> <span class='ocrx_word' id='word_1_695' title='bbox 2302 3120 2606 3171; x_wconf 83' lang='lat' dir='ltr'><strong><em>rumperent,</em></strong></span> <span class='ocrx_word' id='word_1_696' title='bbox 2640 3107 2855 3160; x_wconf 74' lang='lat' dir='ltr'><strong><em>reddens</em></strong></span> <span class='ocrx_word' id='word_1_697' title='bbox 2891 3126 2968 3161; x_wconf 90' lang='lat' dir='ltr'><strong><em>me</em></strong></span> <span class='ocrx_word' id='word_1_698' title='bbox 2995 3113 3219 3177; x_wconf 86' lang='lat' dir='ltr'><strong><em>pristinis</em></strong></span> <span class='ocrx_word' id='word_1_699' title='bbox 3246 3115 3448 3179; x_wconf 88' lang='lat' dir='ltr'><strong><em>studiis,</em></strong></span> 
     </span>
    </p>
   </div>
   <div class='ocr_carea' id='block_1_93' title="bbox 1867 3192 3452 3275">
    <p class='ocr_par' dir='ltr' id='par_1_93' title="bbox 1867 3192 3452 3275">
     <span class='ocr_line' id='line_1_93' title="bbox 1867 3192 3452 3275; baseline 0.011 -33"><span class='ocrx_word' id='word_1_700' title='bbox 1867 3201 1911 3242; x_wconf 86' lang='lat' dir='ltr'><strong><em>et</em></strong></span> <span class='ocrx_word' id='word_1_701' title='bbox 1952 3202 2141 3244; x_wconf 77' lang='lat' dir='ltr'><strong><em>sancta:</em></strong></span> <span class='ocrx_word' id='word_1_702' title='bbox 2184 3192 2384 3260; x_wconf 80' lang='lat' dir='ltr'><strong><em>femina:</em></strong></span> <span class='ocrx_word' id='word_1_703' title='bbox 2427 3193 2672 3263; x_wconf 70' lang='lat' dir='ltr'><strong><em>(Paulae)</em></strong></span> <span class='ocrx_word' id='word_1_704' title='bbox 2722 3197 3027 3267; x_wconf 74' lang='lat' dir='ltr'><strong><em>refrigeratis</em></strong></span> <span class='ocrx_word' id='word_1_705' title='bbox 3066 3203 3307 3269; x_wconf 86' lang='lat' dir='ltr'><strong><em>animum,</em></strong></span> <span class='ocrx_word' id='word_1_706' title='bbox 3340 3223 3452 3275; x_wconf 84' lang='lat' dir='ltr'><strong><em>qua:</em></strong></span> 
     </span>
    </p>
   </div>
   <div class='ocr_carea' id='block_1_94' title="bbox 1868 3279 3449 3361">
    <p class='ocr_par' dir='ltr' id='par_1_94' title="bbox 1868 3279 3449 3361">
     <span class='ocr_line' id='line_1_94' title="bbox 1868 3279 3449 3361; baseline 0.009 -28"><span class='ocrx_word' id='word_1_707' title='bbox 1868 3279 2293 3333; x_wconf 79' lang='lat' dir='ltr'><strong><em>Monasteriorum</em></strong></span> <span class='ocrx_word' id='word_1_708' title='bbox 2322 3298 2517 3347; x_wconf 84' lang='lat' dir='ltr'><strong><em>semper</em></strong></span> <span class='ocrx_word' id='word_1_709' title='bbox 2544 3300 2715 3337; x_wconf 87' lang='lat' dir='ltr'><strong><em>amore</em></strong></span> <span class='ocrx_word' id='word_1_710' title='bbox 2742 3288 2996 3357; x_wconf 77' lang='lat' dir='ltr'><strong><em>flagravit.</em></strong></span> <span class='ocrx_word' id='word_1_711' title='bbox 3024 3291 3259 3359; x_wconf 88' lang='lat' dir='ltr'><strong><em>Itemque</em></strong></span> <span class='ocrx_word' id='word_1_712' title='bbox 3300 3295 3449 3361; x_wconf 82' lang='lat' dir='ltr'><strong><em>istas,</em></strong></span> 
     </span>
    </p>
   </div>
   <div class='ocr_carea' id='block_1_95' title="bbox 1868 3372 3451 3447">
    <p class='ocr_par' dir='ltr' id='par_1_95' title="bbox 1868 3372 3451 3447">
     <span class='ocr_line' id='line_1_95' title="bbox 1868 3372 3451 3447; baseline 0.009 -21"><span class='ocrx_word' id='word_1_713' title='bbox 1868 3382 1923 3426; x_wconf 92' lang='lat' dir='ltr'><strong><em>ut</em></strong></span> <span class='ocrx_word' id='word_1_714' title='bbox 1985 3372 2291 3428; x_wconf 84' lang='lat' dir='ltr'><strong><em>Venerabilis</em></strong></span> <span class='ocrx_word' id='word_1_715' title='bbox 2320 3392 2512 3446; x_wconf 85' lang='lat' dir='ltr'><strong><em>quoque</em></strong></span> <span class='ocrx_word' id='word_1_716' title='bbox 2541 3377 2681 3447; x_wconf 87' lang='lat' dir='ltr'><strong><em>virgo</em></strong></span> <span class='ocrx_word' id='word_1_717' title='bbox 2711 3380 2821 3443; x_wconf 76' lang='lat' dir='ltr'><strong><em>[ilia</em></strong></span> <span class='ocrx_word' id='word_1_718' title='bbox 2848 3383 2957 3446; x_wconf 82' lang='lat' dir='ltr'><strong><em>eius</em></strong></span> <span class='ocrx_word' id='word_1_719' title='bbox 2990 3382 3316 3439; x_wconf 77' lang='lat' dir='ltr'><strong><em>Eustochium</em></strong></span> <span class='ocrx_word' id='word_1_720' title='bbox 3355 3390 3451 3442; x_wconf 73' lang='lat' dir='ltr'><strong><em>Ita-</em></strong></span> 
     </span>
    </p>
   </div>
   <div class='ocr_carea' id='block_1_96' title="bbox 1866 3464 3453 3547">
    <p class='ocr_par' dir='ltr' id='par_1_96' title="bbox 1866 3464 3453 3547">
     <span class='ocr_line' id='line_1_96' title="bbox 1866 3464 3453 3547; baseline 0.011 -31"><span class='ocrx_word' id='word_1_721' title='bbox 1866 3464 1997 3518; x_wconf 82' lang='lat' dir='ltr'><strong><em>beret</em></strong></span> <span class='ocrx_word' id='word_1_722' title='bbox 2019 3465 2154 3532; x_wconf 91' lang='lat' dir='ltr'><strong><em>quod</em></strong></span> <span class='ocrx_word' id='word_1_723' title='bbox 2180 3465 2449 3522; x_wconf 83' lang='lat' dir='ltr'><strong><em>Sororibus</em></strong></span> <span class='ocrx_word' id='word_1_724' title='bbox 2472 3468 2722 3538; x_wconf 88' lang='lat' dir='ltr'><strong><em>agendum</em></strong></span> <span class='ocrx_word' id='word_1_725' title='bbox 2744 3471 2981 3526; x_wconf 86' lang='lat' dir='ltr'><strong><em>tribueret</em></strong></span> <span class='ocrx_word' id='word_1_726' title='bbox 3005 3490 3024 3528; x_wconf 85' lang='lat'><strong><em>:</em></strong></span> <span class='ocrx_word' id='word_1_727' title='bbox 3045 3477 3298 3547; x_wconf 74' lang='lat' dir='ltr'><strong><em>nostrique</em></strong></span> <span class='ocrx_word' id='word_1_728' title='bbox 3319 3478 3453 3533; x_wconf 82' lang='lat' dir='ltr'><strong><em>Fra-</em></strong></span> 
     </span>
    </p>
   </div>
   <div class='ocr_carea' id='block_1_97' title="bbox 1865 3553 3448 3625">
    <p class='ocr_par' dir='ltr' id='par_1_97' title="bbox 1865 3553 3448 3625">
     <span class='ocr_line' id='line_1_97' title="bbox 1865 3553 3448 3625; baseline 0.011 -19"><span class='ocrx_word' id='word_1_729' title='bbox 1865 3565 1965 3607; x_wconf 86' lang='lat' dir='ltr'><strong><em>tres</em></strong></span> <span class='ocrx_word' id='word_1_730' title='bbox 1991 3553 2376 3625; x_wconf 62' lang='lat' dir='ltr'><strong><em>Egypliorum,</em></strong></span> <span class='ocrx_word' id='word_1_731' title='bbox 2410 3559 2503 3612; x_wconf 78' lang='lat' dir='ltr'><strong><em>hoc</em></strong></span> <span class='ocrx_word' id='word_1_732' title='bbox 2529 3570 2625 3624; x_wconf 87' lang='lat' dir='ltr'><strong><em>est,</em></strong></span> <span class='ocrx_word' id='word_1_733' title='bbox 2648 3559 3052 3618; x_wconf 81' lang='lat' dir='ltr'><strong><em>Tabetmensium</em></strong></span> <span class='ocrx_word' id='word_1_734' title='bbox 3078 3565 3448 3623; x_wconf 80' lang='lat' dir='ltr'><strong><em>Monac/torum</em></strong></span> 
     </span>
    </p>
   </div>
   <div class='ocr_carea' id='block_1_98' title="bbox 1865 3647 3449 3722">
    <p class='ocr_par' dir='ltr' id='par_1_98' title="bbox 1865 3647 3449 3722">
     <span class='ocr_line' id='line_1_98' title="bbox 1865 3647 3449 3722; baseline 0.009 -24"><span class='ocrx_word' id='word_1_735' title='bbox 1865 3647 2092 3714; x_wconf 65' lang='lat' dir='ltr'><strong><em>exempla</em></strong></span> <span class='ocrx_word' id='word_1_736' title='bbox 2136 3657 2478 3718; x_wconf 86' lang='lat' dir='ltr'><strong><em>sequerentur.</em></strong></span> <span class='ocrx_word' id='word_1_737' title='bbox 2530 3650 2705 3719; x_wconf 83' lang='lat' dir='ltr'><strong><em>Pergit</em></strong></span> <span class='ocrx_word' id='word_1_738' title='bbox 2746 3652 2882 3706; x_wconf 87' lang='lat' dir='ltr'><strong><em>adeo</em></strong></span> <span class='ocrx_word' id='word_1_739' title='bbox 2928 3656 3168 3722; x_wconf 66' lang='lat' dir='ltr'><strong><em>quaedam</em></strong></span> <span class='ocrx_word' id='word_1_740' title='bbox 3210 3674 3449 3713; x_wconf 38' lang='lat' dir='ltr'><strong><em>commei</em></strong></span> 
     </span>
    </p>
   </div>
   <div class='ocr_carea' id='block_1_99' title="bbox 1865 3738 3449 3807">
    <p class='ocr_par' dir='ltr' id='par_1_99' title="bbox 1865 3738 3449 3807">
     <span class='ocr_line' id='line_1_99' title="bbox 1865 3738 3449 3807; baseline 0.007 -18"><span class='ocrx_word' id='word_1_741' title='bbox 1865 3752 2082 3791; x_wconf 78' lang='lat' dir='ltr'><strong><em>litoralis</em></strong></span> <span class='ocrx_word' id='word_1_742' title='bbox 2111 3738 2397 3807; x_wconf 74' lang='lat' dir='ltr'><strong><em>prmcipua,</em></strong></span> <span class='ocrx_word' id='word_1_743' title='bbox 2428 3749 2483 3792; x_wconf 80' lang='grc' dir='ltr'><strong><em>ιιι</em></strong></span> <span class='ocrx_word' id='word_1_744' title='bbox 2510 3740 2774 3804; x_wconf 78' lang='lat' dir='ltr'><strong><em>videnlur,</em></strong></span> <span class='ocrx_word' id='word_1_745' title='bbox 2804 3757 2989 3795; x_wconf 86' lang='lat' dir='ltr'><strong><em>eorum</em></strong></span> <span class='ocrx_word' id='word_1_746' title='bbox 3022 3746 3140 3796; x_wconf 73' lang='lat' dir='ltr'><strong><em>vitze</em></strong></span> <span class='ocrx_word' id='word_1_747' title='bbox 3170 3746 3405 3799; x_wconf 85' lang='lat' dir='ltr'><strong><em>instituta</em></strong></span> <span class='ocrx_word' id='word_1_748' title='bbox 3435 3766 3449 3800; x_wconf 72' lang='grc' dir='ltr'><strong><em>ι</em></strong></span> 
     </span>
    </p>
   </div>
   <div class='ocr_carea' id='block_1_100' title="bbox 1864 3827 3452 3900">
    <p class='ocr_par' dir='ltr' id='par_1_100' title="bbox 1864 3827 3452 3900">
     <span class='ocr_line' id='line_1_100' title="bbox 1864 3827 3452 3900; baseline 0.006 -21"><span class='ocrx_word' id='word_1_749' title='bbox 1864 3829 2054 3897; x_wconf 83' lang='lat' dir='ltr'><strong><em>quibus</em></strong></span> <span class='ocrx_word' id='word_1_750' title='bbox 2082 3831 2276 3883; x_wconf 87' lang='lat' dir='ltr'><strong><em>cursim</em></strong></span> <span class='ocrx_word' id='word_1_751' title='bbox 2305 3830 2562 3897; x_wconf 82' lang='lat' dir='ltr'><strong><em>expositis</em></strong></span> <span class='ocrx_word' id='word_1_752' title='bbox 2587 3829 2654 3882; x_wconf 87' lang='lat' dir='ltr'><strong><em>de</em></strong></span> <span class='ocrx_word' id='word_1_753' title='bbox 2682 3827 2913 3885; x_wconf 87' lang='lat' dir='ltr'><strong><em>Cornelii</em></strong></span> <span class='ocrx_word' id='word_1_754' title='bbox 2941 3842 2995 3883; x_wconf 88' lang='lat' dir='ltr'><strong><em>et</em></strong></span> <span class='ocrx_word' id='word_1_755' title='bbox 3022 3830 3165 3900; x_wconf 79' lang='lat' dir='ltr'><strong><em>Syri,</em></strong></span> <span class='ocrx_word' id='word_1_756' title='bbox 3197 3837 3283 3899; x_wconf 87' lang='lat' dir='ltr'><strong><em>qui</em></strong></span> <span class='ocrx_word' id='word_1_757' title='bbox 3329 3845 3452 3888; x_wconf 77' lang='grc' dir='ltr'>ιιιι.ο</span> 
     </span>
    </p>
   </div>
   <div class='ocr_carea' id='block_1_101' title="bbox 1865 3918 3453 3977">
    <p class='ocr_par' dir='ltr' id='par_1_101' title="bbox 1865 3918 3453 3977">
     <span class='ocr_line' id='line_1_101' title="bbox 1865 3918 3453 3977; baseline 0.004 -7"><span class='ocrx_word' id='word_1_758' title='bbox 1865 3920 2024 3971; x_wconf 89' lang='lat' dir='ltr'><strong><em>etiam</em></strong></span> <span class='ocrx_word' id='word_1_759' title='bbox 2057 3921 2193 3972; x_wconf 90' lang='lat' dir='ltr'><strong><em>ultra</em></strong></span> <span class='ocrx_word' id='word_1_760' title='bbox 2225 3932 2440 3974; x_wconf 79' lang='lat' dir='ltr'><strong><em>centum</em></strong></span> <span class='ocrx_word' id='word_1_761' title='bbox 2470 3928 2523 3973; x_wconf 93' lang='lat' dir='ltr'><strong><em>et</em></strong></span> <span class='ocrx_word' id='word_1_762' title='bbox 2552 3918 2736 3972; x_wconf 84' lang='lat' dir='ltr'><strong><em>decem</em></strong></span> <span class='ocrx_word' id='word_1_763' title='bbox 2766 3935 2938 3974; x_wconf 90' lang='lat' dir='ltr'><strong><em>annos</em></strong></span> <span class='ocrx_word' id='word_1_764' title='bbox 2965 3920 3213 3976; x_wconf 85' lang='lat' dir='ltr'><strong><em>advivere</em></strong></span> <span class='ocrx_word' id='word_1_765' title='bbox 3244 3923 3453 3977; x_wconf 47' lang='lat' dir='ltr'><strong><em>dicebas</em></strong></span> 
     </span>
    </p>
   </div>
   <div class='ocr_carea' id='block_1_102' title="bbox 1868 4009 3451 4082">
    <p class='ocr_par' dir='ltr' id='par_1_102' title="bbox 1868 4009 3451 4082">
     <span class='ocr_line' id='line_1_102' title="bbox 1868 4009 3451 4082; baseline 0.004 -19"><span class='ocrx_word' id='word_1_766' title='bbox 1868 4017 1970 4073; x_wconf 90' lang='lat' dir='ltr'><strong><em>tur,</em></strong></span> <span class='ocrx_word' id='word_1_767' title='bbox 2025 4009 2321 4077; x_wconf 82' lang='lat' dir='ltr'><strong><em>Alphabeto</em></strong></span> <span class='ocrx_word' id='word_1_768' title='bbox 2368 4010 2594 4079; x_wconf 81' lang='lat' dir='ltr'><strong><em>mystico</em></strong></span> <span class='ocrx_word' id='word_1_769' title='bbox 2638 4018 2799 4078; x_wconf 87' lang='lat' dir='ltr'><strong><em>atque</em></strong></span> <span class='ocrx_word' id='word_1_770' title='bbox 2840 4010 3096 4079; x_wconf 77' lang='lat' dir='ltr'><strong><em>Epistolis</em></strong></span> <span class='ocrx_word' id='word_1_771' title='bbox 3120 4012 3360 4082; x_wconf 82' lang='lat' dir='ltr'><strong><em>loquens,</em></strong></span> <span class='ocrx_word' id='word_1_772' title='bbox 3391 4030 3451 4070; x_wconf 83' lang='lat' dir='ltr'><strong><em>ea</em></strong></span> 
     </span>
    </p>
   </div>
   <div class='ocr_carea' id='block_1_103' title="bbox 1866 4097 3452 4168">
    <p class='ocr_par' dir='ltr' id='par_1_103' title="bbox 1866 4097 3452 4168">
     <span class='ocr_line' id='line_1_103' title="bbox 1866 4097 3452 4168; baseline -0.001 -14"><span class='ocrx_word' id='word_1_773' title='bbox 1866 4114 1925 4155; x_wconf 90' lang='lat' dir='ltr'><strong><em>se</em></strong></span> <span class='ocrx_word' id='word_1_774' title='bbox 1956 4097 2252 4166; x_wconf 84' lang='lat' dir='ltr'><strong><em>profitetur,</em></strong></span> <span class='ocrx_word' id='word_1_775' title='bbox 2283 4108 2338 4152; x_wconf 91' lang='lat' dir='ltr'><strong><em>ut</em></strong></span> <span class='ocrx_word' id='word_1_776' title='bbox 2366 4108 2655 4167; x_wconf 80' lang='lat' dir='ltr'><strong><em>repererat.</em></strong></span> <span class='ocrx_word' id='word_1_777' title='bbox 2703 4100 2965 4153; x_wconf 87' lang='lat' dir='ltr'><strong><em>elementa</em></strong></span> <span class='ocrx_word' id='word_1_778' title='bbox 3000 4101 3245 4168; x_wconf 85' lang='lat' dir='ltr'><strong><em>posuisse</em></strong></span> <span class='ocrx_word' id='word_1_779' title='bbox 3288 4119 3301 4157; x_wconf 92' lang='lat'><strong>:</strong></span> <span class='ocrx_word' id='word_1_780' title='bbox 3345 4118 3452 4157; x_wconf 54' lang='lat' dir='ltr'><strong><em>cm.»</em></strong></span> 
     </span>
    </p>
   </div>
   <div class='ocr_carea' id='block_1_104' title="bbox 1870 4190 3453 4260">
    <p class='ocr_par' dir='ltr' id='par_1_104' title="bbox 1870 4190 3453 4260">
     <span class='ocr_line' id='line_1_104' title="bbox 1870 4190 3453 4260; baseline 0.003 -16"><span class='ocrx_word' id='word_1_781' title='bbox 1870 4200 1980 4245; x_wconf 83' lang='lat' dir='ltr'><strong><em>tera</em></strong></span> <span class='ocrx_word' id='word_1_782' title='bbox 2038 4190 2298 4243; x_wconf 85' lang='lat' dir='ltr'><strong><em>imitatum</em></strong></span> <span class='ocrx_word' id='word_1_783' title='bbox 2355 4190 2725 4257; x_wconf 87' lang='lat' dir='ltr'><strong><em>simplicitatem</em></strong></span> <span class='ocrx_word' id='word_1_784' title='bbox 2788 4190 3026 4260; x_wconf 54' lang='lat' dir='ltr'><strong><em>.ngyptii</em></strong></span> <span class='ocrx_word' id='word_1_785' title='bbox 3086 4196 3348 4259; x_wconf 80' lang='lat' dir='ltr'><strong><em>sermonis,</em></strong></span> <span class='ocrx_word' id='word_1_786' title='bbox 3394 4211 3453 4248; x_wconf 78' lang='lat' dir='ltr'><strong><em>ne</em></strong></span> 
     </span>
    </p>
   </div>
   <div class='ocr_carea' id='block_1_105' title="bbox 1870 4278 3454 4349">
    <p class='ocr_par' dir='ltr' id='par_1_105' title="bbox 1870 4278 3454 4349">
     <span class='ocr_line' id='line_1_105' title="bbox 1870 4278 3454 4349; baseline 0.002 -16"><span class='ocrx_word' id='word_1_787' title='bbox 1870 4282 2000 4333; x_wconf 77' lang='lat' dir='ltr'><strong><em>uiros</em></strong></span> <span class='ocrx_word' id='word_1_788' title='bbox 2041 4278 2375 4348; x_wconf 74' lang='lat' dir='ltr'><strong><em>Apostolicos,</em></strong></span> <span class='ocrx_word' id='word_1_789' title='bbox 2409 4288 2453 4331; x_wconf 88' lang='lat' dir='ltr'><strong><em>et</em></strong></span> <span class='ocrx_word' id='word_1_790' title='bbox 2485 4288 2612 4330; x_wconf 89' lang='lat' dir='ltr'><strong><em>totos</em></strong></span> <span class='ocrx_word' id='word_1_791' title='bbox 2634 4280 2809 4348; x_wconf 73' lang='lat' dir='ltr'><strong><em>gratia:</em></strong></span> <span class='ocrx_word' id='word_1_792' title='bbox 2836 4281 3098 4349; x_wconf 86' lang='lat' dir='ltr'><strong><em>spiritalis,</em></strong></span> <span class='ocrx_word' id='word_1_793' title='bbox 3126 4298 3287 4335; x_wconf 82' lang='lat' dir='ltr'><strong><em>sermo</em></strong></span> <span class='ocrx_word' id='word_1_794' title='bbox 3320 4284 3454 4336; x_wconf 63' lang='lat' dir='ltr'><strong><em>Illico</em></strong></span> 
     </span>
    </p>
   </div>
   <div class='ocr_carea' id='block_1_106' title="bbox 1869 4370 3453 4440">
    <p class='ocr_par' dir='ltr' id='par_1_106' title="bbox 1869 4370 3453 4440">
     <span class='ocr_line' id='line_1_106' title="bbox 1869 4370 3453 4440; baseline 0.004 -15"><span class='ocrx_word' id='word_1_795' title='bbox 1869 4373 2053 4426; x_wconf 83' lang='lat' dir='ltr'><strong><em>toricus</em></strong></span> <span class='ocrx_word' id='word_1_796' title='bbox 2096 4373 2401 4425; x_wconf 85' lang='lat' dir='ltr'><strong><em>immutaret.</em></strong></span> <span class='ocrx_word' id='word_1_797' title='bbox 2449 4370 2686 4438; x_wconf 82' lang='lat' dir='ltr'><strong><em>Denique</em></strong></span> <span class='ocrx_word' id='word_1_798' title='bbox 2731 4372 2833 4426; x_wconf 87' lang='lat' dir='ltr'><strong><em>alia</em></strong></span> <span class='ocrx_word' id='word_1_799' title='bbox 2875 4388 2988 4440; x_wconf 80' lang='lat' dir='ltr'><strong><em>qua:</em></strong></span> <span class='ocrx_word' id='word_1_800' title='bbox 3037 4373 3290 4427; x_wconf 85' lang='lat' dir='ltr'><strong><em>ineorum</em></strong></span> <span class='ocrx_word' id='word_1_801' title='bbox 3323 4374 3453 4431; x_wconf 53' lang='lat' dir='ltr'><strong><em>Truc</em></strong></span> 
     </span>
    </p>
   </div>
   <div class='ocr_carea' id='block_1_107' title="bbox 1870 4463 3452 4537">
    <p class='ocr_par' dir='ltr' id='par_1_107' title="bbox 1870 4463 3452 4537">
     <span class='ocr_line' id='line_1_107' title="bbox 1870 4463 3452 4537; baseline 0.002 -19"><span class='ocrx_word' id='word_1_802' title='bbox 1870 4464 2084 4519; x_wconf 86' lang='lat' dir='ltr'><strong><em>ctatibus</em></strong></span> <span class='ocrx_word' id='word_1_803' title='bbox 2129 4465 2470 4528; x_wconf 83' lang='lat' dir='ltr'><strong><em>continentur,</em></strong></span> <span class='ocrx_word' id='word_1_804' title='bbox 2501 4463 2745 4517; x_wconf 89' lang='lat' dir='ltr'><strong><em>consulto</em></strong></span> <span class='ocrx_word' id='word_1_805' title='bbox 2776 4465 3202 4532; x_wconf 64' lang='lat' dir='ltr'><strong><em>prtetermisisse,</em></strong></span> <span class='ocrx_word' id='word_1_806' title='bbox 3229 4468 3369 4537; x_wconf 90' lang='lat' dir='ltr'><strong><em>quod</em></strong></span> <span class='ocrx_word' id='word_1_807' title='bbox 3400 4469 3452 4529; x_wconf 85' lang='lat' dir='ltr'><strong><em>in</em></strong></span> 
     </span>
    </p>
   </div>
   <div class='ocr_carea' id='block_1_108' title="bbox 1868 4553 3451 4628">
    <p class='ocr_par' dir='ltr' id='par_1_108' title="bbox 1868 4553 3451 4628">
     <span class='ocr_line' id='line_1_108' title="bbox 1868 4553 3451 4628; baseline 0.001 -21"><span class='ocrx_word' id='word_1_808' title='bbox 1868 4557 1973 4611; x_wconf 86' lang='lat' dir='ltr'><strong><em>suis</em></strong></span> <span class='ocrx_word' id='word_1_809' title='bbox 2001 4554 2301 4609; x_wconf 81' lang='lat' dir='ltr'><strong><em>Auctoribus</em></strong></span> <span class='ocrx_word' id='word_1_810' title='bbox 2326 4553 2586 4617; x_wconf 78' lang='lat' dir='ltr'><strong><em>discenda,</em></strong></span> <span class='ocrx_word' id='word_1_811' title='bbox 2617 4563 2669 4607; x_wconf 90' lang='lat' dir='ltr'><strong><em>et</em></strong></span> <span class='ocrx_word' id='word_1_812' title='bbox 2690 4554 2757 4607; x_wconf 91' lang='lat' dir='ltr'><strong><em>ab</em></strong></span> <span class='ocrx_word' id='word_1_813' title='bbox 2776 4555 2903 4621; x_wconf 88' lang='lat' dir='ltr'><strong><em>ipsis</em></strong></span> <span class='ocrx_word' id='word_1_814' title='bbox 2924 4557 3209 4625; x_wconf 85' lang='lat' dir='ltr'><strong><em>repetenda</em></strong></span> <span class='ocrx_word' id='word_1_815' title='bbox 3232 4559 3451 4628; x_wconf 69' lang='lat' dir='ltr'><strong><em>fontibus</em></strong></span> 
     </span>
    </p>
   </div>
   <div class='ocr_carea' id='block_1_109' title="bbox 1871 4646 3451 4722">
    <p class='ocr_par' dir='ltr' id='par_1_109' title="bbox 1871 4646 3451 4722">
     <span class='ocr_line' id='line_1_109' title="bbox 1871 4646 3451 4722; baseline 0.002 -22"><span class='ocrx_word' id='word_1_816' title='bbox 1871 4648 2199 4702; x_wconf 82' lang='lat' dir='ltr'><strong><em>viderentur.</em></strong></span> <span class='ocrx_word' id='word_1_817' title='bbox 2255 4646 2403 4701; x_wconf 86' lang='lat' dir='ltr'><strong><em>Ilanc</em></strong></span> <span class='ocrx_word' id='word_1_818' title='bbox 2457 4661 2555 4701; x_wconf 92' lang='lat' dir='ltr'><strong><em>nos</em></strong></span> <span class='ocrx_word' id='word_1_819' title='bbox 2604 4646 2858 4716; x_wconf 75' lang='lat' dir='ltr'><strong><em>Regulam</em></strong></span> <span class='ocrx_word' id='word_1_820' title='bbox 2916 4649 3451 4722; x_wconf 85' lang='lat' dir='ltr'><strong><em>llicronymianorum</em></strong></span> 
     </span>
    </p>
   </div>
   <div class='ocr_carea' id='block_1_110' title="bbox 1868 4739 3025 4809">
    <p class='ocr_par' dir='ltr' id='par_1_110' title="bbox 1868 4739 3025 4809">
     <span class='ocr_line' id='line_1_110' title="bbox 1868 4739 3025 4809; baseline 0 -13"><span class='ocrx_word' id='word_1_821' title='bbox 1868 4739 2177 4801; x_wconf 85' lang='lat' dir='ltr'><strong><em>Collectioui</em></strong></span> <span class='ocrx_word' id='word_1_822' title='bbox 2204 4755 2424 4809; x_wconf 89' lang='lat' dir='ltr'><strong><em>operum</em></strong></span> <span class='ocrx_word' id='word_1_823' title='bbox 2452 4739 2606 4809; x_wconf 89' lang='lat' dir='ltr'><strong><em>primi</em></strong></span> <span class='ocrx_word' id='word_1_824' title='bbox 2633 4740 3025 4801; x_wconf 87' lang='lat' dir='ltr'><strong><em>adcensuimns.</em></strong></span> 
     </span>
    </p>
   </div>
   <div class='ocr_carea' id='block_1_111' title="bbox 1945 4832 3453 4904">
    <p class='ocr_par' dir='ltr' id='par_1_111' title="bbox 1945 4832 3453 4904">
     <span class='ocr_line' id='line_1_111' title="bbox 1945 4832 3453 4904; baseline -0.003 -16"><span class='ocrx_word' id='word_1_825' title='bbox 1945 4834 2053 4888; x_wconf 73' lang='lat' dir='ltr'>VII.</span> <span class='ocrx_word' id='word_1_826' title='bbox 2095 4832 2356 4904; x_wconf 74' lang='lat' dir='ltr'><strong><em>Vergente</em></strong></span> <span class='ocrx_word' id='word_1_827' title='bbox 2400 4832 2502 4887; x_wconf 80' lang='lat' dir='ltr'><strong><em>hoc</em></strong></span> <span class='ocrx_word' id='word_1_828' title='bbox 2542 4846 2683 4885; x_wconf 90' lang='lat' dir='ltr'><strong><em>anno</em></strong></span> <span class='ocrx_word' id='word_1_829' title='bbox 2728 4833 2793 4887; x_wconf 88' lang='lat' dir='ltr'><strong><em>ad</em></strong></span> <span class='ocrx_word' id='word_1_830' title='bbox 2818 4835 3017 4890; x_wconf 80' lang='lat' dir='ltr'><strong><em>exitum</em></strong></span> <span class='ocrx_word' id='word_1_831' title='bbox 3050 4834 3341 4886; x_wconf 88' lang='lat' dir='ltr'><strong><em>instaurata</em></strong></span> <span class='ocrx_word' id='word_1_832' title='bbox 3371 4838 3453 4883; x_wconf 77' lang='lat' dir='ltr'><strong><em>est</em></strong></span> 
     </span>
    </p>
   </div>
   <div class='ocr_carea' id='block_1_112' title="bbox 1871 4920 3450 4995">
    <p class='ocr_par' dir='ltr' id='par_1_112' title="bbox 1871 4920 3450 4995">
     <span class='ocr_line' id='line_1_112' title="bbox 1871 4920 3450 4995; baseline -0.004 -17"><span class='ocrx_word' id='word_1_833' title='bbox 1871 4924 2095 4995; x_wconf 62' lang='lat' dir='ltr'><strong><em>qum-stin</em></strong></span> <span class='ocrx_word' id='word_1_834' title='bbox 2123 4940 2241 4979; x_wconf 87' lang='lat' dir='ltr'><strong><em>cum</em></strong></span> <span class='ocrx_word' id='word_1_835' title='bbox 2273 4922 2592 4993; x_wconf 79' lang='lat' dir='ltr'><strong><em>Augustino.</em></strong></span> <span class='ocrx_word' id='word_1_836' title='bbox 2642 4922 2885 4975; x_wconf 82' lang='lat' dir='ltr'><strong><em>Asterius</em></strong></span> <span class='ocrx_word' id='word_1_837' title='bbox 2918 4921 3333 4989; x_wconf 64' lang='lat' dir='ltr'><strong><em>hypodiaconus,</em></strong></span> <span class='ocrx_word' id='word_1_838' title='bbox 3366 4920 3450 4972; x_wconf 89' lang='lat' dir='ltr'><strong><em>cui</em></strong></span> 
     </span>
    </p>
   </div>
   <div class='ocr_carea' id='block_1_113' title="bbox 1874 5007 3455 5080">
    <p class='ocr_par' dir='ltr' id='par_1_113' title="bbox 1874 5007 3455 5080">
     <span class='ocr_line' id='line_1_113' title="bbox 1874 5007 3455 5080; baseline -0.004 -12"><span class='ocrx_word' id='word_1_839' title='bbox 1874 5014 2063 5069; x_wconf 72' lang='lat' dir='ltr'><strong><em>Nosxer</em></strong></span> <span class='ocrx_word' id='word_1_840' title='bbox 2084 5015 2264 5069; x_wconf 89' lang='lat' dir='ltr'><strong><em>literas</em></strong></span> <span class='ocrx_word' id='word_1_841' title='bbox 2286 5013 2351 5067; x_wconf 90' lang='lat' dir='ltr'><strong><em>ad</em></strong></span> <span class='ocrx_word' id='word_1_842' title='bbox 2383 5012 2531 5065; x_wconf 85' lang='lat' dir='ltr'><strong><em>illum</em></strong></span> <span class='ocrx_word' id='word_1_843' title='bbox 2562 5009 2904 5080; x_wconf 87' lang='lat' dir='ltr'><strong><em>perferendas</em></strong></span> <span class='ocrx_word' id='word_1_844' title='bbox 2929 5007 3171 5072; x_wconf 89' lang='lat' dir='ltr'><strong><em>dederat,</em></strong></span> <span class='ocrx_word' id='word_1_845' title='bbox 3202 5023 3303 5060; x_wconf 89' lang='lat' dir='ltr'><strong><em>una</em></strong></span> <span class='ocrx_word' id='word_1_846' title='bbox 3330 5023 3455 5062; x_wconf 84' lang='lat' dir='ltr'><strong><em>cum</em></strong></span> 
     </span>
    </p>
   </div>
   <div class='ocr_carea' id='block_1_114' title="bbox 1872 5096 3453 5166">
    <p class='ocr_par' dir='ltr' id='par_1_114' title="bbox 1872 5096 3453 5166">
     <span class='ocr_line' id='line_1_114' title="bbox 1872 5096 3453 5166; baseline -0.006 -7"><span class='ocrx_word' id='word_1_847' title='bbox 1872 5106 2035 5159; x_wconf 86' lang='lat' dir='ltr'><strong><em>altera</em></strong></span> <span class='ocrx_word' id='word_1_848' title='bbox 2065 5105 2324 5159; x_wconf 80' lang='lat' dir='ltr'><strong><em>adversus</em></strong></span> <span class='ocrx_word' id='word_1_849' title='bbox 2367 5101 2635 5155; x_wconf 63' lang='lat' dir='ltr'><strong><em>liuflinum</em></strong></span> <span class='ocrx_word' id='word_1_850' title='bbox 2662 5097 2940 5166; x_wconf 77' lang='lat' dir='ltr'><strong><em>Apologia,</em></strong></span> <span class='ocrx_word' id='word_1_851' title='bbox 2974 5098 3217 5163; x_wconf 83' lang='lat' dir='ltr'><strong><em>pervenit</em></strong></span> <span class='ocrx_word' id='word_1_852' title='bbox 3237 5096 3453 5149; x_wconf 87' lang='lat' dir='ltr'><strong><em>demum</em></strong></span> 
     </span>
    </p>
   </div>
   <div class='ocr_carea' id='block_1_115' title="bbox 1876 5184 3459 5259">
    <p class='ocr_par' dir='ltr' id='par_1_115' title="bbox 1876 5184 3459 5259">
     <span class='ocr_line' id='line_1_115' title="bbox 1876 5184 3459 5259; baseline -0.005 -11"><span class='ocrx_word' id='word_1_853' title='bbox 1876 5197 1926 5249; x_wconf 92' lang='lat' dir='ltr'><strong><em>in</em></strong></span> <span class='ocrx_word' id='word_1_854' title='bbox 1959 5196 2215 5257; x_wconf 81' lang='lat' dir='ltr'><strong><em>Africam,</em></strong></span> <span class='ocrx_word' id='word_1_855' title='bbox 2246 5209 2364 5247; x_wconf 88' lang='lat' dir='ltr'><strong><em>cum</em></strong></span> <span class='ocrx_word' id='word_1_856' title='bbox 2391 5192 2499 5259; x_wconf 85' lang='lat' dir='ltr'><strong><em>jam</em></strong></span> <span class='ocrx_word' id='word_1_857' title='bbox 2531 5191 2667 5244; x_wconf 89' lang='lat' dir='ltr'><strong><em>duas</em></strong></span> <span class='ocrx_word' id='word_1_858' title='bbox 2695 5188 2827 5241; x_wconf 88' lang='lat' dir='ltr'><strong><em>alias</em></strong></span> <span class='ocrx_word' id='word_1_859' title='bbox 2857 5184 3103 5252; x_wconf 87' lang='lat' dir='ltr'><strong><em>superius</em></strong></span> <span class='ocrx_word' id='word_1_860' title='bbox 3133 5199 3459 5240; x_wconf 71' lang='lat' dir='ltr'><strong><em>intemeratas</em></strong></span> 
     </span>
    </p>
   </div>
   <div class='ocr_carea' id='block_1_116' title="bbox 1877 5274 3463 5356">
    <p class='ocr_par' dir='ltr' id='par_1_116' title="bbox 1877 5274 3463 5356">
     <span class='ocr_line' id='line_1_116' title="bbox 1877 5274 3463 5356; baseline -0.01 -15"><span class='ocrx_word' id='word_1_861' title='bbox 1877 5285 2233 5356; x_wconf 81' lang='lat' dir='ltr'><strong><em>Hipponensis</em></strong></span> <span class='ocrx_word' id='word_1_862' title='bbox 2245 5282 2541 5349; x_wconf 83' lang='lat' dir='ltr'><strong><em>Episcopus</em></strong></span> <span class='ocrx_word' id='word_1_863' title='bbox 2561 5274 2990 5347; x_wconf 78' lang='lat' dir='ltr'><strong><em>llicronymiaua:</em></strong></span> <span class='ocrx_word' id='word_1_864' title='bbox 3003 5274 3365 5341; x_wconf 85' lang='lat' dir='ltr'><strong><em>responsionis</em></strong></span> <span class='ocrx_word' id='word_1_865' title='bbox 3382 5275 3463 5327; x_wconf 66' lang='lat' dir='ltr'><strong><em>in.</em></strong></span> 
     </span>
    </p>
   </div>
   <div class='ocr_carea' id='block_1_117' title="bbox 1877 5363 3466 5433">
    <p class='ocr_par' dir='ltr' id='par_1_117' title="bbox 1877 5363 3466 5433">
     <span class='ocr_line' id='line_1_117' title="bbox 1877 5363 3466 5433; baseline -0.011 -3"><span class='ocrx_word' id='word_1_866' title='bbox 1877 5377 2021 5432; x_wconf 89' lang='lat' dir='ltr'><strong><em>scius</em></strong></span> <span class='ocrx_word' id='word_1_867' title='bbox 2047 5373 2113 5429; x_wconf 90' lang='lat' dir='ltr'><strong><em>ad</em></strong></span> <span class='ocrx_word' id='word_1_868' title='bbox 2144 5387 2265 5426; x_wconf 90' lang='lat' dir='ltr'><strong><em>eum</em></strong></span> <span class='ocrx_word' id='word_1_869' title='bbox 2299 5370 2551 5423; x_wconf 83' lang='lat' dir='ltr'><strong><em>misisset.</em></strong></span> <span class='ocrx_word' id='word_1_870' title='bbox 2586 5368 2691 5422; x_wconf 90' lang='lat' dir='ltr'><strong><em>llas</em></strong></span> <span class='ocrx_word' id='word_1_871' title='bbox 2720 5382 2847 5421; x_wconf 87' lang='lat' dir='ltr'><strong><em>vero</em></strong></span> <span class='ocrx_word' id='word_1_872' title='bbox 2878 5364 2966 5419; x_wconf 92' lang='lat' dir='ltr'><strong><em>ubi</em></strong></span> <span class='ocrx_word' id='word_1_873' title='bbox 2997 5364 3221 5433; x_wconf 83' lang='lat' dir='ltr'><strong><em>accepit.</em></strong></span> <span class='ocrx_word' id='word_1_874' title='bbox 3250 5363 3425 5415; x_wconf 64' lang='lat' dir='ltr'><strong><em>subire</em></strong></span> <span class='ocrx_word' id='word_1_875' title='bbox 3458 5408 3466 5419; x_wconf 83' lang='lat'><strong><em>,</em></strong></span> 
     </span>
    </p>
   </div>
   <div class='ocr_carea' id='block_1_118' title="bbox 1878 5453 3451 5532">
    <p class='ocr_par' dir='ltr' id='par_1_118' title="bbox 1878 5453 3451 5532">
     <span class='ocr_line' id='line_1_118' title="bbox 1878 5453 3451 5532; baseline -0.01 -10"><span class='ocrx_word' id='word_1_876' title='bbox 1878 5476 1988 5522; x_wconf 90' lang='lat' dir='ltr'><strong><em>tum</em></strong></span> <span class='ocrx_word' id='word_1_877' title='bbox 2011 5466 2111 5522; x_wconf 91' lang='lat' dir='ltr'><strong><em>sibi</em></strong></span> <span class='ocrx_word' id='word_1_878' title='bbox 2139 5471 2297 5532; x_wconf 88' lang='lat' dir='ltr'><strong><em>atque</em></strong></span> <span class='ocrx_word' id='word_1_879' title='bbox 2322 5458 2579 5513; x_wconf 78' lang='lat' dir='ltr'><strong><em>offensum</em></strong></span> <span class='ocrx_word' id='word_1_880' title='bbox 2606 5459 2663 5514; x_wconf 92' lang='lat' dir='ltr'><strong><em>S.</em></strong></span> <span class='ocrx_word' id='word_1_881' title='bbox 2694 5458 2864 5512; x_wconf 77' lang='lat' dir='ltr'><strong><em>Patris</em></strong></span> <span class='ocrx_word' id='word_1_882' title='bbox 2886 5455 3119 5509; x_wconf 90' lang='lat' dir='ltr'><strong><em>animum</em></strong></span> <span class='ocrx_word' id='word_1_883' title='bbox 3165 5453 3451 5511; x_wconf 71' lang='lat' dir='ltr'><strong><em>intellexit.</em></strong></span> 
     </span>
    </p>
   </div>
   <div class='ocr_carea' id='block_1_119' title="bbox 1875 5550 3469 5626">
    <p class='ocr_par' dir='ltr' id='par_1_119' title="bbox 1875 5550 3469 5626">
     <span class='ocr_line' id='line_1_119' title="bbox 1875 5550 3469 5626; baseline -0.009 -15"><span class='ocrx_word' id='word_1_884' title='bbox 1875 5558 2232 5626; x_wconf 67' lang='lat' dir='ltr'><strong><em>Quamobrem</em></strong></span> <span class='ocrx_word' id='word_1_885' title='bbox 2279 5552 2515 5606; x_wconf 82' lang='lat' dir='ltr'><strong><em>studiose</em></strong></span> <span class='ocrx_word' id='word_1_886' title='bbox 2545 5553 2671 5622; x_wconf 88' lang='lat' dir='ltr'><strong><em>egit,</em></strong></span> <span class='ocrx_word' id='word_1_887' title='bbox 2706 5560 2763 5605; x_wconf 89' lang='lat' dir='ltr'><strong><em>ut</em></strong></span> <span class='ocrx_word' id='word_1_888' title='bbox 2792 5550 3129 5621; x_wconf 78' lang='lat' dir='ltr'><strong><em>recolligeret</em></strong></span> <span class='ocrx_word' id='word_1_889' title='bbox 3159 5566 3171 5602; x_wconf 89' lang='lat'><strong>:</strong></span> <span class='ocrx_word' id='word_1_890' title='bbox 3201 5557 3253 5602; x_wconf 91' lang='lat' dir='ltr'><strong><em>ct</em></strong></span> <span class='ocrx_word' id='word_1_891' title='bbox 3284 5550 3469 5617; x_wconf 85' lang='lat' dir='ltr'><strong><em>prima.</em></strong></span> 
     </span>
    </p>
   </div>
   <div class='ocr_carea' id='block_1_120' title="bbox 1874 5640 3468 5720">
    <p class='ocr_par' dir='ltr' id='par_1_120' title="bbox 1874 5640 3468 5720">
     <span class='ocr_line' id='line_1_120' title="bbox 1874 5640 3468 5720; baseline -0.007 -14"><span class='ocrx_word' id='word_1_892' title='bbox 1874 5653 1995 5708; x_wconf 84' lang='lat' dir='ltr'><strong><em>data</em></strong></span> <span class='ocrx_word' id='word_1_893' title='bbox 2027 5649 2308 5711; x_wconf 63' lang='lat' dir='ltr'><strong><em>occasune</em></strong></span> <span class='ocrx_word' id='word_1_894' title='bbox 2335 5644 2781 5720; x_wconf 78' lang='lat' dir='ltr'><strong><em>proficiscentium</em></strong></span> <span class='ocrx_word' id='word_1_895' title='bbox 2809 5643 2860 5699; x_wconf 91' lang='lat' dir='ltr'><strong><em>iu</em></strong></span> <span class='ocrx_word' id='word_1_896' title='bbox 2889 5642 3223 5704; x_wconf 67' lang='lat' dir='ltr'><strong><em>Palaestinam</em></strong></span> <span class='ocrx_word' id='word_1_897' title='bbox 3250 5640 3468 5698; x_wconf 50' lang='lat' dir='ltr'><strong><em>ausit-om</em></strong></span> 
     </span>
    </p>
   </div>
  </div>
