4050 6188
594 269 698 329 155

596 398 740 449 rum,
765 380 1060 454 Epistulam
1084 379 1150 434 ad
1172 378 1318 432 illum
1339 373 1549 444 scripsit
1568 372 1620 426 in
1647 368 1962 425 recensione
1989 375 2172 420 nostra

599 476 715 532 CX.
742 491 845 547 qua
888 455 1134 530 omnibus
1174 466 1527 524 observantize
1568 459 2045 532 signiﬁcationibus
2074 456 2172 512 ad-

601 583 789 623 versus
814 581 936 623 eum
967 562 1218 632 loquitur,
1264 567 1320 613 et
1357 572 1515 628 quam
1566 564 1742 625 potest
1788 552 2174 607 demississime

599 669 756 727 atque
779 651 1171 720 subiectissime
1206 649 1512 704 demulcere
1537 645 1738 701 studet.
1770 643 1929 699 Addit
1953 651 2009 698 et
2031 657 2176 711 qua?-

599 747 720 800 dam
749 743 817 797 de
847 742 990 795 illius
1013 750 1195 795 contra
1229 739 1495 794 Bullinum
1521 737 1800 807 Apologia,
1831 749 1989 804 quam
2017 748 2077 786 se
2100 740 2177 786 te-

597 844 767 888 statur
791 833 1084 901 accepisse,
1114 841 1169 886 et
1196 846 1360 901 qtmm
1385 832 1521 884 ferre
1549 829 1602 882 in
1630 829 1938 883 alterutram
1970 832 2174 894 partem

591 925 849 994 judicium
891 923 1055 987 nolit,
1087 922 1272 976 dolere
1301 932 1478 976 tamen
1507 921 1869 980 vehementer,
1900 932 1962 971 ac
1987 914 2176 984 deplo-

597 1032 719 1071 rare
743 1015 966 1069 miseras
987 1028 1167 1068 rerum
1190 1013 1539 1066 humanarum
1567 1010 1732 1072 vices,
1759 1007 1976 1078 quando
2001 1014 2178 1060 tantos

601 1107 750 1161 viros
774 1115 828 1160 et
851 1107 1116 1175 quondam
1139 1104 1492 1160 amicissimos
1519 1102 1690 1176 potuit
1713 1109 1820 1154 tam
1843 1097 2174 1153 amarulema

600 1197 865 1251 discordia
894 1196 1070 1250 facere
1089 1196 1306 1249 invisos.
1331 1193 1505 1248 Aliam
1522 1193 1647 1246 huic
1665 1191 1916 1261 Epistulae
1937 1188 2179 1258 adjnnxit

567 1329 570 1333 .
602 1289 667 1342 ad
699 1286 1031 1350 l‘rzvsidimn,
1057 1301 1178 1341 eum
1210 1285 1414 1340 scilicet
1441 1299 1600 1352 quem
1629 1282 1730 1336 sibi
1759 1281 2024 1352 quondam
2057 1279 2182 1334 Hie-

601 1393 856 1447 ronymus
901 1376 1389 1443 commendaverat,
1435 1385 1600 1445 atque
1645 1374 1720 1428 illi
1764 1374 1965 1428 sciebat
1997 1384 2178 1427 vetere

598 1466 830 1521 amicitia
852 1473 1114 1531 junctum.
1147 1466 1424 1535 Rogatque
1445 1465 1623 1530 enixe,
1651 1473 1710 1519 ut
1734 1479 1852 1518 eam
1884 1462 2178 1532 Epistulam

601 1554 776 1609 eidem
820 1555 1144 1626 llieronymo
1189 1554 1514 1610 reddendam
1562 1562 1736 1616 curet,
1783 1553 1989 1621 sibique
2032 1552 2178 1606 illum

599 1647 795 1701 additis
822 1648 933 1700 suis
958 1649 1118 1701 etiam
1145 1647 1338 1700 litteris
1366 1647 1559 1714 placet.
1589 1644 1645 1698 ln
1671 1661 1789 1700 eam
1821 1660 1930 1699 rem
1949 1643 2183 1698 adnectit

602 1746 660 1789 et
683 1725 1216 1805 Hieronymianarum
1247 1735 1520 1789 literarum
1549 1743 1605 1789 et
1632 1745 1854 1789 sua-met
1879 1734 2183 1802 responsio.

603 1830 688 1883 nis
716 1829 979 1898 exempla.
1013 1837 1072 1883 ut
1109 1828 1373 1883 scribendi
1415 1828 1481 1882 ad
1511 1839 1632 1881 eum
1664 1829 1922 1880 rationem
1952 1826 2182 1895 penitius

603 1928 796 1976 noscat
838 1937 852 1971 :
898 1919 1160 1989 simulque
1184 1920 1447 1983 obsecrat,
1479 1927 1535 1973 ut
1561 1920 1604 1973 si
1634 1920 1757 1987 quid
1785 1921 1960 1974 minus
1984 1920 2030 1974 ei
2060 1935 2183 1989 pro-

601 2011 822 2065 baretur
861 2011 958 2064 abs
998 2025 1059 2066 se
1099 2011 1356 2078 scriptum
1382 2010 1447 2064 ad
1475 2021 1718 2065 sanetum
1758 2027 1962 2076 senem,
1997 2012 2049 2066 id
2079 2013 2181 2067 sibi

601 2103 1016 2172 quamprimum,
1043 2118 1150 2172 quo
1181 2112 1359 2170 posset
1392 2103 1697 2168 emendare,
1729 2105 2072 2173 significaret.

677 2191 808 2246 Vlll.
857 2193 1050 2247 Noster
1098 2202 1296 2256 autem,
1346 2193 1676 2248 iutereadum
1725 2193 1842 2250 ha:c
1893 2205 2177 2265 geruntur,

600 2295 748 2340 certe
777 2283 1012 2341 nondum
1044 2285 1281 2352 acceptis
1311 2285 1458 2341 hisee
1487 2288 1775 2356 postremis
1803 2287 2080 2355 Augustini
2115 2287 2181 2340 li-

602 2377 752 2442 teris,
787 2375 1077 2447 respondct
1102 2376 1166 2429 ad
1205 2392 1340 2446 quas
1383 2377 1484 2431 sibi
1517 2379 1567 2430 in
1599 2377 2024 2446 przeccdcntibus
2067 2394 2184 2432 mu-

600 2475 752 2520 verat
779 2467 1100 2535 quaestiones
1131 2483 1234 2520 una
1262 2482 1448 2522 omnes
1480 2468 1737 2536 Epistula,
1766 2483 1886 2537 qnze
1917 2469 1968 2522 in
2001 2480 2180 2522 nostra

604 2559 926 2614 recensione
952 2560 1125 2614 locum
1151 2559 1313 2615 CXII.
1347 2571 1510 2615 tenet.
1544 2561 1611 2615 Et
1635 2577 1953 2632 quamquam
1995 2566 2181 2627 lratre,

603 2651 692 2718 qui
745 2649 797 2703 in
837 2650 1080 2705 Africam
1113 2651 1431 2719 traiecturus
1470 2663 1607 2718 erat,
1642 2654 1946 2721 festinante,
1978 2673 2102 2726 pene
2129 2658 2180 2710 in

602 2740 888 2809 procinctu,
915 2751 964 2794 et
993 2742 1321 2796 tumultuario
1348 2747 1652 2812 respondere
1679 2761 1907 2799 sermone
1934 2762 1992 2801 se
2015 2746 2177 2813 dicat,

604 2845 706 2883 non
757 2832 1050 2885 maturitate
1088 2834 1371 2898 scribentis,
1413 2835 1504 2889 sed
1548 2836 1785 2890 dictantis
1837 2840 2113 2892 temeritate
2163 2856 2187 2894 :e

603 2919 744 2974 haud
784 2921 881 2975 sibi
928 2930 1102 2977 tamen
1141 2926 1359 2994 suisque
1399 2926 1691 2981 rationibus
1719 2927 1890 2983 deest.
1917 2929 2186 2986 Satisiacit

601 3008 774 3076 primo
799 3010 866 3064 de
893 3009 1012 3065 libri
1039 3012 1211 3078 titulo,
1238 3029 1338 3083 quo
1359 3014 1646 3084 Scriptores
1669 3015 2052 3074 Ecclesiasticos
2081 3029 2183 3073 tam

604 3096 810 3154 (ἔνατος
850 3117 1001 3170 quam
1047 3101 1256 3158 Latinos
1301 3117 1696 3169 enumeraverat,
1741 3124 1971 3179 eumque
2018 3111 2185 3166 vel'do

602 3191 882 3246 illustribus
930 3193 1084 3257 Viris,
1129 3197 1204 3250 uel
1229 3199 1432 3267 proprie
1459 3199 1522 3252 de
1551 3200 1898 3271 Scriptoribus
1932 3201 2183 3257 Ecclesia-

601 3289 738 3339 sticts
783 3288 938 3341 ducet
983 3299 1124 3354 esse,
1174 3302 1278 3343 nou
1322 3286 1674 3361 Epitaphium,
1728 3301 1783 3346 ut
1831 3293 1906 3348 illi
1953 3293 2126 3350 fuerat
2154 3309 2184 3350 a

602 3378 837 3446 qundam
883 3379 1046 3434 fratre
1072 3396 1349 3448 perperam
1378 3383 1755 3452 significatum.
1787 3385 2038 3441 Secundo
2064 3386 2182 3442 loco

604 3484 756 3522 suam
784 3469 849 3522 de
879 3469 1037 3524 Petro
1066 3471 1391 3539 reprehenso
1433 3489 1462 3527 a
1508 3475 1672 3528 Paulo
1716 3479 2032 3531 sententiam
2062 3479 2186 3532 vin-

608 3557 792 3614 dicare
841 3561 909 3614 ab
951 3560 1172 3616 officiosi
1203 3565 1466 3619 mendacii
1494 3567 1865 3624 criminatione
1892 3570 2097 3635 nititur,
2130 3580 2184 3625 et

605 3664 765 3717 quam
793 3659 987 3717 potest,
1017 3660 1233 3708 strenue
1265 3665 1444 3710 tuetur
1470 3673 1591 3712 cum
1625 3667 1864 3713 veterum
1907 3661 2184 3716 Tractato-

607 3752 727 3792 rum
755 3741 1093 3808 auctoritate,
1116 3751 1226 3797 tum
1246 3746 1512 3815 exemplis
1531 3747 1924 3817 Scripturarum
1946 3759 2000 3804 et
2018 3765 2185 3806 sacra:

607 3828 845 3886 historia:
873 3842 1143 3897 contextu,
1175 3836 1409 3906 denique
1439 3841 1702 3894 rationum
1731 3844 2036 3907 momentis,
2066 3859 2185 3913 quze

606 3923 853 3993 utrinque
894 3925 1132 3988 excudit,
1163 3935 1324 3998 atque
1352 3939 1523 3999 urget.
1558 3931 1696 3995 Quin
1744 3933 1901 3988 etiam
1933 3934 2184 4004 suggillat

605 4027 752 4082 saepe
797 4015 994 4070 acriter
1035 4018 1333 4086 oppositam
1361 4021 1642 4090 Augustini
1670 4025 2080 4093 expositionem,
2114 4024 2180 4078 Et

604 4104 738 4172 quis,
770 4105 864 4170 ait,
895 4105 988 4159 hoc
1014 4105 1419 4164 Christianorum
1447 4114 1697 4181 patienter
1722 4117 1916 4181 audiat,
1965 4117 2103 4188 quod
2132 4119 2186 4173 in

604 4206 694 4247 tua
736 4192 972 4265 Epistula
1012 4200 1296 4255 continetur
1317 4217 1338 4256 :
1366 4220 1386 4254 ι
1413 4201 1633 4259 ludens
1656 4218 1761 4260 erat
1791 4207 2008 4275 Paulus,
2038 4210 2186 4264 Chri-

604 4284 800 4340 stianus
837 4296 1004 4340 autem
1047 4290 1214 4358 [actus
1256 4308 1357 4345 non
1395 4291 1698 4348 Juda'orum
1721 4309 2037 4352 sacramenta
2067 4299 2188 4352 reli-

605 4383 870 4461 querat....
917 4378 1128 4447 ideoque
1175 4383 1394 4452 suscepit
1441 4387 1740 4440 celebranda
1784 4405 1844 4442 ea
1884 4407 2037 4460 quum
2071 4392 2188 4461 jam

606 4460 794 4517 Christi
821 4478 945 4520 esset
969 4469 1264 4538 Apostolus,
1306 4483 1361 4526 ut
1402 4474 1600 4529 doceret
1639 4494 1740 4531 non
1771 4495 1877 4533 esse
1904 4460 2189 4548 perniciosa

608 4553 710 4619 his,
751 4556 838 4623 qui
861 4572 922 4609 ca
947 4560 1147 4627 vellent,
1174 4563 1302 4616 sicut
1329 4580 1361 4616 a
1387 4567 1682 4634 parentibus
1707 4587 1797 4638 per
1824 4569 2008 4640 Legem
2039 4588 2184 4627 acce-

607 4655 808 4715 perant,
851 4650 1122 4705 custodire.
1152 4671 1171 4703 ι
1225 4654 1392 4709 Docet
1427 4669 1550 4711 eum
1589 4657 1784 4714 deinde
1823 4661 1947 4730 quid
1989 4663 2065 4716 rei
2093 4663 2183 4731 sit,

605 4737 747 4809 quod
794 4742 846 4794 tn
902 4739 1080 4808 priore
1130 4742 1502 4802 Translatione
1550 4761 1648 4802 sua
1697 4764 1763 4803 ex
1815 4750 2182 4824 Septuaginta,

605 4831 892 4887 asteriscos
919 4843 1078 4902 atque
1115 4834 1304 4890 obelos
1347 4840 1586 4906 posuerit
1630 4855 1648 4895 ;
1691 4841 1914 4897 alteram
1947 4846 2089 4900 enim
2116 4862 2184 4902 ex

608 4922 835 4980 llehrmo
880 4927 1026 4981 fonte
1053 4926 1374 4997 derivatum,
1405 4929 1644 4988 defendit
1671 4948 1923 5004 perquam
1953 4937 2180 5006 erudite,

606 5027 862 5086 suamque
887 5032 1105 5088 operam
1138 5019 1190 5075 in
1220 5034 1282 5076 ea
1307 5021 1632 5078 elaboranda
1658 5024 1853 5080 nedum
1883 5026 2021 5083 bene
2063 5029 2182 5083 col-

605 5104 856 5174 locatam,
879 5109 972 5164 sed
998 5119 1053 5166 et
1076 5112 1434 5168 necessariam
1454 5114 1519 5169 ad
1540 5114 1847 5172 Judteorum
1871 5133 2183 5190 expugnan-

603 5195 727 5250 dam
755 5198 1051 5267 perfidiam,
1073 5211 1129 5258 et
1155 5203 1404 5259 Ecclesiis
1429 5206 1661 5262 maxime
1682 5206 2013 5278 profuturam
2039 5209 2182 5265 evin-

603 5290 697 5344 cit.
729 5290 963 5361 Denique
993 5292 1222 5349 fabulam
1251 5295 1319 5351 de
1367 5297 1554 5352 hedera
1601 5314 1697 5368 pro
1739 5301 1998 5355 cucurbita
2039 5301 2180 5371 apud

602 5378 795 5434 lunam
822 5383 1087 5450 essuftlat,
1121 5401 1219 5440 nec
1246 5396 1483 5442 moratur
1507 5389 1689 5458 populi
1717 5390 2060 5461 imperitiam,
2087 5393 2177 5462 qui

603 5469 922 5522 seditionem
969 5485 1032 5525 ea
1081 5474 1149 5528 de
1193 5491 1353 5532 causa
1395 5479 1674 5546 excitarit,
1723 5495 1824 5536 nec
1869 5480 2174 5537 Judzeorum

603 5555 726 5620 ejus
750 5556 898 5609 urbis
925 5558 1199 5623 malitiam,
1229 5565 1317 5630 qui
1344 5567 1438 5619 hoc
1466 5568 1713 5620 edixerint
1737 5583 1844 5622 esse
1867 5569 1919 5622 in
1944 5570 2050 5623 suis
2093 5585 2181 5623 uo-

603 5643 900 5707 luminibus,
930 5649 1062 5708 quod
1089 5650 1140 5702 in
1170 5651 1360 5708 Grcas
1381 5664 1426 5709 et
1451 5655 1648 5711 Latinis
1674 5660 2036 5727 continebatur,
2059 5676 2180 5717 cum

1853 257 1908 313 S.
1953 250 2330 311 llIERON‘IHi
2377 253 2526 309 νιτΑ
2538 293 2552 309 .

3758 270 3865 326 156

2283 363 2567 421 manifesto
2620 356 3003 436 demonstret,
3054 373 3195 443 quod
3247 375 3300 430 in
3345 375 3576 436 Hebrteo
3635 389 3720 437 est
3767 381 3862 440 Ci-

2286 455 2448 523 ceion,
2494 471 2598 511 non
2643 458 2788 513 aliud
2833 463 3029 518 rectius
3056 479 3215 534 quam
3246 469 3486 525 hederam
3515 486 3675 542 posse
3699 478 3862 532 verti.

2281 546 2423 604 Petit
2465 548 2518 602 in
2564 549 2670 605 ﬁne
2696 551 2971 621 Epistolze,
3008 564 3066 609 ut
3105 571 3201 625 per
3227 572 3349 613 eum
3378 560 3482 616 sibi
3505 564 3688 634 quieto
3717 583 3856 639 esse.

2276 635 2386 704 jam
2429 639 2654 693 emerito
2699 642 2836 706 seni,
2869 643 3044 699 liceat.
3079 645 3203 702 llzec
3230 664 3331 703 nos
3361 653 3518 720 paulo
3545 653 3713 712 fusius
3741 635 3868 728 per;

2282 727 2448 780 secuti
2467 743 2672 795 sumus,
2691 731 2832 800 quod
2850 747 2955 788 ere
2989 746 3173 790 nostra
3202 739 3493 806 videretur,
3523 743 3867 824 Hieronymi.

2280 829 2400 870 ante
2426 821 2862 887 concertationis,
2893 833 2948 878 et
2985 829 3245 882 stomachi
3272 844 3448 887 causae
3489 851 3609 905 qum
3637 821 3863 909 fuerint,

2282 916 2340 962 ut
2385 909 2572 965 scires.
2603 910 2703 977 Qui
2733 920 2909 969 tamen
2937 913 3075 970 haud
3103 918 3323 975 dubium
3353 932 3456 988 est,
3485 929 3611 996 quin
3642 933 3861 989 animos

2282 1001 2640 1072 recollegerit,
2668 1005 2848 1060 statim
2872 1016 3032 1078 atque
3062 1011 3340 1081 Augustini
3371 1015 3664 1084 Epistulam
3695 1037 3870 1094 supra

2283 1103 2656 1162 memoratam,
2685 1105 2762 1150 tot
2786 1097 3130 1156 dcmissionis
3160 1114 3322 1173 atque
3345 1107 3586 1176 obsequii
3623 1116 3872 1172 testimo-

2283 1181 2387 1235 niis
2410 1183 2659 1239 rcfertam
2686 1188 2913 1258 accepit.
2939 1190 3162 1260 Accepit
3184 1209 3314 1250 vero
3334 1211 3534 1266 paucos
3558 1212 3684 1272 post
3703 1205 3824 1261 dies
3850 1225 3866 1263 :

2283 1273 2371 1326 cui
2401 1274 2524 1329 licet
2551 1275 2637 1329 illa
2665 1280 2950 1334 occasione
2975 1280 3122 1337 haud
3148 1287 3508 1358 responderit,
3541 1291 3744 1351 factum.
3762 1298 3873 1355 sibi

2285 1373 2460 1419 tamen
2486 1365 2556 1420 ab
2581 1381 2646 1421 eo
2672 1370 2825 1435 satis,
2855 1369 2994 1427 haud
3027 1376 3196 1430 multo
3228 1389 3348 1446 post
3373 1381 3870 1452 significavit,_cum

2284 1455 2541 1510 redeunte
2567 1471 2598 1510 e
2631 1457 2915 1514 Palicstina
2947 1464 2999 1517 in
3026 1465 3259 1521 Africam
3287 1468 3488 1534 Firmo,
3512 1473 3694 1530 Sancti
3719 1477 3871 1534 Prte-

2283 1546 2420 1602 sulis
2449 1551 2773 1617 necessario,
2825 1553 3120 1624 Epistulam
3169 1559 3235 1613 ad
3281 1575 3402 1616 eum
3448 1565 3664 1634 scripsit
3700 1568 3868 1628 CXV.

2284 1640 2461 1693 omnia
2482 1655 2593 1711 pra:
2610 1656 2670 1696 se
2686 1644 2941 1699 ferentem
2963 1651 3164 1704 timoris
3179 1665 3242 1704 ac
3263 1651 3648 1714 benevolentia
3670 1659 3822 1730 signa
3852 1680 3868 1719 :

2285 1739 2342 1782 ut
2367 1731 2527 1784 etiam
2551 1743 2792 1799 excuset,
2815 1737 2954 1805 quod
2981 1739 3198 1796 liberius
3225 1746 3592 1814 responderit,
3609 1763 3872 1823 rogetque

2286 1828 2381 1884 ut,
2450 1823 2665 1877 omissis
2719 1825 3065 1894 imposterum
3120 1831 3386 1902 ejusmodi
3436 1842 3867 1913 qumstionibus,

2284 1910 2454 1965 amice
2483 1926 2666 1968 secum
2708 1915 2760 1970 in
2802 1933 3074 1975 sacrarum
3102 1922 3496 1994 Scripturarum
3523 1947 3712 2006 campo
3747 1910 3873 1993 ver-

2283 2010 2450 2094 setur.
2497 2003 2656 2071 Quod
2691 2007 2906 2078 quidem
2955 2012 3158 2068 addidit
3203 2018 3506 2088 Augustino.
3537 2003 3767 2094 animos,
3811 2039 3874 2084 ut

2284 2093 2596 2150 olfensionis
2621 2097 3048 2171 [lieronymianm
3071 2103 3190 2174 jam
3223 2122 3466 2176 securus,
3499 2113 3642 2170 illam
3668 2116 3736 2172 de
3756 2093 3871 2174 Pe-

2287 2191 2372 2239 tro
2420 2187 2750 2256 reprehenso
2789 2204 2817 2243 a
2866 2190 3034 2248 Paulo
3059 2199 3408 2266 qumstionem
3437 2211 3786 2277 rctractaret,
3815 2221 3874 2266 et

2286 2277 2490 2344 prolixa
2520 2279 2758 2349 Epistula
2789 2281 2850 2336 in
2876 2295 3058 2338 nostra
3090 2291 3407 2347 reccnsiOue
3435 2293 3618 2350 CXVI.
3646 2313 3874 2356 accura-

2288 2369 2392 2423 tius
2430 2371 2479 2424 ei
2529 2374 2902 2442 responderet,
2934 2379 3262 2436 confirmans
3291 2385 3432 2454 quod
3460 2386 3649 2445 Petrus
3677 2395 3836 2449 merit

2285 2463 2655 2531 veraciterque
2725 2468 3088 2538 reprehensus
3144 2472 3321 2529 fuerit.
3377 2474 3581 2535 Cmtera
3630 2483 3870 2552 mirum,

2285 2565 2445 2620 quam
2475 2566 2533 2607 se
2560 2552 2795 2610 demisse
2822 2557 3082 2614 adversus
3103 2575 3225 2616 eum
3247 2575 3417 2634 gerat,
3445 2570 3651 2625 veniam
3679 2572 3877 2644 depre-

2285 2654 2456 2708 catus,
2509 2645 2679 2702 sicubi
2710 2648 2869 2704 dictis
2899 2651 3282 2712 incautioribus
3308 2673 3428 2714 eum
3460 2663 3758 2732 olli-aderit,
3787 2676 3874 2723 at-

2286 2754 2391 2808 que
2415 2756 2698 2812 excusans,
2728 2747 2870 2817 quod
2899 2750 3042 2805 nulla
3063 2766 3157 2806 sua
3179 2752 3334 2823 culpa
3357 2755 3506 2825 prior
3522 2755 3607 2810 illa
3632 2757 3873 2826 Epistula

2287 2845 2382 2901 per
2410 2834 2697 2889 multorum
2725 2851 2914 2893 manus
2938 2840 3316 2909 obambularit,
3343 2855 3628 2916 antequam
3650 2847 3714 2902 ad
3744 2864 3871 2906 eum

2287 2924 2610 2993 perveniret.
2659 2928 2811 2985 Hunc
2839 2931 2999 2987 linem
3030 2933 3216 2990 habuit
3239 2936 3466 2992 celebris
3495 2939 3583 2992 illa
3609 2939 3874 3018 Hierony-

2288 3028 2431 3068 mum
2459 3015 2598 3071 intcr
2614 3027 2774 3088 atque
2796 3021 3151 3092 Augustinum
3173 3025 3482 3096 disputatio,
3510 3043 3643 3096 quos
3662 3015 3872 3085 summa

2289 3105 2542 3178 deinceps
2603 3111 2769 3181 gratia
2827 3122 2884 3168 et
2931 3117 3272 3172 necessitudo
3318 3119 3638 3176 intercessit.
3683 3123 3874 3178 Annus

2291 3199 2622 3269 trahebatur,
2671 3221 2792 3260 cum
2841 3206 2966 3263 tlnis
3010 3211 3396 3266 concertationi
3441 3211 3720 3282 impositus
3764 3224 3872 3279 est,

2288 3293 2850 3366 quadringentesimus
2897 3301 3134 3370 quintus,
3185 3311 3247 3356 ut-
3290 3318 3354 3357 cx
3382 3303 3773 3375 chronologicis
3802 3307 3874 3362 ad

2290 3385 2553 3441 laudatam
2587 3388 2748 3443 modo
2774 3391 3054 3460 Augustini
3105 3392 3395 3462 Epistulam
3444 3395 3594 3450 Notis
3636 3407 3872 3455 constat.

2320 3511 2325 3518 -
2364 3476 2458 3532 IX.
2508 3479 2610 3534 Per
2654 3481 2705 3535 id
2731 3491 2907 3537 autem
2935 3486 3191 3554 temporis
3219 3486 3460 3554 quaedam
3488 3488 3588 3542 alia
3617 3489 3781 3545 fuisse
3805 3492 3879 3545 ab

2291 3567 2616 3641 Hieronymo
2655 3573 2868 3642 scriptis
2899 3574 3113 3643 tradita,
3145 3576 3277 3632 nihil
3306 3587 3389 3632 est
3414 3578 3656 3637 dubium.
3685 3579 3754 3634 Et
3780 3596 3880 3635 su-

2292 3659 2505 3728 periore
2544 3662 2760 3730 quidem
2798 3665 3037 3733 proxime
3073 3680 3214 3722 anno
3250 3669 3556 3725 admonitus
3594 3688 3623 3724 a
3651 3671 3877 3744 Bipario

2292 3749 2691 3807 Tarraconensi
2709 3753 3050 3826 Presbytero,
3097 3758 3247 3826 quod
3273 3759 3590 3830 Vigilantius
3628 3761 3874 3828 doceret,

2291 3837 2580 3910 Martyrum
2624 3857 2729 3897 non
2775 3859 2896 3900 esse
2942 3847 3197 3902 colendos
3225 3849 3455 3917 cineres,
3487 3851 3879 3924 damnarctque

2291 3929 2563 3985 solemnes
2590 3931 2852 3989 Fidelium
2895 3935 2961 3990 ad
2987 3951 3171 3991 eorum
3201 3939 3447 4009 sepulcra
3476 3942 3702 4012 vigilias,
3747 3943 3882 4013 Epi-

2291 4022 2500 4077 stolam.
2530 4023 2597 4077 ad
2644 4024 2792 4080 illum
2837 4027 3052 4098 scripsit
3095 4029 3148 4084 in
3180 4033 3492 4088 recensione
3527 4042 3704 4087 nostra
3732 4032 3879 4089 CIX.

2291 4127 2394 4182 qua
2422 4122 2610 4169 contra
2636 4115 2894 4171 nefariam
2925 4118 3176 4175 haeresim
3197 4121 3465 4186 velitatur,
3489 4133 3540 4178 et
3563 4123 3714 4194 quasi
3739 4140 3881 4194 prm-

2293 4203 2426 4258 ludit
2466 4205 2533 4260 ad
2579 4221 2830 4277 pugnam,
2873 4207 3106 4265 olferens
3151 4221 3392 4280 paratum
3422 4227 3482 4267 se
3523 4212 3886 4270 confutationi

2293 4295 2546 4362 hominis,
2572 4297 2616 4350 si
2643 4297 2758 4361 eius
2779 4297 2844 4352 ad
2867 4313 2927 4354 se
2953 4300 3164 4356 libellos
3190 4301 3419 4358 Sanctus
3445 4303 3732 4376 Presbyter
3752 4307 3882 4360 mit-

2295 4394 2388 4440 tat.
2419 4387 2777 4444 Ostendemus
2805 4391 3158 4462 subsequenti
3191 4395 3450 4462 sectione,
3493 4395 3662 4468 ipsum
3691 4393 3880 4453 Sancti

2293 4478 2470 4534 Patris
2497 4479 2804 4536 Tractatum
2836 4492 3023 4537 contra
3055 4484 3397 4556 Vigilantiam
3429 4504 3567 4542 anno
3593 4489 3882 4545 elucubra-

2295 4579 2403 4625 tum
2433 4573 2557 4626 406.
2605 4571 2661 4627 ln
2702 4589 2806 4644 quo
2831 4589 2952 4629 cum
2986 4584 3213 4631 testatur
3240 4580 3352 4648 ipse
3381 4578 3449 4633 de
3477 4595 3537 4634 se
3561 4580 3878 4638 luculentis-

2292 4663 2442 4717 simis
2470 4663 2668 4729 verbis,
2701 4665 2766 4720 de
2794 4664 2994 4737 Vigiliis
3018 4675 3064 4720 et
3084 4669 3544 4737 pernoctationibus
3564 4670 3617 4724 in
3637 4669 3882 4726 Basilicis

2294 4754 2580 4826 Martyrum
2621 4773 2756 4828 stupe
2797 4759 3128 4824 celebrandis,
3169 4760 3222 4814 in
3267 4759 3518 4830 Epistula,
3561 4777 3715 4835 quant
3762 4774 3886 4818 ante

2294 4847 2388 4900 hoc
2413 4849 2570 4916 ferme
2599 4849 2850 4904 biennium
2879 4851 3072 4906 Sancto
3101 4850 3316 4921 Ripario
3339 4852 3632 4923 Presbytero
3655 4856 3884 4924 scripse-

2292 4955 2423 5004 ram,
2469 4940 2707 5010 respondi
2739 4941 2950 4996 breviter
2976 4957 2996 4996 :
3025 4942 3205 4997 nullus
3251 4953 3332 5000 est
3377 4943 3652 4998 dubitandi
3706 4944 3886 5012 locus,

2293 5033 2564 5089 subd‘ucti‘s
2605 5034 2926 5102 rationibus,
2973 5036 3101 5106 quin
3147 5036 3263 5092 hare
3309 5037 3378 5092 sit
3423 5035 3661 5106 Epistola
3685 5049 3887 5111 quarto

2291 5141 2452 5195 supra
2496 5126 3078 5196 quadringentesimum
3124 5143 3286 5192 anno,
3317 5126 3690 5183 adscribenda.
3728 5127 3882 5185 luse-

2292 5227 2488 5288 qucnte
2502 5217 2629 5282 405,
2651 5218 2807 5271 aliam
2825 5218 3058 5288 scripsit,
3077 5217 3188 5273 sive
3204 5216 3407 5275 CXVII;
3428 5217 3494 5273 ad
3519 5217 3683 5275 libeUi
3713 5218 3887 5277 instar

2291 5309 2360 5362 ad
2404 5308 2622 5362 Matrem
2666 5319 2712 5363 et
2738 5307 2930 5363 Filiam
2955 5311 3006 5364 in
3034 5308 3203 5364 Gallia
3230 5319 3613 5374 comntorantes,
3673 5325 3779 5379 qua
3831 5309 3889 5367 id

2292 5400 2632 5471 potissimum
2660 5411 2814 5472 urget
2838 5417 2901 5457 ac
2928 5401 3107 5466 docet,
3142 5400 3316 5456 viduis
3360 5409 3419 5456 ct
3461 5401 3764 5472 virginibus
3805 5402 3885 5456 vi-

2294 5489 2507 5546 tandam
2525 5505 2644 5546 esse
2662 5491 3013 5546 domesticam
3036 5490 3477 5546 consuetudinem
3499 5507 3711 5556 eorum,
3736 5492 3885 5549 unde

2293 5584 2361 5635 sit
2391 5581 2681 5650 periculum
2729 5581 2811 5635 vel
2850 5581 3118 5649 pudicitiae
3158 5579 3240 5633 vel
3281 5579 3459 5636 fama}.
3508 5582 3795 5638 Retulerat
3831 5584 3887 5642 ei

2296 5687 2488 5740 nempe
2515 5670 2729 5741 quidam
2758 5669 2920 5727 frater
2943 5686 2973 5727 e
3011 5669 3201 5735 Gallia,
3231 5685 3283 5724 se
3312 5671 3496 5728 habere
3522 5689 3751 5728 sororem
3782 5675 3886 5729 vir-
