4050 6188
135 281 241 338 {51

136 392 336 463 ginem,
372 399 699 459 matremque
719 388 937 455 viduam,
967 403 1083 458 qua
1118 387 1172 442 in
1209 386 1385 442 eadem
1423 387 1545 441 urbe
1570 388 1747 442 divisis

139 486 441 539 habitarent
465 485 694 549 cellulis,
722 492 766 536 et
793 483 870 537 vel
890 483 950 536 ob
978 483 1187 551 hospitii
1215 482 1556 547 solitudinem,
1585 482 1663 535 vel
1682 482 1745 535 ob

135 577 520 633 custodiendas
563 575 911 646 facultatulas,
960 575 1205 645 prtzsules
1234 574 1329 627 sibi
1352 575 1598 643 quosdam
1622 573 1771 633 σιμ,

135 668 282 722 ricos
340 668 754 738 «sumpsissent,
784 676 841 719 ut
885 667 1085 736 majore
1134 665 1376 719 dedecore
1415 662 1746 735 iungerentur

134 760 357 825 alienis,
386 776 599 830 quanta
624 775 678 814 se
719 759 923 829 fuerant
960 767 1232 827 separatur.
1280 756 1522 826 Rogabat
1565 759 1743 827 itaque

133 850 411 906 Sanctum
439 850 673 914 Patrem,
704 862 763 904 ut
790 865 883 905 eas
907 849 1201 917 corriperet
1223 848 1416 901 litteris
1437 849 1566 914 suis,
1595 858 1649 903 et
1674 849 1743 903 ad

132 942 501 999 concordiam
529 949 829 997 revocaret.
858 941 1028 1007 Quam
1054 954 1175 993 cum
1200 938 1291 993 ille
1316 939 1566 994 subiisset
1604 954 1745 1008 pro-

128 1035 403 1098 vinciam,
436 1034 659 1105 ejusque
683 1045 827 1088 esset
856 1032 1095 1101 Epistula
1118 1031 1170 1084 in
1192 1030 1381 1101 vulgus
1405 1030 1567 1094 edita,
1593 1029 1743 1085 luere

126 1125 223 1192 qui
280 1124 474 1179 ﬁctam
518 1124 589 1179 ab
627 1122 722 1182 illo
766 1123 1049 1177 materiam
1078 1121 1341 1184 dicerent,
1372 1129 1432 1174 ut
1456 1120 1741 1174 Rhetorica

126 1216 570 1285 exaggeratione
603 1214 950 1270 declamaret.
997 1211 1189 1266 Narrat
1229 1210 1500 1278 objectnm
1546 1210 1598 1265 id
1640 1209 1743 1264 sibi

128 1308 244 1374 ipse
297 1306 478 1360 Libro
507 1304 706 1358 dudum
732 1303 951 1358 laudato
976 1312 1159 1357 contra
1194 1301 1550 1371 Vigilantiam,
1584 1315 1741 1369 quem

127 1395 386 1451 diximus
430 1410 572 1449 anno
600 1393 702 1449 406
730 1393 1125 1447 elucubratum.
1178 1390 1283 1454 Ne,
1317 1391 1509 1458 inquit,
1541 1406 1743 1443 rursum

128 1487 406 1556 malignus
453 1484 715 1552 lnterpres
760 1483 899 1536 dicat
943 1483 1113 1550 ﬁctam
1154 1497 1188 1534 a
1241 1496 1321 1534 me
1346 1481 1627 1545 materiam,
1660 1479 1743 1532 cui

130 1577 426 1630 Rhetorica
452 1574 823 1628 declamatione
849 1574 1179 1642 respondeam
1207 1589 1227 1626 :
1251 1574 1377 1625 sicut
1398 1573 1560 1637 illam,
1586 1587 1737 1639 quam

128 1667 324 1734 scripsi
376 1665 448 1717 ad
474 1663 673 1719 Callias
702 1662 889 1716 Matris
912 1673 960 1715 et
987 1663 1109 1728 ﬁlice
1135 1662 1264 1714 inter
1286 1677 1340 1715 se
1364 1660 1731 1713 discordantes.

129 1758 350 1825 Quibus
393 1757 525 1811 satis
569 1754 856 1809 manifesto
884 1752 1075 1817 innuit,
1104 1765 1291 1805 recens
1316 1750 1419 1804 hoc
1447 1751 1609 1803 fuisse
1635 1750 1731 1803 abs

128 1864 189 1903 se
237 1861 389 1918 opus
436 1845 753 1900 adornatum
800 1861 814 1897 :
862 1857 1035 1911 eoque
1080 1842 1248 1909 magis
1275 1841 1341 1906 si,
1368 1838 1508 1909 quod
1534 1838 1727 1893 eruditi

128 1940 345 2008 passim
376 1936 705 1999 existimant,
738 1934 994 2003 malignus
1037 1932 1285 1998 interpres
1326 1930 1414 1985 ille
1455 1945 1560 1983 non
1591 1929 1727 1983 alius

128 2037 215 2082 est
262 2042 297 2080 a
342 2026 577 2089 Rullino,
607 2024 697 2093 qui
725 2038 846 2077 cum
875 2021 1006 2075 nihil
1034 2022 1137 2076 tale
1162 2021 1215 2073 in
1244 2019 1395 2073 libris
1432 2018 1725 2073 Invectiva-

132 2135 256 2173 rum
286 2117 574 2187 objecerit,
610 2114 873 2185 putandus
898 2113 986 2176 sit,
1017 2113 1083 2166 de
1109 2127 1202 2166 ore
1232 2110 1569 2179 postmodum
1594 2110 1727 2162 blat-

131 2220 348 2266 terasse
391 2226 406 2263 :
450 2210 551 2264 hoc
592 2207 841 2261 videlicet
888 2216 1149 2274 tempore,
1178 2203 1291 2257 sive
1315 2217 1457 2255 anno
1479 2202 1606 2257 404.
1634 2208 1728 2254 aut

131 2301 467 2373 insequenti,
512 2300 597 2355 cui
628 2298 977 2368 scriptionem
1011 2296 1157 2350 illam
1184 2293 1476 2364 attigimus.

674 2430 897 2487 CAPUT
946 2426 1188 2483 XXXIV.

133 2546 174 2602 l.
214 2545 433 2602 Librum
462 2544 738 2613 Theophili
773 2552 951 2597 contra
991 2540 1238 2596 Sanctum
1276 2538 1530 2593 Joannem
1556 2537 1721 2610 Chry-

206 2649 492 2694 sostontum
523 2636 587 2689 de
613 2634 788 2689 (ἐι-ιεεο
812 2634 979 2687 uertit.
1011 2631 1075 2685 ll.
1108 2631 1290 2685 Condit
1318 2640 1363 2684 et
1394 2630 1717 2684 Commenta-

202 2728 311 2781 rios
340 2729 395 2780 in
426 2726 712 2796 Prophetas
738 2723 1042 2777 Zachariam
1066 2731 1113 2774 et
1139 2720 1451 2774 Malae/tiam
1482 2736 1501 2773 :
1533 2720 1717 2773 Oseam

148 2812 159 2821 ’
202 2832 402 2886 quoque
425 2855 440 2879 ,
466 2814 661 2868 lactent
705 2823 752 2867 et
792 2814 1058 2867 Amosum.
1101 2809 1187 2863 ΙΙΙ.
1221 2809 1407 2864 Scribit
1438 2820 1483 2862 et
1510 2806 1718 2862 Librum

202 2918 387 2961 contra
421 2905 777 2976 Vigilantiam.
803 2902 891 2958 iV.
920 2901 1051 2955 Tum
1092 2901 1161 2953 ad
1197 2899 1502 2953 Minervium
1527 2910 1575 2952 et
1597 2899 1715 2957 Ale-

202 2999 462 3053 xandrum
493 2998 555 3050 de
583 2995 744 3049 verbis
773 2993 1004 3065 Apostoli
1034 3034 1049 3057 ,
1086 2991 1285 3045 Omnes
1325 2989 1539 3059 quidem
1591 2989 1717 3042 dur-

200 3089 453 3154 miemus,
477 3098 573 3142 etc.
608 3084 674 3140 V.
711 3094 759 3138 et
788 3085 839 3137 in
856 3081 1121 3137 Danielem
1143 3080 1593 3135 Commentarium.
1627 3080 1711 3133 Vl.

202 3179 362 3249 Cujus
406 3178 672 3232 occasione
716 3175 1115 3229 criminationem
1164 3171 1514 3241 grauissimam
1559 3169 1711 3223 subit.

202 3270 318 3327 Vll.
357 3270 611 3341 Ejusdem
641 3268 708 3320 ad
736 3268 900 3320 uarios
943 3262 1211 3335 Epistolis.
1248 3259 1380 3315 Vlll.
1408 3259 1638 3329 Denique
1661 3270 1706 3314 et

198 3362 603 3420 Cammentarius
620 3362 672 3413 in
700 3358 917 3413 Isaiam.

198 3497 241 3552 1.
272 3494 512 3565 Epistola
544 3534 561 3561 ,
603 3506 725 3562 qua:
767 3503 1047 3545 numerum
1088 3486 1141 3541 in
1182 3484 1497 3541 recensione
1524 3492 1709 3540 nostra

132 3588 313 3647 CXIII.
340 3588 571 3650 obtinet,
605 3584 747 3655 quod
765 3586 946 3652 juncta
975 3582 1230 3635 hactenus
1256 3577 1413 3632 fuerit
1436 3592 1555 3631 cum
1583 3577 1713 3632 sub-

129 3688 382 3749 sequente
412 3679 468 3732 in
494 3691 660 3731 unum
683 3714 699 3739 ,
732 3674 984 3728 continua
1018 3668 1278 3725 orationis
1305 3668 1481 3733 serie,
1514 3666 1702 3721 lliero-

130 3772 496 3840 nymianorum
525 3780 747 3836 operum
784 3762 1091 3818 Editoribus
1122 3759 1295 3814 fraudi
1318 3759 1439 3823 luit,
1480 3758 1706 3828 ejusque

129 3860 430 3931 Scriptores
472 3857 611 3912 Viue
652 3865 1011 3911 transversum
1056 3850 1185 3921 egit.
1216 3849 1562 3919 Sejunximus
1608 3862 1705 3902 nos

130 3964 437 4009 contextum
464 3950 762 4019 utriusque,
795 3956 849 4001 et
878 3947 930 4000 in
959 3944 1090 3999 duas
1121 3942 1404 3996 tribuimus
1437 3957 1452 3993 :
1479 3954 1703 4009 quarum

129 4047 346 4101 alteram
378 4042 589 4113 potiore
615 4038 829 4110 quidem
858 4037 939 4091 sui
971 4044 1122 4106 parte
1151 4032 1484 4096 mulctatam,
1518 4030 1707 4085 Hiero-

130 4153 345 4210 nymum
382 4135 586 4190 habere
617 4133 967 4199 interpretem
994 4169 1011 4195 ,
1040 4128 1263 4181 alteram
1297 4165 1312 4189 ,
1341 4139 1458 4192 quze
1499 4124 1704 4192 integra

128 4232 232 4285 visa
276 4236 395 4292 est,
427 4224 673 4282 eumdem
713 4221 965 4291 prmierre
992 4226 1263 4273 auctorem
1291 4256 1306 4281 ,
1348 4212 1701 4268 ostendimus.

128 4320 209 4376 Illa
241 4323 424 4391 itaque
454 4316 740 4386 Theophili
772 4313 1010 4382 Epistola
1040 4320 1123 4366 est
1147 4350 1163 4378 ,
1205 4324 1362 4378 quam
1392 4322 1490 4361 suo
1517 4315 1703 4361 contra

126 4414 383 4467 Joannem
428 4408 876 4479 Chrysostomum
917 4403 1080 4457 Libro
1112 4402 1449 4470 prmlixerat,
1498 4398 1611 4451 sive
1637 4395 1702 4450 ad

126 4502 510 4571 Hieronymum
542 4511 646 4550 una
677 4494 984 4554 direxerat,
1019 4504 1213 4561 rogans
1241 4498 1298 4542 ut
1330 4487 1516 4541 Latine
1542 4486 1706 4540 inter-

128 4601 445 4661 prstaretur.
476 4588 543 4642 Et
569 4601 699 4642 sane
723 4586 1093 4652 interpretem.
1117 4595 1223 4634 non
1245 4587 1515 4632 auctorem
1545 4577 1705 4631 redo-

128 4691 193 4737 let
214 4692 323 4736 tota
349 4680 538 4735 dictati
563 4678 680 4747 ejus
718 4675 933 4731 tametsi
958 4672 1172 4742 exigui,
1196 4678 1464 4726 structura
1484 4710 1499 4734 ,
1530 4683 1704 4739 eoque

125 4774 285 4844 magis
312 4772 688 4843 propositum,
719 4783 827 4839 quo
862 4765 1119 4821 mrumnis
1156 4760 1489 4819 Sanctissimi
1529 4758 1702 4815 Patris

124 4861 494 4935 Chrysostomi
540 4861 608 4915 de
667 4859 806 4914 Sede
855 4853 1447 4922 Constantinopolitana
1511 4851 1705 4904 iterum

126 4953 414 5015 exturbati,
443 4952 652 5021 actique
680 4951 732 5004 in
763 4948 1007 5003 exsilium
1034 4987 1049 5012 ,
1079 4944 1323 5000 illuditur
1350 4982 1366 5006 ,
1400 4941 1702 5011 llagitiaque

128 5048 192 5100 illi
218 5057 271 5102 et
298 5042 520 5099 scelera
550 5041 798 5095 immania
840 5040 1193 5108 imputantur.
1243 5034 1313 5089 Ut
1340 5034 1481 5088 enim
1512 5033 1701 5087 Hiero-

130 5152 306 5208 nymus
338 5149 541 5206 passus
569 5134 638 5187 sit
658 5133 874 5186 demum
902 5129 1113 5186 exorari
1140 5143 1198 5182 se
1225 5130 1322 5181 abs
1350 5123 1649 5192 Theophilo
1682 5163 1698 5187 ,

132 5239 178 5282 ut
211 5227 496 5284 maledicta
545 5223 639 5277 illa
683 5224 735 5276 in
780 5220 1031 5275 Latinum
1082 5216 1438 5273 refunderet:
1484 5213 1703 5266 minime

135 5320 347 5374 omnium
398 5314 553 5372 credi
610 5322 824 5383 potest,
859 5310 925 5364 de
968 5324 1067 5363 suo
1115 5320 1350 5377 unquam
1393 5303 1591 5373 iecisse
1647 5302 1700 5354 in

136 5421 351 5467 sanctum
383 5407 724 5478 Episcopum
755 5442 770 5466 ,
803 5399 1145 5471 quantumvis
1174 5394 1316 5465 apud
1343 5408 1401 5447 se
1431 5391 1572 5445 male
1609 5406 1705 5443 au-

136 5499 226 5558 dire
250 5502 541 5573 potuisset.
594 5493 703 5550 Sed
735 5492 850 5547 hate
877 5506 974 5545 nos
1000 5490 1163 5544 latius
1204 5488 1256 5540 in
1304 5483 1458 5538 Notis
1488 5481 1553 5535 ad
1581 5495 1699 5534 eam

134 5592 395 5664 Epistulam
438 5585 760 5660 persequuti
807 5598 1011 5639 sumus.
1056 5580 1389 5649 Suhjnnctus
1430 5574 1552 5627 huic
1586 5580 1705 5627 erat

132 5663 220 5746 ipse
242 5684 649 5744 lnvectivarum
673 5675 859 5743 Liber,
895 5690 1051 5745 quem
1082 5672 1269 5727 Noswr
1296 5667 1486 5722 L'tliuc
1512 5663 1696 5719 itidem

1445 274 1505 332 S.
1547 274 1928 333 lllEllONYlll
1973 278 2157 335 VITA.

3335 292 3440 352 138

1866 390 2154 460 explicavit
2180 430 2196 455 ,
2236 400 2291 445 et
2328 388 2613 445 Facundus
2644 389 3040 454 Hermianeusis
3061 398 3155 457 lib.
3188 402 3273 457 Vl.
3308 419 3431 476 cap.

1853 480 1906 534 5.
1936 489 2093 534 vocat
2130 481 2412 536 innormem
2451 483 2669 553 librum,
2701 489 3017 544 contumeliis
3059 502 3104 546 et
3145 495 3428 552 maledictis

1851 570 1998 623 nimis
2025 570 2334 625 horribilem.
2392 572 2643 629 Sedenim
2676 576 2767 632 ille
2800 577 3005 646 jamdiu
3044 582 3169 637 olim
3210 586 3430 641 interci-

1847 660 1958 728 dit,
1991 678 2148 732 quam
2177 666 2500 733 promeritus
2528 678 2642 722 erat
2670 707 2687 734 ,
2735 667 2949 725 fortuna
2982 687 3107 726 usus
3141 691 3153 727 :
3187 676 3256 730 ita
3282 680 3423 734 enim

1851 760 1976 807 tunc
2002 755 2188 821 etiam,
2223 770 2385 825 quum
2406 766 2709 826 superaret,
2741 760 2887 815 limis
2912 801 2927 823 ,
2958 770 3015 816 ut
3038 762 3186 818 aiunt
3209 805 3225 831 ,
3257 768 3427 822 oculis

1848 853 2102 912 exceptus
2162 854 2284 911 est,
2312 856 2370 901 ut
2413 846 2696 903 Facundus
2722 890 2737 917 ,
2769 849 2910 919 quod
2957 867 3020 907 ex
3070 868 3137 907 eo
3185 855 3428 923 qumdam

1846 944 2112 989 memoret
2140 978 2153 1000 ,
2181 952 2249 991 ex
2275 939 2386 992 sola
2415 942 2711 995 necessitate
2753 953 2994 998 excuset.
3028 944 3137 1000 Nos
3182 948 3426 1004 eamdem

1846 1025 2055 1095 praelati
2096 1030 2303 1082 veniant
2332 1070 2348 1094 ,
2391 1030 2711 1099 Fragmenta
2741 1073 2757 1100 ,
2808 1050 2929 1104 qua:
2952 1035 3021 1090 ab
3046 1051 3112 1091 eo
3137 1038 3429 1095 recitantur

1846 1130 1911 1169 ex
1939 1115 2372 1187 Hieronymiana,
2402 1129 2458 1175 ut
2485 1130 2709 1176 testatur
2731 1163 2747 1188 ,
2782 1126 3035 1180 versione
3059 1126 3375 1198 collegimus
3408 1148 3423 1185 :

1845 1214 2041 1261 αιτιοι-ιι
2071 1207 2213 1262 haud
2241 1226 2383 1280 argre
2409 1210 2643 1268 ferentes
2668 1254 2683 1278 ,
2714 1214 2856 1284 quod
2899 1216 2993 1270 illo
3022 1215 3205 1274 Sancti
3250 1219 3424 1276 Patris

1846 1310 2010 1365 opere
2031 1311 2330 1354 careamus.
2375 1300 2589 1356 Utinam
2616 1318 2685 1359 ne
2716 1305 2791 1359 illi
2819 1322 3052 1379 unquam
3079 1309 3423 1368 elaborandm

1847 1388 2272 1458 interpretationi
2319 1409 2537 1449 manum
2588 1395 2918 1454 admovisset
2953 1416 2970 1458 :
3008 1402 3221 1458 tametsi
3268 1406 3414 1473 quod

1844 1482 2160 1551 elaboravit,
2195 1487 2327 1540 nihil
2356 1488 2407 1541 ei
2428 1489 2601 1558 culpa:
2634 1493 2917 1548 vertimus.

1911 1575 2093 1629 Altera
2121 1616 2136 1640 ,
2182 1577 2300 1632 sive
2322 1578 2508 1633 CXIV.
2535 1581 2702 1650 ipsius
2726 1593 2810 1638 est
2838 1585 3150 1658 Hieronymi
3179 1588 3417 1658 Epistola

1838 1660 1904 1714 ad
1933 1662 2314 1732 Theophilum,
2342 1683 2447 1738 qua
2477 1684 2633 1725 suum
2680 1672 2731 1726 ei
2775 1672 2995 1729 Librum
3036 1676 3229 1733 Latine
3275 1694 3410 1734 con-

1837 1765 2052 1806 versum
2082 1755 2345 1824 remittit,
2387 1758 2663 1827 multaque
2701 1772 2954 1817 causatur
2983 1765 3364 1834 impedimenta
3393 1808 3411 1832 ,

1832 1842 1974 1911 quod
2000 1844 2172 1899 serius
2201 1848 2271 1901 sit
2293 1849 2697 1918 interpretatus.
2732 1852 2881 1919 Quod
2910 1857 3106 1910 tardius
3132 1896 3149 1922 ,
3197 1858 3369 1927 inquit
3393 1900 3409 1926 ,

1830 1931 2139 1989 Beatitudini
2191 1947 2292 1991 tua:
2338 1937 2522 1995 Latino
2572 1957 2802 1995 sermone
2849 1946 3153 1999 translatum
3202 1946 3414 2003 Librunt

1832 2031 1972 2076 tuum
1993 2027 2315 2092 remitterent,
2343 2031 2500 2083 multa
2526 2030 2578 2083 in
2605 2034 2771 2085 medio
2791 2032 3148 2102 impedimenta
3165 2040 3411 2105 fecerunt:

1832 2112 2133 2168 Isaurorum
2182 2120 2445 2187 repentina
2493 2124 2725 2192 eruptio,
2778 2121 3037 2177 Platenicis
3086 2124 3415 2196 Caltlwteque

1830 2208 2036 2261 vastitas
2065 2248 2081 2273 ,
2109 2216 2270 2262 terror
2306 2207 2583 2264 Palestina:
2605 2251 2622 2273 ,
2660 2214 2915 2282 praecipue
2946 2212 3301 2284 Jerosolgmar.
3331 2217 3411 2270 Ad

1833 2299 1938 2353 lucc
1962 2301 2212 2370 asperitas
2240 2301 2433 2370 hyemis
2460 2343 2476 2366 ,
2514 2302 2674 2371 [ames
2715 2303 3046 2359 intolerabilis
3064 2345 3081 2371 ,
3106 2306 3248 2361 nobis
3273 2324 3410 2377 prte-

1828 2391 2025 2455 sertim,
2067 2392 2247 2460 quibus
2293 2393 2567 2446 multarunt
2612 2397 2831 2464 fratrum
2872 2410 2997 2448 cura
3040 2396 3277 2464 imposita
3313 2408 3405 2454 est.

1828 2481 1975 2536 Inter
1997 2499 2123 2552 quas
2149 2483 2464 2552 diﬂicultates
2492 2484 2772 2550 lucrativis,
2801 2495 2849 2539 et
2871 2496 2927 2539 ut
2956 2487 3027 2540 ita
3047 2488 3213 2541 dicam
3233 2528 3248 2551 ,
3285 2488 3403 2556 [ur-

1828 2575 1939 2628 ticis
1965 2591 2054 2644 per
2074 2586 2269 2629 noctem
2297 2576 2462 2644 operis
2485 2616 2501 2643 ,
2532 2577 2781 2631 crescebat
2807 2578 3152 2649 interpretatio
3174 2620 3189 2643 ,
3224 2590 3269 2635 et
3286 2583 3405 2651 jam

1824 2667 1878 2718 in
1906 2665 2160 2720 schedulis
2186 2666 2475 2731 tenebatur,
2504 2684 2661 2738 quant
2690 2668 2864 2722 diebus
2884 2679 3074 2724 sancta
3101 2670 3403 2742 Quadrage-

1821 2754 1996 2819 sinite,
2024 2755 2215 2824 scripta
2238 2756 2308 2809 ad
2338 2773 2521 2825 purum
2552 2758 2827 2813 collatione
2856 2769 3051 2813 tantum
3080 2761 3355 2831 indigerent
3383 2802 3399 2827 ,

1820 2847 2116 2915 gravissimo
2146 2847 2390 2917 languore
2416 2858 2675 2917 correptus
2698 2889 2713 2912 ,
2758 2858 2804 2901 et
2830 2850 3005 2901 mortis
3042 2850 3193 2902 limen
3229 2851 3400 2918 ingre-

1822 2935 1983 3000 diens,
2016 2935 2222 2990 Domini
2249 2937 2612 2998 misericordia,
2637 2946 2681 2989 et
2718 2938 2816 2989 tuis
2859 2938 3088 3005 precibus
3118 2948 3400 2991 reservatus

1818 3040 1950 3077 sum.
1978 3023 2101 3077 llmc
2124 3024 2278 3077 nobis
2298 3039 2498 3077 annum
2524 3025 2628 3078 406
2665 3024 2945 3092 designare
2965 3024 3090 3077 olim
3113 3025 3222 3079 visa
3238 3035 3399 3081 sunt:

1819 3112 2083 3183 siquidem
2128 3122 2182 3166 et
2224 3112 2529 3167 Isaurorum
2559 3114 2785 3182 irruptio
2814 3122 2869 3168 et
2901 3114 3197 3169 Palmstinm
3238 3118 3400 3171 vasti-

1820 3213 1901 3258 tas
1927 3218 1991 3258 eo
2018 3217 2161 3258 anno
2190 3204 2550 3273 contigerunt,
2575 3219 2707 3272 quas
2735 3218 3006 3259 mrumnas
3037 3204 3206 3261 fames
3234 3206 3397 3262 intol-

1819 3294 2056 3350 lerabilis
2085 3294 2367 3348 subsecuta
2405 3305 2507 3348 est.
2542 3294 2729 3349 lliems
2768 3311 2979 3364 quoque
3008 3296 3126 3363 ejus
3154 3296 3280 3351 anni
3314 3298 3397 3350 vi-

1816 3388 2063 3451 debatur,
2088 3400 2208 3455 qua:
2237 3385 2289 3438 in
2312 3384 2517 3454 aliquot
2533 3384 2644 3453 jam
2669 3386 2997 3439 exauctorati
3020 3385 3395 3457 Chrysostomi

1814 3478 2070 3549 Epistolis
2103 3476 2260 3531 solito
2308 3475 2553 3546 asperior
2587 3475 2805 3530 dicitur.
2846 3475 3043 3532 Verum
3075 3478 3216 3546 quod
3248 3479 3396 3535 addit

1813 3568 2045 3625 Sanctus
2074 3567 2253 3631 Pater,
2283 3580 2343 3621 se
2374 3566 2427 3619 in
2449 3566 2625 3620 diebus
2658 3567 3073 3638 Quadragesimte
3096 3570 3393 3639 gravissimo

1813 3662 2057 3731 languore
2093 3668 2381 3728 correptunt
2409 3675 2533 3728 pene
2560 3660 2736 3713 mortis
2774 3660 2926 3714 limen
2952 3661 3269 3731 ingressum,
3302 3665 3345 3717 si
3373 3704 3389 3727 ,

1812 3751 1953 3822 quod
2000 3758 2085 3805 est
2134 3749 2480 3812 verosimile,
2534 3748 2777 3802 eamdem
2810 3758 2959 3803 notat
3009 3754 3390 3819 a'grotationem

1810 3840 2179 3912 gravissimam,
2206 3853 2367 3908 quam
2398 3836 2716 3890 Praciatione
2742 3837 2897 3890 tertia
2920 3838 2972 3891 in
3000 3839 3166 3892 Amos
3189 3855 3391 3893 memo-

1810 3941 1913 3995 rat,
1942 3939 2000 3984 ut
2026 3930 2141 3983 lucc
2172 3929 2247 3984 illi
2277 3938 2429 3983 certo
2457 3926 2657 3980 certius
2683 3942 2826 3979 anno
2856 3925 3041 3980 incidit
3065 3927 3191 3993 406,
3224 3928 3295 3982 ita
3325 3944 3392 3983 eo

1808 4022 1912 4076 erit
1942 4017 2201 4088 temporis
2238 4017 2609 4087 interpretatio
2648 4016 2739 4071 illa
2780 4025 2940 4086 atque
2982 4016 3216 4087 Epistula
3244 4016 3391 4073 rele-

1808 4111 1993 4167 renda.
2764 4178 2771 4181 μ
2844 4094 2855 4101 ’
3223 4137 3226 4141 ~
3376 4159 3384 4166 .

1888 4202 1953 4257 ll.
1980 4201 2107 4257 Utat
2132 4214 2263 4256 vero
2276 4200 2523 4255 habuerit
2541 4214 2601 4254 se
2622 4212 2731 4264 res,
2749 4198 2850 4254 hoc
2871 4208 3018 4256 certe
3038 4214 3179 4256 anno
3193 4201 3383 4257 Hiero-

1812 4308 2005 4365 nymus
2034 4294 2270 4365 quinque
2299 4291 2366 4345 de
2394 4290 2694 4345 minoribus
2722 4291 3005 4360 Prophetis
3027 4333 3043 4358 ,
3074 4294 3164 4362 qni
3196 4294 3383 4364 reliqui

1810 4384 1912 4439 sibi
1939 4392 2093 4439 erant
2117 4380 2456 4451 explanandi,
2481 4380 2795 4436 Zachariam
2814 4391 2959 4451 puta,
2980 4392 3034 4437 et
3053 4383 3387 4452 Halaeltiam,

1812 4483 1919 4529 tum
1957 4474 2093 4529 alios
2136 4482 2245 4527 tres
2286 4480 2406 4543 post
2440 4469 2654 4542 aliquod
2700 4472 2956 4542 temporis
2998 4472 3339 4528 intervallum
3368 4490 3405 4541 ,‘

1809 4566 2025 4630 Oscam,
2073 4565 2275 4621 Joelem
2306 4574 2362 4619 et
2395 4566 2653 4619 Amosum
2694 4561 3113 4620 Commentariis
3150 4565 3387 4621 illustra-

1809 4661 1906 4713 vit.
1949 4657 2197 4712 Testatur
2247 4656 2299 4710 id
2340 4670 2535 4727 nempe
2573 4656 2689 4726 ipse
2731 4655 3172 4713 luculentissimis
3210 4656 3390 4712 verbis

1809 4749 2009 4805 dudum
2060 4748 2269 4828 laudata
2309 4748 2633 4805 Praelatione
2661 4748 2716 4802 in
2745 4749 3005 4804 Amosum
3028 4748 3205 4801 tertia.
3239 4745 3389 4800 Prat-

1808 4841 1957 4906 seuti,
1988 4840 2181 4911 inquit,
2212 4855 2347 4894 anno
2375 4839 2461 4907 qui
2486 4842 2615 4893 serti
2644 4838 2947 4893 Consulatus
2974 4836 3185 4889 Arcadii
3208 4834 3392 4903 Auget.

1808 4932 1872 4985 sti
1910 4941 1957 4985 et
1985 4930 2140 4985 Anitii
2161 4929 2324 4984 Probi
2360 4930 2506 4997 fastis
2531 4944 2710 4982 nomen
2736 4928 2977 4997 imposuit
3006 4926 3024 4991 (
3047 4926 3230 4994 utique
3260 4925 3389 4991 ‘06,

1808 5032 1867 5077 ut
1889 5021 2211 5076 Consulares
2240 5018 2421 5083 Fasti,
2447 5028 2736 5085 veteraque
2768 5022 3109 5069 monumenta
3132 5013 3234 5068 alia
3258 5029 3387 5083 pro-

1808 5113 1961 5183 dunt)
2005 5110 2289 5181 Exusperio
2332 5108 2601 5163 Tolosnna:
2630 5107 2875 5160 Ecclesia:
2915 5106 3153 5173 Pontiﬁci
3178 5105 3388 5161 Zaclta.

1807 5204 1957 5264 riam,
1987 5210 2032 5253 et
2054 5200 2277 5266 ejusdem
2306 5196 2441 5249 urbis
2470 5195 2717 5250 Minervio
2746 5204 2792 5246 et
2818 5193 3109 5248 Alexandro
3130 5195 3390 5250 monachis

1811 5289 2125 5347 Malacltiam
2176 5288 2491 5354 Prop/letam
2533 5285 2892 5351 interpretatus
2935 5300 3065 5338 sum.
3108 5283 3395 5353 Statimque

1809 5398 2067 5440 recurrens
2109 5380 2177 5434 ad
2225 5378 2529 5449 principium
2577 5376 2882 5441 uoluminis,
2917 5374 3045 5429 Osee
3092 5385 3140 5430 et
3187 5373 3307 5430 Joel
3343 5386 3397 5431 et

1809 5478 1963 5531 Amos
1992 5474 2079 5528 tibi
2106 5468 2465 5543 (Pammaclti)
2500 5483 2686 5539 negare
2716 5484 2817 5522 non
2846 5469 3005 5539 potui.
3043 5467 3108 5522 Et
3129 5478 3243 5539 post
3270 5485 3391 5539 gra-

1809 5570 2062 5625 vissimam
2114 5562 2341 5634 corporis
2394 5562 2770 5633 azgrotationem
2796 5602 2811 5626 ,
2859 5562 3087 5616 dictandi
3145 5562 3395 5616 celeritate

1815 5659 2006 5716 ostendi
2036 5657 2359 5713 temeritatem
2399 5668 2559 5708 meam
2585 5668 2600 5709 ὲ
2629 5662 2682 5707 ut
2716 5654 2852 5720 quod
2884 5654 2971 5707 alit
2992 5694 3007 5719 ,
3054 5654 3223 5709 stilum
3260 5668 3395 5722 sape
