4050 6188
599 248 703 320 t3’9
1740 334 1743 337 _

596 372 834 429 vertendo
853 414 869 438 ,
894 388 992 425 non
1017 369 1201 423 audent
1229 363 1471 428 scribere,
1494 374 1585 430 ego
1611 366 1970 411 committerem
1999 355 2140 408 casui
2161 394 2177 420 ,

598 467 685 537 qui
712 480 907 534 semper
932 462 1174 516 dictantes
1200 456 1422 526 sequitur
1443 494 1458 518 ,
1496 463 1541 506 et
1567 451 1630 506 de
1670 451 1871 522 ingenio
1906 458 2057 519 atque
2085 446 2181 501 do-

599 543 778 610 ctrina:
803 553 1030 607 audacite
1054 548 1333 618 periculum
1360 547 1480 618 facit
1501 545 1771 615 :quoniam
1792 551 1847 596 ut
1867 556 2000 611 sape
2026 548 2180 595 testa-

583 639 681 730 μὴ
731 660 841 698 sum
884 640 1107 695 laborem
1160 639 1368 709 propria
1411 635 1664 691 scribendi
1709 649 1865 688 manu
1902 636 2036 704 ferre
2082 647 2183 685 non

599 724 761 788 ualeo.

667 825 757 880 ΙΙΙ.
798 823 1174 895 Interpellatns
1212 830 1391 876 autem
1439 818 1527 874 hic
1567 818 1719 873 labor
1763 820 1849 872 est
1887 815 2034 871 brevi
2076 813 2183 867 alio

595 908 781 973 contra
810 910 1152 985 Vigilantiam
1181 910 1366 972 Libro,
1395 924 1554 979 quem
1585 908 1765 963 statim
1798 905 1866 961 ab
1895 905 2181 974 cxplanato

597 1009 877 1073 Malaehia,
910 1015 960 1059 et
990 1012 1272 1073 antequam
1298 1000 1363 1055 ad
1385 999 1578 1055 Oscam
1610 1004 1920 1053 recurreret
1940 1037 1954 1059 ,
1986 995 2045 1050 S.
2075 994 2178 1048 Pa-

598 1114 677 1158 ter
725 1098 1078 1155 elucubravit.
1122 1094 1399 1149 lnnuimus
1440 1091 1596 1162 paulo
1637 1098 1796 1154 ante,
1828 1102 1986 1159 quam
2021 1086 2181 1139 homo

596 1182 691 1246 ille
732 1189 1092 1254 lueresim,et
1130 1182 1325 1255 quibus
1366 1183 1418 1236 lu
1456 1181 1589 1237 locis
1633 1186 1855 1233 sereret.
1901 1176 1958 1230 In
2008 1172 2180 1230 Callia

598 1259 791 1351 nempe
811 1320 826 1345 ,
857 1295 923 1335 ex
950 1294 1011 1334 ea
1042 1277 1187 1332 enim
1214 1284 1331 1329 erat
1359 1275 1472 1344 ipse
1496 1271 1703 1326 natione
1730 1310 1746 1334 ,
1785 1278 1842 1322 ut
1870 1266 2182 1324 Gennadius

597 1371 760 1426 tradit
783 1388 797 1426 :
820 1379 874 1425 et
902 1368 1115 1438 proprie
1145 1355 1566 1434 Calagurritanus
1591 1402 1605 1425 ,
1642 1360 1755 1413 sive
1784 1371 1851 1412 ex
1876 1354 2180 1425 Calagurris

596 1463 715 1516 vico
752 1475 916 1530 prope
940 1456 1310 1512 Couvcnarum
1336 1452 1522 1509 urbem
1544 1493 1559 1516 ,
1590 1451 1643 1506 in
1676 1449 1931 1505 inferiore
1956 1446 2181 1516 Aquita-

598 1538 687 1606 nia
732 1549 798 1604 ad
847 1549 1052 1604 radices
1092 1545 1357 1618 Pyrenaei.
1401 1542 1476 1598 lbi
1517 1540 1926 1602 ct'Ecclesiam,
1956 1544 2014 1592 ut
2040 1536 2181 1591 idem

599 1631 908 1697 Gennadius
953 1637 1161 1702 refert,
1192 1635 1450 1706 parochias
1498 1633 1652 1686 tenuit
1679 1646 1700 1695 ,-
1729 1644 1849 1700 qua:
1887 1642 2007 1683 cum
2039 1633 2184 1682 esset

599 1739 905 1785 sanctorum
929 1726 1369 1797 Presbyterorum
1396 1718 1596 1791 liiparii
1625 1734 1689 1775 ac
1712 1718 1972 1774 Desiderii
2001 1732 2181 1788 parte-

599 1820 698 1873 ciis
724 1813 1076 1876 contermina,
1106 1813 1261 1868 valde
1285 1812 1336 1866 hi
1358 1812 1459 1867 sibi
1489 1811 1556 1866 ab
1590 1809 1710 1880 ejus
1744 1809 1937 1864 vicinia
1972 1817 2175 1862 metue-

600 1908 748 1964 bant.
781 1907 912 1973 Nam
939 1914 994 1960 et
1024 1896 1361 1974 Episcopus,
1391 1901 1491 1957 sub
1519 1901 1672 1970 cujus
1702 1900 1790 1954 ille
1825 1899 2027 1953 ditione
2051 1910 2180 1966 age-

598 1999 721 2056 bat.
745 1996 1061 2067 acquiescere
1086 1993 1249 2062 furori
1284 1993 1394 2063 ejus
1422 1992 1567 2047 visus
1594 1997 1677 2046 est
1699 2031 1715 2053 ,
1748 1988 1876 2043 dum
1906 1986 2180 2055 corripere

596 2103 824 2143 vesanos
850 2092 1023 2141 motus
1048 2093 1140 2139 aut
1167 2084 1463 2153 negligeret
1484 2123 1499 2147 ,
1528 2091 1617 2136 aut
1651 2095 1756 2135 non
1780 2079 2022 2134 auderet.
2055 2078 2178 2132 Hae-

595 2192 778 2234 rcSeos
809 2176 922 2230 haec
942 2185 1090 2230 erant
1117 2176 1289 2244 capita
1319 2192 1334 2228 :
1361 2172 1599 2230 Primum
1620 2187 1726 2226 non
1748 2186 1867 2226 esse
1894 2181 2176 2240 martyres,

595 2282 768 2338 neque
814 2282 997 2321 eorum
1030 2265 1282 2335 reliquias
1323 2264 1676 2330 venerandas,
1707 2278 1810 2316 non
1855 2260 2176 2331 vigilandum

595 2357 662 2410 ad
706 2371 888 2410 eorum
921 2356 1165 2424 sepulcra
1207 2356 1258 2408 in
1298 2353 1541 2409 ecclesiis
1572 2394 1586 2415 ,
1618 2352 1794 2407 nullos
1836 2352 1901 2405 iis
1943 2350 2177 2404 honores

595 2443 932 2499 deferendos.
960 2444 1098 2499 Tum
1129 2444 1347 2498 minime
1372 2443 1609 2511 adjuvari
1642 2459 1739 2496 nos
1769 2441 2012 2512 precibus
2038 2443 2177 2496 San-

600 2538 848 2600 ctorum,
885 2549 1021 2603 quos
1060 2544 1259 2587 nostra:
1295 2534 1641 2587 necessitates
1678 2532 1809 2586 nihil
1842 2540 2096 2602 tangant,
2125 2539 2180 2584 et

595 2639 822 2693 quorum
869 2624 1016 2694 signa
1063 2623 1351 2678 incredulis
1395 2623 1669 2677 dumtaxit
1722 2623 1945 2692 prosint.
1996 2621 2177 2675 Tertio

597 2716 855 2771 Ecelesiw
869 2717 1125 2787 quasdam
1140 2716 1492 2778 ceremonias,
1519 2728 1675 2785 atque
1703 2716 1844 2768 illam
1861 2714 2177 2782 cumprimis

593 2822 784 2862 cereos
804 2806 1035 2861 interdiu
1059 2806 1386 2862 accendendi
1410 2849 1421 2871 ,
1454 2821 1710 2876 paganum
1735 2796 2172 2875 superstitionem

593 2896 859 2962 redolere,
887 2911 986 2951 nec
1015 2897 1235 2951 Alleluia
1259 2896 1580 2951 cantandum
1611 2896 1709 2950 nisi
1740 2897 1790 2949 in
1816 2895 2038 2950 Pascha.
2068 2894 2176 2950 Sed

593 3002 766 3056 neque
805 2987 1198 3041 abdicationem
1238 3002 1267 3041 a
1319 2986 1500 3041 sreculi
1548 2987 1707 3040 rebus
1752 2999 1873 3040 esse
1911 2985 1963 3040 in
2005 2985 2176 3040 laudis

593 3074 776 3148 parte;
802 3078 929 3148 quin
957 3081 1129 3149 potius
1153 3078 1530 3134 Monachorum
1557 3080 1928 3147 paupertatem
1957 3091 2020 3131 ac
2048 3076 2171 3130 Soli-

592 3168 854 3234 tudinem,
887 3169 1146 3223 desidiam
1169 3185 1230 3222 ac
1256 3178 1461 3240 turpem
1493 3164 1668 3237 fugam
1698 3167 1887 3222 videri.
1921 3168 2171 3221 Eieemo-

592 3272 752 3331 synas
792 3274 1003 3328 quoque
1053 3259 1461 3329 improbandas,
1509 3273 1630 3329 quae
1676 3258 2064 3329 Jcrosolymam
2117 3258 2171 3312 in

594 3334 911 3404 Sanctorum
970 3348 1217 3416 suffragia
1272 3349 1415 3402 mitti
1464 3357 1875 3403 consueverant.
1928 3349 2171 3418 Denique

594 3440 832 3494 Clericos
852 3440 1073 3493 minime
1099 3438 1337 3491 omnium
1365 3437 1562 3492 debere
1587 3452 1708 3493 esse
1732 3437 1966 3502 caelibes,
1988 3448 2043 3492 et
2075 3453 2173 3492 nc-

595 3529 724 3583 mini
754 3528 899 3583 credi
923 3529 1121 3583 debere
1149 3528 1446 3583 castitatem
1470 3545 1484 3581 :
1509 3527 1683 3582 nullos
1704 3527 1916 3582 eteiibes
1935 3529 2173 3584 ordinari

594 3630 772 3687 posse.
811 3616 934 3673 Haec
967 3616 1261 3672 blaterabat
1303 3619 1463 3672 homo
1500 3631 1565 3672 ex
1612 3617 1734 3672 vitae
1762 3618 1889 3672 olim
1930 3618 2174 3673 instituto

593 3720 887 3777 cauponam
930 3720 1236 3762 exercens:
1267 3722 1386 3777 quas
1423 3706 1637 3777 scriptis
1674 3706 1870 3773 etiam,
1916 3714 1975 3762 ut
2013 3708 2173 3763 latius

592 3797 797 3854 venena
844 3809 1161 3868 serperent,
1195 3799 1551 3869 eousiguavit.
1600 3797 1811 3852 iamdiu
1856 3807 2035 3853 autem
2080 3798 2171 3853 illa

593 3886 950 3960 Hieronymus
980 3887 1325 3958 exspectabat
1357 3906 1372 3942 :
1403 3889 1729 3958 qum'statim
1756 3896 1916 3956 atque
1941 3891 2167 3961 accepit,

591 3982 899 4039 Sanctorum
930 3978 1367 4050 Presbyterorum,
1386 3978 1587 4048 Riparii
1601 3994 1662 4033 ac
1678 3978 1936 4034 Desiderii
1964 3991 2166 4052 rogatu,

590 4090 687 4145 per
709 4082 886 4143 partes
905 4074 1212 4139 confutavit,
1238 4073 1683 4143 quemadmodum
1712 4075 2070 4144 prmstiturnm
2086 4089 2168 4139 se,

590 4162 695 4221 illis
741 4177 865 4220 ante
906 4165 1181 4220 biennium
1222 4173 1520 4234 receperat.
1556 4164 1854 4220 Exsecutus
1882 4175 2166 4221 astantem

590 4255 847 4325 singulari
872 4253 1070 4320 libello,
1098 4270 1258 4325 quem
1284 4257 1437 4310 unius
1456 4256 1615 4311 noctis
1638 4256 1980 4311 lucubratione
2002 4256 2167 4310 dicta-

591 4343 678 4405 vit,
704 4346 974 4413 festinante
994 4344 1267 4398 admodum
1287 4349 1445 4415 fratre
1468 4344 1721 4411 Sisinnio,
1747 4347 1900 4416 cujus
1922 4347 1991 4401 ab
2018 4345 2171 4401 Jcro-

591 4432 811 4502 solymis
849 4434 902 4485 in
944 4432 1236 4505 Egyplum
1264 4437 1641 4505 properantis,
1682 4445 1844 4507 atque
1881 4439 2073 4493 exinde
2115 4441 2166 4493 in

590 4519 790 4575 Gallias
834 4523 1184 4591 regredientis
1229 4524 1678 4592 opportunitatem
1734 4540 1802 4580 eo
1857 4526 2168 4582 deserenda:

588 4610 892 4679 scriptionis
912 4625 1023 4665 suae
1040 4611 1257 4666 minime
1276 4613 1427 4667 duxit
1448 4616 1977 4682 pra'termittendam.
2002 4616 2171 4670 Porro

587 4694 855 4756 Sisinnius
876 4702 1017 4757 idem
1045 4700 1134 4757 ille
1162 4688 1266 4781 est,
1302 4704 1388 4757 cui
1436 4698 1673 4760 Sanctus
1695 4704 1850 4759 Pater
1866 4705 2163 4761 .Commen-

589 4795 756 4849 tarios
794 4796 848 4849 in
882 4782 1209 4871 'Zaéhariam
1259 4795 1555 4864 Exsuperio
1594 4795 1864 4850 Tolosano
1903 4796 2167 4868 Episcopo

588 4878 889 4943 reddendos
915 4870 1100 4954 dedii',
1130 4893 1185 4941 ct
1210 4886 1361 4957 cujus
1388 4887 1571 4942 itidem
1602 4888 1973 4959 festinationem
1997 4905 2165 4945 recer-

587 4979 693 5033 suri
722 4980 778 5032 in
806 4977 1128 5034 Prtefatione
1174 4988 1445 5033 causatur.
1476 4979 1585 5034 Hos
1610 4993 1789 5035 autem
1815 4979 2161 5036 Commenta-

589 5069 701 5121 rios
727 5083 886 5137 quum
915 5070 1027 5138 ipse
1054 5084 1113 5124 se
1138 5069 1299 5137 dicit,
1324 5077 1381 5125 ut
1406 5070 1607 5125 dudum
1634 5072 1998 5137 ostendimus,
2026 5087 2169 5127 anno

590 5159 695 5215 406
732 5159 1105 5227 elucubrasse,
1136 5171 1298 5232 atque
1341 5178 1410 5218 eo
1438 5164 1652 5234 quidem
1691 5164 1906 5218 ineunte
1932 5206 1947 5230 ,
1975 5180 2165 5234 quem-

591 5248 879 5325 admodum
909 5250 1026 5303 aliis
1057 5254 1320 5306 rationum
1344 5254 1629 5308 momentis
1658 5269 1723 5308 ex
1746 5254 1937 5309 eadem
1962 5254 2157 5309 Praefa-

591 5338 736 5393 tione
785 5340 875 5391 illa
905 5342 1239 5411 colligimus,
1280 5344 1663 5416 consequitur,
1710 5355 1768 5399 ut
1816 5345 1905 5401 hic
1952 5361 2167 5416 quoque

588 5426 753 5481 Liber
781 5435 969 5479 contra
998 5429 1341 5500 Vigilantinm
1378 5436 1445 5491 ad
1472 5437 1714 5492 eamdem
1740 5438 1865 5492 anni
1896 5438 2013 5508 ejus
2044 5454 2167 5507 par-

587 5525 696 5570 tem
729 5515 802 5567 sit
830 5515 1163 5575 referendus.
1202 5522 1309 5579 Sed
1350 5534 1405 5581 et
1442 5527 1572 5581 illud
1612 5528 1752 5596 quod
1791 5544 1952 5599 supra
1989 5532 2167 5601 attigi-

582 5620 706 5661 mus
738 5604 795 5658 in
829 5609 1134 5665 recensione
1163 5613 1410 5681 Epistolas
1439 5618 1503 5672 ad
1531 5617 1800 5684 Riparium
1831 5621 1964 5675 hanc
1995 5620 2165 5690 ipsam

1875 248 1931 301 S.
1974 243 2036 299 ill
2048 241 2348 299 ERONYMI
2404 241 2588 299 VlTAs

3770 250 3877 316 illo

2292 352 2549 425 temporis
2579 347 2908 411 notationem
2930 363 3131 423 proatt.
3150 355 3399 411 Testatur
3421 358 3616 429 quippe
3637 359 3875 421 Sanctus

2288 445 2403 515 ipse
2431 447 2665 512 Auctor,
2697 462 2764 503 ex
2789 460 2896 518 quo
2930 457 3175 519 tempore
3206 449 3501 519 Epistolam
3531 451 3678 507 illam
3706 454 3772 509 de
3797 457 3878 509 vi-

2287 536 2429 607 giliis
2456 547 2506 592 et
2532 540 2993 606 pernoctationibus
3020 542 3073 595 in
3101 540 3343 597 Basilicis
3373 541 3661 614 Martyrum
3680 545 3833 602 dedit
3858 589 3876 616 ,

2287 626 2353 681 ad
2381 626 2520 682 hunc
2539 628 2647 683 abs
2667 642 2727 683 se
2750 630 3109 701 conscriptum
3138 632 3376 687 libellum
3407 632 3578 690 ferme
3596 636 3878 694 biennium

2288 716 2582 772 effluxisse.
2636 718 2710 774 Ea
2758 734 2886 774 vero
2928 736 3071 776 anno
3116 721 3644 795 quadringentesimo
3682 738 3880 798 quarto

2289 805 2428 860 haud
2457 808 2620 863 dubie
2644 809 2915 880 adfigitur.

2359 895 2447 952 IV.-
2478 898 2581 952 Per
2607 899 2746 954 idem
2775 909 3005 971 tempus,
3037 901 3223 958 eadem
3257 913 3403 960 certe
3429 905 3757 965 diseedentis
3785 909 3879 966 Si-

2288 984 2446 1038 sinnii
2478 990 2907 1057 opportunitate,
2933 992 2999 1045 ad
3032 996 3335 1062 propositas
3361 996 3461 1052 sibi
3490 1003 3827 1066 quaestiones
3846 1018 3878 1057 a

2286 1074 2542 1131 Minervio
2578 1086 2741 1148 atque
2778 1079 3087 1136 Alexandro
3115 1082 3423 1152 Bonaebis,
3456 1085 3699 1144 Sanctus-
3713 1090 3880 1147 Pater

2286 1168 2583 1236 respondit.
2620 1170 2951 1242 Quamquam
2996 1189 3101 1228 non
3146 1191 3340 1231 omnes
3388 1188 3515 1234 tunc
3552 1182 3748 1248 solvit,
3777 1184 3877 1239 sed

2287 1259 2498 1325 proprie
2524 1259 2667 1313 illam
2695 1261 2763 1315 de
2790 1263 2969 1317 verbis
2995 1265 3259 1334 Apostoli,
3290 1266 3479 1321 Omnes
3516 1271 3719 1339 quidem
3745 1273 3876 1327 dor-

2284 1346 2516 1412 mienms,
2553 1360 2655 1402 etc.
2687 1351 2763 1418 (I.
2794 1350 2913 1409 Cor.
2949 1354 3033 1415 15,
3067 1353 3145 1424 5),
3172 1371 3291 1425 qua:
3315 1365 3372 1411 et
3402 1343 3760 1415 casteris'visa
3790 1372 3877 1417 est

2286 1437 2538 1491 omnibus
2562 1440 2795 1509 gravior,
2824 1451 2880 1496 et
2908 1443 3112 1513 majore
3142 1460 3262 1499 cum
3290 1448 3469 1502 studio
3493 1452 3738 1519 proponi.
3768 1451 3875 1508 Re-

2287 1528 2442 1597 liquis
2470 1543 2568 1584 cur
2592 1545 2711 1594 non,
2729 1532 3096 1600 satisfaceret,
3128 1547 3381 1591 causatur
3424 1542 3701 1609 angustias
3727 1552 3871 1597 tem-

2286 1621 2433 1688 poris
2455 1661 2470 1685 ,
2501 1632 2555 1676 et
2582 1624 2809 1678 aliarum
2839 1641 2958 1695 quae
2986 1628 3083 1682 abs
3124 1642 3184 1685 se
3214 1646 3319 1684 uno
3351 1640 3595 1702 tempore
3621 1638 3871 1693 certatim

2286 1712 2679 1780 repetebantur,
2708 1716 3056 1787 scriptionum
3088 1729 3141 1774 et
3171 1720 3467 1776 litterarum
3490 1723 3596 1779 vim
3625 1727 3867 1783 nimiam.

2283 1800 2388 1857 Sed
2419 1818 2529 1857 rem
2562 1815 2777 1874 praestat
2805 1809 2873 1863 ab
2901 1810 3016 1880 ipso
3043 1811 3231 1867 audire
3259 1816 3534 1880 conceptis
3566 1817 3770 1885 verbis,
3802 1835 3867 1875 ex

2283 1895 2476 1963 quibits
2502 1896 2614 1964 ipsa
2639 1899 2820 1964 etiam,
2847 1916 3005 1969 quam
3033 1902 3286 1969 diximus,
3309 1905 3562 1975 Epistula:
3591 1909 3711 1979 ejus
3736 1921 3870 1967 tetas

2284 1983 2479 2039 elucet.
2511 1984 2578 2039 In
2609 1988 2738 2056 ipso,
2769 1988 2959 2059 inquit,
2978 1993 3094 2062 jam
3118 1996 3443 2066 profectionis
3467 1998 3681 2055 articqu
3706 2005 3870 2055 sancti

2282 2074 2457 2141 fratris
2485 2075 2644 2128 nostri
2674 2076 2872 2143 Sisinii,
2902 2081 2988 2150 qui
3028 2091 3191 2136 vestra
3224 2084 3348 2138 mihi
3374 2086 3568 2157 scripta
3596 2089 3865 2158 detulerat,

2282 2164 2391 2215 lucc
2418 2164 2800 2236 qualiacumque
2823 2180 2962 2236 sunt,
2991 2172 3184 2226 dictare
3205 2176 3486 2243 compellor
3504 2195 3522 2231 :
3543 2195 3633 2233 nec
3663 2196 3871 2250 possunt

2281 2263 2495 2305 uestram
2523 2254 2687 2309 celare
2710 2258 3055 2327 prudentiam,
3093 2263 3182 2316 sed
3209 2266 3434 2332 obsecro,
3462 2284 3527 2321 ne
3554 2269 3647 2322 hoc
3678 2271 3869 2325 dictum
3912 2320 3917 2325 .

2280 2341 2512 2411 referatis
2537 2344 2607 2397 ad
2628 2346 2882 2415 gloriam,
2910 2351 3031 2419 quin
3060 2354 3227 2421 potius
3255 2355 3325 2408 ad
3354 2357 3555 2425 plenam
3585 2362 3866 2414 necessitu-

2280 2431 2483 2500 dinem,
2515 2435 2635 2489 dum
2665 2437 2738 2491 ita
2764 2439 2901 2493 vobis
2939 2442 3086 2510 quasi
3127 2444 3253 2497 milii
3291 2445 3486 2514 loquor.
3528 2449 3720 2505 Multas
3747 2468 3869 2507 san-

2280 2531 2474 2577 ctorum
2498 2529 2717 2595 fratrum
2753 2545 2815 2582 ac
2849 2542 3078 2585 sororum
3103 2533 3167 2587 de
3190 2544 3352 2589 vestra
3389 2539 3649 2605 provincia
3686 2543 3756 2596 ad
3784 2556 3869 2597 me

2281 2610 2456 2666 detulit
2485 2617 2806 2685 qutestiones,
2834 2620 2902 2672 ad
2928 2636 3052 2691 quas
3083 2638 3239 2690 usque
3271 2626 3340 2678 ad
3367 2626 3498 2679 dicat
3535 2627 3866 2700 Epiphaniae

2279 2720 2393 2757 rum
2420 2704 2707 2776 largissimo
2732 2712 2898 2782 spatio
2926 2728 3007 2766 me
3029 2728 3388 2782 responsurum
3417 2719 3675 2787 putabam.
3706 2721 3868 2776 Cum-

2279 2810 2375 2862 que
2400 2797 2600 2867 furtivis
2628 2801 2850 2854 noctium
2876 2802 3332 2860 lucubratiunculis
3366 2808 3434 2860 ad
3473 2810 3743 2881 plerasque
3780 2814 3866 2867 di-

2279 2894 2465 2938 ctarem
2501 2901 2520 2939 :
2560 2896 2607 2941 et
2651 2890 2862 2959 expletis
2905 2893 3023 2947 aliis
3045 2935 3061 2960 ,
3108 2910 3188 2948 me
3235 2898 3304 2948 ad
3348 2910 3562 2953 uestram
3608 2905 3757 2971 quasi
3799 2907 3868 2959 ad

2277 2975 2626 3046 diﬁcillimam
2654 2997 2989 3049 reservarem,
3021 2986 3184 3041 subito
3210 2991 3524 3058 supervenit,
3554 3008 3791 3050 asserens
3813 3014 3869 3051 se

2277 3064 2417 3119 illico
2453 3070 2821 3140 profecturum.
2862 3073 3091 3142 Cumque
3128 3093 3244 3130 aurs
3279 3088 3510 3148 rogarem
3538 3090 3601 3135 sit
3634 3082 3866 3150 dilucet

2277 3157 2389 3224 iter,
2416 3158 2589 3230 Libym
2607 3161 2731 3216 mihi
2754 3165 2902 3232 ctzpit
2924 3166 3109 3235 famem
3132 3168 3416 3235 obtendere,
3441 3175 3873 3230 monasteriorum

2278 3246 2499 3319 Egypti
2528 3252 2871 3319 necessitates,
2898 3250 3010 3309 Nili
3039 3273 3140 3311 non
3177 3258 3350 3327 plenas
3377 3274 3553 3328 aquas,
3585 3249 3867 3322 multorum

2277 3338 2520 3405 inediam,
2549 3351 2602 3394 ut
2628 3358 2785 3412 prolie
2810 3343 3006 3411 offensa
3033 3358 3157 3401 esset
3182 3349 3236 3402 in
3263 3348 3537 3406 Dominum
3558 3354 3706 3410 illum
3726 3360 3865 3413 ultra

2277 3428 2404 3484 velle
2431 3432 2661 3487 retinere.
2695 3433 2721 3486 Ι
2729 3444 2877 3509 taque
2903 3439 3192 3509 subtegmea
3218 3451 3265 3495 et
3299 3444 3538 3510 stamina,
3572 3448 3789 3515 liciaque
3814 3460 3864 3504 et

2278 3520 2402 3572 telas
2421 3560 2437 3586 ,
2468 3536 2581 3590 qua:
2609 3523 2733 3575 milti
2757 3524 2826 3576 ad
2854 3537 3068 3581 vestram
3107 3531 3326 3584 tunicam
3370 3549 3695 3602 paraveram,
3724 3540 3863 3594 vobis

2276 3609 2557 3681 inconfecta
2593 3617 2870 3682 transmisi,
2903 3628 2955 3672 ut
2982 3620 3228 3692 quidquid
3258 3624 3383 3677 milii
3409 3626 3566 3690 deest,
3595 3637 3757 3684 vestro
3781 3640 3859 3685 tes

2274 3709 2429 3754 scatur
2450 3703 2667 3773 eloquio.
2696 3704 2918 3777 Reliqua
2952 3708 3054 3764 huc
3084 3721 3195 3766 tute
3220 3712 3445 3770 referas.

2353 3789 2413 3845 V.
2440 3789 2557 3846 Jam
2587 3793 2767 3863 itaque
2792 3796 2844 3849 in
2874 3796 3167 3865 Prophetas
3199 3802 3435 3859 minores
3461 3817 3647 3860 omnes
3673 3805 3730 3862 S.
3759 3807 3867 3863 Paa

2277 3887 2359 3937 ter
2399 3881 2829 3941 Commentarios
2870 3888 3212 3958 absolverat,
3258 3909 3417 3962 quum
3466 3896 3532 3949 ad
3582 3882 3863 3955 Danielem

2274 3973 2460 4028 eadem
2481 3989 2646 4045 opera
2673 3977 3070 4046 illustrandum,
3093 3984 3331 4039 animum
3356 3986 3600 4041 advertit.
3634 3989 3689 4044 lo
3716 3991 3861 4045 Prse-

2274 4062 2495 4131 fatione,
2526 4064 2719 4137 Ipsius,
2752 4068 2943 4139 inquit,
2975 4066 3251 4140 Prop/cette
3287 4074 3433 4128 verba
3475 4087 3725 4144 texamus,
3754 4095 3865 4134 non

2265 4156 2421 4226 juxta
2448 4158 2861 4213 consuetudinem
2902 4171 3124 4215 nostram
3149 4203 3165 4229 ,
3204 4177 3537 4233 proponentes
3575 4169 3746 4223 omnia
3765 4210 3780 4233 ,
3812 4180 3863 4224 et

2274 4245 2445 4299 omnia
2472 4247 2792 4314 disserentes,
2820 4261 2873 4332 ut
2901 4252 2955 4305 in
2989 4250 3266 4308 Duodecim
3298 4254 3572 4325 Prop/telis
3599 4261 3817 4330 fecimus
3840 4279 3861 4319 :

2273 4337 2361 4389 sed
2389 4335 2599 4390 breviter
2637 4347 2684 4391 et
2722 4355 2813 4409 per
2838 4340 3105 4396 intervalla
3140 4358 3199 4398 ea
3237 4355 3462 4409 tantum,
3492 4363 3607 4419 qua:
3643 4350 3861 4407 obscura

2275 4435 2392 4479 sunt
2413 4428 2763 4496 explanantes.
2795 4431 2983 4485 Annus
3008 4432 3234 4502 proinde
3259 4435 3364 4503 jam
3392 4450 3689 4493 excesserat
3722 4458 3862 4510 qun-

2275 4514 2724 4589 dringentesimus
2768 4529 2989 4586 sextus,
3032 4523 3184 4590 cujus
3233 4535 3518 4594 postrema:
3561 4528 3673 4584 fere
3722 4534 3862 4599 parti

2274 4616 2542 4676 postrema
2589 4609 2716 4662 item
2760 4623 2824 4663 ex
2872 4609 3154 4666 duodecim
3198 4614 3478 4684 Prophetis
3518 4619 3860 4686 explanatio,

2275 4712 2394 4767 quae
2417 4709 2497 4751 est
2523 4699 2573 4752 in
2601 4702 2789 4765 Alnos,
2814 4715 2878 4755 ex
2906 4718 3084 4757 rerum
3112 4706 3273 4772 serie,
3297 4715 3350 4761 et
3375 4709 3509 4761 sexti
3537 4707 3865 4779 Consulatus

2276 4789 2491 4843 Arcadii
2523 4792 2745 4861 Augusti
2795 4802 2849 4847 et
2878 4793 3041 4847 Anitii
3090 4797 3237 4864 probi
3283 4798 3555 4853 notatiOnc
3597 4799 3860 4872 al‘figitur.

2276 4877 2392 4931 Alia
2440 4892 2508 4932 ex
2555 4890 2704 4948 parte
2752 4881 2985 4935 nondum
3034 4884 3591 4954 quadringentesimus
3635 4900 3866 4949 octavus

2278 4968 2559 5038 agebatur,
2593 4979 2648 5024 ut
2683 4986 2751 5025 ex
2789 4971 2873 5026 his
2903 4987 3020 5042 quse
3045 4974 3112 5027 de
3150 4973 3425 5030 Stilicouis
3460 4991 3591 5033 nece
3620 4996 3748 5036 mox
3782 4984 3872 5037 die

2280 5073 2484 5124 eamus,
2507 5060 2793 5114 constabit.
2817 5061 2980 5130 Igitur
3001 5064 3320 5119 intermedio
3336 5067 3869 5139 quadringentesimo

2278 5150 2508 5217 septimo
2536 5153 2870 5221 conscriptus
2896 5153 3322 5210 Commentarios
3364 5158 3448 5213 hic
3477 5168 3561 5214 est
3579 5201 3595 5227 ,
3624 5162 3781 5233 cujus
3813 5166 3865 5219 in

2278 5240 2600 5297 Prtefatione
2637 5242 2694 5298 S.
2736 5246 2936 5299 Auctor
2970 5251 3239 5311 οἰκονομίαν
3279 5261 3533 5316 onmem,
3565 5260 3620 5305 et
3671 5268 3864 5311 causas

2278 5333 2510 5401 suscepti
2541 5333 2638 5388 abs
2668 5348 2727 5389 se
2764 5337 2943 5404 operis
2980 5336 3216 5404 exponit.
3266 5335 3504 5395 Subinde
3538 5341 3683 5395 enim
3728 5342 3836 5399 Por

2277 5425 2451 5497 pliyrii
2469 5468 2484 5489 .
2513 5428 2604 5499 qui
2642 5441 2821 5485 contra
2862 5429 3123 5484 Danielem
3161 5430 3519 5489 duodecimum
3550 5439 3768 5508 proprie
3798 5440 3857 5493 lio

2277 5516 2423 5571 brum
2445 5521 2757 5589 scripserat,
2785 5521 3081 5576 calumnias
3110 5522 3302 5577 refellit
3327 5542 3342 5577 :
3369 5529 3719 5601 ostenditque
3744 5548 3869 5589 con-

2286 5606 2533 5676 tinentcr,
2565 5610 2767 5665 nullum
2802 5610 3185 5680 Prophetarum
3216 5620 3323 5666 tam
3354 5627 3539 5676 aperte
3564 5619 3768 5685 dixisse
3796 5624 3866 5685 dc
