4050 6188
181 259 285 313 161

180 371 428 428 Christo.
462 373 585 430 Non
612 377 902 440 enint,'ait,
929 378 1094 432 solum
1116 379 1289 433 scribit
1324 396 1435 434 eum
1464 398 1571 435 esse
1594 392 1772 435 uentu-

181 482 338 530 rum,
375 466 514 535 quod
556 477 630 522 est
669 484 930 522 connuune
969 486 1082 524 cum
1118 472 1312 526 catteris
1343 487 1363 525 :
1390 472 1477 525 sed
1503 482 1649 525 etiam
1675 488 1774 539 quo

180 567 412 625 tempore
450 569 688 615 venturus
715 562 816 626 sit,
843 562 988 618 docet
1018 577 1038 617 :
1066 573 1114 618 et
1143 581 1286 634 reges
1325 581 1414 634 per
1439 565 1666 618 ordinem
1693 565 1773 616 di-

179 648 349 714 gerit,
375 657 422 701 et
443 664 605 702 annos
630 661 918 717 enumerat,
945 669 1006 705 ac
1034 655 1442 723 manifestissima
1467 655 1612 724 signa
1639 669 1774 723 pra:-

179 738 410 792 nuntiat.
459 738 706 795 lnscribit
752 752 928 797 autem
979 743 1326 799 Pammachio
1374 755 1429 799 et
1474 744 1768 809 Marcellaa,

178 843 321 897 quos
348 838 404 883 ct
431 831 720 898 compellat
746 832 817 888 ibi
843 834 1022 888 verbis
1049 835 1605 891 honoriﬁcentissimis
1626 875 1643 901 ,
1671 834 1772 889 0b-

176 935 325 972 secro
360 935 465 985 vos,
495 922 760 991 inquiens,
796 921 1093 977 Pammaclti
1129 933 1519 997 φιλομαθέστατε,
1547 935 1595 978 et
1627 925 1773 978 Mar-

174 1009 345 1072 cella,
388 1011 594 1064 unicum
634 1011 884 1067 Romanae
921 1017 1204 1070 sanctitatis
1242 1017 1532 1086 acernplar,
1563 1019 1770 1087 junctus

173 1099 279 1165 ﬁde
306 1109 360 1154 et
396 1103 680 1173 sanguine,
722 1114 774 1157 ut
817 1114 1026 1164 conatus
1067 1124 1202 1162 meos
1243 1110 1418 1164 vestris
1457 1111 1769 1164 orationibus

171 1189 457 1255 adjuvetis.

241 1277 339 1331 Vl.
377 1280 600 1335 Factum
641 1296 771 1336 vero
810 1290 938 1338 tunc
975 1283 1178 1354 aliquot
1213 1285 1550 1356 improbitate
1593 1288 1769 1343 homi-

172 1387 326 1434 num,
357 1373 452 1440 qui
476 1373 901 1446 llicronymianis
923 1377 1115 1432 studiis
1139 1385 1196 1432 et
1220 1381 1450 1434 nominis
1473 1380 1768 1436 celebritati

171 1464 530 1532 invidebant,
576 1477 634 1521 ut
678 1468 894 1538 quidam
936 1468 1318 1527 Commentarii
1364 1472 1480 1543 ejus
1522 1475 1668 1529 locus
1714 1476 1767 1530 in

169 1553 501 1608 calumniam
545 1557 850 1612 traheretur
892 1558 1051 1628 longe
1095 1561 1501 1628 gravissimam,
1545 1563 1766 1631 perinde

169 1653 333 1713 atque
374 1644 609 1711 Principi
659 1653 784 1700 tunc
821 1647 936 1702 viro
976 1647 1260 1715 Stiliconi,
1289 1652 1377 1719 qui
1417 1651 1486 1705 de
1522 1652 1764 1706 barbaris

167 1733 424 1800 gentibus
466 1733 532 1786 ad
579 1733 806 1788 Rornani
849 1737 1119 1792 exercitus
1156 1739 1345 1793 ducem
1391 1750 1755 1808 processerat,

169 1823 428 1890 injuriam
475 1822 702 1880 diceret.
749 1824 977 1880 Sanctus
1023 1827 1182 1882 Pater
1230 1829 1755 1898 invexplanationem

167 1927 379 1981 magnae
422 1912 566 1967 illius
608 1921 828 1979 statuae,
861 1930 1020 1984 quam
1067 1916 1274 1986 objecta
1318 1919 1496 1972 animo
1539 1919 1750 1988 specie,

167 2003 667 2059 Nabuchodonosor
715 2005 958 2072 viderat,
1005 2008 1316 2076 mysterium
1361 2010 1536 2079 quarti
1587 2010 1753 2080 Regni

165 2096 316 2162 juxta
349 2096 645 2161 Danielem,
676 2097 809 2151 dixit
836 2099 1051 2167 proprie
1076 2099 1142 2152 ad
1169 2099 1440 2155 Romanos
1464 2101 1753 2170 pertinere,

167 2195 219 2238 et
244 2193 442 2239 statua:
473 2187 634 2253 pedes
660 2197 714 2242 et
739 2187 934 2258 digitos
953 2202 1023 2244 ex
1047 2196 1198 2258 parte
1219 2188 1423 2244 ferreos
1443 2202 1494 2246 et
1517 2208 1579 2245 cx
1605 2202 1753 2261 parte

171 2275 363 2330 lietilcs
391 2291 458 2329 eo
484 2283 725 2344 tempore
757 2279 1196 2334 manifestissime
1219 2282 1576 2349 comprobari.
1611 2282 1754 2336 Sicut

167 2365 320 2428 etaim,
347 2367 443 2428 ait,
477 2366 530 2419 in
565 2367 814 2436 principio
844 2367 974 2422 nihil
1009 2367 1242 2422 Romano
1268 2371 1482 2439 imperio
1504 2371 1684 2440 fortius
1710 2381 1753 2424 et

167 2456 344 2508 durius
371 2457 470 2526 fuit
495 2474 515 2510 :
535 2457 607 2509 ita
632 2458 688 2510 in
715 2458 818 2525 ﬁne
846 2475 1014 2511 rerum
1040 2460 1170 2513 nihil
1193 2461 1521 2526 imbecillius,
1549 2463 1752 2530 quando

167 2557 210 2596 et
239 2547 293 2597 in
319 2545 466 2600 bellis
487 2547 738 2612 civilibus,
762 2557 810 2601 et
837 2549 1104 2602 adversum
1129 2549 1352 2605 diversas
1372 2554 1598 2605 nationes
1622 2554 1751 2606 alia-

167 2649 279 2686 rum
316 2636 546 2704 gentium
574 2634 922 2690 Barbararum
950 2639 1235 2709 indigemus
1265 2642 1476 2694 auxilio.
1519 2641 1584 2696 Et
1623 2657 1749 2714 Sug-

167 2723 339 2790 gillari
371 2725 457 2778 his
483 2726 700 2794 quidem
733 2727 1014 2782 barbarum
1043 2729 1234 2784 ducem
1255 2770 1271 2795 ,
1300 2746 1389 2785 res
1429 2730 1594 2786 ferme
1635 2735 1746 2802 ipsa

165 2815 521 2882 signiﬁcabat,
544 2825 600 2871 ut
620 2817 913 2873 conﬂandte
932 2821 1258 2874 accusationi
1283 2821 1332 2875 in
1357 2821 1414 2876 S.
1441 2822 1743 2888 Ductorem,

167 2904 307 2959 haud
333 2922 465 2962 sane
485 2919 630 2963 esset
669 2908 786 2977 ejus
809 2909 1016 2964 aemulis
1040 2910 1408 2966 laborandum.
1437 2913 1747 2969 Econtrario

167 2996 342 3050 omnis
372 2996 730 3065 impendenda
767 3013 796 3052 a
834 2999 1088 3054 studiosis
1121 3002 1202 3055 sui
1232 3016 1358 3056 cura
1379 3043 1395 3067 ,
1427 3013 1483 3056 ut
1520 3003 1745 3073 benigna

169 3084 609 3154 interpretatione
639 3087 763 3153 loci,
795 3103 1009 3143 sensum
1036 3090 1142 3144 alio
1173 3091 1456 3159 referrent,
1488 3105 1542 3147 et
1574 3093 1749 3164 suspi-

166 3177 372 3229 cionem
404 3176 548 3231 illam
579 3177 716 3232 haud
745 3178 914 3234 levem
945 3180 1086 3234 lmsa:
1112 3182 1410 3249 majestatis
1437 3195 1744 3252 purgarent.

170 3267 478 3323 Pun-clarius
499 3279 676 3324 autem
701 3280 875 3325 actum
900 3287 1023 3326 cum
1045 3287 1112 3327 eo
1133 3281 1238 3338 est,
1261 3273 1403 3343 quod
1429 3283 1553 3329 ante
1584 3276 1748 3329 inter-

169 3357 337 3429 fecuts
366 3369 451 3412 est
476 3359 684 3424 Stilico,
711 3377 868 3430 quam
900 3362 1098 3416 deferri
1125 3363 1365 3416 criminis
1394 3362 1585 3417 indicia
1618 3379 1744 3434 pos-

166 3458 301 3502 sent.
329 3449 466 3503 Rem
491 3459 671 3506 narrat
699 3450 815 3520 ipse
841 3451 1160 3507 Prmfatione
1183 3452 1448 3507 undecimi
1477 3454 1526 3507 in
1556 3451 1743 3508 Isaiam

167 3539 544 3594 Commentarii
563 3581 579 3606 ,
611 3557 768 3610 quem
796 3550 916 3610 post
943 3541 1111 3597 ferme
1140 3543 1430 3597 triennium
1461 3543 1742 3598 elucubra-

166 3629 256 3682 vit.
288 3628 409 3682 Non
449 3630 556 3692 sic,
599 3630 803 3700 inquit,
834 3632 1150 3686 adnlandum
1189 3641 1260 3686 est
1301 3631 1626 3703 Principibus
1648 3674 1663 3699 ,
1691 3641 1744 3686 ut

165 3719 441 3773 Sacrorum
489 3720 874 3791 Scripturarum
912 3724 1093 3777 veritas
1129 3725 1456 3794 negligatur:
1481 3740 1570 3778 nec
1595 3741 1744 3795 gene-

165 3811 286 3864 ralis
313 3813 594 3882 disputatio
624 3814 775 3869 unius
803 3831 1028 3885 personat
1066 3814 1378 3888 (Stilieonis)
1411 3817 1597 3888 injuria
1623 3827 1696 3872 est
1725 3833 1744 3871 :

166 3916 274 3966 quia
291 3919 446 3971 quum
466 3903 681 3974 benigno
701 3921 927 3958 meorum
949 3907 1119 3959 studio
1139 3917 1411 3972 caveretur,
1438 3905 1534 3960 Dei
1543 3907 1744 3976 judicio

166 4002 362 4061 repente
380 3993 579 4048 sublata
598 4003 691 4048 est.
713 3996 900 4050 Annus
923 3995 1179 4065 agebatur
1193 3996 1744 4066 quadringentesimus

171 4089 406 4146 octavus,
440 4082 666 4153 ejusque
692 4085 895 4138 mensis
919 4085 1211 4154 Augustus,
1240 4101 1401 4154 quum
1431 4086 1773 4142 Stilieonem.

167 4171 408 4227 violenta:
446 4189 639 4230 manus
676 4175 1024 4230 sustulerunt.
1059 4176 1253 4230 Putare
1282 4187 1460 4230 autem
1504 4192 1598 4244 par
1624 4188 1741 4244 est,

165 4270 282 4316 ante
307 4278 405 4318 sex
437 4262 561 4318 illos
588 4274 683 4319 aut
712 4274 916 4334 septem
948 4280 1182 4331 menses,
1211 4267 1302 4334 qui
1332 4275 1739 4335 praecesserunt,

164 4350 263 4417 jam
292 4351 352 4407 S.
385 4353 557 4409 Patris
589 4355 1043 4410 Commentarium
1077 4356 1144 4411 ad
1174 4357 1315 4427 vulgi
1353 4373 1544 4412 manus
1579 4359 1742 4414 deve-

167 4443 332 4504 uisse,
367 4453 426 4498 ut
453 4445 541 4500 illa
572 4445 767 4500 instrui
809 4450 1080 4504 accusatio
1103 4449 1156 4503 in
1188 4465 1310 4504 eum
1353 4460 1569 4519 posset,
1597 4460 1652 4506 ct
1675 4453 1744 4507 ab

169 4524 366 4587 muns
396 4535 611 4614 quidem
645 4537 858 4606 urgeri,
888 4552 919 4590 a
945 4539 1026 4593 sui
1061 4549 1239 4594 autem
1284 4541 1538 4595 studiosis
1563 4542 1740 4596 caveri

169 4613 405 4692 benigne,
428 4633 589 4695 atque
620 4626 674 4679 in
705 4625 897 4681 bonam
928 4639 1130 4696 partem
1153 4630 1368 4700 exponi.
1390 4629 1610 4686 Constat
1629 4631 1742 4701 jam

169 4710 372 4784 itaque,
419 4717 559 4785 quod
612 4715 955 4784 dicebamus,
1006 4720 1244 4775 nondum
1290 4731 1536 4776 octavum
1581 4739 1740 4793 supra

169 4807 743 4876 quadringentesimum
773 4825 972 4864 annum
1002 4811 1264 4876 illuxisse,
1292 4828 1456 4880 quum
1484 4814 1742 4869 scriberet

169 4894 211 4946 in
242 4895 552 4964 Danielcm;
581 4897 678 4952 scd
709 4899 892 4967 utique
924 4901 1310 4969 pratccdentem
1342 4905 1584 4972 proxime
1611 4920 1742 4973 qua-

167 4985 636 5054 dringentesimum
666 4990 956 5057 septimum
983 4991 1048 5044 ad
1078 4991 1186 5046 fere
1210 4993 1369 5053 linem
1403 5008 1738 5062 properasse.

229 5077 332 5132 Vl].
364 5077 519 5144 Quod
550 5080 898 5149 subsequitur
937 5081 1050 5137 fere
1095 5083 1399 5149 biennium,
1441 5086 1742 5142 scribendis

167 5167 220 5218 ad
261 5170 433 5223 varios
479 5169 742 5237 Epistolis
763 5209 778 5234 ,
811 5185 928 5239 qua:
970 5172 1225 5226 librorum
1262 5173 1495 5241 speciem
1524 5182 1579 5228 et
1609 5175 1740 5228 Tra-

170 5265 381 5326 ctatuuut
410 5275 476 5313 ex
510 5259 659 5312 mole
694 5268 855 5328 atque
882 5261 1092 5329 ingenio
1113 5263 1414 5331 scriptionis
1456 5281 1562 5333 pra:
1586 5281 1644 5319 se
1669 5265 1745 5320 fe-

173 5355 304 5411 rant,
332 5349 700 5418 absumptum
740 5358 843 5404 est.
882 5350 988 5408 Sed
1029 5364 1082 5405 ct
1122 5352 1191 5406 ab
1230 5369 1372 5408 anno
1418 5357 1741 5424 praecedenti

169 5437 334 5507 scripta
368 5456 474 5494 una
515 5448 690 5508 atque
728 5439 892 5507 altera
931 5441 1094 5494 videri
1127 5443 1324 5510 possit,
1351 5459 1486 5513 quas
1511 5445 1630 5500 hcic
1661 5455 1740 5498 ta-

165 5541 263 5585 men
304 5529 683 5589 recensendas
733 5528 1073 5596 distulimus,
1118 5546 1185 5585 ne
1227 5541 1462 5602 emptum
1511 5533 1742 5587 historia:

163 5625 375 5680 Ordinem
412 5625 892 5689 nbrumpcremus
929 5621 1163 5674 Priorem
1191 5639 1250 5677 ex
1286 5624 1368 5678 Itis
1407 5607 1740 5678 locum‘obii-

1469 268 1540 324 S..
1573 269 1949 326 IIIERONYMI
1991 272 2168 328 Vl'l‘A.

3363 301 3509 358 162.

1885 391 1978 436 net
2006 383 2094 436 illa
2124 383 2190 437 ad
2217 384 2486 441 lulianum
2528 389 2580 443 in
2612 389 2859 449 Editioue
2896 407 3075 454 nostra
3103 402 3328 460 CXVIII.
3357 424 3460 479 qua

1881 471 1939 526 S.
1971 473 2128 529 Pater
2156 475 2427 533 hominem
2447 480 2572 534 olim
2596 483 2924 550 praedivitem
2945 493 3286 561 consolatur;
3314 471 3458 570 quod

1884 561 2019 616 intra
2067 579 2264 633 paucos
2309 568 2424 623 dies
2467 573 2740 628 amisisset
2769 574 2902 632 duas
2938 579 3071 634 ﬁlias
3107 594 3160 639 et
3200 561 3455 658 uxorem,

1879 661 2039 721 atque
2069 655 2464 714 incursantibus
2493 660 2734 717 barbaris
2777 665 2970 722 bonam
3000 685 3209 742 quoque
3244 655 3454 744 posses;

1877 742 2089 796 sionum
2121 754 2348 814 partem.
2395 748 2650 804 Hortatur
2679 765 2857 808 autem
2884 757 2951 810 ad
2983 742 3268 827 perfectam
3296 767 3454 822 vitam

1877 835 2126 902 exemplo
2174 836 2499 894 Pammachii
2541 852 2595 896 et
2637 842 2882 912 Paulini,
2915 864 3075 917 quem
3119 866 3241 906 cum
3285 856 3460 922 adhuc

1881 922 2235 995 Presbyterum
2264 943 2453 1000 vocet,
2484 936 2614 990 satis
2642 937 2928 996 manifesto
2968 943 3166 998 indicat
3203 958 3326 1003 ante
3361 966 3458 1005 au-

1875 1027 2002 1068 num
2050 1017 2178 1085 £09,
2211 1037 2318 1090 quo
2348 1024 2438 1078 ille
2480 1025 2776 1096 Episcopus
2819 1040 3029 1085 creatus
3074 1045 3194 1100 est,
3237 1039 3351 1093 hare
3397 1057 3459 1097 se

1875 1105 2132 1162 scribere.
2161 1111 2278 1165 Alia
2302 1127 2368 1166 cx
2389 1127 2539 1183 parte
2565 1117 3146 1188 quadringentesimum
3171 1132 3455 1198 septimum

1877 1194 1998 1264 plus
2028 1200 2204 1254 minus
2234 1213 2415 1268 notat,
2447 1207 2535 1260 ubi
2565 1209 2707 1262 inter
2730 1209 2926 1266 Juliani
2957 1194 3276 1276 tentatioucs
3303 1237 3454 1277 eom-

1875 1302 2136 1344 memorat
2159 1297 2486 1350 vastationem
2515 1302 2665 1355 totius
2690 1301 2903 1358 barbaro
2925 1306 3064 1361 hoste
3090 1313 3377 1380 provinciae,
3407 1325 3454 1369 et

1874 1376 1927 1430 in
1965 1384 2218 1436 communi
2258 1385 2648 1456 depopulatione
2687 1394 2907 1461 privatas
2949 1376 3315 1464 possessionum
3343 1406 3454 1472 ejus

1871 1469 2077 1537 ruinas,
2108 1474 2309 1528 abactos
2335 1488 2675 1532 armentorum
2703 1499 2906 1554 greges,
2949 1487 3137 1544 tinctos
3170 1469 3455 1561 occisosl/ue

1869 1560 2128 1650 s_ervulos,
2157 1572 2317 1632 atque
2347 1565 2431 1619 his
2459 1568 2652 1622 similia
2677 1610 2693 1636 ,
2727 1587 2848 1641 qua:
2891 1575 2990 1630 sub
3031 1560 3377 1650 Rhadagaisoi
3397 1584 3449 1638 in

1870 1645 2096 1710 Thuseia
2126 1661 2288 1721 atque
2317 1653 2462 1708 Italia
2481 1695 2498 1718 ,
2527 1672 2592 1711 es
2619 1674 2722 1728 qua
2754 1664 2972 1731 regione
3002 1665 3167 1722 fuisse
3205 1645 3449 1727 lulianus

1864 1733 2108 1802 videtur,
2140 1741 2274 1792 mala
2306 1743 2677 1812 contigerunt,
2721 1757 2779 1801 ut
2823 1750 3069 1820 Prosperi
3102 1755 3405 1812 Chronicon
3426 1799 3442 1825 ,

1860 1831 2019 1893 atque
2045 1826 2164 1880 alim
2185 1844 2368 1884 eorum
2394 1841 2688 1903 temporum
2714 1837 2959 1894 Historia:
2984 1841 3198 1904 docent.
3223 1848 3446 1918 Accepit

1859 1915 2018 1984 paulo
2059 1927 2176 1986 post
2211 1920 2268 1975 S.
2305 1921 2502 1977 Doctor
2526 1925 2593 1979 de
2618 1930 2850 1982 extremis
2883 1929 3067 1986 Galliae
3094 1935 3278 2001 ﬁnibus
3305 1915 3443 1993 duo-

1858 2003 2030 2058 decim
2073 2011 2370 2078 propositas
2395 2012 2495 2066 sibi
2527 2014 2860 2082 Qua-stiones
2889 2021 2956 2073 ab
2997 2021 3216 2079 Hedibia
3239 2067 3254 2093 ,
3283 2038 3443 2098 atque

1863 2095 2106 2184 undecim
2137 2099 2270 2154 alias
2299 2101 2367 2155 ab
2391 2103 2624 2172 Algasia,
2655 2106 2869 2162 feminis
2894 2126 3012 2162 cum
3040 2113 3307 2184 plerisque
3329 2095 3444 2171 lau-

1859 2182 2016 2239 dibus
2059 2188 2179 2242 aliis
2229 2191 2442 2258 pietatis
2481 2203 2641 2263 atque
2682 2197 2999 2253 innocentia:
3030 2182 3300 2269 prteditis,
3330 2215 3438 2259 tum

1859 2290 1988 2328 vero
2015 2277 2084 2330 ob
2115 2278 2286 2333 studia
2318 2295 2594 2336 sacrarum
2625 2284 3021 2354 Scripturarum
3061 2291 3289 2346 eximiis.
3322 2295 3442 2361 Qni-

1859 2364 1959 2418 bus
2005 2367 2315 2436 singillatim
2360 2380 2414 2424 et
2459 2372 2524 2424 ad
2568 2373 2772 2444 singula
2817 2380 3170 2444 quaestionum
3210 2386 3438 2451 capitula

1856 2457 1987 2509 satis
2011 2470 2282 2525 accurate,
2311 2469 2471 2529 atque
2501 2462 2637 2516 adeo
2669 2465 2887 2532 prolixis
2913 2469 2978 2520 ad
3008 2470 3435 2528 Commentar.o-

1857 2561 1974 2599 rum
2013 2547 2179 2602 instar
2207 2551 2458 2619 Epistolis
2489 2552 2649 2624 (Epp.
2683 2554 2849 2610 CXX.
2879 2568 2925 2612 et
2947 2558 3170 2628 CXXI),
3210 2579 3436 2636 respou-

1854 2637 2007 2704 deus,
2034 2641 2218 2695 nullibi
2244 2652 2416 2698 tamen
2447 2646 2708 2701 Vastitatis
2733 2647 3092 2707 Vaudalorum
3124 2656 3437 2714 Alanorum-

1853 2743 1956 2798 que
2004 2731 2297 2802 irruptione
2340 2735 2528 2792 Galliis
2576 2739 2740 2794 illata:
2785 2745 3026 2799 meminit
3065 2763 3078 2799 :
3119 2763 3278 2816 quam
3329 2766 3432 2806 non

1851 2817 2061 2888 videtur
2089 2822 2303 2878 silentio
2331 2825 2536 2880 cladem
2584 2830 2986 2896 prmteriturus,
3019 2835 3062 2886 si
3095 2843 3336 2902 proxime
3367 2840 3436 2892 ab

1850 2923 1912 2962 ca
1939 2912 2260 2980 scripsisset.
2291 2916 2593 2987 Coutigisse
2621 2929 2798 2974 autem
2825 2922 2913 2974 illa
2943 2923 3175 2988 videtur,
3199 2927 3243 2978 si
3267 2928 3433 2994 probe

1850 2998 2089 3054 rationes
2115 3003 2184 3056 ab
2213 3019 2399 3058 eorum
2441 3017 2742 3076 temporum
2787 3008 3056 3064 historicis
3093 3015 3434 3071 monimentis

1851 3087 2229 3154 subducimus,
2281 3093 2405 3144 anni
2453 3094 2560 3148 408
2617 3095 2782 3163 pridie
2841 3098 3089 3152 Calendas
3133 3099 3428 3158 Ianuarias.

1854 3176 2330 3233 Verosimillimtun
2359 3191 2440 3236 est
2467 3184 2572 3242 alia
2599 3200 2662 3238 ex
2694 3196 2865 3255 parte,
2901 3204 2995 3257 per
3017 3192 3264 3247 eumdem
3292 3196 3434 3265 Apo-

1851 3264 2111 3333 demium,
2133 3269 2222 3338 qui
2247 3271 2475 3339 Algasim
2496 3274 2832 3340 Qua-stiones
2855 3277 3120 3349 (Prosper.
3144 3283 3194 3335 in
3215 3264 3430 3351 Chron.)

1850 3355 2132 3426 detulerat,
2157 3376 2248 3415 eas
2276 3362 2436 3416 etiam
2466 3379 2597 3433 quas
2625 3365 2844 3422 lledibia
2874 3370 2942 3423 ab
2969 3370 3156 3426 iisdem
3188 3376 3432 3432 mittebat

1849 3445 2139 3503 Galliarum
2178 3451 2371 3506 ﬁnibus
2411 3454 2616 3510 adlatas
2653 3474 2668 3511 :
2701 3472 2901 3530 parque
2938 3461 3174 3518 vicissim
3204 3448 3287 3519 est
3313 3482 3431 3523 cre-

1852 3536 1981 3593 dere
2001 3579 2016 3604 ,
2049 3554 2364 3608 responsum
2405 3545 2614 3615 utrique
2645 3563 2750 3601 uno
2779 3558 3019 3620 tempore
3039 3592 3054 3619 ,
3084 3554 3431 3627 ejusdemque

1851 3630 2248 3698 opportunitate
2279 3633 2558 3702 Apodemii
2604 3638 2875 3694 redeuntis
2905 3641 2957 3695 in
2997 3645 3240 3712 patriam.
3281 3648 3431 3704 Adeo

1847 3734 2010 3788 quum
2055 3721 2120 3775 ad
2171 3723 2531 3791 Qumstionem
2568 3728 2798 3798 Algasite
2848 3733 3142 3800 decimam,
3189 3752 3248 3792 se
3290 3739 3432 3795 dicat

1847 3809 2072 3867 Sanctus
2101 3814 2262 3870 Pater
2286 3818 2348 3870 de
2371 3817 2657 3889 Rempltam
2682 3820 2735 3873 in
2764 3820 3024 3891 Prop/tela
3051 3825 3204 3878 Amos
3233 3829 3431 3895 plenius

1849 3903 2181 3968 disseruisse,
2220 3906 2370 3976 isque
2410 3905 2839 3964 Commentarius
2877 3912 2942 3965 ad
3005 3912 3130 3966 anni
3170 3914 3276 3968 406
3319 3914 3432 3972 fere

1849 3994 2052 4050 exitum
2083 4006 2288 4065 spectet
2322 4016 2336 4052 :
2368 4000 2591 4055 omnino
2619 4011 2777 4055 erunt
2819 4003 2921 4057 illa:
2950 4003 3202 4073 Epistola:
3228 4005 3279 4059 in
3308 4007 3433 4060 sub-

1849 4097 2135 4157 sequentes
2161 4092 2448 4158 septimum
2488 4102 2578 4147 aut
2607 4103 2852 4150 octavum
2884 4111 3041 4167 supra
3070 4100 3431 4170 quadringen-

1852 4177 2102 4231 tesimum
2146 4177 2478 4235 dill'erendte.
2520 4182 2694 4250 Atque
2748 4183 2906 4253 hujus
2952 4187 3132 4256 utique
3177 4191 3434 4256 temporis

1855 4275 1968 4332 est,
1999 4282 2118 4337 qua:
2160 4267 2258 4322 has
2300 4283 2438 4337 pone
2484 4272 2744 4340 sequitur,
2771 4273 2980 4328 CXXII.
3011 4277 3076 4329 ad
3109 4275 3383 4330 Rusticum
3415 4296 3432 4332 :

1853 4372 2048 4428 quem,
2079 4360 2201 4430 quia
2243 4344 2558 4430 promissam
2600 4376 2720 4417 cum
2766 4379 2931 4420 uxore
2977 4367 3211 4421 Artemia
3255 4370 3432 4423 couti-

1851 4451 2085 4504 nentiam
2113 4450 2360 4520 fregerat,
2397 4452 2753 4531 Hieronymus
2782 4454 2848 4510 ad
2879 4457 3266 4526 pmnitentiam,
3295 4468 3350 4513 et
3376 4470 3433 4514 ut

1848 4541 1987 4597 Loca
2033 4551 2214 4598 saneta
2258 4544 2480 4614 invisat,
2518 4545 2757 4615 conjugis
2797 4551 3047 4616 exemplo
3091 4549 3430 4606 adhortatur.

1849 4633 1964 4700 Quo
1986 4643 2039 4687 et
2063 4636 2241 4688 vocari
2271 4635 2419 4690 illum
2448 4637 2521 4692 ait
2547 4640 2612 4691 ab
2634 4638 2855 4694 adversa
2883 4640 3167 4695 Galliarum
3195 4641 3429 4706 fortuna,

1849 4726 2149 4795 miseraque
2191 4729 2476 4796 provincia!
2506 4744 2618 4782 sua:
2649 4731 2926 4796 vastitate,
2960 4749 3116 4802 quam
3144 4730 3214 4783 ob
3245 4732 3430 4786 oculos

1848 4817 2016 4884 ponit.
2045 4816 2192 4880 Quod
2219 4818 2263 4870 si
2290 4827 2356 4883 te,
2388 4818 2577 4886 inquit,
2603 4821 2673 4872 rei
2697 4821 2965 4887 familiaris
2988 4829 3150 4872 tenent
3179 4821 3427 4888 reliquiae,

1849 4915 1903 4958 ut
1921 4907 2106 4960 scilicet
2127 4918 2174 4960 et
2195 4919 2377 4962 mortes
2402 4910 2681 4963 amicorum
2701 4920 2746 4962 et
2767 4912 2949 4962 civium
2976 4910 3164 4973 videas,
3188 4918 3236 4961 et
3257 4912 3432 4966 ruinas

1849 4995 2047 5048 urbium
2075 5006 2223 5066 atque
2263 4998 2500 5050 villarum
2521 5038 2536 5063 ,
2567 4998 2742 5050 saltem
2769 4999 2898 5050 inter
2929 4997 3232 5065 captivitatis
3260 5000 3428 5066 mala,

1849 5093 1894 5136 et
1920 5087 2110 5154 feroces
2137 5085 2355 5137 hostium
2380 5087 2565 5146 vultus,
2589 5095 2636 5138 et
2667 5083 2947 5138 Prouincia:
2972 5094 3070 5136 tua:
3091 5085 3292 5153 iit/inita
3313 5105 3432 5140 nau-

1848 5173 2036 5242 fragia,
2067 5183 2225 5226 teneto
2257 5175 2481 5227 tabulam
2510 5175 2832 5242 pwnitentiw.
2861 5175 3136 5243 Ejusmodi
3167 5193 3432 5233 mrumuas

1849 5264 2206 5330 subsequente
2235 5277 2376 5317 aiino
2403 5263 2531 5328 409,
2560 5263 2800 5317 scribens
2835 5267 2898 5317 ad
2928 5265 3280 5334 Ageruchiam
3305 5307 3320 5332 ,
3348 5281 3435 5322 cx-

1849 5362 2095 5422 aggerat,
2126 5361 2184 5405 ut
2213 5365 2330 5405 eam
2363 5367 2390 5404 a
2433 5351 2683 5406 secundis
2727 5354 2925 5421 nuptiis
2954 5344 3290 5410 dehortetur.
3329 5355 3430 5410 Hi-

1848 5446 2075 5516 spanite,
2129 5442 2335 5513 inquit,
2370 5445 2594 5517 jamjam
2625 5446 2894 5513 perituris,
2927 5457 2972 5500 et
3008 5446 3173 5501 Roma
3216 5436 3329 5517 ipsa
3379 5450 3431 5504 in

1850 5538 2041 5607 gremio
2084 5553 2176 5592 suo
2217 5552 2318 5591 non
2364 5555 2456 5608 pro
2500 5538 2667 5609 gloria
2690 5579 2704 5604 ,
2733 5541 2822 5592 sed
2847 5556 2938 5610 pro
2964 5541 3127 5595 salute
3152 5556 3384 5610 pugnans
3413 5557 3431 5596 :

1856 5630 1957 5682 imo
1997 5647 2058 5685 ne
2086 5646 2316 5703 pugnans
2343 5631 2565 5703 quidem,
2588 5631 2676 5686 sed
2698 5647 2822 5684 auro
2851 5641 2893 5686 ct
2925 5642 3100 5686 cuncta
3127 5631 3432 5702 supellectile
