4050 6188
533 327 639 386 163

535 444 692 500 vitam
713 439 961 496 redimens
991 430 1179 505 (Epist.
1211 421 1505 492 CXXIII).
1535 419 1664 475 Post
1689 429 1885 471 annum
1911 405 2114 505 scilicet

538 532 668 597 408,
697 545 804 601 quo
843 500 1074 580 medium
1121 527 1531 587 prmtergresso,
1569 508 1755 564 scelere
1792 500 2119 560 semibarbari

541 593 819 692 proditoris
847 609 1148 672 Stilicouis,
1189 607 1406 659 obsessa
1445 601 1518 684 ab
1556 598 1768 654 Alarico
1801 604 1882 649 est
1910 593 2078 690 Ruina
2101 629 2117 654 ,

543 681 664 780 qua:
695 709 853 758 vitam
881 710 938 754 ιιι
977 698 1284 757 redimeret,
1317 681 1544 748 barbaro
1571 689 1690 743 duci
1719 687 1986 756 ingentem
2015 681 2121 732 vim

543 777 657 854 auri
684 791 955 864 appendit.
989 788 1226 854 Denique
1254 795 1307 839 et
1343 783 1408 837 ad
1440 781 1655 836 Avitum
1697 777 1911 831 hocmet
1949 783 2120 830 anno,

543 893 640 940 aut
685 862 986 951 insequenti
1035 875 1274 948 proxime
1325 872 1576 941 scripsit,
1626 877 1684 922 ut
1732 867 1901 936 prima
1946 862 2123 916 statim

544 976 796 1047 Epistolas
825 972 941 1042 ejus
967 970 1130 1026 verba
1162 966 1395 1021 indicant
1426 979 1438 1016 :
1479 963 1607 1016 Ante
1632 973 1791 1012 annos
1820 955 2016 1009 circiter
2041 952 2127 1003 de-

545 1041 652 1122 cent
679 1041 896 1121 Sanctus
919 1063 994 1116 vir
1015 1057 1372 1113 Pammachius
1397 1054 1465 1132 ad
1493 1069 1571 1106 me
1598 1048 1862 1119 cujusdam
1879 1041 2128 1114 (Bullini)

545 1156 814 1214 schedulas
856 1153 1028 1216 misit,
1056 1164 1170 1221 qua:
1200 1146 1434 1217 Origenis
1473 1152 1577 1213 περι
1611 1144 1768 1211 ἀρχῶν
1806 1137 2130 1202 interpretata

548 1249 810 1305 volumina
835 1245 1143 1299 continerent
1169 1281 1184 1305 ,
1213 1241 1316 1292 imo
1345 1237 1516 1290 vitiata
1539 1275 1554 1299 ,
1593 1237 1685 1285 Itoc
1713 1239 2016 1298 magtwpere
2043 1238 2134 1291 po-

550 1344 766 1404 stulans,
794 1352 849 1393 ut
873 1338 1104 1392 (Im-cam
1129 1336 1386 1390 veritatem
1411 1329 1597 1383 Latina
1623 1331 1838 1379 servaret
1868 1315 2134 1373 translatio

555 1431 748 1501 (Epist.
778 1428 952 1484 CXXI
974 1428 1055 1498 V).
1089 1425 1374 1480 Enimvero
1399 1420 1540 1475 circa
1560 1428 1774 1488 annum
1814 1409 1942 1474 599,
1977 1407 2134 1460 Pam-

554 1522 794 1580 machius
822 1520 1047 1576 seiuedas
1076 1519 1192 1572 illas
1222 1515 1287 1568 ad
1319 1514 1702 1580 Hieronymum
1736 1501 1912 1563 misit,
1951 1507 2009 1552 ut
2043 1510 2137 1550 su-

553 1614 960 1686 periorellapite
987 1609 1160 1666 XXX.
1182 1608 1608 1662 demonstratum
1638 1605 1740 1651 est.
1767 1594 1935 1648 Porro
1961 1599 2138 1686 autem

556 1679 1012 1779 praetermittenda
1043 1718 1148 1758 non
1190 1711 1294 1764 est,
1325 1710 1483 1767 quam
1513 1693 1628 1762 ejus
1659 1685 1962 1756 Origeuiani
1994 1679 2138 1741 libri,

557 1772 654 1855 abs
680 1815 739 1854 se
770 1799 822 1851 iu
851 1796 1096 1851 Latinum
1123 1789 1390 1853 conversi,
1420 1784 1696 1840 historiam
1719 1781 1833 1846 ipse
1854 1772 2156 1830 subnectit.

563 1890 707 1944 Fecit
729 1929 745 1954 ,
777 1888 947 1957 inquit
969 1927 983 1950 ,
1015 1894 1069 1938 ut
1104 1881 1258 1936 voluit
1283 1921 1298 1945 ,
1328 1877 1535 1945 misique
1573 1873 1620 1926 ei
1658 1871 1810 1925 libros
1833 1910 1847 1932 ,
1875 1883 2002 1939 quos
2029 1880 2143 1918 cum

562 1980 760 2049 legisset
775 1956 1052 2039 etltorrult,
1077 1983 1122 2027 et
1141 1969 1345 2024 reclusit
1365 1966 1571 2028 scrinio,
1592 1978 1654 2016 ne
1672 1960 1858 2032 prolati
1875 1959 1927 2012 in
1944 1956 2140 2025 vulgus,

561 2073 836 2126 multarunt
879 2068 1074 2120 animos
1112 2061 1449 2116 vulnerarent.
1487 2056 1532 2108 Α
1569 2053 1788 2123 quodam
1837 2051 2022 2118 fratre,
2061 2046 2146 2115 qui

564 2161 774 2215 habebat
790 2157 952 2212 zelum
971 2154 1085 2218 Dei,
1109 2151 1198 2206 sed
1222 2165 1322 2203 non
1342 2146 1615 2201 secundum
1639 2141 1918 2204 scientiam,
1943 2145 2146 2206 rogatus

562 2259 618 2304 ut
643 2249 862 2303 traderet
883 2247 950 2298 ad
971 2245 1258 2316 legendum,
1280 2238 1423 2307 quasi
1448 2236 1617 2290 statim
1642 2232 1922 2296 reddituro,
1945 2236 2150 2296 preptcr

562 2340 845 2412 angustiam
875 2334 1112 2404 temporis
1151 2329 1382 2401 fraudem
1420 2343 1520 2380 non
1557 2323 1718 2394 potuit
1747 2319 2012 2388 suspicari.
2049 2318 2149 2382 Qui

565 2407 824 2497 acceperat
863 2424 1097 2495 legendos
1117 2463 1134 2486 ,
1163 2419 1401 2473 adhibitis
1443 2414 1705 2474 Notariis,
1737 2427 1862 2480 opus
1890 2425 2036 2463 omne
2064 2407 2153 2460 de-

566 2520 796 2585 scripsit,
828 2526 874 2570 et
917 2515 1076 2567 multo
1118 2512 1328 2565 celerius
1366 2523 1517 2578 quant
1561 2504 1891 2576 promiserat,
1933 2502 2152 2555 codicem

568 2609 802 2666 reddidit.
861 2605 1146 2673 Eademque
1189 2601 1504 2660 temeritate,
1534 2607 1580 2650 et
1621 2599 1712 2663 (ut
1757 2595 1912 2649 levius
1951 2591 2152 2658 dicam)

569 2702 762 2770 ineptia
782 2742 796 2758 .
823 2697 958 2767 quod
986 2695 1116 2748 male
1139 2692 1487 2769 surripuerat,
1516 2689 1659 2758 pejus
1685 2687 1802 2739 aliis
1826 2683 2057 2737 credidit.
2090 2680 2156 2734 Et

570 2791 692 2862 quia
717 2787 917 2858 difﬁcile
939 2785 1156 2857 grandes
1185 2780 1298 2835 libri
1323 2779 1385 2833 de
1407 2779 1552 2833 rebus
1582 2776 1802 2846 mysticis
1823 2774 2151 2841 disputantes,

571 2889 807 2937 notarunt
835 2886 1042 2948 possunt
1070 2889 1269 2929 servare
1295 2869 1614 2938 compendia,
1643 2866 1919 2937 prwscrtint
1945 2865 2029 2929 qui
2057 2865 2157 2932 [ur-

573 2971 664 3026 tim
690 2968 1016 3036 celeriterque
1045 2963 1301 3016 dictantur
1327 2975 1346 3013 :
1367 2960 1438 3011 ita
1462 2960 1514 3011 in
1538 2957 1641 3009 illis
1667 2959 1880 3023 confusa
1906 2961 2022 3004 sunt
2050 2966 2157 3004 om-

573 3061 695 3126 nia,
727 3067 782 3112 ut
819 3066 865 3110 et
903 3055 1080 3110 ordine
1125 3053 1176 3106 in
1220 3051 1468 3122 plerisque
1506 3057 1552 3100 et
1596 3062 1748 3101 sensu
1783 3053 2004 3098 careant.
2050 3042 2161 3096 Hac

575 3151 736 3222 igitur
764 3149 832 3203 de
877 3160 1040 3202 causa
1076 3146 1247 3213 ipsum
1279 3137 1536 3210 ﬂagitanti
1577 3137 1766 3200 Avito,
1798 3133 2161 3188 translationis

577 3257 689 3298 sua:
718 3239 994 3309 exemplar
1019 3236 1199 3304 dirigit
1218 3276 1232 3294 ,
1263 3241 1478 3301 totaque
1517 3226 1752 3297 Epistola
1773 3267 1786 3286 ,
1816 3240 1934 3296 qua:
1965 3225 2163 3278 tuerint

577 3333 648 3389 ab
682 3331 910 3400 Origene
951 3328 1113 3398 impie
1139 3325 1279 3380 dicta
1302 3363 1318 3391 ,
1347 3331 1402 3378 et
1437 3319 1626 3375 sedulo
1667 3317 1844 3373 caveri
1880 3323 2124 3385 aporteat
2145 3353 2158 3378 ,

579 3433 751 3480 notat.

657 3516 792 3572 VIII.
835 3515 953 3571 1am
994 3523 1106 3568 tum
1135 3527 1264 3568 vero
1292 3509 1511 3580 majoris
1539 3510 1698 3579 longe
1723 3522 1879 3578 quam
1906 3519 2040 3578 quos
2065 3519 2163 3559 an-

585 3617 670 3664 tea
699 3606 1104 3662 elucubraverat
1140 3601 1320 3672 operis
1342 3642 1358 3664 ,
1396 3600 1852 3655 Commentarium
1895 3599 1944 3651 in
1979 3597 2163 3651 Isaiam

585 3696 853 3756 scribebat
893 3694 1121 3751 Sanctus
1161 3693 1319 3747 Pater
1356 3689 1506 3745 libris
1524 3687 1928 3757 duodevigintis.
1965 3686 2164 3753 Quam-

588 3804 747 3860 quam
779 3801 843 3841 ex
884 3785 969 3840 his
997 3785 1237 3854 quintum
1258 3823 1273 3847 ,
1301 3782 1390 3851 qui
1431 3783 1615 3835 decem
1646 3779 1887 3833 \‘i-iones
1917 3777 2166 3831 historica

588 3877 962 3947 esplanatione
1009 3872 1379 3944 prosequitur,
1426 3871 1518 3924 diu
1564 3879 1718 3923 antea
1764 3868 1964 3931 edidit,
2009 3883 2166 3936 quam

590 3969 897 4023 universum
930 3965 1248 4034 Propltetam
1270 3963 1537 4031 explicare
1564 3961 1917 4016 instituisset:
1945 3959 2170 4014 obsecu-

590 4068 682 4114 tus
705 4057 863 4113 enixe
893 4055 944 4110 id
977 4053 1228 4124 ﬂagitanti
1257 4053 1520 4121 Episcolso
1548 4051 1794 4116 Amabili,
1821 4050 1972 4119 cujus
1995 4059 2050 4104 et
2076 4065 2170 4102 no-

591 4151 723 4206 mini
763 4146 1055 4215 inscripsit.
1098 4145 1337 4200 Diximus
1366 4143 1433 4198 de
1478 4143 1580 4197 Itoe
1623 4155 1721 4197 nos
1761 4141 1896 4195 libro
1927 4143 2170 4211 superius

589 4241 724 4310 Cap.
759 4239 996 4294 XXVIII.
1044 4249 1099 4292 ut
1146 4245 1201 4291 et
1243 4237 1294 4291 in
1339 4235 1742 4304 Cbronologicis
1777 4235 1842 4288 ad
1878 4235 2169 4304 Epistolaut

592 4329 824 4385 LXVIII.
854 4331 1020 4394 notis,
1047 4329 1240 4399 quibus
1271 4327 1401 4381 Iocis
1429 4325 1496 4380 ad
1537 4341 1733 4380 annum
1770 4323 1874 4380 397
1905 4326 2172 4395 pertinere

592 4419 739 4475 Illum
759 4421 1113 4476 ostendimus.
1162 4417 1413 4473 Sedenim
1443 4416 1494 4470 in
1520 4417 1822 4470 universum
1856 4415 2170 4484 Prophelam

592 4512 1046 4569 Commentariam
1070 4527 1174 4563 non
1199 4525 1303 4561 uno
1331 4508 1540 4561 videtur
1565 4507 1795 4573 coepisse
1818 4517 1976 4574 atque
2001 4506 2176 4560 absol-

593 4604 739 4657 visse
762 4611 904 4653 arma
929 4617 943 4650 :
971 4599 1230 4668 siquidem
1263 4607 1318 4651 et
1355 4595 1498 4663 longi
1523 4597 1701 4663 operis
1725 4595 2056 4650 elucubratio
2086 4595 2174 4648 illa

592 4701 732 4758 erat,
761 4699 817 4744 et
842 4689 961 4743 aliis
990 4704 1049 4743 se
1077 4689 1240 4742 fuisse
1271 4698 1394 4742 tunc
1421 4686 1565 4740 curis
1590 4685 1904 4751 distentum,
1934 4698 1983 4740 et
2009 4682 2172 4740 Nota-

594 4781 799 4836 riorum
830 4778 1110 4832 laborasse
1137 4777 1332 4846 inopia,
1362 4775 1593 4844 denique
1620 4783 1830 4830 senecta
1859 4783 1912 4829 et
1937 4775 2176 4844 corporis

595 4869 963 4926 imbecillitate
994 4882 1127 4938 pene
1151 4865 1470 4928 conlectum,
1498 4867 1549 4919 in
1579 4865 1986 4920 Prmlationibus
2016 4864 2177 4918 libro-

593 4976 714 5016 rum
743 4960 1005 5030 queritur.
1033 4957 1269 5026 Coeperit
1298 4965 1524 5010 exeunte
1550 4955 1654 5010 408
1702 4954 1844 5023 quod
1879 4951 2179 5006 subindicat

595 5053 712 5123 ipse
743 5051 861 5105 loco
889 5049 1090 5103 dudum
1131 5048 1340 5102 laudato
1379 5061 1450 5101 ex.
1486 5046 1804 5100 Prtefationc
1844 5044 1965 5097 Iibt'i
2008 5043 2175 5098 unde-

593 5142 743 5205 cimi;
768 5142 855 5192 ubi
883 5140 1192 5193 btilieonem
1220 5137 1314 5190 Dei
1346 5137 1532 5202 iudicio
1561 5145 1763 5205 repente
1786 5134 2038 5188 sublatum
2064 5151 2180 5190 nar-

593 5241 695 5286 rat.
730 5229 1024 5285 Pcrl'ecerit
1049 5245 1176 5283 vero
1206 5229 1521 5296 insequente
1562 5226 1666 5280 409
1707 5226 1938 5280 medium
1969 5237 2180 5294 praster-

591 5335 820 5391 greSso,
865 5319 1006 5387 quod
1055 5333 1121 5373 ex
1167 5316 1485 5371 Prazl'atione
1533 5315 1687 5384 primi
1737 5315 1788 5368 in
1844 5313 2176 5369 Ezechielem

591 5411 980 5468 Commentarii
1020 5410 1352 5476 colligimus,
1394 5417 1448 5461 et
1493 5421 1613 5460 mox
1656 5406 1852 5460 clarius
1890 5421 1956 5460 ex
1998 5420 2176 5459 rerum

592 5501 892 5556 continenti
936 5500 1074 5553 serie
1109 5483 1472 5552 ostendemus.
1505 5498 1662 5551 Certe
1703 5511 1835 5565 opus
1873 5496 2176 5550 universum

591 5600 718 5648 ante
747 5591 1060 5651 detester-st,
1092 5605 1247 5655 (piam
1295 5591 1533 5641 nuntium
1565 5588 1632 5640 de
1671 5599 1822 5658 capta
1869 5590 2180 5657 direptaque

593 5680 776 5742 urbe,
809 5690 989 5729 rerum
1032 5677 1158 5732 olim
1200 5677 1412 5732 domina
1459 5679 1525 5729 ab
1573 5678 1822 5747 Alarico,
1865 5680 2176 5748 accepisset.

1808 299 1865 355 S.
1908 289 2282 353 iIIEBONYMI
2324 287 2502 346 VITA.

3701 282 3808 340 ιθι

2225 404 2401 461 Locus
2429 402 2608 470 itaque
2637 398 2760 462 Ille,
2787 396 2879 468 qui
2916 395 3212 452 rationibus
3241 393 3388 450 hisce
3411 392 3624 460 obstat,
3656 394 3809 450 initio

2225 496 2344 550 libri
2371 494 2532 558 tertii,
2562 491 2640 546 De
2663 492 2758 544 hac
2795 489 2999 544 Visione
3023 486 3352 558 (Seraphim)
3380 497 3497 540 ante
3523 503 3684 541 annos
3708 490 3812 541 cir-

2223 588 2344 640 citer
2371 587 2605 655 triginta,
2634 599 2789 651 quant
2816 597 2972 636 essent
3001 580 3465 648 Constantinopoli,
3497 589 3543 633 et
3567 581 3706 650 apud
3732 582 3815 634 vi-

2224 692 2339 729 rum
2383 675 2841 745 eloquentissimum
2895 673 3190 741 Gregorium
3224 671 3643 737 Nasiansenum,
3694 683 3819 728 tunc

2227 768 2451 834 eiusdem
2502 767 2639 819 urbis
2694 764 3008 835 Episcopum
3066 765 3373 818 Sanctarum
3427 763 3820 832 Scripturarum

2229 858 2409 912 studiis
2456 857 2713 921 erudirer,
2745 857 2848 910 scio
2885 872 2964 909 me
3007 855 3202 910 brevem
3239 856 3455 908 dictasse
3497 857 3824 926 subitumque

2230 948 2558 1015 Tractatum,
2595 957 2650 1002 ut
2687 950 3079 1014 experimentum
3127 963 3355 1013 caperem
3399 949 3640 1018 ingenioli
3682 950 3821 1015 mei,

2233 1040 2372 1105 iste,
2407 1040 2620 1108 inquam
2644 1080 2660 1103 ,
2695 1038 2843 1092 locus
2867 1079 2881 1101 ,
2919 1039 3008 1108 qui
3055 1047 3110 1093 et
3149 1055 3245 1092 nos
3287 1039 3573 1107 aliquando
3613 1043 3822 1108 movit,

2233 1131 2516 1183 commodo
2546 1131 2745 1184 lectore
2769 1144 2903 1199 opus
2935 1130 3111 1184 habet.
3137 1129 3270 1183 Cum
3292 1130 3456 1192 enim,
3485 1140 3543 1184 ut
3569 1132 3828 1200 superius

2234 1234 2334 1274 suo
2363 1220 2480 1274 loco
2507 1221 2840 1274 ostendimus
2859 1262 2874 1282 ,
2907 1235 3077 1274 annus
3105 1230 3354 1290 ageretur
3391 1221 3518 1284 581.
3546 1237 3653 1292 quo
3681 1235 3827 1279 tem-

2238 1325 2368 1379 pore
2404 1307 2460 1366 S.
2508 1312 2668 1366 Pater
2699 1311 3160 1380 Constantinopoli
3199 1310 3299 1365 fuit
3335 1313 3474 1381 apud
3502 1313 3827 1384 Gregorium

2237 1403 2655 1467 Nazianzenum,
2683 1417 2859 1472 neque
2877 1403 2964 1456 hic
2977 1417 3162 1457 revera
3191 1400 3513 1458 Catbedram
3541 1405 3701 1474 regia:
3727 1421 3830 1460 ur-

2239 1495 2323 1548 bis
2349 1499 2448 1548 nisu
2477 1493 2544 1548 ab
2565 1493 2678 1563 ejus
2700 1493 2824 1546 anui
2853 1492 2992 1546 Maio
3022 1508 3205 1547 mense
3231 1493 3296 1546 ad
3323 1493 3519 1548 iulium
3553 1498 3782 1551 tenuerit
3806 1515 3825 1552 :

2241 1599 2578 1652 consequens
2604 1594 2768 1647 esset,
2798 1594 2856 1637 ut
2886 1592 2998 1637 toto
3031 1583 3207 1638 adhuc
3247 1585 3464 1640 biennio
3490 1587 3682 1653 serius,
3708 1587 3833 1645 sive

2245 1675 2295 1728 in
2323 1689 2521 1728 annum
2552 1674 2785 1745 denique
2815 1674 3179 1741 undecimum,-
3212 1685 3304 1730 aut
3328 1677 3591 1731 decimum
3631 1679 3829 1734 saltent

2243 1780 2402 1833 supra
2445 1764 3028 1834 quadringentesimum
3069 1765 3452 1820 Commentarii
3486 1767 3642 1836 hujus
3676 1770 3833 1824 initia

2245 1853 2607 1908 dill'errentur.
2655 1854 2761 1908 Sed
2810 1854 3166 1923 Hieronymus
3211 1857 3435 1925 ipsemet
3476 1873 3738 1924 numero,
3772 1868 3837 1914 ut

2247 1954 2438 1998 vocant
2463 1985 2478 2010 ,
2512 1944 2740 1998 rotundo
2761 1980 2776 2009 ,
2806 1953 2861 1998 et
2898 1947 3098 1998 circiter
3133 1955 3390 2014 praeterea
3419 1963 3546 2002 usus
3574 1950 3836 2006 adverbio

2249 2034 2424 2088 locum
2455 2037 2773 2090 accuratiori
2806 2037 3169 2106 supputationi
3201 2038 3345 2104 facit,
3379 2051 3436 2093 ut
3472 2042 3679 2096 etiamsi
3709 2052 3837 2096 tan-

2251 2131 2360 2177 tum
2387 2124 2509 2177 anni
2533 2124 2929 2195 duodetriginta
2953 2125 3372 2197 intercesserint,
3395 2129 3494 2184 sibi
3518 2129 3630 2199 ipse
3652 2140 3839 2188 tamen

2250 2212 2473 2284 suisque
2501 2215 2798 2270 rationibus
2827 2216 2958 2270 satis
2985 2226 3216 2272 constet.

2807 2367 3028 2424 CAPUT
3059 2368 3204 2424 XXX
3213 2368 3272 2426 Υ.

2255 2479 2298 2533 Ι.
2334 2477 2527 2532 Nuntio
2556 2479 2619 2534 de
2643 2488 2792 2549 capta
2823 2479 3004 2546 Roma,
3032 2491 3078 2534 et
3100 2480 3361 2537 Marcella
3383 2484 3519 2539 obitu
3541 2498 3842 2543 consterna-

2327 2579 2424 2633 tus,
2453 2570 2729 2640 despondet
2754 2571 3001 2624 animum.
3026 2571 3088 2624 Il.
3112 2572 3312 2640 Captos
3337 2583 3503 2630 tamen
3524 2577 3575 2630 in
3596 2575 3846 2635 Ezechie-

2328 2661 2424 2714 lem
2465 2659 2864 2714 Commentarios
2901 2672 3073 2729 postea
3100 2664 3324 2716 resumit.
3367 2664 3455 2719 Ill.
3494 2664 3564 2720 Et
3591 2668 3660 2720 ad
3691 2666 3844 2722 Alar-

2329 2753 2567 2807 cellinunt
2591 2757 2899 2824 respondens
2917 2790 2933 2819 ,
2960 2755 3185 2824 queritur
3211 2756 3275 2809 de
3301 2756 3584 2826 irruptione
3618 2758 3846 2815 Sarace-

2331 2860 2532 2908 norum,
2565 2859 2597 2896 a
2621 2843 2800 2913 quibus
2819 2845 2903 2897 vis:
2921 2845 3087 2898 salvus
3111 2843 3306 2914 eﬂ'ugit.
3333 2846 3416 2901 IV.
3444 2847 3632 2902 Scribit
3661 2849 3849 2905 deinde

2330 2935 2400 2988 ed
2436 2934 2753 3003 Principiam
2795 2933 3056 2988 Marcella!
3081 2935 3427 3005 Epitaphium.
3461 2938 3518 2992 V.
3559 2939 3638 2991 Ad
3668 2938 3850 2994 Rusti-

2332 3041 2446 3080 cum
2470 3041 2696 3095 quoque,
2728 3035 2774 3077 et
2799 3025 2867 3077 ad
2888 3023 3227 3078 Gaudentium
3266 3025 3542 3094 Epistolas.
3578 3027 3662 3082 VI.
3694 3030 3850 3083 Com-

2333 3118 2604 3172 mentarios
2629 3117 2681 3170 in
2715 3116 3271 3170 Ezecltielentabsolvit.
3305 3117 3412 3172 VII.
3443 3118 3628 3172 Scribit
3651 3121 3721 3174 ad
3748 3121 3852 3176 De-

2334 3209 2655 3274 metriadem,
2702 3218 2748 3262 et
2788 3209 2856 3261 ad
2903 3207 3220 3261 Dardanum.
3270 3207 3403 3263 VIII.
3451 3209 3697 3276 Quadam
3742 3212 3852 3266 alia

2336 3301 2526 3370 scripta
2554 3301 2664 3370 ejus
2693 3308 2739 3352 et
2763 3309 2923 3370 gesta.

2338 3411 2582 3466 Alaricus
2613 3413 2877 3481 ingentem
2910 3413 3012 3465 vim
3045 3413 3157 3466 auri
3185 3427 3212 3465 a
3245 3409 3501 3469 Romanis
3525 3426 3688 3485 quum
3714 3425 3852 3473 exe-

2267 3509 2461 3576 gisset,
2505 3505 2664 3560 Urbis
2705 3505 3004 3558 libertatem
3043 3515 3163 3558 eum
3208 3506 3272 3559 iis
3301 3516 3512 3574 pactus,
3548 3508 3854 3578 insequenti

2270 3597 2514 3666 proxime
2543 3610 2686 3650 anno
2720 3593 2846 3659 λοι),
2884 3595 3058 3651 [ωάιιε
3089 3595 3335 3660 violavit,
3367 3606 3421 3652 ct
3450 3597 3673 3652 Romam
3716 3614 3858 3668 prte-

2273 3689 2473 3760 potenti
2505 3700 2625 3741 ctnn
2657 3689 2894 3742 exercitu
2925 3688 3277 3742 Barbarorum
3307 3703 3572 3751 reversus,
3603 3703 3721 3744 eam
3753 3691 3858 3744 tui-

2271 3795 2450 3834 serum
2483 3779 2535 3831 in
2565 3777 2778 3832 modum
2808 3778 2896 3833 die
2925 3780 3127 3833 mensis
3162 3780 3384 3848 Augusti
3415 3778 3602 3834 XXIV.
3633 3788 3861 3850 totoque

2275 3867 2436 3925 biduo
2468 3867 2768 3939 insequenti
2797 3871 3056 3938 diripuit,
3099 3869 3241 3923 ferro
3279 3882 3436 3939 atque
3469 3871 3729 3924 incendiis
3763 3885 3857 3923 va-

2273 3963 2450 4016 stavit.
2505 3959 2737 4015 Narrant
2789 3962 3115 4016 teterrimam
3162 3970 3394 4030 stragem
3441 3961 3857 4031 O‘Iytnpiodorus

2274 4052 2415 4121 apud
2447 4051 2688 4105 Pltolium
2716 4051 2848 4105 Cod.
2880 4044 3092 4105 LXXX.
3122 4049 3365 4106 Rullinu‘s
3396 4050 3716 4107 Przcl'atione
3745 4051 3857 4106 Ho-

2276 4144 2540 4197 miliarum
2582 4141 2826 4210 Origenis
2863 4143 2913 4194 in
2957 4140 3220 4194 Numeros
3262 4140 3401 4208 apud
3441 4135 3710 4194 \‘alesi‘um
3735 4181 3755 4206 ,
3804 4144 3860 4196 et

2277 4230 2547 4287 Palladius
2576 4233 2627 4286 in
2661 4231 2915 4285 Lausi‘a‘ea
2943 4244 3060 4299 cap.
3088 4228 3318 4285 CXVIII.
3364 4231 3599 4296 Quorum
3646 4247 3746 4286 nos
3773 4244 3863 4287 se-

2277 4324 2426 4390 quuti
2477 4323 2742 4381 rationes,
2787 4319 2854 4372 ad
2901 4320 3040 4372 hunc
3085 4330 3284 4372 annum
3327 4329 3448 4373 com
3493 4318 3862 4374 eruditissimo

2279 4411 2740 4482 Chronologorum
2800 4409 2961 4480 Pugio
3017 4410 3175 4466 Urbis
3229 4425 3411 4465 casum
3463 4411 3861 4466 revocavirnus.

2277 4504 2481 4560 Caetera
2508 4503 2734 4565 scimus,
2771 4502 2928 4571 vulgo
2968 4501 3212 4554 obtinere
3237 4501 3460 4554 aliorum
3501 4502 3827 4555 sententiam
3849 4542 3866 4562 ,

2279 4609 2398 4664 qua:
2441 4596 2491 4647 in
2531 4608 2728 4645 annum
2777 4590 3146 4660 ittSequentem
3189 4589 3294 4644 U0
3349 4589 3600 4644 transfert
3643 4607 3658 4644 :
3699 4606 3865 4659 quam

2281 4683 2493 4753 quidem
2517 4695 2571 4737 et
2590 4697 2687 4736 nos
2705 4682 2831 4736 olim
2853 4681 3083 4750 amplexi
3106 4696 3312 4736 sumus.
3331 4680 3514 4734 Tanta:
3529 4690 3704 4735 autem
3725 4683 3869 4736 cladi

2283 4789 2532 4844 proceres
2572 4770 2798 4828 Romani
2839 4771 3143 4840 complures
3171 4787 3236 4826 ex
3277 4787 3464 4826 eorum
3493 4784 3741 4835 numero,
3777 4775 3872 4842 qui

2287 4866 2612 4935 Hieronymo
2634 4863 2802 4933 juncti
2831 4863 3082 4916 amicitiis
3109 4870 3283 4925 erant,
3309 4860 3725 4916 succubuerunt.
3756 4861 3875 4916 Ilus

2283 4957 2422 5012 inter
2448 4954 2842 5018 Pammachius,
2870 4967 3029 5022 quem
3054 4952 3122 5007 de
3143 4953 3358 5007 nomine
3380 4949 3638 5006 IaudatS.
3669 4952 3873 5008 Pater:

2282 5056 2338 5101 et
2361 5045 2630 5109 Marcella,
2662 5044 2815 5110 cujus
2839 5052 3021 5111 postea
3048 5043 3180 5110 ipse,
3209 5051 3265 5095 ut
3297 5049 3420 5096 mox
3439 5040 3702 5106 dicemus,
3741 5041 3876 5110 Epi-

2285 5138 2522 5206 taphium
2553 5134 2812 5188 condidit.
2857 5131 2960 5186 Sed
2993 5131 3180 5184 barum
3230 5132 3470 5184 nuntium
3501 5132 3875 5185 calamitatum

2274 5229 2374 5281 'ubi
2406 5227 2614 5293 accepit
2633 5265 2645 5285 ,
2678 5225 2746 5276 ita
2773 5223 2943 5274 animo
2972 5231 3316 5275 consternatus
3343 5228 3454 5281 est,
3490 5230 3549 5274 ιιι
3579 5237 3878 5290 propemo-

2285 5318 2412 5372 dum
2435 5313 2796 5381 obstupaisse,
2829 5312 2896 5365 de
2923 5326 2981 5365 se
3011 5313 3121 5380 ipse
3151 5322 3392 5364 testetur.
3423 5310 3520 5364 Diu
3550 5320 3698 5366 certe
3727 5313 3878 5366 mul-

2288 5421 2523 5477 tumque,
2561 5413 2683 5475 puta
2710 5403 2935 5458 solidum
2959 5415 3179 5466 aunmn,
3207 5412 3260 5454 et
3281 5401 3420 5470 quod
3443 5403 3704 5466 excurrit,
3739 5418 3881 5460 mte-

2288 5513 2409 5554 rore
2435 5503 2719 5565 superatus
2747 5493 3023 5553 conticuit,
3053 5503 3106 5546 et
3131 5508 3287 5560 quem
3316 5491 3532 5545 vixdum
3565 5504 3886 5564 occosperat

2288 5591 2342 5646 in
2388 5586 2724 5642 Ezccltielem
2775 5583 3228 5638 Commentarium
3271 5581 3525 5637 excidere
3555 5599 3587 5639 e
3626 5586 3886 5642 mauibtl

2289 5692 2477 5748 passus
2505 5686 2606 5731 est.
