4050 6188
230 422 291 480 ll.
315 422 371 481 ld
397 436 530 481 vero
551 431 768 497 praestat
790 423 859 480 ab
879 424 1108 493 ipsemet
1134 421 1449 492 intelligere,
1479 436 1638 491 quum
1662 418 1727 474 ad

172 517 276 588 ejus
300 531 356 573 se
380 516 601 572 demum
629 516 1086 573 elucubrationem
1129 514 1353 583 recepit.
1398 512 1615 574 Finitis,
1650 512 1729 565 in-

172 608 275 678 quit
302 606 523 678 Prologo
553 606 727 677 primo
757 607 808 660 in
840 605 1119 671 Ezechiel,
1158 605 1209 657 in
1249 602 1441 656 Isaiam
1486 602 1655 656 decem
1685 609 1730 655 el

172 706 274 749 octo
302 695 729 766 Explanationum
756 695 1124 759 voluminibus,
1170 696 1239 746 ad
1286 694 1549 759 Ezechiel,
1595 692 1732 761 quod

172 788 270 852 tibi,
320 796 367 841 et
409 798 597 842 sanch
642 789 897 841 memoriae
938 788 1088 839 matri
1128 796 1229 840 tua:
1267 785 1468 848 Paulle,
1513 801 1543 838 ο
1577 783 1732 853 Virgo

170 875 342 931 Christi
364 876 717 943 Eustochium,
741 894 874 948 stupe
895 877 1150 946 pollicitus
1169 893 1300 941 sum,
1329 876 1542 929 transire
1563 876 1736 944 cupie-

171 968 271 1021 bant
291 1009 307 1034 ,
336 978 384 1024 et
411 980 713 1035 extremam,
744 980 797 1023 ut
827 971 1033 1035 dicitur,
1074 986 1279 1022 manum
1311 970 1453 1035 operi
1479 970 1734 1038 imponere

168 1055 454 1128 Prophetali
482 1074 501 1112 :
527 1069 574 1113 et
600 1074 711 1113 ecce
735 1060 899 1113 subito
926 1075 1061 1113 mors
1086 1059 1212 1112 mihi
1251 1058 1564 1112 Pammachii
1588 1068 1737 1127 atque

166 1145 439 1214 ιωωιιω,
463 1147 713 1202 Romam:
734 1150 874 1203 urbis
892 1149 1104 1214 obsidio,
1128 1149 1499 1220 multorumque
1518 1152 1736 1218 fratrum

163 1252 215 1289 ac
239 1252 477 1292 sororum
502 1238 742 1292 dormitio
770 1239 1000 1291 nuntiata
1026 1249 1117 1292 est.
1147 1239 1310 1307 Atque
1345 1239 1416 1291 ita
1442 1249 1736 1291 consterna-

162 1337 233 1380 tus
261 1329 526 1398 obstupui,
553 1338 609 1381 ut
638 1327 768 1381 nihil
796 1328 941 1381 aliud
971 1328 1140 1381 diebus
1175 1344 1236 1381 ac
1266 1327 1524 1393 noctibus,
1554 1327 1651 1379 nisi
1680 1327 1743 1379 de

161 1417 320 1473 salute
342 1420 569 1472 omnium
588 1418 864 1489 cogitarem
887 1433 905 1472 :
934 1435 1108 1489 meque
1132 1419 1184 1471 in
1207 1419 1495 1487 captivitate
1524 1416 1742 1471 Sancto-

163 1524 266 1562 rttm
292 1516 531 1579 putarem
568 1524 675 1562 esse
699 1509 951 1578 captivum
972 1550 987 1575 ,
1017 1524 1106 1561 nec
1132 1524 1334 1577 possem
1376 1508 1517 1577 prius
1542 1522 1631 1559 ora
1669 1521 1742 1559 re-

162 1613 343 1662 serare,
377 1596 477 1651 nisi
495 1597 692 1667 aliquid
714 1599 898 1651 certius
923 1598 1164 1651 discerem
1186 1614 1206 1652 :
1232 1597 1350 1650 dum
1382 1598 1511 1650 inter
1526 1613 1667 1665 spem
1692 1606 1739 1648 et

164 1689 557 1761 desperationem
585 1689 837 1743 sollicitus
871 1689 1095 1759 pendeo,
1141 1688 1460 1756 aliorumque
1487 1689 1632 1741 malis
1661 1703 1739 1740 me

164 1780 344 1835 crucia.
398 1777 674 1847 Postquam
702 1793 818 1833 vero
858 1778 1193 1832 clarissimum
1223 1788 1469 1831 terrarum
1512 1777 1736 1829 omnium

166 1873 327 1926 lumen
368 1871 643 1925 extinctum
671 1880 780 1936 est,
808 1870 909 1924 imo
956 1868 1174 1922 Romani
1214 1870 1415 1938 imperii
1452 1879 1736 1921 truncatum

164 1973 309 2034 caput
329 1980 351 2019 :
380 1973 427 2018 et
456 1972 508 2016 ut
533 1964 697 2016 verius
724 1962 919 2025 dicam,
950 1962 1001 2013 in
1032 1977 1131 2013 una
1170 1959 1303 2014 Urbe
1334 1971 1467 2013 totus
1491 1959 1623 2013 orbis
1651 1961 1733 2013 in.

113 2045 121 2052 ’
167 2058 326 2125 tcriit,
356 2054 641 2118 Obmutui,
668 2065 725 2110 et
752 2053 1057 2108 humiliatus
1087 2066 1203 2106 Sum
1224 2094 1239 2118 ,
1268 2062 1369 2106 etc.
1414 2051 1593 2105 l’erum
1618 2053 1739 2121 quia

167 2158 212 2204 et
237 2160 290 2203 tu
312 2146 653 2201 indesinenter
676 2144 770 2198 hoc
789 2144 1011 2214 ﬂagitas,
1040 2154 1087 2197 et
1113 2159 1294 2213 magno
1317 2141 1506 2196 vulneri
1531 2143 1742 2195 cicatrix

169 2239 412 2310 paulatim
434 2235 692 2290 inducitur
711 2251 730 2289 :
758 2232 1401 2302 Scorpiusqusll’tul'ﬁnus)
1428 2235 1557 2285 inter
1579 2231 1741 2285 Ence-

168 2331 337 2384 ladum
361 2336 413 2383 et
453 2325 858 2397 Porphyrionem
900 2324 1178 2378 Trinacria:
1217 2327 1367 2376 humo
1403 2324 1664 2393 premitur,
1697 2330 1743 2375 et

169 2420 330 2490 hydra
359 2418 634 2471 multorum
662 2416 886 2485 capitum
912 2424 1087 2468 contra
1123 2430 1213 2468 nos
1242 2413 1514 2483 aliquando
1544 2413 1746 2466 sibilare

167 2509 370 2564 cessavit
396 2523 415 2561 :
443 2508 715 2576 datumque
754 2515 983 2573 tempus,
1025 2520 1122 2574 quo
1148 2520 1249 2556 non
1289 2503 1638 2557 hwreticorum
1666 2518 1747 2555 re-

170 2600 417 2669 spondere
436 2598 667 2665 insidiis,
697 2598 785 2651 sed
812 2596 1200 2665 Scripturarum
1234 2596 1535 2664 expositioni
1552 2596 1747 2647 incum-

170 2692 281 2744 bere
302 2690 571 2743 debeamus
590 2729 606 2753 ,
651 2687 922 2759 aggrediar
954 2686 1186 2740 Ezechiel
1225 2684 1537 2753 Prop/ictam
1556 2726 1571 2751 ,
1601 2686 1747 2755 cujus

170 2780 510 2851 diﬁeultatem
533 2777 865 2832 Hebrazorum
891 2777 1068 2846 probat
1094 2775 1319 2842 traditio,
1349 2785 1478 2843 etc.,
1504 2792 1620 2846 qum
1644 2777 1747 2831 huc

171 2874 391 2928 releras.
414 2870 530 2926 Jam
569 2870 747 2941 itaque
776 2868 1021 2923 Bullinus
1053 2867 1160 2921 lato
1183 2867 1394 2922 iunctus
1422 2877 1558 2931 erat,
1588 2882 1747 2936 quem

170 2965 243 3020 ait
284 2962 344 3020 S.
377 2962 537 3017 Pater
574 2960 863 3015 Trinacria:
888 2960 998 3029 jam
1043 2958 1205 3013 humo
1250 2959 1458 3028 premi:
1493 2959 1750 3013 Messana:

172 3057 408 3121 scilicet,
435 3054 502 3109 ad
526 3069 685 3125 quam
717 3052 958 3107 ultimam
990 3052 1151 3107 ltalirc
1180 3052 1389 3116 urbem,
1417 3051 1749 3105 barbaricam

174 3148 458 3217 procellam
486 3145 767 3216 eﬂ'ugiens,
796 3158 917 3198 sese
941 3160 1061 3198 cum
1092 3151 1317 3213 utraque
1344 3141 1568 3197 Melania
1594 3150 1754 3211 atque

174 3237 293 3293 aliis
314 3245 628 3307 receperat,
657 3234 794 3289 inter
820 3234 1047 3289 Sicanos
1068 3275 1081 3295 .
1114 3235 1296 3303 utique
1319 3230 1618 3301 gigantibus
1644 3231 1753 3283 En-

172 3328 361 3385 celado
390 3338 447 3384 et
490 3326 844 3398 Porphyrioni
889 3326 1210 3395 (perperam
1252 3325 1445 3379 lectum
1488 3332 1612 3376 ante
1658 3336 1755 3376 nos

174 3419 494 3493 Porphyrio)
520 3418 668 3489 juxta
713 3418 914 3471 fabulas
946 3417 1230 3471 Poetarum
1260 3425 1470 3469 montes
1494 3413 1755 3482 superim-

172 3513 404 3582 positos.
426 3509 665 3564 Mortuus
686 3517 861 3561 autem
885 3506 968 3559 hit-
989 3516 1071 3560 est
1088 3506 1156 3559 ab
1181 3506 1267 3558 illa
1290 3520 1410 3559 cum
1437 3504 1620 3557 Roma:
1643 3513 1753 3556 tum

173 3600 337 3665 Latii,
358 3598 591 3654 subinde
629 3607 686 3652 ct
726 3612 930 3667 magna:
950 3595 1168 3651 Graecia:
1188 3594 1596 3664 depopulatione
1616 3608 1757 3648 anno

174 3689 506 3761 insequenti,
537 3690 650 3743 sive
671 3689 796 3753 HO,
820 3702 989 3757 eoque
1011 3686 1120 3741 fere
1143 3686 1339 3750 medio,
1362 3687 1405 3738 si
1436 3685 1593 3739 ﬁdem
1621 3684 1758 3739 Mar-

176 3780 443 3853 tyrologio
482 3778 563 3833 illi
602 3777 955 3843 adhibemus,
983 3776 1123 3846 quod
1154 3775 1463 3829 Bolaudiani
1496 3774 1628 3829 socii
1658 3775 1759 3831 sub

113 3899 117 3902 -
176 3872 399 3926 nomine
428 3868 478 3923 Ρ
478 3868 657 3923 lorarii
683 3867 1006 3930 Sanctorum,
1039 3864 1323 3919 identidem
1352 3864 1596 3929 laudant,
1628 3873 1683 3919 et
1706 3866 1757 3919 in

176 3976 286 4029 quo
310 3962 432 4030 ejus
470 3959 728 4013 memoria
759 3957 847 4011 die
872 3973 979 4010 xw.
1010 3956 1151 4010 Junii
1190 3956 1553 4024 consignatur.
1599 3954 1761 4009 Deni-

178 4069 285 4123 que
329 4063 521 4108 nactus
558 4051 672 4121 jam
714 4061 830 4106 erat
859 4049 1216 4119 Hieronymus
1260 4057 1462 4101 tantum
1493 4045 1622 4110 otii,
1655 4061 1763 4115 quo

180 4147 279 4202 sibi
308 4145 495 4216 quieto
536 4158 661 4199 esse
703 4143 772 4197 ab
796 4141 1167 4196 hmrelicorum
1213 4140 1419 4193 insidiis
1448 4138 1668 4202 liceret,
1711 4145 1766 4191 et

178 4247 368 4305 posset
412 4250 569 4305 {equo
615 4234 796 4289 animo
842 4233 1235 4303 Seripturarum
1280 4230 1641 4301 explanationi
1680 4229 1765 4283 in-

180 4328 463 4382 cumbere.
508 4326 641 4394 Qua:
683 4325 861 4380 omnia
891 4325 1173 4380 devenisse
1198 4324 1307 4393 jam
1349 4322 1497 4378 illum
1526 4321 1594 4376 ad
1640 4321 1766 4378 anni

178 4419 281 4475 611
314 4418 540 4475 exordia
568 4418 701 4472 satis
722 4417 1003 4473 manifesto
1028 4416 1283 4471 indicant.

250 4509 342 4566 ιιι.
374 4508 509 4576 Quae
536 4509 819 4565 subsecuta
841 4518 923 4563 est
948 4520 1126 4563 rerum
1154 4521 1394 4572 suarum,
1423 4520 1486 4561 ac
1512 4505 1647 4560 Viue
1678 4520 1766 4559 se-

182 4603 318 4659 riem
329 4603 390 4658 S.
406 4602 547 4657 idem
562 4602 724 4657 Pater
738 4601 971 4671 Epistola
987 4598 1219 4665 CXXVI,
1234 4615 1389 4668 quam
1405 4600 1615 4653 bocmet
1626 4612 1768 4652 anno

183 4696 329 4764 (post
350 4695 538 4765 plures
557 4692 693 4745 alias
716 4707 837 4762 qua:
863 4690 1271 4759 interciderunt)
1302 4689 1367 4742 ad
1405 4688 1767 4743 Marcellinum

181 4793 238 4838 et
280 4783 690 4855 Anapsychiam
735 4783 988 4852 scripsit,
1034 4790 1344 4851 persecutus
1380 4789 1483 4834 est.
1528 4779 1770 4849 Cumque

180 4886 469 4934 narrasset
506 4877 780 4944 pluribus,
808 4876 1041 4930 voluisse
1069 4875 1197 4928 olim
1245 4888 1302 4927 se
1341 4874 1590 4926 volumen
1634 4872 1770 4926 Eze-

180 4966 385 5026 chielis
423 4966 744 5034 explanare,
791 4965 947 5021 malis
990 4972 1167 5019 autem
1208 4964 1610 5034 ingruentibus,
1661 4962 1772 5017 fere

179 5053 555 5127 despondisse
579 5057 809 5110 animum
831 5097 847 5122 ,
875 5055 1073 5126 diuque
1100 5055 1325 5109 tacuisse
1345 5095 1360 5119 ,
1389 5053 1530 5123 quod
1565 5062 1772 5122 tempus

180 5157 334 5204 esset
372 5146 771 5217 lacrymarum,
806 5145 986 5210 addit,
1035 5144 1148 5199 Hoc
1177 5155 1342 5198 autem
1378 5158 1511 5196 anno
1553 5140 1773 5212 (utique

180 5238 314 5308 411)
347 5254 468 5292 cum
494 5246 597 5291 tres
630 5237 961 5307 explicassem
982 5235 1164 5300 libros,
1194 5234 1382 5288 subitus
1402 5235 1616 5302 impetus
1639 5232 1773 5284 Bar-

183 5329 549 5396 ὄπωπεν...
562 5370 574 5382 .
595 5326 899 5398 εἰσιΕῃῃριὶ
911 5327 1140 5393 limitem,
1158 5326 1470 5388 Palwstince,
1492 5324 1770 5388 Platenicis,

180 5416 361 5488 Syriae
398 5418 653 5490 percurrit
700 5419 767 5471 ad
790 5419 953 5471 instar
990 5417 1224 5470 torrentis
1262 5424 1442 5467 cuncta
1478 5429 1645 5467 secum
1674 5425 1778 5466 tra-

183 5507 333 5575 hens,
363 5519 420 5564 ut
449 5510 537 5563 uia:
560 5525 745 5561 manus
765 5524 940 5562 eorum
964 5506 1311 5561 misericordia
1338 5502 1523 5558 Christi
1548 5503 1778 5572 potueri-

178 5614 299 5654 ιω
328 5601 558 5655 evadere.
587 5598 731 5653 Duos
758 5599 930 5667 itaque
955 5599 1111 5651 libros
1134 5598 1248 5650 misi
1276 5596 1482 5651 Sancta:
1506 5593 1630 5662 ﬁlice
1656 5608 1780 5646 mete

176 5688 415 5749 Fabiola:
438 5690 669 5764 (juniori
700 5690 937 5755 scilicet,
967 5692 1087 5757 quae
1114 5701 1173 5742 se
1198 5685 1358 5743 Urbis
1385 5694 1437 5742 et
1465 5684 1651 5755 patriae
1680 5683 1776 5738 tle-

643 5804 701 5863 S.
749 5804 1120 5862 thnountt
1166 5802 1211 5860 1.

1427 309 1487 365 S.
1530 305 1896 363 UlERONYMI
1945 306 2119 363 \‘lTA.

3304 313 3408 367 16’)

1835 420 2118 474 vastationi
2146 419 2483 487 subduceris,
2524 420 2575 475 in
2605 420 2836 477 Africam
2863 421 3164 495 receperat)
3193 440 3408 495 quorum

1832 510 2063 579 exempla
2098 510 2143 563 si
2178 511 2427 575 volueris,
2457 511 2519 564 ab
2556 511 2666 577 ipsa
2694 512 2876 580 poteris
2903 515 3161 577 mutuari;
3186 532 3278 583 pro
3308 533 3407 569 an-

1832 603 2001 671 gustia
2033 602 2221 672 quippe
2248 602 2485 670 temporis
2513 603 2642 655 alios
2671 602 2947 656 describere
2973 620 3072 656 non
3101 606 3257 672 potui.
3300 605 3403 660 Fa-

1833 693 1938 747 cile
1963 693 2103 761 quod
2136 702 2190 747 et
2221 694 2434 747 tertium
2466 693 2770 748 describere
2799 709 2902 746 non
2937 696 3187 762 potuerit,
3233 711 3407 749 causae

1835 783 1950 851 iuit,
1978 786 2118 855 quod
2145 784 2567 857 conl‘ugientium
2596 785 2660 839 ad
2685 802 2743 840 sc
2771 785 2836 840 de
2867 793 2981 839 toto
3008 786 3139 840 orbe
3166 787 3408 857 frequen-

1834 876 1905 929 tia
1928 876 2228 931 incredibili
2260 891 2493 946 pressus,
2522 878 2782 931 obeundis
2810 893 2932 947 erga
2965 891 3153 932 omnes
3181 877 3417 948 hoSpita-

1836 965 1997 1021 litatis
2024 966 2215 1021 olﬁciis
2244 967 2611 1022 distineretur.
2637 967 2896 1021 Nimirum
2924 966 3027 1021 hoc
3053 968 3163 1037 ipse
3186 967 3237 1021 in
3264 969 3415 1037 ejus-

1836 1060 1957 1113 dem
2013 1059 2329 1115 Pra‘l’atione
2366 1060 2483 1114 libri
2526 1069 2795 1126 causatur,
2830 1060 3099 1126 Quotidie,
3134 1060 3416 1130 inquiens,

1839 1160 2014 1202 sancta
2036 1149 2294 1204 Bethleem
2317 1150 2506 1204 nobiles
2533 1149 2787 1215 quondam
2816 1150 3074 1221 utriusque
3096 1166 3245 1205 sexus
3268 1160 3421 1219 atque

1841 1240 2071 1293 omnibus
2110 1240 2297 1293 divitiis
2328 1241 2617 1311 afﬂuentes,
2654 1240 2861 1309 suscipit
2900 1241 3257 1294 mendicantes.
3296 1240 3393 1304 Qui
3407 1272 3421 1282 -

1844 1328 1933 1380 bus
1958 1328 2197 1397 quoniam
2234 1344 2377 1397 apem
2407 1332 2542 1399 ferre
2572 1345 2673 1382 non
2699 1344 2959 1398 possumus
2986 1329 3339 1396 condolemus,
3370 1338 3418 1382 et

1845 1419 2095 1489 lacrymas
2122 1419 2356 1490 lacrymis
2371 1416 2639 1489 jungimus
2665 1435 2685 1472 :
2715 1420 3041 1490 occupatique
3064 1420 3225 1473 sancti
3254 1419 3421 1489 aperis

1842 1511 2044 1563 sarcina
2064 1552 2078 1575 ,
2114 1510 2235 1562 dum
2265 1511 2374 1563 sine
2394 1511 2581 1578 gemitu
2612 1511 2919 1579 conﬂuentes
2955 1511 3125 1565 uidere
3158 1527 3257 1564 non
3286 1511 3419 1576 pati-

1841 1615 1974 1664 mur,
2006 1599 2429 1668 Explanationem
2454 1601 2505 1653 in
2532 1600 2782 1667 Ezechiel,
2810 1610 2857 1655 et
2883 1618 3009 1671 pene
3029 1618 3176 1655 omne
3195 1602 3419 1656 studium

1839 1688 2113 1752 omisimus,
2146 1688 2626 1759 Scripturarumque
2644 1691 2872 1760 cupimus
2892 1691 3037 1744 verba
3059 1692 3110 1745 in
3130 1706 3284 1761 opera
3312 1707 3423 1746 ver-

1839 1787 1960 1841 tere,
1991 1787 2038 1831 et
2066 1795 2166 1831 non
2195 1780 2360 1833 dicere
2382 1788 2575 1844 sancta,
2607 1784 2698 1834 sed
2725 1784 2909 1852 facere.

1910 1870 1997 1925 ιν.
2028 1869 2245 1926 Interim
2267 1870 2324 1926 S.
2350 1872 2504 1926 Pater
2524 1888 2657 1943 stepe
2675 1881 2721 1926 et
2744 1872 2957 1926 multum
2977 1883 3194 1943 rogatus
3216 1889 3243 1927 a
3268 1874 3421 1928 Prin-

1839 1962 1976 2031 cipia
2004 1965 2245 2033 virgine,
2278 1973 2335 2017 ut
2357 1966 2667 2018 memoriam
2707 1974 2905 2020 sancta:
2940 1965 3202 2020 Marcella:
3229 1965 3422 2020 litteris

1841 2053 2263 2119 commendaret,
2295 2070 2415 2109 cum
2446 2054 2719 2125 hucusque
2743 2070 2975 2111 mterore
2998 2056 3218 2110 allectus
3245 2056 3421 2110 incre-

1842 2144 1991 2198 tlibili
2020 2144 2339 2207 reticuisset,
2364 2154 2418 2199 et
2443 2145 2700 2197 biennium
2725 2146 2791 2199 ab
2817 2147 2956 2199 illius
2978 2146 3123 2199 obitu
3152 2148 3426 2216 pra'teriiso

1843 2244 1916 2288 set
1954 2234 2181 2298 silentio,
2223 2234 2364 2304 quod
2414 2235 2545 2288 nihil
2595 2243 2721 2288 tunc
2749 2235 2849 2288 sibi
2882 2235 3151 2289 videretur
3178 2251 3426 2305 promere

1847 2339 2003 2394 posse
2029 2325 2270 2378 laudibus
2300 2324 2415 2393 ejus
2436 2324 2651 2394 dignum
2678 2342 2691 2380 :
2720 2325 2946 2395 denique
2976 2327 3423 2396 opportunitatem

1848 2425 2070 2478 nactus,
2115 2416 2405 2484 Epistulam
2435 2417 2501 2470 ad
2544 2432 2661 2471 eam
2706 2415 2853 2471 dedit
2897 2418 2947 2471 in
2980 2419 3293 2474 recensione
3324 2434 3425 2474 no-

1846 2516 1957 2561 stra
1990 2506 2248 2561 CXXVII.
2291 2522 2391 2576 qua
2422 2506 2658 2562 debitum
2706 2507 2968 2563 Marcella:
2993 2510 3278 2565 virtutibus
3304 2511 3425 2565 oili-

1846 2598 1988 2651 cium
2013 2612 2112 2649 una
2133 2597 2477 2650 lucubratione
2502 2598 2776 2667 persolvit.
2803 2600 2975 2668 Atque
2995 2614 3114 2655 eam
3138 2616 3268 2656 sane
3293 2602 3424 2656 nulli

1848 2686 2163 2752 secundum,
2201 2703 2322 2741 cum
2356 2686 2672 2743 nobilissimi
2702 2689 2912 2758 generis
2933 2729 2947 2753 ,
2997 2700 3105 2744 tum
3135 2690 3345 2762 pietatis
3372 2694 3425 2747 in

1850 2779 2014 2835 Deum
2054 2780 2210 2836 laude
2240 2783 2515 2837 mulierem
2548 2782 2828 2852 magniﬁce
2857 2783 3137 2852 prmdicat,
3167 2784 3308 2853 quod
3343 2800 3429 2839 se-

1849 2873 2017 2942 ptimo
2039 2888 2067 2926 a
2098 2874 2296 2944 nuptiis
2318 2889 2504 2929 mense
2532 2876 2647 2928 viro
2675 2874 2859 2928 orbata
2880 2916 2893 2938 ,
2925 2876 3199 2930 Cerealem
3221 2875 3428 2930 Consu-

1851 2964 1956 3018 lcm
1986 2965 2249 3018 secundas
2289 2964 2404 3033 ejus
2443 2966 2655 3033 nuptias
2697 2964 3021 3017 ambientem
3064 2965 3344 3032 rcjccerit,
3377 2975 3433 3020 et

1851 3053 2123 3107 Monachzc
2148 3052 2321 3107 Vitam
2362 3055 2528 3121 prima
2562 3052 2820 3106 nobilium
2847 3052 3161 3106 feminarum
3203 3070 3332 3108 ausa
3363 3057 3434 3111 sit

1857 3146 2040 3201 Roma:
2064 3145 2332 3214 proﬁteri,
2366 3158 2568 3212 suoque
2596 3145 2840 3212 exemplo
2868 3144 3059 3197 multas
3088 3144 3155 3199 ad
3182 3145 3319 3200 idern
3347 3147 3433 3201 iu-

1856 3236 2099 3290 stitutum
2150 3234 2486 3302 pertraxerit.
2533 3233 2669 3288 Tum
2712 3233 2839 3288 illud
2895 3234 3132 3303 pluribus
3174 3247 3431 3304 exornat,

1858 3327 1997 3396 quod
2023 3336 2326 3380 sanctarum
2350 3325 2745 3396 Scripturarum
2770 3326 2959 3380 studiis
2980 3342 3223 3395 accensa,
3254 3329 3350 3384 abs
3375 3345 3434 3386 se

1858 3417 2041 3471 Bonna
2074 3426 2195 3470 tunc
2225 3428 2414 3485 agente
2437 3416 2643 3471 divinas
2671 3418 2901 3474 Litteras
2920 3419 3325 3490 diligentissime
3350 3422 3436 3477 di-

1859 3507 2065 3570 dicerit,
2100 3518 2260 3577 utque
2283 3508 2438 3561 altius
2465 3507 2706 3578 inﬁgeret
2728 3511 2915 3576 menti,
2942 3515 3135 3581 smpius
3156 3513 3220 3567 ad
3243 3514 3435 3570 absen-

1862 3608 1967 3652 tem
1985 3598 2276 3669 scripscrit.
2293 3600 2615 3667 qua-stiones
2638 3600 2688 3652 in
2712 3597 3009 3655 difﬁciliora
3031 3602 3145 3657 loca
3172 3603 3435 3674 ﬂagitans,
3456 3664 3471 3680 .

1860 3701 1918 3743 ut
1944 3688 2042 3742 sibi
2073 3690 2415 3744 etlisscreret.
2440 3690 2519 3743 Ad
2550 3690 2666 3745 hmc
2690 3691 2804 3761 ejus
2830 3703 3007 3746 narrat
3032 3693 3224 3749 factum
3251 3713 3435 3767 opera,

1861 3788 1915 3836 et
1943 3780 2271 3835 intemerata:
2294 3779 2589 3849 Religionis
2613 3795 2815 3843 amore,
2846 3790 2903 3833 ut
2931 3782 3086 3836 factio
3110 3782 3442 3851 Origenista-

1863 3886 1980 3925 rum
2003 3912 2016 3935 ,
2048 3887 2166 3941 qua:
2192 3870 2372 3925 Itonia:
2403 3880 2635 3940 coeperat
2664 3870 3016 3934 invalesccre,
3048 3871 3256 3941 prodita
3284 3883 3442 3941 atque

1865 3963 2094 4017 extincta
2125 3963 2212 4017 sit.
2265 3964 2499 4033 Denique
2539 3972 2592 4017 et
2636 3964 2687 4016 in
2728 3963 2982 4017 Romana:
3026 3962 3263 4033 ejusdem
3297 3965 3443 4017 urbis

1867 4053 2167 4121 direptione
2189 4093 2202 4114 ,
2232 4053 2417 4122 suique
2444 4054 2747 4121 captivitate
2781 4054 3020 4121 impense
3059 4054 3239 4108 laudat
3258 4096 3272 4117 ,
3302 4055 3445 4123 quod

1867 4150 2201 4196 constantem
2228 4142 2463 4195 animum
2498 4143 2759 4210 gesserit,
2791 4153 2849 4196 ut
2868 4159 2996 4198 cwsa
3022 4144 3237 4213 fustibus
3266 4148 3445 4215 ﬂagel-

1870 4230 2030 4301 lisque
2056 4230 2327 4285 videretur
2346 4246 2444 4283 non
2471 4230 2682 4283 sensisse
2710 4240 2974 4297 tormenta,
3001 4242 3045 4285 et
3074 4234 3201 4285 inter
3220 4242 3448 4287 cruentos

1870 4322 2068 4393 gladios
2094 4321 2334 4375 invenerit
2360 4320 2535 4390 pietati
2559 4320 2743 4385 locum,
2775 4331 2819 4375 et
2849 4331 2961 4392 post
2981 4322 3169 4393 aliquot
3190 4324 3295 4376 dies
3322 4341 3449 4378 sano

1870 4415 2068 4483 integro
2092 4422 2360 4482 vegetoque
2381 4412 2682 4482 corpusculo
2708 4411 3029 4467 obdormierit
3057 4415 3110 4467 in
3138 4414 3375 4469 Domino.

1944 4503 2010 4556 γ.
2040 4503 2145 4557 Per
2172 4501 2221 4555 id
2252 4516 2464 4571 quoque
2492 4502 2748 4569 temporis
2777 4501 3055 4571 scripsisse
3078 4504 3343 4574 putandus
3366 4514 3450 4560 est

1873 4596 1932 4649 S.
1961 4594 2120 4650 Pater
2162 4593 2428 4664 Epistolas
2457 4593 2589 4647 duas
2620 4594 2782 4658 alias,
2816 4595 3036 4651 alteram
3064 4596 3130 4651 ad
3173 4598 3449 4652 Rusticum

1876 4685 2212 4747 Monachum,
2242 4684 2307 4739 ad
2333 4684 2687 4741 Gaudentium
2714 4685 2955 4740 alterum.
2988 4687 3077 4741 Illa
3105 4688 3453 4756 quemadmo-

1875 4778 2001 4832 dum
2029 4786 2274 4847 oporteat
2301 4778 2578 4831 instituere
2610 4777 2769 4832 vitam
2798 4778 3056 4833 Monacbo
3076 4778 3289 4846 dignam
3310 4820 3325 4841 ,
3356 4793 3452 4847 per

1878 4877 2055 4937 partes
2084 4869 2239 4923 docet
2267 4885 2279 4921 :
2312 4882 2539 4937 cumque
2569 4878 2930 4937 paupertatem
2972 4882 3092 4920 etim
3122 4866 3309 4935 primis
3334 4885 3453 4923 am-

1881 4960 2213 5027 plectendam
2239 4968 2469 5020 moneat.
2489 4956 2759 5016 Craterum.
2778 4956 2871 5013 ait.
2894 4958 3039 5017 iuxta
3054 4955 3281 5010 miserias
3302 4960 3457 5030 hujus

1879 5053 2145 5121 temporis,
2192 5059 2238 5102 et
2280 5050 2463 5113 ubique
2505 5048 2704 5116 gladios
2744 5046 3033 5110 servientes,
3065 5046 3187 5103 satis
3216 5048 3353 5103 diues
3381 5060 3456 5104 est

1878 5142 1965 5210 qui
1987 5154 2118 5208 pane
2144 5154 2245 5192 non
2272 5138 2480 5206 indiget.
2520 5136 2634 5189 Non
2666 5134 2797 5188 alias'
2824 5144 3000 5189 autem
3026 5150 3085 5191 se
3110 5152 3266 5207 quam
3298 5140 3458 5194 modo

1882 5236 2122 5282 narratas
2149 5226 2478 5280 calamitates
2507 5224 2787 5291 designare
2813 5223 3018 5293 (contra
3057 5237 3216 5295 atque
3239 5227 3328 5281 alii
3356 5243 3456 5282 au-

1882 5325 2107 5380 tumant,
2131 5314 2219 5384 qui
2244 5328 2333 5366 eas
2354 5313 2459 5366 huc
2479 5312 2736 5376 referunt,
2758 5328 2877 5381 quae
2898 5323 3020 5368 ante
3038 5316 3453 5385 quinquennium

1882 5407 2239 5478 contigerunt)
2264 5405 2421 5473 paulo
2446 5402 2691 5472 superius
2721 5404 2914 5470 prodit,
2946 5406 3031 5460 ubi
3058 5406 3327 5462 Bullinum
3346 5410 3455 5479 jam

1884 5504 1992 5557 lato
2024 5500 2264 5554 iunctum
2285 5494 2567 5565 signiﬁcat,
2594 5492 2825 5548 tarditati
2856 5496 2970 5564 ejus
2995 5500 3093 5551 sub
3115 5498 3337 5553 Grunnii
3366 5518 3460 5556 nov

1886 5593 2031 5647 tuine
2059 5587 2336 5644 insultans.
2369 5585 2670 5641 Testudinco
2692 5625 2706 5649 ,
2739 5584 2907 5657 inquit
2929 5631 2943 5650 .
2978 5588 3291 5645 Grunniuius
3321 5595 3458 5647 ince-

1888 5688 2031 5742 debat
2059 5685 2125 5739 ad
2164 5684 2465 5752 loquendum
2490 5680 2651 5754 gradu
2673 5720 2686 5746 ,
2713 5690 2759 5733 et
2789 5699 2878 5753 per
2906 5685 3166 5740 intervalla
3194 5700 3425 5757 quadam
3446 5725 3460 5745 ,

2868 5787 3061 5872 (δίεν.)
