4050 6188
607 281 708 333 107

603 396 686 449 uia:
729 409 891 466 pauca
919 389 1067 446 verba
1097 384 1364 455 carpebat,
1409 387 1460 430 ut
1499 392 1612 430 eum
1643 383 1845 445 putares
1887 368 2188 440 singultire,

505 457 514 463 -
603 503 704 541 non
729 457 988 556 proloqui.
1024 477 1089 530 Et
1131 486 1296 528 tamen
1339 484 1490 538 quam
1518 481 1688 519 mensa
1719 463 1880 534 posita
1900 501 1915 526 ,
1948 459 2192 514 librorum

603 551 914 646 exposuisset
957 579 1175 627 struem,
1228 562 1449 615 adducto
1492 557 1782 626 supercilio,
1830 551 2194 618 contractisque

601 643 839 722 naribus,
871 675 931 712 ac
971 659 1139 727 fronte
1178 661 1358 723 rugata
1379 692 1393 714 ,
1423 649 1619 701 duobus
1647 643 1874 717 digitulis
1913 655 2190 709 concrepa.

600 757 682 807 bat
702 793 716 815 ,
763 760 892 811 ete.,
932 745 1126 816 quibus
1155 751 1268 796 tute
1297 740 1511 795 fatearis
1532 779 1549 804 ,
1589 752 1696 792 non
1727 735 1888 790 alium
1918 731 2152 786 voluisse
2172 770 2188 794 ,

599 858 756 914 quam
791 839 1059 896 Iluffinum
1080 879 1097 904 ,
1131 849 1358 905 eumque
1386 849 1490 887 non
1523 831 1594 885 ita
1633 829 1838 900 pridem
1865 827 1973 880 vita
2003 824 2191 879 defun-

597 947 740 988 ctum
770 932 1154 1002 perstringere.
1189 928 1402 989 Altera,
1429 939 1531 994 qua
1573 920 1886 976 infantulam
1919 916 2188 972 biennium

596 1023 812 1078 circiter
853 1030 1066 1082 natam,
1103 1017 1407 1072 Pacatulam
1450 1013 1696 1079 nomine,
1725 1008 2038 1081 prmceptis,
2072 1022 2190 1076 qua:

598 1096 939 1184 pustmodum
970 1112 1171 1166 lectura
1202 1111 1302 1171 sit,
1340 1106 1406 1161 ad
1435 1105 1789 1161 Christianam
1820 1103 2071 1172 pietatem
2104 1099 2188 1151 in-

598 1207 809 1269 stituit,
852 1203 1039 1258 eadem
1081 1200 1339 1268 temporis
1369 1196 1560 1251 indicia
1602 1193 1837 1266 pmfert.
1883 1192 2028 1246 Inter
2056 1189 2190 1242 alias

596 1314 729 1367 quas
755 1296 916 1350 deflet
935 1293 1117 1347 szcculi
1143 1290 1491 1352 calamitates,
1521 1286 1691 1350 Orbis,
1722 1284 1911 1354 inquit,
1943 1291 2190 1334 terrarum

595 1389 811 1441 ruit.,...
864 1385 994 1440 Urbs
1036 1381 1264 1452 inclyta,
1312 1389 1361 1433 et
1402 1379 1621 1433 Romani
1661 1375 1857 1445 imperii
1897 1381 2048 1441 caput
2089 1386 2188 1422 uno

596 1484 776 1535 hausta
815 1488 886 1536 est
930 1475 1198 1539 incendio;
1230 1473 1375 1527 nulla
1415 1481 1486 1525 est
1532 1470 1702 1541 regio,
1731 1483 1843 1532 qua:
1882 1481 1982 1519 non
2021 1463 2188 1517 exules

598 1575 859 1628 Romanos
888 1571 1065 1624 habeat
1093 1584 1110 1621 :
1143 1569 1205 1622 Et
1231 1565 1387 1636 paulo
1425 1571 1580 1633 post:
1615 1559 1712 1614 llis
1737 1557 1989 1611 Pacatula
2018 1564 2188 1609 nostra

597 1673 717 1716 nata
744 1671 815 1716 est
843 1659 1147 1729 temporibus
1172 1672 1189 1709 :
1220 1657 1349 1709 inter
1375 1654 1484 1708 lucc
1526 1635 1803 1720 crepiMia
1830 1649 2043 1718 primam
2070 1662 2185 1699 car-

599 1756 696 1822 psit
728 1761 956 1812 (etatem,
988 1759 1105 1801 ante
1149 1752 1402 1816 lacrymas
1443 1745 1631 1798 scitura
1676 1757 1828 1811 quam
1872 1739 2052 1792 risum.
2095 1736 2186 1791 Illa

599 1859 729 1900 \ero
757 1845 843 1896 vix
875 1840 1088 1895 tertium
1116 1847 1242 1892 tunc
1268 1850 1464 1890 annum
1500 1833 1683 1887 iniisse
1710 1828 1938 1898 putanda
1962 1838 2039 1882 est
2067 1843 2079 1879 :
2106 1825 2186 1879 di-

597 1937 737 2007 citur
763 1933 959 2003 quippe
999 1930 1211 1984 interim
1243 1929 1296 1980 in
1326 1927 1441 1980 sinu
1480 1923 1656 1977 matris
1694 1921 1902 1993 garrula
1935 1935 2051 1973 voce
2075 1917 2186 1971 bal.

597 2026 780 2088 butire,
807 2038 902 2077 nec
925 2022 969 2076 si
992 2021 1140 2074 modo
1169 2020 1452 2073 litterarum
1476 2016 1718 2070 elementa
1742 2019 2078 2082 cognosceret,
2105 2009 2185 2062 ul-

603 2126 680 2169 tra
705 2113 904 2184 aliquid
931 2127 1114 2184 posse,
1142 2125 1298 2180 quam
1326 2107 1798 2178 sgllabasjungere.

664 2200 756 2259 VI.
781 2204 1004 2272 Recepit
1023 2201 1281 2257 continuo
1303 2213 1362 2254 se
1384 2197 1448 2251 ad
1475 2194 1812 2250 Ezechielem
1833 2207 1985 2247 suum
2010 2191 2066 2246 S.
2087 2191 2185 2245 Pa-

596 2309 699 2364 ter,
722 2306 777 2352 et
803 2297 1134 2353 lcntescentc
1173 2308 1266 2362 per
1295 2301 1507 2361 tempus
1537 2288 1746 2354 dolore,
1778 2299 1914 2356 opus
1941 2301 1970 2337 a
1996 2294 2187 2354 quarto

596 2390 660 2443 ad
694 2403 891 2442 noutim
936 2401 1102 2455 usque
1142 2384 1334 2438 librum
1371 2422 1386 2446 ,
1419 2380 1513 2446 12,
1541 2394 1704 2450 supra
1735 2378 1841 2434 400
1889 2392 2032 2431 anno
2062 2391 2185 2430 ver-

596 2491 755 2550 gente
795 2479 858 2534 ad
906 2479 1065 2531 ﬁnem
1088 2518 1102 2538 ,
1135 2485 1188 2529 et
1216 2472 1590 2543 subsequentis
1632 2471 1803 2537 initio,
1832 2476 2186 2539 persequutus

597 2583 699 2629 est.
731 2573 886 2627 Tanti
916 2581 1091 2624 autem
1117 2570 1165 2623 ei
1196 2567 1347 2621 labor
1376 2567 1462 2620 hic
1491 2564 1662 2630 stetit,
1691 2573 1749 2618 ut
1777 2563 1862 2616 vix
1896 2569 2076 2630 posset
2100 2560 2182 2613 luo

596 2665 814 2719 t'rativis
844 2663 952 2716 imo
994 2659 1201 2714 furtivis
1245 2658 1478 2712 noctium
1520 2655 1666 2710 horis
1707 2663 1884 2723 coepto
1914 2652 2180 2706 insistere.

599 2757 810 2820 Fateor,
858 2756 932 2808 ait
971 2752 1181 2823 (Pi'azf.
1215 2751 1302 2805 lib.
1363 2749 1515 2820 VII),
1563 2765 1642 2802 me
1684 2746 2084 2818 Explanationes
2133 2747 2187 2800 in

596 2846 838 2902 Ezechiel
865 2846 1022 2899 multo
1048 2854 1165 2897 ante
1192 2855 1416 2913 tempore
1444 2840 1752 2911 promisisse,
1783 2848 1833 2893 et
1857 2836 2187 2907 occupatione

595 2943 659 2996 de
684 2950 788 2993 toto
819 2938 914 2992 huc
944 2937 1062 2992 orbe
1099 2935 1404 2990 venientium
1446 2933 1659 3004 implere
1695 2947 1798 2985 non
1843 2945 2029 3000 posse:
2064 2930 2186 2983 dum

595 3032 738 3086 nulla
773 3029 899 3084 hora
937 3025 1233 3097 nullumque
1263 3033 1571 3078 momentum
1596 3030 1700 3087 est,
1743 3021 1796 3075 in
1821 3037 1919 3091 quo
1948 3035 2047 3073 non
2077 3022 2188 3090 fra-

597 3135 730 3177 trum
751 3136 1077 3176 occurramus
1103 3119 1260 3172 turbis
1282 3133 1300 3170 :
1327 3117 1378 3170 in
1407 3125 1602 3168 tantum
1640 3123 1694 3167 ut
1721 3123 1808 3167 aut
1845 3112 2186 3167 claudendum

597 3218 662 3268 sit
692 3213 832 3268 nobis
849 3211 1053 3273 ostium,
1084 3219 1171 3264 aut
1198 3209 1604 3278 Scripturarum,
1633 3221 1721 3274 per
1745 3221 1874 3271 quas
1898 3202 2187 3274 aperienda:

598 3281 715 3359 sunt
762 3307 926 3372 fores,
960 3300 1127 3354 studia
1155 3297 1504 3366 relinquenda.
1535 3295 1715 3364 Itaque
1755 3295 2047 3359 lucrativts,
2083 3293 2185 3347 imo

603 3396 804 3466 [urticis
843 3393 1064 3446 noctium
1093 3391 1232 3444 horis
1251 3431 1265 3450 ,
1295 3404 1408 3458 qua:
1447 3389 1610 3442 hieme
1641 3388 2040 3457 prapinquante,
2073 3386 2187 3438 lon-

599 3488 766 3556 giores
788 3501 894 3538 esse
913 3491 1189 3552 creperum,
1214 3481 1320 3534 haec
1355 3480 1423 3532 ad
1457 3479 1769 3532 lucernulam
1801 3478 2188 3547 qualiacumque

599 3584 737 3637 sunt,
768 3574 958 3627 dictare
977 3585 1238 3633 conamur,
1263 3577 1311 3622 et
1331 3568 1594 3622 astuantis
1619 3568 1775 3620 animi
1803 3568 2006 3621 taedium
2028 3577 2182 3620 mter-

603 3645 888 3735 pretatione
908 3662 1136 3732 digerere
1157 3676 1174 3714 :
1195 3667 1250 3715 et
1269 3659 1428 3729 paulo
1453 3669 1608 3728 post:
1635 3657 1837 3711 Accedit
1862 3657 1930 3710 ad
1952 3657 2083 3710 hanc
2109 3656 2187 3709 di-

600 3755 772 3810 ctandi
795 3752 1158 3824 diﬂicultatem,
1188 3750 1325 3821 quod
1351 3748 1689 3820 caligantibus
1715 3748 1876 3802 oculis
1903 3756 2186 3812 senectute;

601 3848 670 3902 ad
695 3857 992 3902 nocturnum
1017 3845 1184 3899 lumen
1215 3859 1531 3913 nequaquam
1576 3841 1827 3896 valeamus
1856 3840 2187 3895 Hebraeorum

601 3940 857 3995 volumina
873 3938 1112 4008 relegere,
1141 3951 1253 4005 quae
1275 3936 1425 3990 etiam
1445 3935 1515 3988 ad
1537 3934 1676 3989 Solis
1698 3934 1891 4004 dieique
1915 3933 2183 4004 fulgorem,

608 4033 892 4084 litterarum
919 4026 1060 4082 nobis
1087 4025 1336 4097 parvitate
1372 4035 1642 4079 circuatur.
1683 4023 1790 4080 Sed
1817 4034 1863 4078 et
1896 4022 2188 4078 Crtecorum

603 4119 1006 4176 Commentarios
1047 4116 1268 4186 fratrum
1305 4125 1500 4191 tantum
1537 4131 1654 4170 voce
1693 4115 2060 4187 cognoscimus.
2093 4114 2188 4169 llis

605 4209 930 4282 praepeditus
956 4207 1360 4262 difﬁcultatibus
1380 4249 1395 4271 ,
1423 4216 1475 4262 ct
1504 4208 1658 4261 novis
1682 4205 1909 4262 subinde
1938 4205 2150 4276 injectis
2167 4246 2185 4273 ,

610 4303 700 4356 ubi
738 4301 996 4370 tantisper
1032 4299 1100 4354 ab
1143 4314 1246 4354 una
1287 4299 1637 4369 respirasset,
1667 4298 2108 4368 occupationibus
2134 4308 2189 4353 et

610 4391 799 4457 moris,
829 4392 1063 4461 reliquos
1088 4390 1254 4445 libros
1297 4404 1393 4458 per
1432 4389 1710 4444 intervalla
1735 4389 1981 4455 dictavit,
2012 4398 2068 4444 ut
2094 4405 2189 4446 ne-

609 4481 737 4535 dum
760 4479 1016 4549 reliquum
1044 4479 1185 4549 quod
1212 4488 1328 4535 erat
1360 4479 1517 4548 hujus
1539 4480 1644 4536 4I3
1664 4481 1788 4535 anni
1814 4481 1868 4535 in
1899 4481 1988 4535 illa
2025 4495 2190 4550 expo—

610 4574 804 4628 sitione
830 4572 1181 4640 transegerit,
1211 4571 1305 4628 sed
1331 4580 1386 4627 et
1427 4586 1673 4640 magnam
1705 4572 2035 4642 insequentis
2061 4587 2190 4642 par-

611 4675 741 4721 tem.
768 4665 836 4720 Et
854 4678 984 4720 vero
1008 4662 1106 4718 sub
1128 4663 1268 4717 illius
1290 4662 1448 4718 ﬁnem
1472 4679 1672 4718 nonum
1696 4664 1886 4718 librum
1913 4678 1971 4719 se
1994 4663 2191 4720 indicat

610 4757 925 4821 adornasse,
957 4754 1045 4810 ubi
1073 4753 1444 4809 Heraclianum
1468 4754 1660 4810 Africa:
1689 4755 1950 4812 Comitem
1970 4799 1982 4822 ,
2013 4757 2189 4812 homi-

614 4866 734 4906 nem
777 4864 888 4920 prae
931 4847 1182 4904 Barbaris
1210 4847 1340 4918 ipsis
1379 4848 1631 4916 impium,
1678 4845 1934 4902 NUPER
1979 4848 2192 4905 dedisse

613 4955 802 5009 pennas
830 4939 1063 5010 perﬁdiae
1086 4953 1196 4994 sua:
1225 4936 1407 4993 refert.
1432 4937 1529 4994 Hic
1554 4938 1758 4993 scilicet
1781 4938 1874 4993 illo
1898 4953 2039 4993 anno
2065 4939 2189 5006 H3,

613 5022 722 5102 quo
749 5018 967 5086 Luciani
996 5027 1057 5085 v.
1087 5030 1170 5086 Cl.
1199 5029 1413 5100 Collega
1444 5031 1497 5085 in
1527 5029 1817 5085 Consulatu
1842 5029 1960 5094 fuit,
1983 5031 2092 5100 jam
2116 5033 2194 5086 ul-

615 5133 696 5178 tra
724 5121 958 5178 medium
987 5131 1305 5178 excurrente
1326 5161 1343 5188 ,
1374 5121 1487 5176 sive
1514 5122 1753 5191 Augusto
1781 5135 1985 5184 mense,
2014 5120 2193 5176 Nova-

615 5233 748 5282 rum,
779 5224 832 5269 ut
861 5215 1091 5285 Prosper
1108 5215 1200 5280 ait,
1225 5215 1277 5268 in
1297 5214 1471 5282 Africa
1490 5231 1655 5268 rerum
1676 5230 1789 5269 reus
1811 5216 2051 5269 honorem
2074 5216 2192 5268 ami-

613 5308 678 5358 sit
699 5315 745 5359 et
769 5305 922 5358 vitam
959 5303 1065 5373 (In
1093 5305 1339 5375 Claram).
1381 5304 1454 5360 Ut
1485 5305 1709 5374 proinde
1736 5305 2012 5359 minimum
2043 5315 2195 5375 putes

617 5412 778 5454 nuper
802 5394 894 5450 illo
931 5393 1186 5449 adverbio
1205 5435 1220 5458 ,
1251 5395 1505 5464 temporis
1533 5396 1762 5452 anteseti
1792 5396 2019 5465 spatium
2046 5395 2195 5452 desi-

616 5483 801 5550 gnari,
828 5489 1130 5550 postremos
1166 5496 1333 5551 prope
1358 5483 1590 5538 dixerim
1619 5485 1737 5541 dies
1765 5485 2002 5554 ejusdem
2029 5486 2152 5540 anni
2173 5527 2191 5553 ,

616 5582 671 5628 ut
703 5581 851 5628 notet
880 5585 1105 5628 necesse
1130 5581 1234 5626 est.
1262 5572 1396 5629 llinc
1420 5574 1607 5644 reliqui
1635 5575 1756 5630 libri
1785 5577 1837 5630 in
1863 5575 2197 5646 subsequen-

612 5674 719 5722 tem
748 5664 872 5734 414,
905 5661 1059 5719 facile
1083 5661 1384 5720 ditferendi.
1410 5664 1559 5729 Quod
1580 5665 1792 5733 quidem
1815 5666 1882 5721 de
1904 5674 2189 5734 postrcnis

1881 257 1934 311 S.
1980 250 2354 310 IllERONYlll
2398 252 2580 307 \"lT.\.

3778 259 3875 314 163

2300 365 2542 432 duobus,
2585 366 2679 436 qui
2726 366 2996 421 \‘isiunem
3043 367 3249 438 Templi
3292 369 3627 434 edisserunt,
3682 371 3881 443 liquido

2297 466 2526 514 constat.
2555 458 2728 525 Quum
2757 459 2898 514 enim
2941 461 3270 528 pervenisset
3296 461 3363 516 ad
3407 478 3525 517 eam
3553 473 3757 534 partem
3785 465 3879 522 de-

2297 550 2434 604 lubri
2457 593 2471 615 ,
2506 551 2557 604 in
2587 566 2691 620 qua
2717 551 2911 606 Sancta
2941 561 3245 607 sanctorum
3267 595 3282 618 ,
3313 564 3365 609 et
3393 555 3777 626 Thymiamatis
3803 560 3880 614 al-

2299 651 2410 694 tare
2439 641 2781 705 describitur,
2815 657 2874 695 se
2916 653 3142 697 testatur
3179 645 3405 700 Sanctus
3448 647 3716 717 Iuterpres
3763 665 3880 704 ma-

2296 731 2459 787 luisse
2488 748 2622 803 opus
2667 748 2955 803 parumper
2986 734 3342 792 intermittere
3363 777 3376 800 ,
3430 748 3486 792 ut
3522 739 3587 793 ad
3617 742 3880 810 virginem

2298 823 2686 878 Demetriadem
2715 825 2998 890 scriberet,
3033 827 3173 896 quod
3201 836 3283 883 cst
3303 869 3317 895 ,
3347 839 3403 884 ut
3430 830 3542 899 ipse
3568 831 3672 898 ait,
3698 831 3775 885 De
3798 835 3881 886 al-

2297 916 2393 968 tari
2422 917 2658 970 transirel
2684 917 2752 970 ad
2778 918 2956 972 altare.

2369 1006 2479 1060 VII.
2511 1007 2657 1061 lianc
2696 1009 2870 1080 itaque
2902 1009 3189 1078 Epistulam
3215 1011 3376 1079 paulo
3404 1022 3687 1083 antequam
3717 1014 3877 1070 finem

2294 1097 2696 1153 Commentario
2722 1100 2812 1153 illo
2841 1099 3174 1169 imponeret,
3213 1102 3360 1157 dedit
3385 1102 3453 1157 ad
3482 1104 3730 1160 eximiam
3758 1121 3886 1174 eam,

2293 1190 2587 1258 virginem,
2631 1189 2858 1244 Julianzn
2891 1191 3052 1245 ﬁliam
3075 1232 3089 1255 ,
3137 1201 3191 1246 et
3220 1192 3408 1248 Proba:
3452 1196 3684 1264 neptim,
3717 1212 3877 1266 quam

2293 1282 2487 1350 Spretis
2519 1283 2812 1336 illustribus
2841 1285 3063 1352 nuptiis,
3086 1299 3206 1338 eum
3235 1299 3293 1340 se
3315 1284 3530 1341 Christo
3551 1286 3874 1354 dedicasset,

2295 1370 2539 1426 hortatur
2568 1383 2623 1426 ut
2646 1374 2698 1427 in
2729 1383 2916 1428 saneto
2947 1375 3219 1443 proposito
3245 1386 3569 1445 perseveret,
3601 1387 3655 1433 et
3683 1379 3878 1449 quibus

2293 1462 2344 1516 id
2374 1472 2590 1533 praestet
2617 1464 2812 1519 ofﬁciis
2838 1480 2901 1520 ac
2926 1466 3118 1521 studiis
3137 1507 3152 1532 ,
3186 1466 3361 1523 docet.
3393 1467 3544 1536 Quod
3574 1481 3750 1525 autem
3780 1488 3880 1527 an-

2290 1571 2392 1609 nus
2416 1565 2542 1609 tunc
2569 1567 2816 1627 ageretur
2835 1558 2964 1625 414,
2992 1559 3229 1628 pluribus
3259 1560 3370 1629 ipse
3396 1561 3526 1615 locis
3552 1563 3680 1616 satis
3707 1565 3878 1619 matti-

2291 1647 2429 1701 festo
2460 1650 2665 1718 prodit,
2695 1659 2856 1720 atque
2885 1651 2976 1705 illo
3005 1666 3126 1706 cum
3169 1652 3382 1720 primis,
3429 1653 3518 1708 ubi
3555 1669 3614 1709 se
3643 1655 3718 1710 ait
3751 1665 3879 1710 ante

2289 1755 2450 1792 annos
2473 1740 2677 1809 triginta
2699 1742 3072 1811 cognominem
3097 1741 3218 1796 huic
3237 1741 3430 1797 librum
3453 1743 3521 1796 ad
3544 1743 3876 1799 Eustochium

2288 1829 2353 1881 de
2387 1827 2689 1900 Virginitate
2717 1832 2963 1886 servanda
3003 1831 3363 1888 elucubrasse.
3395 1832 3601 1892 Cu‘tcra
3641 1834 3694 1889 in
3719 1835 3879 1890 chr0-

2291 1919 2546 1989 nologicis
2585 1920 2738 1976 Notis
2767 1922 2899 1977 satis
2941 1921 3154 1976 abunde
3200 1924 3508 1994 persequuti
3537 1939 3737 1979 sumus.
3767 1925 3877 1981 Sed

2288 2018 2344 2063 ct
2365 2010 2432 2064 ad
2481 2010 2782 2065 Dardanum
2823 2011 2886 2065 de
2924 2020 3060 2065 terra
3103 2010 3470 2067 Promissionis
3500 2014 3789 2083 Epistolam
3821 2015 3874 2069 in

2290 2111 2470 2155 nostra
2502 2103 2816 2158 recensione
2845 2102 3093 2168 CXXIX,
3124 2102 3338 2159 Imcmet
3364 2119 3506 2159 anno
3537 2115 3786 2176 vergente
3805 2107 3877 2162 ad

2291 2196 2516 2259 exitum,
2541 2196 2776 2265 scripsit,
2799 2193 3196 2250 Commentario
3221 2196 3272 2250 in
3301 2195 3634 2252 Ezechielem
3651 2198 3782 2268 jam,
3815 2208 3879 2253 ut

2289 2286 2519 2352 videtur,
2563 2286 2830 2342 absoluto.
2877 2288 3078 2342 Dicitur
3123 2289 3398 2343 enimvero
3449 2290 3724 2351 Dardanus
3757 2293 3878 2360 jam

2289 2379 2505 2450 duplicis
2548 2378 2883 2451 Prasfectura:
2930 2380 3170 2434 honorem
3224 2382 3584 2452 transegisse,
3629 2383 3877 2440 Prmfccti

2288 2473 2497 2528 scilicet
2521 2473 2779 2528 Prmtorio
2804 2473 3097 2529 Galliarum
3123 2491 3138 2529 :
3171 2489 3393 2544 quarum
3417 2476 3639 2546 primam
3667 2476 3877 2533 obierat

2285 2562 2393 2632 jam
2420 2577 2561 2617 anno
2601 2563 2736 2629 409,
2768 2563 2995 2618 alteram
3045 2564 3151 2620 415
3190 2565 3394 2634 gessit,
3438 2575 3494 2620 ut
3529 2582 3591 2620 ex
3624 2566 3874 2637 Prosperi

2289 2652 2500 2708 Tironis
2531 2653 2797 2709 Chronico
2828 2654 3026 2725 liquet,
3055 2657 3144 2726 qui
3191 2655 3306 2724 ejus
3336 2657 3670 2725 potissimum
3709 2674 3875 2727 opera

2289 2760 2599 2815 oppressum
2627 2745 2876 2800 Iovinum
2920 2754 3205 2816 tyrannum
3227 2786 3243 2810 ,
3284 2761 3476 2801 averso
3499 2747 3568 2801 ab
3595 2748 3760 2817 ipsius
3783 2764 3875 2804 so-

2288 2838 2482 2892 cietate
2512 2837 2658 2908 Rege
2682 2837 2917 2902 Ataulfo,
2950 2839 3129 2892 tradit.
3157 2837 3341 2894 Serius
3364 2854 3432 2894 ne
3453 2839 3746 2906 differatur,
3775 2857 3874 2898 ve-

2290 2938 2367 2984 tat
2390 2929 2530 2984 aliud
2555 2930 2612 2984 S.
2638 2930 2810 2984 Patris
2837 2930 3200 2986 testimonium
3226 2931 3363 2986 libro
3389 2930 3430 2984 Ι.
3459 2933 3878 2988 Commentario-

2288 3039 2407 3078 rum
2452 3023 2504 3077 iu
2547 3022 2878 3078 Jeremiam:
2928 3038 3086 3093 quem
3134 3033 3284 3078 certo
3326 3025 3526 3080 certius
3569 3024 3873 3095 insequenti

2288 3115 2529 3186 proxime
2557 3130 2698 3168 anno
2719 3114 3020 3179 adornavit,
3045 3123 3101 3170 et
3127 3129 3246 3184 cap.
3279 3114 3364 3170 111.
3391 3132 3509 3171 eam
3536 3133 3698 3188 nuper
3721 3117 3788 3172 ab
3812 3133 3876 3175 se

2288 3207 2483 3260 editam
2515 3206 2678 3261 refert
2707 3205 2980 3277 (Gothofr.
3025 3206 3141 3260 cod.
3176 3203 3366 3262 Theod.
3397 3207 3487 3262 lib.
3528 3206 3671 3262 ΧΗ.
3710 3209 3790 3264 tit.
3817 3209 3874 3263 1.

2289 3299 2352 3353 de
2379 3298 2725 3353 Centurionib.
2758 3298 2893 3369 Lege
2922 3299 3071 3368 171).

2362 3390 2494 3443 VIII.
2525 3389 2772 3458 Coeptum
2797 3389 2992 3444 deinde
3023 3399 3105 3444 est
3133 3390 3270 3445 inter
3301 3390 3702 3447 Ecclesiastieos
3728 3394 3878 3449 viros

2288 3482 2355 3537 de
2385 3482 2588 3537 Anima:
2613 3483 2818 3552 origine
2842 3482 3101 3552 disputari
3133 3499 3148 3541 :
3186 3483 3342 3553 cujus
3381 3483 3448 3538 ad
3489 3483 3878 3557 Hieronymum

2289 3575 2664 3643 disputationis
2691 3575 2973 3629 arbitrium
3003 3574 3236 3630 delatum
3267 3585 3368 3631 est.
3403 3576 3597 3632 Paulus
3624 3578 3874 3644 Orosius,

2289 3664 2607 3735 Origeuismi
2641 3664 2760 3718 labe
2787 3665 2982 3733 corripi
3011 3665 3206 3720 sensim
3238 3665 3517 3734 Hispanias
3535 3667 3879 3721 animadver-

2292 3763 2442 3820 tens,
2487 3753 2555 3810 ad
2590 3755 2942 3825 Augustinum
2987 3755 3040 3810 iu
3084 3755 3315 3810 Africam
3359 3757 3599 3827 trajecit,
3641 3771 3878 3828 eumque

2289 3849 2574 3902 suscitatus
2607 3856 2690 3901 est
2722 3847 2860 3901 inter
2885 3847 2986 3900 alia
3019 3847 3184 3903 multa
3211 3847 3280 3903 de
3309 3848 3395 3902 illa
3421 3848 3749 3918 quaestione,
3782 3858 3872 3904 ut-

2290 3946 2412 4008 pote
2431 3938 2499 3992 ab
2523 3937 2824 3992 Adamantii
2857 3937 3088 3993 fontibus
3110 3937 3372 3994 derivata.
3403 3937 3509 3994 Sed
3536 3939 3756 3994 minime
3777 3954 3878 3994 au-

2289 4042 2381 4082 sus
2399 4028 2754 4097 Hipponensis
2775 4027 3075 4098 Episcopus
3096 4028 3234 4083 ferre
3255 4029 3596 4095 sententiam,
3619 4029 3668 4084 ei
3684 4037 3877 4084 auctor

2291 4117 2410 4185 fuit,
2441 4128 2499 4173 ut
2521 4120 2571 4173 iu
2595 4118 2933 4176 Palaestinam
2958 4119 3025 4174 ad
3057 4118 3436 4191 Hieronymum
3457 4160 3472 4184 ,
3496 4120 3644 4190 quasi
3669 4120 3875 4189 petitu-

2292 4224 2382 4264 rus
2411 4210 2721 4274 oraculum,
2767 4211 3061 4281 navigaret.
3111 4212 3250 4265 Duas
3277 4226 3489 4281 quoque
3529 4211 3579 4265 ei
3623 4210 3773 4266 dedit
3818 4212 3876 4267 in

2290 4316 2407 4356 eam
2436 4317 2551 4355 rem
2580 4299 2900 4356 deferendas
2929 4301 2994 4356 ad
3026 4301 3171 4355 illutn
3199 4301 3463 4370 Epistolas
3485 4343 3498 4366 ,
3531 4317 3650 4372 qua:
3680 4318 3877 4357 nume-

2293 4407 2384 4446 ros
2413 4393 2464 4446 in
2510 4393 2824 4448 recensione
2849 4402 3032 4448 nostra
3056 4391 3295 4447 CXXXI.
3327 4402 3382 4448 et
3423 4408 3572 4462 sequ.
3603 4393 3878 4451 obtinent.

2294 4481 2491 4537 Ilarum
2538 4482 2708 4552 prima
2755 4497 3048 4538 recensens
3088 4486 3264 4539 varias
3307 4483 3374 4539 de
3421 4485 3614 4538 animm
3666 4484 3881 4552 origine

2293 4576 2606 4638 sententias,
2635 4575 2765 4644 petit
2791 4574 2994 4638 doceri,
3025 4591 3143 4645 qua:
3164 4576 3497 4645 potissimum
3525 4573 3750 4629 tenenda
3779 4576 3880 4642 sit,

2294 4677 2348 4722 et
2373 4668 2640 4738 quomodo
2670 4668 2925 4723 adversus
2970 4668 3374 4738 Pelagianorum
3417 4665 3606 4738 dogma
3636 4666 3726 4721 illa
3756 4667 3882 4735 ejus

2295 4759 2508 4815 defendi
2532 4760 2718 4829 possit,
2747 4773 2905 4829 quam
2935 4758 3168 4828 Epistola
3191 4757 3256 4813 ad
3274 4757 3634 4813 Marcellinum
3657 4765 3713 4811 et
3734 4758 3884 4811 Ana-

2297 4850 2568 4920 psychiam
2613 4850 3008 4914 insinuaverat,
3054 4849 3287 4918 singulas
3316 4849 3519 4902 animas
3549 4861 3717 4900 novas
3747 4862 3883 4902 naso

2296 4939 2539 4995 ceutibus
2579 4941 2772 4994 creari.
2820 4940 2999 4995 Altera
3043 4940 3274 4994 consulit
3314 4938 3382 4993 de
3420 4937 3538 4992 loco
3574 4953 3644 4992 ex
3687 4935 3884 4992 Jacobi

2297 5031 2558 5101 Epistula,
2591 5030 2689 5098 Qui
2711 5029 2976 5098 offenderit
2997 5032 3050 5085 in
3071 5048 3193 5096 uno,
3215 5031 3377 5099 factus
3395 5038 3466 5084 est
3489 5030 3716 5083 omnium
3736 5045 3881 5083 reus.

2298 5123 2524 5179 Advenit
2565 5122 2787 5177 Orosius
2828 5123 2966 5177 circa
3011 5138 3232 5178 vernum
3273 5131 3514 5190 tempus,
3558 5119 3741 5190 ibique
3781 5119 3887 5173 ali-

2297 5213 2533 5283 quandiu
2568 5221 2930 5266 commoratus
2971 5222 3056 5269 est
3084 5231 3096 5266 :
3129 5215 3314 5267 aderat
3342 5212 3482 5266 enim
3505 5251 3520 5277 ,
3551 5220 3609 5264 ut
3633 5226 3761 5266 mox
3802 5210 3888 5265 di-

2299 5319 2483 5358 cemus
2504 5342 2520 5366 ,
2565 5301 2803 5370 ejusdem
2846 5305 2970 5358 anni
3004 5305 3132 5367 415,
3163 5302 3338 5357 adhuc
3365 5317 3551 5357 mense
3576 5301 3742 5367 Julia,
3773 5316 3889 5372 quo

2299 5392 2650 5462 Jerosolymis
2695 5402 2884 5449 contra
2933 5395 3200 5464 Pelagium
3247 5393 3303 5447 in
3352 5394 3520 5448 aciem
3575 5392 3883 5449 descendit.

2299 5485 2624 5552 Hieronymo
2639 5484 2704 5538 ad
2727 5486 3004 5553 Augustini
3022 5483 3286 5554 Epistolas
3305 5483 3691 5553 respondendi,
3714 5484 3889 5537 otium

2300 5573 2470 5630 defuit
2495 5583 2573 5629 tot
2598 5573 2950 5645 undequaque
2975 5573 3465 5629 concertationibus
3491 5581 3684 5627 contra
3715 5571 3892 5627 luere-

2303 5671 2442 5725 t'cos
2484 5675 2783 5736 occupato:
2814 5667 2865 5721 id
2894 5667 3034 5737 quod
3077 5674 3131 5723 et
3167 5674 3440 5719 narratum
3489 5679 3587 5720 nos
3630 5665 3806 5732 imus,
3839 5671 3893 5717 et
