4050 6188
242 273 335 338 tos

240 399 452 468 ipsemet
475 406 616 449 anno
660 370 956 461 insequenti
983 387 1050 443 ad
1093 386 1241 443 illum
1271 385 1510 441 scribens
1555 380 1795 450 Epistula

241 486 486 544 CXXXIV
511 494 778 540 causatur.

765 591 992 647 CAPUT
1030 587 1268 644 XXXVI.

242 711 279 767 l.
333 710 572 780 Pelagius
612 709 842 764 heresim
885 723 1030 761 suam
1073 706 1313 774 importnt
1357 704 1409 755 in
1452 693 1798 754 Pnlwstinmn.

307 801 366 856 ll.
401 801 560 864 Quem
601 798 942 869 Hieronymus
979 796 1031 849 in
1073 795 1348 848 Jeremiam
1390 793 1642 852 scribens.
1688 807 1802 860 per-

303 893 521 963 stringit.
572 891 658 945 III.
698 891 826 945 Mox
852 891 1116 960 impugnat
1162 887 1282 940 data
1327 886 1396 938 ad
1435 884 1803 955 Ctesiphontem

307 985 553 1052 Epistola.
597 983 684 1039 IV.
717 977 783 1036 Et
813 981 1198 1053 pra'fationibus
1236 978 1457 1034 secunda
1496 987 1542 1030 et
1580 977 1726 1030 tertia
1756 976 1808 1029 in

304 1077 600 1131 Jcrentiam.
642 1075 709 1129 Υ.
745 1074 871 1128 Tum
900 1073 1106 1144 proprio
1131 1088 1284 1139 opere
1303 1113 1320 1137 ,
1357 1072 1460 1126 sive
1483 1069 1639 1126 tribus
1667 1069 1806 1123 libris

309 1163 661 1240 Dialogorum.
692 1165 781 1220 VI.
805 1161 1000 1235 Recipit
1023 1181 1072 1217 se
1087 1165 1265 1216 iterum
1279 1163 1346 1215 ad
1367 1161 1764 1216 Commentarios
1787 1175 1804 1213 :

303 1260 440 1316 auod
472 1269 634 1310 tamen
665 1273 791 1323 opus
839 1256 1185 1323 imperfectum
1227 1253 1482 1317 relinquit.
1515 1251 1633 1327 VII.
1675 1249 1815 1303 Male

307 1348 520 1402 habetur
545 1364 576 1399 ιι
606 1345 896 1414 Pelagianis
915 1387 930 1408 ,
958 1345 1040 1411 qui
1069 1344 1121 1395 in
1165 1341 1526 1396 Monastcrium
1567 1342 1673 1410 ejus
1701 1341 1816 1409 igne

305 1451 356 1493 et
396 1439 617 1494 cladibus
653 1439 881 1492 swviunt.
941 1425 1076 1490 Vill.
1133 1433 1510 1490 Consolatorias
1550 1452 1606 1488 ea
1648 1436 1711 1487 de
1760 1451 1815 1488 re

301 1531 492 1598 accipit
520 1530 582 1583 ab
612 1527 910 1582 Innocentio
938 1526 1104 1597 Papa.
1155 1525 1242 1579 IX.
1293 1525 1452 1581 Sedes
1487 1535 1682 1590 mutat,
1723 1542 1814 1578 nec

303 1629 473 1673 tamen
519 1619 702 1672 desinit
747 1617 925 1670 hatresi
962 1617 1168 1684 infestus
1196 1633 1321 1670 esse.
1366 1615 1430 1669 Χ.
1483 1614 1812 1669 Eustochium

303 1711 536 1765 moritur.
567 1707 660 1763 XI.
692 1707 753 1764 S.
783 1709 891 1774 ipse
924 1706 1072 1760 Pater
1098 1708 1230 1760 diem
1256 1706 1377 1760 obit.

244 1817 248 1820 ’
305 1842 345 1897 l.
370 1842 490 1898 lam
517 1856 576 1898 se
603 1856 662 1897 se
689 1840 871 1912 itaque
895 1841 948 1894 in
976 1837 1312 1894 Palzestinam
1336 1853 1400 1892 ex
1429 1839 1604 1893 Africa
1635 1838 1810 1893 intru-

240 1946 378 1993 serat
405 1936 688 2006 Pelagiana
717 1935 884 2005 pestis
903 1969 918 2000 ,
948 1933 1337 2003 nonnullasque
1359 1933 1427 1988 de
1458 1935 1625 2002 ipsius
1649 1930 1804 1988 Jero-

241 2029 571 2099 solymitana!
621 2027 872 2083 Ecclesiae
914 2025 1237 2096 primoribus
1277 2027 1630 2096 corripuerat.
1676 2026 1811 2081 Iluic

241 2117 426 2174 hteresi
454 2133 484 2172 a
510 2117 747 2188 Pelagio,
778 2118 894 2186 ejus
921 2127 1139 2172 auctore
1163 2157 1179 2183 ,
1227 2132 1420 2172 nomen
1445 2132 1565 2173 esse
1588 2157 1605 2184 ,
1653 2131 1812 2172 nemo

242 2217 316 2263 est
339 2209 428 2277 qui
460 2211 682 2262 nesciat.
708 2205 827 2276 Ipse
847 2207 965 2276 quis
995 2205 1172 2272 fuerit,
1203 2206 1386 2275 paucis
1412 2208 1614 2276 accipe.
1647 2207 1815 2260 Natus

241 2309 317 2354 est
342 2298 534 2353 humili
584 2297 704 2353 loco
747 2298 800 2352 in
839 2297 1060 2360 Scotia,
1093 2295 1237 2350 unde
1281 2297 1548 2351 Scotorum
1593 2297 1814 2366 pultibus

243 2398 580 2458 prtcgrauatus
606 2388 934 2459 Hieronymo
958 2387 1152 2442 dicitur
1172 2384 1342 2459 (Prol.
1373 2385 1399 2438 Ι
1431 2396 1476 2441 et
1505 2385 1568 2439 Il
1598 2388 1650 2440 in
1678 2387 1814 2456 Jer.)

240 2488 283 2533 et
303 2479 520 2533 Albinus
545 2479 686 2532 canis
710 2487 756 2532 et
793 2478 1116 2547 corpulentus
1133 2515 1149 2540 ,
1191 2477 1258 2530 ab
1288 2477 1436 2530 Albin
1470 2478 1582 2532 sive
1610 2475 1812 2541 Albion,

242 2584 340 2637 quo
363 2569 588 2624 nomine
619 2569 844 2637 patriam
869 2568 1094 2623 insulam
1125 2567 1268 2622 Scoti
1297 2568 1672 2637 appellabant:
1697 2570 1818 2625 aliis

243 2655 518 2717 Britannus
544 2661 764 2727 coluber,
808 2672 864 2716 et
898 2659 1042 2714 Brito
1073 2661 1455 2731 cognominatus
1494 2659 1703 2732 (Prosp.
1755 2661 1819 2716 de

241 2751 367 2820 Aug.
407 2769 505 2823 ng.
539 2751 588 2805 Ι.
626 2751 727 2822 Ep.
753 2750 900 2822 186).
933 2752 1203 2820 Sequutus
1229 2750 1533 2807 Monasticte
1567 2752 1700 2807 Vita:
1740 2753 1820 2807 in-

239 2844 486 2898 stitutum
515 2884 530 2907 ,
577 2843 667 2898 diu
708 2843 912 2908 Rom,
947 2854 1047 2897 nec
1073 2841 1190 2897 sine
1219 2842 1518 2898 sanctitatis
1548 2845 1818 2898 existima-

244 2934 382 2991 tione
420 2937 612 3007 aliqua
657 2935 830 3001 vixit,
875 2935 1076 2990 erroris
1128 2937 1210 2990 sui
1261 2937 1464 2990 semina
1517 2936 1818 2992 clanculum

245 3040 542 3098 spargens,
589 3027 796 3097 sibique
840 3027 996 3081 valde
1045 3041 1073 3080 a
1123 3027 1331 3096 publica
1383 3028 1501 3082 luce
1550 3039 1818 3083 metuens.

249 3117 394 3172 Venit
433 3127 626 3187 postea
668 3117 721 3172 in
765 3117 999 3172 Africam
1049 3117 1215 3172 semel
1259 3126 1418 3187 atque
1463 3118 1694 3182 iterum,
1734 3117 1823 3171 ubi

246 3207 558 3264 Caelestium
614 3208 814 3267 erroris
872 3208 954 3264 sui
1006 3206 1326 3276 discipulum
1377 3209 1616 3260 omnium
1671 3207 1825 3262 facile

246 3301 546 3370 principem
579 3299 810 3355 instituit
839 3315 854 3354 :
893 3299 982 3369 qui
1008 3298 1332 3368 Carthagine
1361 3297 1687 3368 Presbyterii
1725 3297 1825 3351 ho-

247 3406 423 3446 norem
499 3398 858 3456 consecutus,
912 3399 1098 3444 contra
1165 3389 1362 3444 Christi
1419 3389 1643 3458 gratiam
1715 3403 1826 3458 prta

247 3485 503 3552 magistro
546 3496 646 3536 suo
682 3479 963 3536 classicum
997 3480 1210 3535 cecinit.
1257 3478 1372 3548 Ipse
1403 3480 1454 3533 in
1486 3478 1824 3534 Palaestinam

250 3573 564 3636 contendit,
609 3579 666 3625 et
709 3567 1056 3640 Jerosolyma:
1085 3579 1448 3624 commoratus
1477 3578 1599 3633 est,
1643 3569 1730 3624 ubi
1774 3578 1828 3624 et

251 3659 666 3717 familiaritatem
695 3676 817 3715 cum
849 3660 1174 3730 Hieronymo
1198 3701 1213 3725 ,
1249 3659 1375 3714 dum
1415 3659 1553 3714 bene
1579 3659 1628 3715 ei
1671 3669 1828 3715 notus

253 3751 421 3808 adhuc
463 3767 580 3808 non
629 3761 803 3818 esset,
855 3751 1025 3806 fertur
1075 3751 1336 3820 junxisse.
1398 3750 1629 3806 Sanctus
1682 3759 1830 3805 certe

253 3840 405 3896 Pater
433 3852 670 3898 testatus
695 3852 777 3897 est
807 3851 1011 3911 postea,
1033 3855 1091 3896 se
1107 3843 1374 3910 patienter
1393 3841 1652 3896 adversus
1683 3842 1828 3895 illam

255 3931 496 3988 haeresim
517 3933 774 4002 gessisse,
804 3949 867 3986 ne
890 3941 1102 3986 ueterem
1127 3932 1310 3986 laedere
1335 3931 1585 3985 uideretur
1613 3933 1832 3985 necessi-

243 4023 474 4078 tudinem
513 4023 692 4095 (Prol.
738 4022 842 4078 IV.
872 4024 925 4078 in
951 4023 1192 4091 Jerem.).
1228 4023 1490 4078 Cancrum
1529 4024 1695 4078 latere
1734 4025 1834 4079 Sub

253 4110 366 4178 ejus
389 4114 687 4168 verborum
732 4113 912 4179 melle,
955 4113 1134 4168 cordis
1158 4127 1363 4166 venena
1388 4151 1405 4177 ,
1451 4113 1581 4167 satis
1629 4123 1836 4169 mature

254 4201 656 4268 animadvertit,
697 4202 913 4272 jamque
956 4219 987 4258 a
1027 4203 1307 4272 superiore
1349 4216 1492 4256 anno
1541 4203 1682 4268 415,
1715 4218 1834 4258 cum

255 4305 459 4351 sextum
497 4299 554 4352 in
593 4295 934 4351 Ezechielem
960 4294 1415 4349 Commentarium
1459 4292 1793 4348 elucubrarct
1819 4335 1835 4359 ,

255 4385 305 4438 in
349 4387 591 4458 Prologo
631 4396 856 4457 questus
905 4393 1028 4451 est,
1070 4385 1360 4439 reviviscere
1405 4382 1604 4454 Hydrte
1641 4385 1840 4439 novella

1501 267 1558 324 S.
1599 264 1972 321 IIIERONUII
2017 264 2194 318 VITA.

3384 263 3484 318 I70

1909 389 2006 447 per
2034 377 2318 432 haereticos
2346 374 2669 445 :emulosque
2705 390 2831 432 suos
2877 378 3114 434 licuisset
3140 419 3155 445 ,
3185 388 3480 436 extremam

1905 471 2053 541 operi
2082 468 2397 539 Prophetali
2444 482 2656 522 manum
2686 467 2977 537 imponere.
3010 470 3126 539 Ipsa
3160 480 3338 529 autem
3368 472 3483 528 lucc

1909 561 2129 616 haeresis
2155 560 2207 614 in
2236 574 2396 614 causa
2426 559 2519 612 fuit
2544 598 2559 624 ,
2592 567 2650 612 ut
2687 560 2924 628 extulere,
2952 562 3092 630 quod
3123 562 3175 616 in
3202 565 3341 619 votis
3384 566 3483 620 ha-

1909 651 2067 707 bebat
2092 693 2107 718 ,
2142 665 2475 721 nequaquam
2509 651 2774 717 potuerit,
2815 649 2939 706 dum
2987 651 3149 705 verba
3174 654 3397 710 subinde
3423 673 3486 710 ac

1908 740 2106 811 stylum
2151 741 2204 794 in
2255 755 2373 795 eam
2417 748 2632 794 coactus
2679 748 3031 803 convertere.
3073 751 3303 811 emptum
3353 760 3487 814 opus

1910 832 2259 897 intermittit,
2311 840 2364 886 ct
2416 832 2567 886 senio
2618 833 2937 901 ingruente,
2995 843 3156 902 atque
3204 835 3322 891 aliis
3370 854 3489 907 qua:

1910 931 2137 976 mortem
2193 922 2433 989 proxime
2478 920 2800 982 antecedunt
2848 921 3241 991 incommodis,
3288 927 3487 981 sensim

1912 1009 2132 1066 deserit.
2160 1010 2268 1065 Nec
2299 1011 2564 1066 continuit
2605 1027 2665 1067 se
2705 1020 2882 1067 tamen
2913 1011 3015 1067 hoc
3042 1013 3159 1083 ipso
3188 1016 3494 1088 scriptionis

1913 1116 2108 1171 genere
2134 1102 2202 1156 ab
2241 1101 2603 1172 impugnanda
2634 1102 2792 1173 impia
2834 1103 3074 1159 doctrina
3100 1146 3116 1171 ,
3144 1105 3365 1176 ejusque
3393 1123 3492 1164 au-

1916 1201 2064 1247 ctore
2089 1195 2428 1263 exagitando,
2460 1200 2669 1251 tametsi
2698 1198 2893 1251 nomini
2924 1209 3187 1268 parceret.
3205 1201 3276 1256 Et
3301 1203 3496 1273 prioris

1916 1285 2132 1354 quidem
2182 1287 2408 1357 Prologo
2453 1288 2571 1342 libri
2615 1289 2870 1344 indoctum
2913 1292 3324 1349 calumniatorem
3370 1311 3495 1352 cum

1919 1383 2075 1430 vocat
2105 1415 2120 1440 ,
2166 1385 2211 1430 et
2255 1377 2411 1430 nimia
2448 1387 2736 1432 stertentem
2790 1379 3032 1435 Vecordia
3063 1383 3294 1438 :Crunii
3321 1426 3336 1451 ,
3390 1386 3498 1440 imo

1918 1474 1972 1520 et
1996 1465 2257 1520 Joviaiani
2281 1468 2540 1526 asseclam
2565 1471 2966 1536 stolidissimum,
2986 1474 3074 1543 qui
3092 1475 3269 1531 alienis
3293 1477 3497 1532 uocibus

1918 1557 2304 1627 blasphemarct,
2335 1570 2382 1612 ct
2419 1562 2471 1614 in
2501 1571 2694 1616 tantum
2716 1564 3023 1634 imperitum,
3057 1577 3112 1620 ut
3137 1585 3200 1623 ne
3232 1572 3497 1625 maledicta

1914 1651 2112 1718 quidem
2141 1643 2586 1721 haberﬂrropria.
3276 1709 3280 1712 .

1985 1740 2071 1795 lll.
2120 1742 2231 1798 lloc
2278 1743 2526 1798 absoluto
2565 1744 2736 1810 libro,
2782 1746 3067 1817 Ctesiphon
3119 1752 3301 1806 nescio
3349 1755 3492 1824 quis,

1918 1828 2148 1899 Urbicus,
2175 1836 2255 1891 vel
2287 1835 2540 1900 Urbicius,
2572 1846 2629 1891 ut
2659 1837 2711 1892 in
2729 1837 2856 1895 Mss.
2889 1841 3158 1897 nonnullis
3179 1844 3397 1910 dicitur,
3426 1862 3492 1903 ex

1913 1935 2101 1977 sancta:
2119 1935 2268 1994 atque
2293 1926 2504 1980 illustris
2532 1927 2714 1982 domus
2735 1929 3093 1997 conciliabula,
3117 1933 3261 2002 quod
3288 1936 3497 1990 videtur

1915 2013 2129 2082 Pelagio
2157 2024 2212 2070 et
2243 2016 2354 2070 suis
2380 2031 2513 2085 opes
2555 2017 2622 2072 ad
2661 2022 3066 2077 sustentandam
3114 2025 3275 2082 vitam
3303 2035 3496 2081 contu-

1917 2105 2066 2170 lisse,
2095 2107 2477 2177 Hieronymum
2506 2108 2575 2165 de
2601 2110 2759 2180 hujus
2785 2111 3026 2168 doctrina
3049 2153 3066 2180 ,
3091 2130 3208 2184 qua:
3238 2117 3500 2186 plurimos

1913 2200 2022 2269 jam
2069 2200 2354 2265 movebat,
2393 2202 2683 2260 consuluit.
2731 2202 2814 2258 Ad
2851 2219 3008 2273 quem
3047 2207 3226 2262 statim
3256 2209 3346 2264 ille
3363 2209 3500 2280 Epi-

1918 2290 2053 2345 stola
2083 2290 2365 2347 CXXXIII.
2391 2307 2510 2362 qua:
2531 2293 2598 2348 ad
2627 2293 2906 2350 Tractatus
2929 2296 3098 2352 instar
3123 2297 3364 2356 ordinata
3391 2313 3496 2368 est,

1921 2385 2233 2452 respondit,
2284 2383 2426 2438 nihil.
2465 2384 2839 2442 bmreticorum
2881 2391 3088 2445 veritus
3136 2375 3340 2462 minas,
3371 2397 3499 2466 quin

1921 2472 2097 2541 potius
2125 2473 2324 2528 idcirco
2347 2475 2556 2532 animos
2585 2477 2688 2532 sibi
2718 2492 2968 2545 sumens,
2999 2481 3141 2552 quod
3173 2483 3247 2538 illi
3275 2487 3499 2556 scripto-

1919 2581 2034 2617 rum
2070 2581 2276 2619 suorum
2305 2564 2524 2638 fulmina
2549 2568 2942 2625 minitarentur.
2974 2573 3052 2627 Ac
3082 2575 3254 2644 primo
3282 2577 3498 2646 quidem

1920 2656 2150 2709 ἀπαθιιαν
2204 2664 2257 2710 et
2309 2665 2608 2728 ἁμαρτησίαν
2655 2674 2762 2729 quo
2807 2659 2969 2716 veluti
3017 2665 3228 2734 gemino
3283 2667 3501 2724 tibicine

1919 2750 2272 2818 superbissima
2322 2753 2524 2806 htercsis
2573 2753 2925 2820 fulciebatur,
2972 2755 3023 2809 id
3074 2767 3193 2822 est,
3247 2759 3500 2813 immuni-

1925 2847 2084 2894 tatem
2111 2839 2180 2893 ab
2207 2840 2368 2894 animi
2402 2842 2892 2909 perturbationibus
2916 2884 2931 2907 ,
2973 2854 3027 2898 et
3071 2846 3498 2915 impcccantiam,

1923 2937 2106 2998 utpote
2132 2928 2407 2984 diabolica:
2434 2932 2699 2998 superbia:
2730 2931 2978 3000 ﬁgmenta
3005 2933 3222 3000 refutat,
3251 2938 3505 2992 ostendit-

1926 3034 2030 3088 que
2052 3034 2119 3074 ex
2150 3019 2601 3088 PhilosOphorum
2630 3021 2864 3075 coenosis
2892 3021 3124 3078 fontibus
3145 3066 3160 3090 ,
3191 3034 3244 3080 et
3273 3029 3505 3085 maxime

1929 3108 2407 3179 Pythagoricorum
2433 3147 2449 3173 ,
2498 3109 2585 3176 qui
2632 3110 2883 3164 hominem
2933 3124 3194 3182 exaequant
3234 3113 3382 3184 Deo,
3437 3121 3505 3173 ad

1928 3195 2248 3253 Christiana:
2279 3197 2400 3254 fidei
2431 3199 2652 3253 exitium
2684 3199 2934 3255 derivari.
2968 3202 3102 3258 llinc
3133 3204 3226 3261 Dei
3255 3209 3503 3277 gratiam,

1930 3289 2085 3359 cujus
2112 3303 2207 3358 per
2229 3287 2438 3359 singula
2483 3304 2645 3358 opera
2671 3291 2909 3346 nitamur
2932 3302 2986 3348 et
3015 3310 3261 3365 regamur
3285 3301 3502 3368 auxilio,

1931 3380 2005 3436 ita
2030 3381 2257 3436 adstruit
2284 3421 2300 3446 ,
2332 3390 2389 3436 ut
2415 3382 2697 3438 verborum
2745 3383 2972 3440 fallaciis
3000 3427 3014 3452 ,
3043 3390 3256 3459 quibus,
3284 3392 3507 3450 obtentu

1931 3472 2086 3528 liberi
2134 3471 2381 3538 arbitrii,
2413 3473 2832 3543 simplicioribus
2877 3477 3170 3536 illudebant
3195 3524 3210 3548 ,
3244 3484 3505 3555 reliquum

1933 3565 2105 3631 locum
2135 3565 2336 3620 nullum
2383 3564 2562 3620 faciat.
2605 3566 2739 3622 Tum
2790 3569 2910 3623 illos
2957 3571 3028 3626 ad
3077 3576 3507 3644 respondendum

1933 3655 2176 3722 lacessit,
2206 3665 2262 3710 ut
2292 3655 2460 3710 libere
2486 3656 2774 3726 loquantur
2802 3659 2942 3727 quod
2974 3661 3218 3728 credunt,
3264 3674 3319 3719 et
3367 3667 3509 3736 quod

1932 3748 2098 3802 semel
2150 3746 2494 3816 scripserint,
2547 3761 2748 3817 negare
2799 3747 2940 3802 haud
2996 3753 3220 3818 possint.
3275 3755 3512 3825 Denique

1933 3836 2333 3906 Ctesiphontem
2371 3844 2542 3906 rogat,
2573 3845 2629 3892 et
2658 3848 2985 3905 commonet,
3015 3857 3078 3893 ne
3103 3858 3193 3910 per
3216 3859 3394 3911 unum,
3423 3859 3514 3902 ant

1938 3941 1992 3982 ut
2028 3929 2243 3982 multum
2282 3939 2381 3983 tres
2416 3929 2747 3982 homunculus
2776 3940 2949 3994 sancta
2995 3931 3086 3985 illa
3129 3941 3278 4003 atque
3303 3936 3515 3992 illustris

1937 4019 2114 4073 domus
2153 4020 2396 4087 suscipiat
2421 4027 2674 4072 tantarum
2703 4023 2846 4090 faces
2883 4021 3136 4077 htercseon
3160 4065 3175 4088 ,
3205 4034 3260 4078 ut
3297 4026 3381 4079 ubi
3409 4031 3517 4096 pri-

1941 4125 2077 4163 mum
2107 4109 2282 4172 uirtus,
2313 4117 2358 4162 et
2383 4110 2626 4163 sanctitas
2663 4110 2983 4173 laudabatur,
3007 4113 3074 4166 ibi
3111 4117 3519 4186 pra-sumptionis

1939 4199 2203 4254 diabolica:
2226 4209 2274 4253 et
2302 4199 2665 4254 sordidissittta.’
2691 4201 2940 4254 societatis
2967 4205 3226 4273 turpitudo
3246 4216 3468 4260 versetur
3501 4225 3520 4263 .'

1940 4293 2198 4360 sciantque
2221 4291 2309 4359 qui
2337 4290 2684 4359 hujuscemodi
2719 4291 3003 4348 hominibus
3046 4311 3166 4362 opes
3210 4311 3518 4369 suggerunt,

1943 4385 2290 4440 hereticorum
2315 4383 2680 4436 multitudinem
2703 4399 3008 4454 congregare
3032 4427 3048 4452 ,
3079 4398 3126 4441 et
3150 4388 3340 4444 Christi.
3359 4391 3522 4446 hostes

197 4479 213 4548 ἓ
257 4476 515 4542 plantaria
535 4519 553 4543 ,
593 4488 642 4532 et
683 4477 930 4531 haereticis
978 4475 1075 4529 Dei
1121 4475 1369 4544 percussis
1409 4489 1562 4526 manu
1582 4515 1596 4539 ,
1626 4473 1841 4528 ltwresin

208 4567 217 4611 ῐ
255 4567 418 4636 ipsam
445 4586 558 4623 non
585 4569 748 4632 ntori,
785 4566 1118 4622 Inereditariis
1147 4565 1381 4619 odiorum
1424 4579 1632 4618 suorum
1657 4565 1842 4619 catulis

215 4649 218 4663 ἶ
254 4657 508 4713 derelictis
529 4700 546 4725 ,
570 4659 655 4727 qui
683 4667 857 4712 nostra
887 4658 1201 4720 simulantes,
1233 4655 1489 4725 genitricis
1514 4656 1733 4725 antiqua:
1760 4671 1841 4709 ue-

213 4753 220 4811 ί
254 4762 386 4802 uena
405 4765 514 4804 non
547 4750 800 4804 deserunt.
837 4748 913 4803 Ad
945 4748 1337 4803 Demetriadem
1365 4763 1576 4818 quoque
1600 4749 1842 4804 scribens

219 4827 222 4836 ’
256 4835 545 4906 (adquam
573 4840 690 4908 ipse
717 4840 880 4893 etiam
911 4837 1152 4908 Pelagius
1176 4877 1192 4902 ,
1227 4837 1579 4898 nobilissimae
1623 4839 1844 4908 virginis

1943 4474 2130 4544 facere,
2157 4483 2204 4526 et
2225 4473 2447 4528 enutrirc
2469 4471 2786 4528 adrersarios
2812 4475 2941 4539 eius.
2960 4523 2969 4532 .
2987 4475 3061 4531 De
3088 4491 3248 4540 anno.
3280 4496 3383 4549 quo
3409 4480 3522 4536 lucc

1945 4566 2140 4634 scripta
2189 4573 2347 4629 sunt,
2397 4573 2452 4619 et
2493 4578 2650 4634 quem
2694 4564 2926 4620 diximus
2965 4568 3088 4634 415,
3134 4570 3380 4625 dubitare
3419 4589 3523 4626 non

1945 4659 2074 4716 sinit
2115 4657 2312 4713 dudum
2357 4655 2599 4712 laudatus
2642 4657 2862 4714 Orosius
2906 4661 3234 4731 Apologetici
3282 4677 3399 4731 cap.
3436 4663 3522 4718 IV.

1947 4750 2035 4806 ubi
2054 4749 2123 4805 de
2143 4748 2590 4819 Jerosolymitano
2617 4759 2910 4818 conventu,
2936 4765 3095 4818 quem
3122 4758 3331 4812 constat
3361 4751 3524 4806 hocce

1947 4855 2088 4896 anno
2111 4841 2209 4898 sub
2230 4839 2353 4894 Julii
2385 4839 2585 4894 mensis
2627 4838 2787 4894 linem
2823 4839 3147 4893 celebratur»
3168 4878 3184 4902 ,
3210 4840 3384 4909 deque
3426 4843 3528 4898 Pe-

255 4922 609 4984 instituenda:
638 4929 882 4993 obtentu,
914 4928 1205 4998 Epistolam
1237 4927 1460 4983 dederat
1487 4929 1706 4982 haeresis
1733 4943 1844 4982 sua:

254 5029 479 5070 veneno
507 5017 785 5090 suﬁ'usam)
816 5027 1034 5081 monet,
1075 5028 1130 5072 ut
1175 5018 1270 5073 sibi
1309 5029 1478 5074 caveat
1516 5019 1578 5073 ab
1613 5020 1772 5088 impia
1797 5029 1845 5073 et

241 5107 516 5160 scelerata
541 5108 1088 5179 doctrina(Pelagiaua
1115 5110 1318 5179 utique,
1343 5124 1501 5178 quam
1535 5119 1844 5178 prognatam

252 5201 644 5269 suspicabatur
687 5203 756 5257 ab
807 5202 1153 5273 Origeniana)
1206 5218 1339 5271 qua,
1395 5202 1594 5271 inquit,
1627 5200 1746 5255 olim
1793 5201 1848 5254 in

253 5288 496 5362 Egypto
537 5302 590 5347 et
631 5292 851 5349 Orientis
881 5294 1106 5363 partibus
1139 5296 1462 5358 uersabatur,
1503 5304 1548 5346 et
1594 5308 1728 5346 nunc
1757 5294 1848 5344 ab—

255 5384 514 5448 scandite,
546 5385 695 5452 quasi
720 5387 773 5437 in
803 5385 959 5454 foveis
981 5385 1272 5455 viperarum
1294 5383 1435 5450 apud
1465 5383 1726 5451 plerosque
1745 5398 1852 5434 ver-

243 5485 420 5544 satur,
447 5477 764 5547 illarumque
791 5478 1011 5546 partium
1040 5475 1220 5546 polluit
1249 5475 1533 5545 puritatem,
1567 5485 1671 5528 etc.

322 5564 392 5620 II.
425 5567 748 5636 Insequenti
777 5580 922 5621 anno
946 5566 1306 5636 Hieronymus
1345 5562 1769 5618 Commentarios
1801 5562 1851 5617 in

243 5654 556 5713 deremiam
605 5657 836 5714 scribere
876 5671 1158 5728 aggressus
1187 5664 1269 5712 est
1296 5673 1308 5709 :
1340 5654 1550 5710 volebat
1592 5655 1732 5708 enim
1758 5693 1772 5720 ,
1805 5656 1848 5709 si

816 5752 869 5794 ’δή

1949 4932 2069 5002 lagii
2096 4945 2278 4986 errore
2308 4930 2528 4998 loquens
2555 4969 2571 4994 ,
2611 4927 2754 4997 quod
2793 4927 2952 4982 homo
2996 4927 3108 4981 suis
3132 4928 3334 4984 viribus
3365 4935 3533 4999 possit

1949 5021 2197 5078 mandata
2228 5020 2320 5074 Dei
2351 5018 2643 5083 custodire,
2676 5018 2808 5081 Hoc,
2840 5017 3032 5084 inquit,
3064 5016 3248 5072 Beatus
3278 5018 3534 5093 Hierony.

1950 5127 2062 5164 mus
2079 5111 2132 5162 in
2157 5108 2386 5177 Epistula
2413 5123 2525 5171 sua,
2552 5121 2704 5175 quam
2745 5120 2908 5172 nuper
2924 5106 2997 5157 ad
3036 5104 3406 5176 Ctesiphontem
3435 5113 3518 5165 edi

1949 5205 2047 5266 dit,
2078 5200 2443 5256 condemnauit.
3037 5242 3040 5246 .
3130 5255 3137 5263 _
3357 5237 3364 5243 .

1955 5343 1958 5346 .
2027 5290 2115 5344 lV.
2165 5289 2380 5356 lteccpit
2408 5286 2587 5341 statim
2624 5299 2684 5339 se
2719 5284 2944 5341 Sanctus
2970 5287 3129 5342 Pater
3155 5288 3220 5346 ad
3249 5290 3536 5348 Common-

1955 5379 2123 5450 tarios
2151 5377 2204 5431 in
2230 5375 2516 5432 Jeremiam
2547 5391 2560 5426 :
2593 5381 2648 5428 et
2674 5375 2895 5429 secundi
2938 5376 3168 5447 Prologo
3197 5379 3318 5434 libri
3344 5396 3404 5436 se
3442 5383 3537 5449 ait,

1865 5493 1872 5503 ι
1951 5478 2181 5527 avertere
2219 5481 2488 5538 parumper
2515 5480 2683 5530 aures,
2716 5481 2778 5519 ne
2807 5467 2981 5526 audiat
3000 5468 3257 5538 judicium
3283 5474 3536 5544 sanguini:

1951 5572 2004 5619 et
2032 5562 2410 5632 interfectorum
2435 5560 2632 5616 animos
2658 5558 2905 5628 deploret,
2933 5561 3019 5632 qui
3043 5563 3279 5632 opinione
3305 5565 3538 5620 eirtutun'

1962 5655 2190 5724 quotidie
2223 5661 2462 5715 corruunt
2488 5655 2541 5705 in
2565 5650 2872 5724 superbiam,
2896 5663 2942 5709 et
2982 5653 3090 5709 Deo
3117 5672 3172 5712 se
3197 5657 3384 5712 similes
3409 5657 3521 5710 urbi
