4050 6188
405 328 500 382 επ
1697 303 1752 357 S.
1794 293 2169 355 lliERONYMl
2213 289 2387 346 \‘l'l‘A.
3571 277 3674 334 ΗΞ

422 451 622 496 rantur.
652 431 1122 506 Quorum,snbdit,
1143 425 1304 496 furori
1324 421 1692 492 respondimus,
1723 425 1777 468 ut
1806 411 1973 483 potui-

419 550 518 588 uus
538 574 552 598 ,
580 540 627 587 et
732 528 976 582 Dominus
1014 523 1163 574 vitam
1201 514 1429 574 dederit,
1465 510 1660 580 plenius
1690 501 1981 572 responsuri

409 641 598 679 s'tutus.
630 621 844 676 Interim
871 627 922 670 et
951 613 1163 667 tertium
1208 609 1397 660 librum
1443 601 1654 657 excudit
1701 597 1887 652 eadem
1929 594 1980 645 in

410 716 634 784 Prologo
672 714 1015 776 conquestus,
1048 717 1146 754 non
1166 699 1271 769 pati
1297 693 1604 756 Diabolum,
1634 705 1740 759 quo
1769 685 1984 740 nomine

408 815 607 860 sectam
654 797 850 868 Pelagii
895 801 1089 853 notat,
1145 806 1200 844 se
1247 797 1420 856 optata
1469 784 1632 852 quiete
1678 786 1985 836 contentum,

409 895 790 964 Scripturarutn
827 896 1115 941 sanctarum
1144 877 1489 952 explanationi
1519 875 1747 928 insistere
1771 911 1785 933 ,
1823 867 1910 922 sed
1935 863 1990 917 id

409 958 554 1056 agere
577 982 751 1036 diebus
797 989 844 1033 et
890 975 1116 1030 noctibus
1141 1015 1156 1038 ,
1203 982 1249 1025 et
1293 979 1466 1038 aperte
1490 1009 1504 1030 ,
1545 972 1592 1019 et
1631 979 1719 1033 per
1757 958 1988 1019 insidias,

411 1078 535 1131 ueris
563 1075 696 1146 {uisa
732 1068 987 1125 miscendo
1011 1110 1026 1132 ,
1071 1067 1172 1119 imo
1210 1063 1444 1116 universa
1480 1056 1742 1111 mendacia
1781 1047 1994 1104 subdolo

411 1143 1025 1223 melleicircttmlinentem,
1044 1168 1098 1212 ut
1117 1157 1202 1227 qui
1222 1154 1363 1207 audit
1383 1151 1639 1206 cerborum
1657 1143 1992 1204 dulcedinem,

412 1273 600 1312 aettem:
629 1254 843 1326 pectoris
881 1267 982 1305 non
1023 1245 1279 1320 formidet.
1322 1243 1386 1296 Et
1414 1248 1536 1310 pOst
1564 1237 1664 1290 alia
1707 1233 1759 1288 id
1785 1244 1955 1302 genus
1976 1268 1994 1296 ,

415 1323 638 1404 Latrare'
671 1363 761 1418 per
806 1344 1042 1398 Albinum
1086 1353 1260 1392 canem
1305 1326 1622 1403 (Pelagium)
1663 1323 1906 1396 grandem
1950 1329 1998 1374 et

416 1417 784 1510 corpulentum,
817 1444 863 1489 et
891 1433 979 1499 qui
1009 1429 1230 1483 calcibus
1259 1424 1418 1495 magis
1447 1417 1815 1492 possit‘swvire,
1847 1427 1999 1483 quam

418 1505 666 1587 dentibus.
699 1528 862 1582 [labet
885 1526 1017 1580 enim
1041 1519 1328 1593 progeniem
1374 1515 1589 1571 Scoticte
1613 1510 1774 1582 gentis
1802 1509 1863 1561 de
1881 1505 2002 1560 Bri-

421 1637 691 1680 tannorutn
729 1619 916 1674 uicinia
941 1656 958 1683 ,
987 1616 1108 1686 quia
1139 1614 1292 1682 juxta
1323 1605 1523 1678 fabulas
1550 1602 1823 1686 Poetarum
1849 1595 2002 1666 spiri-

423 1717 549 1771 tuali
577 1712 926 1787 percutiendus
955 1717 1026 1763 est
1051 1681 1215 1768 clava,
1237 1711 1292 1756 ut
1316 1710 1502 1755 ceterno
1523 1681 1634 1750 clibi
1656 1709 1745 1748 suo
1763 1690 2003 1762 magistra

425 1808 645 1866 Plutone
671 1804 869 1858 silentio
895 1798 1215 1853 contieescat.
1257 1791 1438 1846 Verum
1467 1789 1560 1842 Itoc
1583 1787 1732 1848 alios,
1753 1790 1860 1837 etc.

500 1899 564 1954 V.
589 1897 823 1953 Coactus
849 1903 1035 1947 revera
1076 1895 1160 1944 est
1198 1887 1391 1940 iterum
1416 1921 1432 1947 ,
1469 1879 1572 1934 hoc
1601 1875 1845 1930 absoluto
1870 1870 2005 1925 libro

425 1992 494 2047 ab
522 1987 894 2060 explanatione
915 1978 1218 2051 PrOphetali
1250 1987 1465 2030 manum
1493 1981 1768 2032 revocare,
1798 1976 1851 2018 ut
1879 1976 2005 2032 pro-

429 2055 609 2152 prium‘
621 2092 778 2150 opus,
797 2073 937 2146 quod
963 2074 1222 2125 facturum
1243 2081 1306 2122 se
1323 2069 1622 2133 receperat,
1648 2058 1700 2112 in
1727 2055 2008 2110 ltmreticos

427 2148 825 2245 aggrederetur.
855 2164 1106 2220 Contexit
1133 2159 1235 2214 hoc
1261 2167 1438 2212 autem
1485 2153 1652 2207 forma
1677 2148 2007 2216 dialogorum

429 2234 529 2323 sub
557 2274 784 2336 persona
814 2257 973 2313 Attici
1000 2251 1290 2315 catholici,
1339 2255 1394 2303 et
1435 2241 1709 2300 Oretobuli
1751 2234 2007 2300 literctici,

429 2373 497 2414 ex
524 2329 711 2410 ordine
742 2362 955 2406 omnem
985 2344 1054 2400 de
1085 2341 1267 2398 Divina
1294 2337 1461 2409 gratia
1486 2375 1501 2401 ,
1529 2334 1701 2402 deque
1729 2329 1898 2384 libero
1923 2341 2012 2379 ar—

432 2445 594 2502 bitrio
640 2437 1060 2499 controversiam
1104 2430 1418 2502 explicans,
1471 2434 1526 2481 et
1574 2423 1794 2477 verbum
1846 2418 2010 2473 verbo

433 2537 502 2594 ad
541 2534 778 2605 singulas
818 2529 1192 2586 hzeretieorum
1237 2521 1532 2577 sententias
1571 2529 1858 2585 reponens.
1906 2509 2012 2566 Sed

436 2631 616 2700 utique
636 2627 771 2683 scitu
799 2624 956 2678 diana
988 2617 1265 2686 temporis,
1288 2629 1394 2685 quo
1419 2612 1469 2666 id
1493 2610 1786 2671 moliretur,
1811 2605 2014 2660 notatio

435 2698 545 2777 est.
573 2719 828 2774 Extremo
856 2713 1059 2768 scilicet
1101 2709 1244 2764 Jttlio
1273 2704 1549 2776 praesentis
1577 2701 1700 2755 anni
1720 2741 1735 2765 ,
1768 2698 2015 2754 adniten-

438 2813 579 2867 tibus
602 2821 786 2864 contra
834 2805 1040 2858 hostem
1076 2798 1314 2868 antiqua:
1357 2795 1476 2850 fidei
1505 2791 1838 2862 Presbyteris
1861 2788 2016 2843 Jeru-

437 2898 791 2972 solytnitauis,
819 2894 1053 2950 Joannes
1077 2890 1389 2959 Episcopus,
1420 2885 1508 2954 qui
1538 2884 1736 2952 primas
1763 2880 2018 2934 barretico

438 2991 713 3049 deferebat
742 3028 755 3050 ,
788 2986 950 3041 totius
974 2982 1111 3039 Cleri
1156 2978 1417 3050 synodum
1445 2975 1650 3031 indixit.
1693 2973 1772 3028 Eo
1801 2981 2020 3025 vocatus

441 3093 526 3139 est
553 3081 710 3137 etiam
733 3075 959 3135 Orosius
978 3116 994 3139 ,
1027 3082 1083 3129 et
1108 3070 1231 3142 quid
1261 3084 1324 3125 es
1356 3066 1535 3123 Africa
1563 3074 1747 3121 contra
1785 3064 2022 3133 Pelagia-

443 3188 567 3228 nam
603 3168 902 3226 doctrinam
947 3163 1288 3226 advexisset,
1331 3159 1513 3228 jussus
1554 3169 1845 3226 exponere.
1885 3153 2019 3208 Tum

443 3261 691 3332 Pelagius
735 3271 950 3328 quoque
998 3251 1330 3308 introductus
1375 3257 1494 3312 est,
1541 3247 1629 3315 qui
1674 3245 1853 3314 judice
1897 3256 2024 3298 usus

445 3365 662 3412 suarum
691 3348 920 3419 partium
958 3343 1199 3399 studioso
1219 3381 1234 3406 ,
1272 3339 1448 3408 deque
1475 3353 1572 3393 sua
1599 3337 1826 3390 factione
1856 3335 2023 3388 inter-

448 3444 711 3514 pretibus,
737 3439 827 3506 qui
866 3435 1043 3491 Orosii
1079 3433 1268 3487 Latine
1301 3430 1442 3485 dicta
1472 3429 1526 3483 in
1553 3428 1798 3484 Crascum
1843 3426 2026 3482 refun-

449 3536 660 3598 derent,
684 3528 941 3599 judicium
971 3521 1172 3594 Synodi
1197 3519 1522 3582 declinavit,
1564 3518 1692 3586 quin
1721 3518 1880 3571 etiam
1910 3516 2024 3568 hae-

450 3635 639 3679 reseos
689 3617 941 3674 invidiam
994 3614 1049 3668 in
1099 3617 1440 3666 accusantem
1491 3608 1772 3663 convertit.
1825 3607 2028 3675 Nempe

451 3713 701 3771 Orosium
721 3708 925 3776 aliquot
950 3711 1068 3775 post
1084 3702 1200 3759 dies
1213 3701 1448 3758 Joannes
1467 3697 1814 3768 blasphemia:
1834 3699 2028 3765 arguit,

452 3819 614 3878 quam
637 3802 724 3858 ille
749 3796 1177 3856 criminationem
1210 3792 1352 3848 edita
1389 3805 1514 3845 mox
1553 3787 1809 3859 Apologia
1848 3785 1944 3840 abs
1973 3799 2032 3840 se

453 3904 672 3952 coactus
698 3901 782 3948 est
807 3903 1077 3946 amovere.
1111 3886 1188 3941 Eo
1215 3894 1392 3939 autem
1417 3881 1590 3953 Opere
1619 3881 1844 3935 laudans
1873 3879 2036 3935 inter-

453 3990 581 4045 dum
634 3983 901 4040 adsertam
951 3977 1260 4047 Hieronymi
1315 3973 1619 4029 testimonio
1665 3971 1860 4036 fidem,
1913 3985 2034 4026 eum

455 4080 616 4135 etiam
642 4075 828 4138 refert,
853 4081 980 4126 tunc
1003 4067 1256 4137 temporis
1284 4063 1685 4122 conscribendis
1708 4073 1894 4118 contra
1927 4063 2036 4117 ha:-

457 4171 682 4228 rcticum
725 4165 918 4234 dogma
968 4161 1120 4218 libris
1166 4159 1507 4230 Dialogorum
1555 4157 1866 4222 insudasse,
1904 4155 2031 4220 Hoc,

458 4263 727 4333 inquiens,
754 4255 944 4312 Beatus
970 4251 1384 4323 Hieronymus...
1411 4250 1466 4303 in
1509 4248 1638 4302 libro
1660 4289 1676 4308 ,
1711 4264 1858 4318 quem
1906 4263 2039 4301 nunc

457 4357 655 4423 scribit,
683 4354 871 4410 collata
897 4353 952 4406 in
979 4349 1185 4405 modum
1213 4345 1421 4416 Dialogi
1449 4343 1777 4398 altercatione
1795 4383 1812 4408 ,
1853 4342 2037 4410 confu-

461 4456 556 4503 tat.
603 4445 727 4502 Jam
770 4445 948 4512 itaque
989 4440 1058 4496 ad
1095 4441 1256 4494 linem
1305 4450 1477 4492 annus
1516 4433 1836 4504 properabat
1877 4448 2039 4502 quum

461 4535 694 4594 absoluti
747 4542 910 4604 atque
969 4533 1023 4587 in
1073 4532 1248 4586 lucem
1304 4529 1435 4583 editi
1492 4526 1614 4581 libri
1671 4534 1795 4579 sunt
1849 4541 1862 4578 :
1918 4540 2039 4579 nam

461 4623 782 4699 September
807 4620 1008 4676 mensis
1030 4661 1045 4686 ,
1077 4633 1239 4689 quum
1267 4633 1385 4673 eam
1416 4616 1726 4685 Apologiatn
1757 4615 2043 4686 Presbyter

463 4716 731 4786 Hispanus
753 4709 1032 4774 scriberet,
1049 4708 1161 4778 jam
1191 4706 1520 4762 trahebatur.

540 4805 628 4862 Vl.
657 4804 940 4875 Aliquanto
969 4807 1088 4870 post
1102 4796 1325 4852 contulit
1344 4810 1403 4852 se
1425 4794 1636 4851 tertium
1652 4794 1878 4850 Sanctus
1891 4795 2048 4850 Pater

465 4897 532 4953 ad
544 4891 969 4953 Commentarios
990 4891 1044 4946 in
1071 4886 1380 4952 Jeremiam,
1398 4901 1531 4955 quos
1554 4901 1647 4954 per
1665 4893 1773 4939 tres
1789 4885 1960 4940 adhuc
1984 4885 2050 4939 li-

467 4989 595 5043 bros
635 4989 749 5041 sive
787 4982 856 5038 ad
893 4989 1106 5038 sextum
1143 4991 1311 5048 usque
1333 5018 1348 5044 ,
1376 4987 1432 5032 et
1477 4975 1542 5031 ad
1582 4974 1864 5046 Propheta:
1890 4985 2050 5047 caput

469 5078 800 5149 trigesimum
841 5073 1156 5138 secundum,
1200 5071 1317 5126 aliis
1343 5069 1572 5126 subinde
1613 5071 2050 5140 occupationibus

468 5168 754 5232 distentus,
775 5163 1074 5220 adornavit.
1095 5160 1344 5217 Oblivisci
1365 5168 1542 5216 tamen
1571 5168 1754 5214 contra
1772 5161 2049 5215 haereticos

471 5270 662 5327 pugnae
705 5268 810 5311 non
851 5261 1092 5325 poterat,
1119 5261 1175 5307 et
1202 5249 1494 5306 insectandi
1525 5248 1644 5305 fidei
1691 5250 1874 5305 hostes
1897 5265 2052 5306 occa-

471 5344 613 5399 sioni
659 5357 871 5414 semper
899 5342 1227 5397 imminebat.
1275 5340 1332 5395 In
1361 5341 1582 5410 prologo
1605 5340 1778 5409 quarti
1809 5341 1926 5396 libri
1947 5341 2051 5396 Pa-

474 5429 736 5487 triarcbas
759 5428 978 5484 nefaria
1004 5428 1122 5497 ejus
1143 5438 1304 5485 secta:
1333 5429 1684 5499 Pythagoram
1707 5468 1722 5493 ,
1745 5429 2014 5485 Zenonem
2034 5471 2050 5495 ,

473 5519 764 5587 Origencm
783 5556 801 5583 ,
827 5516 1124 5573 Grunnium
1143 5557 1160 5584 ,
1183 5520 1464 5588 Evagrium
1500 5520 1800 5586 Ponticum,
1821 5521 2056 5576 Jovinia-

467 5621 608 5668 uuln
618 5604 782 5661 dicit:
806 5603 1106 5673 scriptaque
1118 5621 1212 5660 sua
1232 5609 1499 5677 ingerens,
1512 5608 1626 5672 Cui,
1643 5611 1831 5678 inquit,
1849 5628 2056 5679 respon-

471 5696 601 5754 dere
611 5693 702 5749 diu
714 5701 914 5756 tacens,
925 5703 971 5750 et
994 5695 1214 5754 dolorem
1234 5699 1432 5754 silentio
1461 5701 1724 5771 devorans,
1739 5705 1914 5758 crebra
1939 5711 2050 5776 {rn-

2084 415 2214 458 truut
2230 401 2631 474 expostulatione
2667 397 2954 468 compulsus
2975 413 3108 464 sunt,
3131 411 3219 449 nec
3239 405 3402 448 tamen
3420 393 3679 466 hucusque

2086 496 2315 567 prorupi,
2345 504 2398 546 ut
2427 502 2687 546 auctarum
2712 489 2939 561 (Pelagii
2969 502 3088 541 cum
3118 486 3319 555 primis,
3342 494 3396 540 et
3423 471 3678 540 Caelestii)

2089 586 2291 638 nomina
2321 597 2572 651 ponerem,
2597 581 2788 633 malens
2809 595 2891 631 eos
2912 576 3096 646 corrigi
3117 593 3263 645 quam
3288 577 3546 646 infamari,
3571 583 3678 630 etc.

2092 679 2154 732 Et
2189 678 2408 747 prologo
2436 675 2602 744 quinti
2629 714 2644 739 ,
2676 674 2844 727 altero
2888 672 2961 724 ait
2987 672 3124 739 apttd
3149 669 3433 724 Jeremiam
3459 668 3683 724 Calatho

2093 768 2437 820 ltwreticorutn
2469 764 2699 832 perﬁdia:
2727 761 3115 814 amaritudinem
3145 760 3500 822 demonstrari,
3533 768 3685 812 nuta-

2097 859 2247 926 riquc
2274 855 2398 908 illos
2427 853 2669 923 personis
2697 852 2937 913 Ananiae,
2963 859 3016 904 et
3043 849 3291 914 Semeite,
3320 857 3374 902 et
3398 847 3684 918 Sophonize

2096 945 2409 1010 sacerdotis,
2433 945 2520 1014 qui
2572 944 2624 996 in
2675 943 2947 1011 prOphctze
2995 940 3266 994 interitum
3314 939 3683 1008 conjurabaut.

2100 1038 2336 1108 Denique
2385 1052 2449 1090 ex
2483 1043 2634 1089 sexto
2665 1034 2805 1088 libro
2851 1033 2951 1086 sub
2997 1031 3155 1085 finem
3187 1030 3578 1098 Scriptut-arum
3607 1043 3684 1086 te-

2101 1127 2350 1181 stimouia
2378 1124 2618 1197 congerit
2643 1123 2806 1176 multa
2842 1163 2858 1187 ,
2889 1122 2958 1174 ad
2991 1120 3359 1174 retundendam
3386 1136 3560 1173 eorum
3585 1121 3688 1172 im-

2101 1219 2413 1289 pudentiam,
2439 1218 2521 1287 qui
2550 1224 2746 1286 putant,
2781 1215 3035 1267 hominem
3058 1214 3229 1266 omnia
3249 1229 3393 1283 posse
3413 1213 3686 1282 complere,

2099 1327 2212 1380 qua:
2233 1327 2288 1364 se
2313 1311 2568 1379 [acturum
2597 1323 2704 1361 esse
2745 1306 2997 1376 pollicitus
3019 1314 3112 1360 est.
3159 1305 3308 1359 Alios
3336 1316 3589 1374 prtctcrea
3618 1305 3691 1359 li-

2103 1401 2228 1455 bros
2251 1397 2772 1454 Commentariorum
2798 1393 2850 1449 in
2877 1393 3138 1463 reliquum
3168 1393 3444 1464 Propheta:
3471 1404 3693 1450 contex—

2105 1501 2214 1546 tum
2234 1505 2338 1545 non
2357 1485 2686 1544 elucubravit
2709 1485 2938 1541 Sanctus
2953 1485 3131 1551 Pater,
3149 1493 3204 1539 ut
3233 1501 3331 1540 suo
3355 1500 3454 1541 nos
3478 1487 3615 1551 loco,
3633 1495 3692 1541 et

2106 1583 2157 1638 in
2184 1581 2418 1653 generali
2442 1579 2751 1650 prwfatione
2773 1577 2932 1632 certis
2959 1577 3289 1647 argumentis
3312 1578 3561 1646 probasSe
3589 1579 3691 1633 visi

2105 1691 2308 1731 sumus.
2341 1676 2443 1728 Aut
2469 1681 2613 1727 certe
2641 1673 2686 1726 si
2712 1670 2847 1725 duos
2866 1678 2956 1724 aut
2983 1678 3092 1725 tres
3113 1679 3294 1738 postea
3319 1669 3536 1738 adjecit,
3568 1672 3693 1740 qui-

2110 1765 2209 1819 bus
2237 1779 2371 1833 opns
2399 1761 2694 1830 compleret
2719 1760 2739 1829 (
2761 1774 2865 1813 non
2887 1757 3067 1828 utique
3090 1758 3225 1812 alios
3267 1759 3693 1827 quatuordecim,

2109 1862 2166 1908 ut
2192 1856 2444 1908 hactenus
2485 1865 2759 1920 perperam
2786 1847 3150 1903 existimatum
3171 1848 3287 1919 est)
3312 1849 3384 1903 illi
3424 1849 3532 1916 jam
3580 1859 3694 1905 tum

2110 1943 2392 1998 adviventc
2419 1941 2478 1994 S.
2503 1943 2755 2005 Auctore,
2785 1949 3067 2008 antequam
3097 1938 3148 1992 in
3175 1939 3361 2008 vulgus
3384 1939 3692 2006 ederentur,

2113 2036 2165 2089 in
2213 2033 2511 2102 direptione
2542 2031 2625 2084 illa
2657 2029 3001 2094 monasterii,
3031 2043 3186 2099 quam
3215 2030 3371 2098 paulo
3398 2039 3518 2100 post
3538 2031 3700 2086 Pela-

2112 2128 2250 2197 giaui
2266 2126 2526 2181 satellites
2551 2130 3034 2196 perpetraruntnos
3057 2122 3195 2177 imus
3223 2135 3515 2194 narratum,
3536 2125 3700 2196 depe-

2113 2227 2335 2274 ι’ξθιίιηι.

2185 2307 2295 2362 γιι.
2326 2306 2601 2362 Farinoris
2649 2305 2765 2373 ejus
2803 2304 2960 2376 longe
3008 2303 3314 2376 nequissimi
3358 2305 3574 2361 historia
3627 2307 3702 2364 ita

2116 2397 2294 2453 habet.
2327 2397 2572 2466 Pelagius
2601 2410 2631 2450 a
2654 2395 3106 2467 Jerosolymitano
3123 2406 3387 2450 conventu
3409 2438 3423 2461 ,
3457 2397 3701 2462 Joannis,

2119 2499 2175 2540 ttt
2203 2487 2452 2551 diximus,
2483 2501 2666 2557 opera,
2696 2487 2830 2540 liber
2853 2501 2974 2541 cum
3000 2486 3289 2551 evasisset,
3319 2497 3440 2556 post
3465 2489 3708 2559 quinque

2119 2578 2232 2633 fere
2263 2591 2475 2632 menses
2501 2577 2812 2646 Diospolitn,
2830 2591 2947 2646 qua:
2972 2575 3098 2630 urbs
3127 2576 3178 2630 in
3207 2576 3494 2646 Scripturis
3520 2577 3706 2650 Lydda

2117 2667 2437 2737 appellatur,
2470 2665 2535 2720 ad
2576 2664 2873 2721 Concilium
2902 2707 2916 2730 ,
2942 2666 3027 2720 cui
3054 2665 3337 2722 admodum
3383 2669 3708 2739 qttatuorde?

2119 2759 2222 2814 cim
2253 2773 2284 2813 e
2315 2756 2590 2811 Palaestina
2619 2756 2867 2827 Episcopi
2909 2756 3164 2822 aderant,
3202 2768 3422 2815 vocatus
3447 2769 3548 2815 est.
3577 2761 3710 2830 Qum

2120 2847 2222 2902 sibi
2246 2846 2636 2915 objiciebantur
2657 2861 2899 2901 errorum
2925 2846 3186 2916 Capitula,
3215 2856 3274 2902 ut
3297 2848 3528 2919 loquitur
3550 2851 3714 2906 Inno-

2121 2937 2326 2992 centius
2360 2935 2519 3005 Papa,
2543 2936 2732 3005 partim
2761 2935 2976 2990 vitando
3003 2939 3317 3007 suppressit,
3340 2941 3527 3008 partim
3545 2943 3713 2998 multa

2125 3031 2176 3084 in
2221 3044 2280 3084 sc
2337 3028 2497 3082 verba
2542 3027 2901 3097 retorquendo
2939 3037 3047 3083 tota
3086 3029 3407 3086 obscuritate
3449 3032 3714 3100 confudit,

2125 3122 2295 3191 aliqua
2327 3121 2494 3190 magis
2519 3119 2664 3175 falsis
2685 3121 3038 3188 argumentis,
3059 3137 3216 3191 quam
3239 3137 3362 3177 vera
3394 3125 3624 3191 ratione,
3657 3137 3720 3182 ut

2125 3213 2190 3267 ad
2214 3223 2421 3279 temltus
2449 3220 2654 3280 poterat
2673 3210 2864 3276 videri,
2895 3214 3162 3282 purgavit,
3189 3214 3435 3282 negando
3456 3217 3580 3283 alia,
3609 3219 3717 3274 alia

2129 3304 2260 3357 falsa
2289 3303 2726 3370 interpretatione
2757 3302 3035 3356 vertendo.
3066 3303 3269 3372 Nempe
3290 3304 3570 3362 hatreticas
3595 3308 3720 3377 opi-

2131 3396 2318 3472 niones
2341 3394 2502 3447 latine
2523 3393 2750 3462 scriptas
2773 3392 2945 3448 Gratci
2973 3395 3250 3450 Antistites
3273 3411 3392 3450 cum
3424 3397 3558 3450 haud
3587 3400 3722 3455 satis

2134 3503 2230 3558 per
2267 3499 2325 3539 se
2353 3493 2568 3553 possent
2592 3483 2916 3552 expendere,
2947 3485 3226 3554 nullusque
3252 3495 3398 3542 esset
3423 3502 3484 3541 es
3521 3487 3719 3543 adver-

2133 3593 2217 3635 so.
2245 3577 2333 3645 qui
2363 3576 2616 3644 urgcrct(
2645 3573 2837 3630 Erotes
2874 3575 3016 3630 enim
3047 3585 3101 3630 et
3121 3576 3379 3643 Lazarus,
3405 3578 3493 3647 qui
3523 3579 3576 3632 in
3601 3593 3721 3633 eam

2134 3681 2248 3720 rem
2273 3680 2336 3719 ex
2365 3662 2552 3718 Galliis
2573 3672 2827 3718 venerant
2845 3663 2897 3718 in
2919 3663 3276 3731 Palaestinam,
3295 3675 3500 3734 propter
3517 3684 3724 3738 graretn

2134 3757 2284 3857 unius
2315 3770 2486 3854 eorum
2507 3753 2856 3854 q‘gritudinem
2883 3752 3114 3826 [Aug.de
3140 3753 3276 3809 (ἔθει.
3312 3755 3474 3827 Pel.|.
3505 3756 3728 3828 Synodo

2137 3845 2396 3900 interesse
2415 3842 2634 3898 minime
2651 3842 2955 3914 potuerunt)
2972 3842 3188 3900 Judices
3213 3844 3392 3901 denuo
3407 3847 3615 3910 fefellit,
3631 3849 3729 3903 de-

2138 3951 2241 4006 que
2268 3934 2632 4005 Diospolitano
2659 3933 2888 3989 concilio
2914 3933 3065 3990 velut
3087 3936 3364 3992 absolutus
3381 3978 3397 4003 ,
3421 3953 3520 3992 suo
3547 3947 3725 3996 tamen

2140 4027 2314 4098 palam
2345 4025 2598 4080 damnato
2623 4024 2868 4096 dogmate
2896 4039 3145 4095 egressus
3172 4035 3274 4083 est.
3301 4027 3433 4082 Tum
3463 4044 3590 4084 vero
3618 4030 3730 4084 itaa-

2141 4115 2339 4169 rcticus
2378 4111 2710 4183 triumphum
2748 4128 2927 4184 agere,
2977 4127 3267 4185 sparsaque
3310 4115 3362 4170 in
3387 4115 3572 4186 vulgus
3602 4117 3734 4189 Epi-

2141 4205 2274 4258 stola
2317 4204 2539 4258 carnalis
2583 4203 2896 4258 uentositatis
2939 4212 2986 4258 et
3034 4204 3269 4262 elationis
3311 4205 3527 4278 (Idem,
3549 4209 3728 4281 ibist),

2144 4304 2394 4363 tanquam
2439 4293 2711 4350 Gallorum
2759 4295 2987 4352 insultas
3037 4295 3314 4367 fregisset,
3343 4298 3520 4355 clferri
3569 4309 3734 4372 atque

2144 4385 2483 4447 insolescere,
2514 4384 2721 4454 sibique
2746 4385 2954 4440 animos
2983 4395 3037 4442 et
3061 4387 3171 4441 suis
3209 4398 3392 4443 contra
3421 4397 3580 4446 recta:
3605 4391 3730 4446 fidei

2146 4473 2448 4528 adsertores
2471 4473 2690 4529 addere.
2721 4474 2773 4528 In
2799 4474 3179 4547 Hieronymum
3207 4487 3383 4534 autem
3411 4490 3732 4550 pmsentem

2148 4563 2442 4629 inimicum,
2474 4564 2696 4634 ejusque
2747 4575 2964 4620 sanctos
3009 4566 3312 4624 Monasterii
3365 4569 3555 4626 fratres
3578 4613 3595 4639 ,
3624 4586 3734 4628 non

2149 4654 2382 4723 scriptis,
2413 4663 2505 4707 aut
2533 4654 2731 4719 verbis,
2753 4654 2848 4709 sed
2877 4655 2996 4724 igne
3031 4665 3086 4710 et
3111 4657 3346 4714 caedibus
3368 4660 3607 4715 saevitum
3628 4670 3734 4716 est.

2150 4743 2298 4797 Tunc
2327 4742 2528 4812 (verba
2579 4753 2704 4798 sunt
2730 4744 3004 4813 Augustini
3042 4745 3177 4800 libro
3217 4746 3284 4803 de
3327 4748 3501 4804 Gestis
3537 4749 3739 4823 Pelagii

2150 4837 2250 4892 sub
2274 4836 2432 4890 finem
2465 4836 2624 4906 impie
2667 4837 2860 4910 factum
2889 4852 2995 4892 non
3025 4839 3141 4894 sine
3163 4841 3526 4896 exsecratione
3554 4850 3610 4897 et
3656 4843 3740 4898 la-

2151 4927 2348 4997 crymis
2375 4926 2718 4996 enarrautis)
2747 4942 2778 4978 a
2819 4927 2984 4981 ttescio
3030 4944 3128 4996 quo
3173 4943 3329 4982 cuneo
3381 4929 3694 5000 perditorum
3721 4974 3742 4999 ,

2153 5016 2238 5116 qui
2267 5014 2490 5116 lin
2523 5030 2805 5116 peritarum
2833 5015 3154 5084 perhibentur
3195 5015 3406 5088 Pelagio
3440 5017 3744 5089 suffragari,

2155 5103 2434 5157 incredibili
2460 5103 2676 5157 audacia
2717 5112 3000 5173 perpetrata
3040 5103 3278 5159 dicuntur
3319 5117 3458 5160 tanta
3484 5109 3654 5176 mala,
3688 5121 3748 5166 ut

2157 5193 2252 5247 Dei
2280 5194 2408 5246 servi
2432 5201 2477 5246 et
2503 5193 2707 5246 ancilla:
2747 5193 2816 5245 ad
2859 5209 3033 5248 curam
3057 5197 3218 5250 sancti
3251 5195 3554 5270 Hieronymi
3591 5203 3753 5268 perti-

2158 5293 2328 5338 nentes
2347 5281 2733 5336 sceleratissima
2762 5285 2898 5338 ccede
2921 5286 3252 5356 afficerentur,
3275 5285 3529 5344 Diaconus
3543 5291 3750 5346 occide-

2158 5387 2295 5430 retur
2317 5417 2333 5443 ,
2361 5375 2582 5443 cedi/icio
2632 5376 3048 5432 monasteriorum
3093 5376 3474 5432 incenderentur
3495 5419 3512 5444 ,
3565 5382 3755 5452 visque

2158 5467 2324 5535 ipsum
2368 5461 2735 5537 Hieronymum
2782 5467 2844 5520 ab
2875 5467 2968 5521 hoc
2992 5468 3180 5537 impetu
3203 5508 3220 5534 ,
3247 5477 3396 5539 atque
3416 5471 3624 5527 incursu
3651 5475 3755 5528 int-

2159 5558 2359 5628 piowm
2385 5559 2436 5611 in
2468 5556 2558 5611 Dei
2583 5557 2926 5611 misericordia
2958 5557 3113 5612 turris
3135 5558 3376 5613 munitior
3393 5569 3638 5620 tueretur.

2236 5641 2368 5700 Vlll.
2422 5646 2573 5700 Tanti
2630 5646 2848 5701 sceleris
2887 5645 3028 5700 haud
3085 5645 3306 5700 inscium
3356 5648 3520 5706 fuisse
3575 5653 3759 5724 ipsum

2165 5734 2420 5789 Joannem
2464 5728 2802 5806 Epistdpum,
2833 5738 2923 5806 qui
2967 5734 3180 5804 Pelagio
3221 5733 3452 5808 favebat,
3496 5741 3764 5818 pleraque
