4050 6188
280 257 368 313 I73
1534 247 1589 303 S.
1637 244 2009 302 IIIERONYMI
2050 244 2227 300 VITA.

273 364 457 422 indicio
487 372 661 421 erant.
690 362 1041 435 IIieronymus
1057 374 1205 425 sane,
1238 360 1469 425 itemque
1491 357 1836 411 Eustochium

268 467 315 513 et
347 458 507 513 Paula
549 457 729 527 junior
754 498 771 524 ,
799 455 1011 525 scriptis
1051 454 1304 509 continuo
1342 452 1442 507 bac
1464 451 1532 506 de
1562 467 1621 505 re
1648 451 1838 505 litteris

269 547 479 603 Romam
503 547 571 602 ad
600 545 959 602 Innocentium
986 545 1236 615 (quarum
1268 554 1441 599 tamen
1466 542 1607 597 nulla
1628 548 1837 595 astatem

270 638 416 710 tulit)
446 638 613 694 multa
660 645 1049 707 conquerentes
1095 635 1333 690 Pontilici
1386 633 1455 689 de
1513 632 1837 702 perditorunt

266 729 529 785 hominum
561 728 796 785 facinore
820 727 986 796 impio
1012 736 1172 795 atque
1216 725 1454 791 immani,
1486 733 1544 778 ut
1582 723 1700 792 Opis
1742 723 1839 776 ali-

262 822 377 892 quid
407 819 575 878 ferret
596 830 892 876 extremum
917 817 1307 881 laborantibus,
1335 816 1703 887 implorarunt,
1725 832 1839 868 cum

260 912 365 982 plus
404 927 460 966 se
486 911 655 969 adhuc
700 920 921 963 metuere
961 909 1205 973 dicerent,
1232 924 1386 977 quant
1424 914 1841 971 conquererentur

256 1019 356 1058 esse
380 1019 664 1072 perpessas.
694 1000 892 1056 Nomen
924 1010 1102 1056 tamen
1134 999 1357 1053 hominis
1376 1011 1680 1065 causamque
1716 994 1840 1048 reti-

253 1102 455 1146 cuerunt
483 1108 504 1147 :
539 1106 660 1164 quae
707 1106 891 1146 earum
936 1088 1226 1149 christiana
1273 1088 1534 1143 modestia
1575 1085 1692 1140 fuit.
1734 1083 1840 1139 Re-

251 1184 470 1252 spondit
498 1193 715 1236 sanctus
751 1179 997 1237 Pontifex
1042 1179 1214 1233 tribus
1243 1178 1512 1248 Epistolis,
1542 1191 1661 1243 qua:
1704 1174 1844 1228 inter

249 1272 698 1345 Hieronymianas
738 1284 769 1325 a
815 1284 966 1323 num.
1011 1266 1275 1323 CXXXV.
1314 1282 1404 1336 per
1454 1266 1843 1333 subsequentes

247 1365 389 1419 duos
434 1372 800 1421 recensentur.
847 1361 1023 1416 Prima
1070 1360 1136 1415 ad
1166 1360 1459 1420 Aurelium,
1491 1373 1608 1428 qua:
1632 1366 1688 1412 et
1718 1370 1846 1426 pau-

244 1455 484 1515 cissimis
526 1454 770 1509 versibus
811 1460 1062 1518 conslat,
1093 1450 1236 1507 hunc
1279 1460 1527 1520 precatur
1571 1457 1627 1502 ut
1655 1462 1843 1518 quam-

246 1546 480 1617 primum
526 1545 749 1600 alteram
799 1543 1125 1615 Hieronymo
1170 1541 1495 1597 reddendam
1532 1537 1842 1595 curet.llac

246 1644 426 1691 autem
478 1633 539 1690 S.
586 1634 798 1690 Patrem
845 1633 1023 1687 verbis
1069 1632 1361 1686 lenissimis
1410 1632 1751 1692 consolatur,
1787 1636 1841 1681 et

250 1725 395 1781 bono
414 1738 537 1780 esse
566 1723 746 1778 animo
762 1721 918 1790 jubet
940 1762 955 1783 ,
987 1720 1126 1789 quod
1152 1738 1248 1790 pro
1278 1722 1480 1773 veritate
1518 1732 1838 1788 perpessus,

248 1824 495 1887 exspectet
516 1812 892 1877 beatitudinem,
926 1812 1166 1868 laborum
1197 1811 1248 1863 in
1274 1809 1487 1864 Christo
1512 1808 1833 1863 mercedem:

250 1922 407 1975 quam
436 1905 551 1975 ipse
579 1903 696 1958 aliis
726 1902 978 1957 continuo
998 1900 1341 1971 praedicabat.
1375 1898 1508 1953 Tum
1540 1904 1604 1963 si,
1640 1898 1834 1966 inquit,

251 1997 539 2070 deposueris
575 2004 803 2065 apertam
843 1994 1262 2061 manifestamque
1302 1991 1354 2045 in
1389 1990 1612 2044 homines
1641 1990 1837 2060 aliquos

250 2089 615 2144 accusationem
639 2128 655 2151 ,
685 2095 774 2139 aut
791 2085 991 2155 judices
1036 2092 1364 2151 competentes
1395 2082 1643 2146 tribuant,
1665 2090 1752 2133 aut
1794 2080 1839 2134 si

252 2179 441 2248 aliquid
466 2178 727 2250 urgentius
762 2176 1121 2244 sollieitiusque
1148 2191 1178 2227 a
1206 2173 1347 2228 nobis
1374 2174 1480 2242 ﬁeri
1511 2183 1706 2243 potest,
1738 2188 1841 2226 non

252 2268 536 2324 retardabo.
586 2267 790 2322 Interea
830 2265 956 2334 quid
985 2265 1085 2319 sibi
1122 2280 1219 2334 pro
1253 2273 1492 2331 tempore
1540 2260 1839 2316 faciendum

252 2363 481 2426 duxerit,
507 2375 573 2416 ac
601 2375 758 2429 porro
790 2357 997 2420 fecerit,
1034 2356 1289 2413 declarat.
1313 2355 1544 2410 Tertiam
1570 2354 1635 2407 ad
1670 2354 1840 2424 ipsum

254 2453 398 2509 dedit
424 2452 685 2507 Joannem
716 2451 1024 2520 episc0pnm
1047 2490 1062 2513 ,
1091 2464 1248 2518 quem
1280 2461 1374 2516 pro
1417 2445 1571 2503 Sedis
1610 2446 1836 2514 Aposto-

255 2544 366 2598 lieaa
413 2544 734 2597 auctoritate
778 2540 909 2595 satis
953 2539 1148 2594 acriter
1194 2536 1558 2607 reprehendit,
1589 2537 1640 2589 itt
1671 2548 1842 2604 eoque

256 2650 401 2688 reum
429 2633 559 2703 agit,
590 2630 732 2701 quod
763 2631 1071 2700 prospicere
1098 2628 1408 2693 debuisset,
1435 2642 1500 2682 ne
1540 2626 1715 2681 scelus
1741 2624 1840 2679 ad-

255 2726 595 2781 mitteretur:
625 2740 832 2794 prorsus
868 2730 1021 2786 enim,
1060 2725 1171 2784 ait,
1207 2720 1499 2775 Sacerdotis
1546 2719 1841 2790 gravitatem

255 2819 549 2872 condemnat
578 2827 773 2870 tantum
807 2817 950 2885 nefas
978 2814 1031 2867 in
1078 2812 1301 2867 Ecclesia
1334 2813 1491 2884 fuisse
1518 2812 1838 2879 completum.

258 2909 409 2974 Quod
432 2908 534 2963 nisi
562 2907 815 2975 deinceps
834 2906 1086 2975 corrigat,
1109 2903 1190 2958 vel
1221 2903 1496 2969 retuttdat;
1540 2902 1650 2957 lore
1677 2912 1730 2955 ut
1750 2904 1842 2972 jus

258 2998 665 3053 Ecclesiasticum
690 2997 752 3050 de
780 2994 1091 3064 labefactatis
1105 3010 1282 3047 causas
1294 2994 1524 3062 eunt,qui
1542 3009 1641 3045 non
1663 2992 1844 3061 defen-

259 3091 405 3157 derit,
418 3099 660 3159 prarstare
672 3084 959 3153 compellat.
982 3084 1086 3139 llas
1107 3084 1370 3154 Epistolas
1385 3085 1437 3137 in
1456 3084 1845 3152 cbronologicis

259 3181 321 3235 ad
338 3195 429 3236 eas
451 3179 595 3233 notis
618 3191 761 3231 anno
776 3176 1003 3246 scriptas
1035 3174 1201 3229 fuisse
1231 3176 1333 3229 417
1359 3177 1575 3228 ineunte
1604 3173 1846 3228 ostendi-

262 3286 400 3336 mus,
434 3276 556 3339 post
597 3268 798 3336 aliquot
840 3266 908 3320 ab
956 3265 1045 3319 illo
1092 3264 1143 3318 in
1178 3263 1558 3337 Hieronymum
1612 3262 1849 3318 facinore

263 3371 568 3432 perpetrato
620 3373 855 3414 menses.
886 3357 963 3412 Ex
992 3373 1057 3411 eo
1108 3357 1225 3411 loco
1269 3366 1534 3410 tnomcnta
1582 3357 1845 3409 rationum

263 3463 464 3523 repete.
506 3452 847 3507 Innocentius
892 3450 1049 3521 paqu
1088 3458 1228 3518 post,
1258 3449 1371 3504 sive
1418 3448 1731 3505 duodecima
1763 3450 1849 3504 die

263 3546 462 3601 mensis
495 3544 667 3599 Martii
711 3543 879 3608 obiit,
909 3542 991 3596 cui
1019 3540 1263 3596 Zosimus
1306 3540 1562 3595 successit
1591 3558 1604 3594 :
1636 3555 1733 3595 nec
1759 3540 1848 3596 diu

264 3643 380 3705 post
406 3633 516 3688 fato
542 3648 754 3703 quoque
782 3632 1019 3687 functum
1058 3645 1177 3686 esse
1213 3630 1471 3686 Joannem
1501 3630 1849 3703 ,ιοτοεοιγιηίο

266 3736 466 3789 unum,
485 3739 646 3796 quem
668 3723 896 3794 Praylus
925 3722 1154 3792 excepit,
1171 3732 1352 3777 vetera
1370 3732 1709 3778 monumenta
1731 3739 1851 3793 pcr-

265 3819 511 3873 suadent.
896 3862 904 3869 .

334 3908 427 3964 IX.
456 3907 595 3964 Sunt
622 3921 751 3961 vero
778 3907 880 3963 alia
906 3946 921 3968 ,
949 3921 1067 3976 qua:
1092 3906 1209 3975 ejus
1233 3906 1424 3961 seriem
1450 3906 1703 3976 temporis
1722 3947 1738 3972 ,
1767 3914 1851 3960 at-

264 4015 367 4068 que
398 3999 636 4054 historiae
651 4000 849 4067 scripta
866 3998 1045 4053 Sancti
1068 3998 1242 4053 Patris
1262 3999 1591 4053 continuant.
1622 3998 1851 4067 Epistola

266 4090 578 4145 CXXXVIII
631 4089 697 4143 ad
745 4090 1057 4159 Iliparium,
1093 4088 1255 4143 fuisse
1304 4087 1517 4143 demum
1575 4089 1853 4159 Pelagiana

266 4180 513 4251 dogmata
561 4180 758 4250 rejeeta
808 4180 1005 4235 indicat
1028 4220 1043 4244 ,
1076 4187 1129 4234 et
1160 4179 1367 4249 pulsum
1409 4193 1529 4233 esse
1558 4193 1664 4232 non
1694 4179 1856 4233 soluat

267 4273 331 4326 de
354 4273 495 4339 urbe,
522 4272 614 4327 sed
630 4274 780 4329 etiant
809 4272 871 4327 de
904 4270 1191 4327 Palaestina
1217 4272 1403 4341 ﬁnibus
1428 4269 1697 4327 Catilinam
1719 4313 1732 4334 ,
1751 4287 1857 4341 quo

269 4366 485 4418 nomine
506 4365 668 4418 alium
702 4379 860 4433 quant
892 4363 1161 4433 Pelagiani
1183 4363 1440 4418 denotare
1474 4363 1718 4425 voluisse,
1750 4377 1855 4416 non

269 4466 347 4509 est
362 4456 690 4511 verosimile.
714 4456 1060 4510 Doletautem
1076 4455 1385 4525 plurimum,
1414 4455 1547 4520 quod
1570 4455 1714 4509 multi
1732 4471 1857 4509 con-

264 4545 542 4615 iurationis
569 4546 695 4600 socii
718 4545 1095 4611 remanserint,
1123 4547 1208 4615 qui
1241 4546 1293 4598 in
1321 4543 1493 4615 Joppe
1516 4554 1854 4600 remorantur.

272 4635 434 4690 Nobis
455 4648 624 4691 autem
650 4638 669 4707 (
692 4637 905 4707 subdit)
935 4638 1113 4691 melius
1142 4639 1298 4690 visum
1321 4646 1422 4701 est,
1442 4638 1608 4701 locum
1643 4646 1853 4703 mutare,

269 4744 422 4795 quant
476 4729 598 4796 ﬁdei
650 4730 907 4783 ueritatem
930 4769 945 4793 ,
972 4728 1400 4796 aedificiorumque
1449 4739 1496 4782 et
1539 4730 1858 4782 mansionum

268 4820 613 4872 nmenitntem
640 4820 868 4873 amittere
886 4862 900 4883 ,
932 4835 1083 4889 quam
1117 4834 1288 4872 eorum
1312 4821 1663 4873 communione
1689 4837 1861 4873 macu-

269 4910 375 4963 lari
401 4952 418 4975 ,
440 4912 613 4980 quibus
659 4912 1114 4980 imprtesentiarum
1150 4921 1239 4964 aut
1286 4911 1560 4965 cedendum
1610 4922 1749 4974 erat,
1773 4922 1860 4966 aut

268 5012 416 5055 certe
461 5004 673 5071 quotidie
716 5020 820 5057 non
874 5003 1046 5073 lingua
1075 5044 1090 5067 ,
1122 5002 1214 5056 sed
1258 5002 1443 5073 gladiis
1495 4988 1857 5059 dimicandum.

275 5094 487 5161 Quanta
514 5105 675 5149 autem
706 5095 847 5165 passi
875 5095 1034 5149 simus
1060 5135 1076 5160 ,
1103 5104 1152 5149 et
1182 5096 1432 5162 quomodo
1457 5097 1653 5149 excelsa
1683 5113 1862 5150 manus

272 5184 463 5239 Christi
510 5202 603 5257 pro
643 5186 789 5240 trabis
827 5186 880 5238 in
910 5186 1101 5238 hostem
1140 5186 1394 5252 servierit,
1429 5197 1548 5255 puto
1592 5196 1639 5240 te
1684 5187 1862 5240 celebri

273 5278 448 5331 nuntio
474 5278 645 5331 omnia
666 5276 981 5346 cognovisse.
1008 5274 1134 5330 Item
1160 5276 1210 5329 in
1237 5276 1577 5344 subscquenti
1604 5276 1667 5329 ad
1695 5279 1866 5346 Apro-

275 5366 439 5434 nium,
482 5368 800 5440 proﬂigatos
846 5367 955 5434 jam
987 5366 1268 5422 batreticos
1296 5368 1346 5419 iu
1378 5368 1592 5423 Oriente
1638 5371 1862 5423 nuntiat.

275 5453 375 5509 Hie
403 5460 533 5513 enim
561 5501 579 5527 ,
606 5459 810 5529 inquit,
840 5458 1011 5527 quieta
1056 5468 1174 5513 sunt
1213 5458 1420 5512 omnia:
1448 5469 1495 5511 et
1526 5459 1639 5511 licet
1680 5476 1873 5514 venena

273 5553 485 5614 pectoris
514 5569 619 5607 non
657 5551 950 5614 amiserint,
981 5558 1147 5604 tamen
1177 5566 1232 5604 es
1258 5550 1527 5620 impietatis
1558 5567 1656 5604 non
1681 5552 1868 5606 audent

270 5647 464 5717 φαίη
480 5688 498 5717 ,
526 5647 621 5707 sed
644 5652 773 5705 sunt
800 5644 931 5700 sicut
967 5644 1167 5715 aspides
1198 5645 1367 5701 surdis
1390 5654 1433 5701 et
1461 5646 1745 5703 obturantes
1768 5664 1863 5702 au-

3425 244 3526 298 171

1945 373 2026 410 res
2054 374 2191 411 suas.
2221 356 2413 410 Nostra
2439 364 2607 409 autent
2632 356 2809 409 domus
2836 358 3103 412 secundum
3125 358 3359 413 carnales
3384 375 3525 429 opes,

1945 448 2291 501 Iueretieorum
2355 446 2777 517 persecutionibus
2837 450 3029 517 penitus
3074 466 3242 504 erersa
3266 490 3280 513 ,
3326 450 3526 505 Christo

1946 539 2165 608 prepitio
2188 578 2203 601 ,
2231 538 2578 607 spiritualibus
2625 537 2813 590 divitiis
2858 538 3009 605 plena
3053 548 3147 593 est.
3180 540 3379 596 Eadem
3407 542 3527 611 plus

1944 630 2123 682 minus
2172 628 2445 682 renuntiat
2489 628 2734 684 scribens
2778 626 2843 681 ad
2888 628 3238 697 Augustinum
3289 631 3524 702 Epistola

1943 716 2123 773 CXLI.
2167 727 2220 773 ct
2249 718 2609 786 subsequente
2636 758 2651 783 ,
2703 732 2926 787 quarum
2976 717 3145 771 altera
3189 719 3527 788 congaudens

1942 809 2059 874 ejus
2113 810 2165 862 in
2224 809 2541 878 Pelagianos
2590 808 2915 869 strenuitati,
2963 823 3109 863 verae
3146 808 3317 864 eidem
3345 809 3527 879 gloria:

1942 902 2122 967 vertit,
2164 902 2299 972 quod
2343 918 2455 956 eum
2497 918 2670 955 omnes
2716 902 2937 956 heretici
2982 902 3325 968 detestantur;
3354 910 3400 957 et
3428 919 3526 968 nte,

1944 993 2133 1064 ittqttit,
2153 995 2265 1062 pari
2284 1002 2649 1065 persequuntur
2662 993 2801 1058 odio,
2823 1002 2879 1046 ut
2906 1008 3029 1063 quos
3055 992 3239 1061 gladiis
3257 1005 3525 1063 nequeunt,

1946 1096 2057 1139 voto
2084 1085 2410 1153 interﬁciant.
2438 1084 2623 1139 Altera
2651 1082 2932 1152 significat,
2960 1083 3156 1138 multos
3182 1082 3356 1138 adhuc
3380 1098 3531 1139 asse-

1945 1177 2057 1247 qui,
2082 1194 2144 1230 ne
2171 1178 2345 1247 fractis
2381 1176 2583 1245 quidem
2625 1175 2893 1230 cervicibus
2935 1176 3273 1241 inclinantur,
3296 1176 3531 1229 habentes

1947 1268 2184 1335 a/fectunt
2212 1268 2394 1321 erroris
2418 1268 2651 1336 pristini,
2674 1284 2786 1319 cum
2825 1267 3139 1338 prtedicandi
3175 1266 3402 1320 eamdem
3431 1283 3531 1320 nott

1949 1360 2131 1413 habent
2156 1360 2451 1413 libertatem.
2494 1360 2627 1413 Esse
2654 1359 2812 1414 etiam
2858 1359 3232 1414 nonneminem
3261 1366 3530 1427 potentem

1948 1451 2038 1520 qui
2068 1450 2461 1504 dissimulanter
2480 1450 2556 1503 eis
2582 1450 2781 1504 faveat.
2814 1448 2996 1520 Capta,
3027 1450 3217 1519 inquit,
3243 1446 3531 1502 Jerusalem

1947 1554 2140 1597 tenetur
2173 1560 2207 1596 a
2251 1542 2721 1596 Nabuchodonosor
2744 1583 2758 1607 ,
2792 1558 2882 1597 nec
2922 1541 3162 1611 Ieremia:
3207 1542 3312 1596 uult
3355 1540 3536 1595 audire

1942 1636 2171 1689 consilia.
2196 1643 2301 1689 etc.
2346 1634 2470 1689 "ire
2497 1644 2674 1713 autem
2702 1636 2879 1689 omnia
2924 1648 3047 1689 cum
3087 1635 3348 1703 reliquum
3388 1632 3527 1703 quod

1940 1737 2055 1782 erat
2081 1728 2206 1781 anni
2230 1728 2339 1781 U7
2366 1736 2474 1780 tum
2506 1726 2940 1795 subsequentem,
2963 1736 3053 1781 aut
3084 1734 3272 1791 totum,
3291 1734 3384 1780 aut
3410 1741 3528 1779 ma-

1942 1819 2138 1873 ximam
2163 1827 2311 1873 certe
2341 1826 2544 1887 partem
2574 1833 2669 1887 per
2691 1817 2927 1873 historice
2955 1816 3253 1886 Pelagiana:
3277 1815 3527 1885 adjuncta

1941 1918 2218 1978 statusque
2245 1910 2441 1975 varios,
2473 1909 2603 1965 satis
2632 1909 2914 1964 manifesto
2942 1908 3220 1965 denotant.

2014 2000 2082 2054 Χ.
2105 2000 2573 2071 Inscquensannus
2594 2002 2697 2056 419
2720 2002 2961 2056 laborum
2992 2002 3261 2056 cumulum
3292 2010 3346 2057 et
3367 2002 3528 2056 raise.

1944 2093 2165 2157 riarum,
2186 2093 2403 2163 jamjam
2448 2095 2751 2163 properanti
2774 2094 2839 2147 ad
2867 2094 2988 2147 vita:
3016 2093 3174 2147 linem
3204 2094 3529 2163 Hieronymo

1946 2185 2143 2238 attulit.
2194 2185 2579 2249 Eustochium,
2625 2201 2743 2253 qure
2774 2186 2892 2252 ejus
2938 2186 3161 2239 instituti
3187 2186 3295 2254 jam
3344 2186 3465 2239 inde
3497 2202 3528 2242 a

1946 2276 2331 2333 Betltleemitici
2350 2276 2654 2333 Mouasterii
2677 2278 2895 2332 conditu
2918 2288 3035 2346 post
3055 2276 3275 2331 Paulam
3302 2287 3526 2331 matrem

1948 2368 2149 2437 reliqua
2190 2382 2295 2420 una
2330 2367 2418 2421 lux
2447 2375 2592 2430 erat,
2630 2367 2897 2422 occubuit.
2927 2366 3089 2435 Virgo
3105 2368 3180 2422 rei
3210 2366 3528 2422 Christiana:

1949 2472 2057 2517 tum
2097 2461 2401 2515 Monastictc
2443 2462 2566 2516 vita:
2588 2460 2937 2515 sanctiSsimze
2966 2459 3133 2515 decus
3152 2460 3478 2529 prmcipnum
3508 2479 3522 2514 :

1946 2553 2098 2623 cujus
2124 2567 2224 2621 ego
2250 2552 2452 2617 laudes,
2490 2561 2672 2621 totque
2696 2551 2839 2605 edita
2867 2566 2961 2620 per
2980 2566 3151 2605 annos
3168 2551 3334 2605 ferme
3357 2551 3528 2620 vigin-

1948 2644 1983 2696 ti
2027 2643 2261 2712 quinque
2293 2642 2546 2697 virtutum
2577 2642 2818 2712 exempla
2847 2641 3133 2711 complecti
3173 2642 3348 2696 verbis
3387 2640 3526 2692 baud

1946 2734 2167 2802 possim.
2201 2731 2333 2786 Nata
2359 2732 2595 2803 principe
2624 2732 2761 2800 apud
2790 2731 3059 2787 Romanos
3081 2732 3218 2792 loco,
3248 2739 3401 2799 patre
3420 2729 3528 2781 Το-

1946 2824 2113 2887 xotio,
2146 2822 2215 2877 de
2234 2823 2372 2878 Julia
2400 2833 2580 2893 gente,
2606 2822 2747 2891 mule
2764 2830 2818 2875 et
2838 2822 2979 2875 Julia
2999 2819 3262 2889 appellata
3290 2819 3401 2886 ipsa
3420 2827 3526 2882 est,

1950 2921 2140 2977 matre,
2170 2922 2227 2966 ttt
2254 2912 2513 2976 diximus,
2528 2912 2584 2966 S.
2612 2912 2796 2975 Paula,
2822 2912 2888 2963 de
2915 2909 3226 2978 Scipionum
3248 2918 3301 2960 ct
3332 2906 3528 2961 Paulo-

1950 3016 2065 3054 rum
2098 3002 2285 3068 stirpe,
2315 3001 2369 3055 in
2396 3010 2535 3053 tanta
2569 2998 2988 3065 opulentissintm
3014 2997 3226 3060 domus,
3254 3003 3414 3064 atque
3432 2995 3531 3050 Ur-

1952 3090 2034 3144 bis
2062 3090 2378 3159 frequentia,
2397 3104 2496 3158 pro
2527 3088 2693 3143 nihilo
2716 3088 2898 3141 habuit
2924 3087 3151 3142 btttnana
3173 3088 3375 3153 omnia,
3403 3101 3533 3140 con-

1956 3192 2141 3250 traque
2177 3180 2543 3234 aduitentibus
2590 3193 2800 3234 summo
2853 3179 3029 3233 studio
3057 3179 3302 3249 Hymetio
3328 3194 3448 3245 avo,
3478 3190 3533 3234 ct

1952 3272 2247 3328 Prtetexata
2274 3273 2393 3342 ejus
2440 3288 2621 3338 uxore,
2652 3272 2949 3327 castitatem
2991 3272 3099 3327 Deo
3144 3272 3306 3327 vovit.
3336 3272 3527 3327 Secuta

1951 3363 2147 3418 deinde
2175 3372 2257 3417 cst
2300 3363 2356 3418 S.
2406 3374 2630 3418 matrem
2663 3362 2713 3416 itt
2742 3360 3080 3418 Palaestinam
3108 3405 3123 3428 ,
3151 3372 3204 3417 ct
3236 3361 3530 3417 Ilctltfeetui

1951 3466 2260 3512 constructo
2290 3455 2564 3526 Virginum
2588 3456 2936 3521 monasterio,
2969 3470 3152 3511 secum
3187 3455 3276 3510 illa
3320 3456 3371 3509 itt
3402 3469 3530 3509 sau-

1952 3558 2039 3604 cto
2074 3548 2348 3619 proposito
2377 3589 2395 3615 ,
2435 3548 2501 3603 ad
2549 3548 2896 3619 perfectionis
2937 3549 3266 3616 Evangelicze
3308 3564 3519 3604 sttuuua

1953 3640 2247 3696 contendit.
2268 3638 2435 3695 Matre
2447 3639 2512 3693 ad
2530 3654 2757 3709 superos
2776 3647 2994 3694 evocati
3026 3648 3159 3699 ante
3171 3653 3342 3692 annos
3365 3637 3533 3691 ferme

1954 3732 2298 3802 quindecim,
2347 3730 2727 3785 Mouasteriutu
2776 3729 2888 3784 sola
2928 3720 3341 3794 administravit,
3392 3729 3534 3797 mind

1954 3822 2249 3892 virginibus
2270 3822 2650 3892 quinquaginta
2678 3830 2977 3883 constasse,
3010 3817 3277 3872 Palladius
3328 3818 3488 3870 tradit
3517 3838 3531 3872 :

1957 3898 2209 3968 incidisse
2235 3921 2412 3966 autent
2447 3911 2502 3966 in
2525 3911 2834 3967 difﬁcillima
2863 3918 3123 3981 tempora.
3155 3923 3274 3979 qua-
3290 3908 3537 3976 superius

1958 4013 2171 4058 narrata
2194 4013 2338 4067 sunt,
2373 4011 2690 4057 monstrant.
2735 4002 2979 4068 Annum,
3004 4016 3110 4072 quo
3145 4002 3331 4055 vivere
3356 3998 3534 4061 desiit,

1962 4096 2099 4148 hunc
2126 4093 2375 4147 nimirum
2402 4092 2507 4147 M9
2536 4103 2785 4147 asserunt
2824 4092 3145 4147 eruditiores
3188 4090 3206 4162 (
3235 4089 3375 4145 Laris
3417 4105 3534 4156 cup.

1959 4180 2101 4253 26);
2127 4182 2291 4249 diem,
2333 4196 2446 4251 quo
2470 4182 2723 4236 memoria
2741 4181 2863 4249 ejus
2882 4182 3075 4251 agitur,
3105 4177 3536 4251 Martyrologituu

1963 4274 2263 4328 Itomanum
2280 4272 2560 4342 consiguat
2600 4268 3069 4340 Septembris'28,
3096 4286 3163 4327 eo
3196 4270 3402 4327 scilicet
3444 4272 3536 4341 qui

1964 4365 2208 4435 proxime
2232 4364 2585 4432 Praeceptoris
2606 4364 2687 4417 sui
2711 4360 3363 4437 HieronymiTtnemoriant
3389 4372 3541 4417 aute-

1961 4457 2123 4511 cedit.
2151 4455 2250 4512 llic
2268 4465 2445 4509 autem
2476 4463 2620 4509 tanto
2648 4455 2717 4510 ob
2740 4454 2885 4509 illius
2911 4465 3160 4521 mortem,
3191 4468 3423 4510 mtrrore
3455 4454 3541 4505 ιιι·-
3574 4480 3581 4487 -

1964 4553 2134 4608 fectus
2159 4562 2260 4617 est,
2294 4562 2355 4606 ut
2374 4551 2608 4607 animttm
2627 4552 2737 4607 fere
2752 4551 3115 4622 desponderit.
3134 4550 3384 4607 Testatur
3405 4548 3539 4614 ipse,

1963 4645 2202 4700 scribens
2225 4644 2382 4714 paulo
2402 4652 2540 4714 post,
2560 4644 2659 4698 boc
2674 4653 2846 4697 tamen
2867 4654 3296 4701 vertenteanno,
3329 4638 3542 4705 Episto-

1965 4737 2067 4790 lam
2095 4736 2321 4792 CXLIII.
2343 4736 2409 4791 ad
2438 4736 2682 4808 Alypium
2702 4745 2755 4791 et
2785 4735 3133 4803 Augustinum
3155 4770 3169 4794 ,
3193 4726 3403 4783 afﬂictis
3425 4727 3537 4793 jam

1964 4829 2126 4884 rebus
2151 4830 2417 4894 omnibus,
2442 4844 2542 4884 nec
2566 4829 2729 4883 fuisse
2760 4826 2859 4880 sibi
2889 4823 3116 4891 amplius
3145 4818 3311 4880 cordi,
3338 4817 3449 4869 suis
3468 4818 3541 4869 si-

1965 4906 2029 4975 ve
2057 4923 2308 4977 Ecclesia:
2332 4921 2572 4974 hostibus
2599 4916 2941 4987 respondere.
2976 4911 3145 4976 Quod,
3175 4908 3267 4970 ait,
3296 4907 3541 4977 qtueritis,

1966 5024 2134 5066 utrum
2162 5011 2504 5077 rescripserint
2529 5018 2705 5062 contra
2732 5006 2886 5059 libros
2920 5001 3103 5054 Aniaui
3151 4996 3547 5068 pseudodiaconi

1968 5102 2272 5165 Celetlensis,
2304 5099 2390 5165 qui
2442 5095 2790 5165 copiosissime
2817 5093 3040 5159 pascitur
3062 5129 3077 5151 ,
3107 5097 3161 5140 ut
3200 5087 3381 5141 aliena:
3430 5084 3545 5137 bla-

1968 5192 2209 5258 sphemia:
2232 5189 2378 5242 verba
2400 5187 2582 5258 frivola
2609 5182 2970 5245 subntinistret,
3000 5180 3172 5234 sciatis
3198 5195 3276 5232 me
3299 5180 3445 5246 ipsos
3478 5178 3545 5233 lio

1969 5283 2085 5335 bras
2121 5282 2171 5333 in
2194 5280 2445 5333 schedutis
2469 5279 2646 5331 missos
2677 5293 2708 5330 a
2732 5274 2923 5329 Sancto
2953 5277 3112 5344 fratre
3138 5282 3309 5324 nostra
3328 5268 3550 5324 Eusebio

1971 5371 2366 5443 (Cremonensi)
2400 5368 2697 5439 Presbytero
2728 5366 3027 5435 suscepisse,
3062 5379 3163 5417 non
3191 5371 3309 5416 ante
3332 5361 3547 5416 ntultum

1971 5466 2228 5534 temporis,
2252 5473 2296 5517 et
2319 5464 2519 5528 exinde,
2546 5462 2622 5516 vel
2648 5459 2997 5533 ingruentibus
3024 5456 3226 5523 morbis,
3254 5453 3333 5510 vel
3358 5453 3549 5509 dormio

1971 5560 2106 5613 tione
2124 5557 2329 5613 Sancta!
2355 5565 2399 5610 et
2417 5553 2713 5610 venerabilis
2738 5554 2860 5623 ﬁlim
2886 5563 3059 5606 vestra:
3081 5548 3343 5605 Eustachii
3367 5548 3434 5599 ita
3452 5549 3559 5602 ἀοι

1979 5651 2152 5721 luisse,
2183 5658 2239 5705 ut
2264 5649 2629 5721 propetttodutn
2652 5650 3037 5706 conteumemlcs
3069 5659 3316 5719 putarent,
3342 5653 3446 5701 etc.

3580 4336 3590 4371 δ
3612 4352 3619 4359 ι
