4050 6188
219 251 313 304 ΠἹ

214 363 572 419 Grammatica
602 345 861 419 Donatum~
882 362 1065 417 habuit
1083 368 1488 432 praeceptorem.
1509 360 1562 413 in
1582 359 1785 413 Rheto-

218 460 322 513 rica
357 465 537 513 autem
568 455 893 510 Victorinum
920 465 1214 508 oratorem.
1245 452 1531 521 Postquam
1549 466 1678 505 vero
1709 448 1785 519 (ιι)

218 561 423 601 omnem
447 546 841 600 mundanorum
866 544 1165 600 studiorum
1184 543 1535 597 litteraturam
1563 541 1791 610 adeptus

219 648 316 703 est,
332 637 832 708 probatissimorurg
842 652 1051 707 quoque
1063 636 1440 692 Mouachorum
1461 632 1695 687 habitum
1713 632 1790 703 (b)

221 730 515 800 laetumque
542 730 781 785 imitatus
802 742 908 787 est.
937 729 1292 798 Cupiditatetu
1318 724 1579 795 siquidem
1601 724 1793 780 animo:

216 820 321 889 iugi
350 820 682 882 _Siuceritate
727 820 941 874 calcans
966 818 1403 888 voluptatemque
1427 816 1667 883 corporis
1698 830 1790 883 pe-

220 910 635 981 rcuuil'raugens
644 910 868 980 jejunio,
892 912 1173 980 plerosque
1189 908 1262 983 (c)
1280 909 1512 963 viroruru
1531 906 1792 961 bonorum

222 1012 275 1057 et
302 1004 676 1074 religiosorum
708 1003 958 1059 meliores
986 1004 1100 1058 lore
1123 1018 1223 1057 suo
1250 1002 1434 1057 docuit
1457 1001 1722 1056 instituto.

286 1093 530 1163 Quodam
562 1094 724 1164 igitur
752 1103 991 1164 tempore
1009 1136 1026 1161 ,
1056 1093 1182 1148 dum
1211 1108 1278 1147 ex
1306 1107 1457 1148 more
1484 1092 1626 1146 idem
1674 1089 1798 1145 llic-

213 1184 690 1256 rooymns,dlvina
715 1180 1078 1249 adlegandum
1113 1183 1297 1253 pandit
1323 1182 1401 1253 (di
1420 1181 1713 1244 volumina,
1742 1188 1800 1233 et

210 1277 503 1330 mortalem
530 1273 868 1329 bibliotheca:
885 1288 996 1328 sua:
1012 1285 1285 1328 auctorem
1301 1272 1533 1326 Tullium
1554 1268 1803 1325 recorda-

208 1377 326 1421 tur.
379 1366 501 1421 Mox
545 1366 797 1431 cmiitus,
829 1380 898 1419 ne
947 1364 1081 1419 tales
1129 1363 1449 1434 quandoque
1502 1363 1805 1418 revolverct

211 1458 406 1520 libros,
434 1454 717 1510 salutifero
734 1454 1021 1523 castigatus
1048 1464 1132 1510 est
1155 1454 1398 1509 verbere.-
1426 1453 1501 1508 lta
1521 1454 1663 1509 enim
1691 1453 1805 1523 ipse

216 1547 285 1602 de
311 1560 374 1600 se
393 1544 460 1599 ad
484 1544 833 1599 Eustochium
868 1545 1128 1614 virginem
1166 1544 1408 1599 scribens
1427 1544 1619 1598 asserit
1644 1558 1657 1595 :
1672 1541 1803 1615 tium

219 1646 338 1691 ante
362 1651 528 1689 annos
559 1635 807 1706 plurimos
837 1634 1008 1697 domo,
1032 1634 1346 1703 parentibus,
1376 1649 1550 1686 sorore
1568 1674 1584 1697 ,
1615 1649 1803 1703 cogna-

220 1729 304 1793 tis,
337 1736 385 1781 et
413 1726 575 1796 (quod
594 1726 674 1779 his
698 1724 952 1796 diﬁcilius
971 1723 1066 1793 est)
1095 1722 1166 1793 (e)
1197 1722 1558 1777 consuetudine
1572 1722 1801 1776 lautioris

219 1819 314 1876 cibi
334 1827 540 1889 propter
559 1814 803 1870 calorum
831 1831 911 1869 me
933 1830 1088 1885 regna
1109 1823 1429 1879 castrassem,
1457 1822 1505 1866 et
1529 1810 1768 1883 Jrrosoly
1782 1840 1798 1853 -

222 1926 354 1963 mum
383 1907 689 1960 militaturus
736 1921 990 1976 pergerem
1014 1944 1028 1968 ,
1059 1904 1379 1967 bibliotheca,
1425 1918 1581 1972 quam
1623 1901 1804 1957 Romae

221 2016 335 2054 cum
387 2013 583 2052 summa
612 1997 779 2051 studio
806 2011 865 2048 ac
889 1994 1059 2049 labore
1087 1996 1401 2067 confeceram
1423 2035 1439 2059 ,
1491 2009 1665 2047 carere
1701 2008 1802 2047 non

227 2099 473 2159 poteram.
492 2085 575 2139 Ita
600 2086 668 2156 (f)
692 2086 842 2138 miser
867 2099 958 2155 ego
987 2085 1206 2138 lecturus
1218 2082 1445 2138 Tullium
1464 2083 1763 2156 jejunabam
1782 2100 1802 2139 :

228 2190 338 2248 post
361 2181 584 2233 noctium
612 2176 810 2231 crebras
831 2176 1047 2246 vigilias,
1072 2184 1185 2246 post
1208 2175 1482 2245 lacrgnras,
1510 2191 1635 2244 quas
1684 2175 1807 2228 mihi

231 2271 593 2340 praeteritarum
635 2267 917 2321 recordatio
964 2275 1285 2336 peccatorum
1309 2281 1373 2321 ea:
1394 2265 1510 2319 iuris
1536 2265 1808 2319 visceribus

229 2359 426 2415 eruebat
453 2356 744 2428 (Plautus),
800 2354 958 2410 Plato
1006 2353 1297 2410 sumebatur
1348 2354 1402 2406 in
1443 2352 1696 2407 munibus.
1749 2354 1812 2408 Si

229 2451 429 2523 quando
450 2453 501 2505 in
522 2450 870 2518 memetipsnm
893 2463 1120 2502 reversus
1143 2488 1160 2513 ,
1202 2445 1487 2516 Prophetas
1526 2446 1688 2516 legere
1712 2462 1813 2499 cte-

235 2545 434 2614 pissem,
462 2558 626 2596 sermo
660 2538 895 2594 horrebat
921 2539 1185 2603 incultus;
1235 2548 1281 2591 et
1308 2539 1426 2605 quia
1471 2537 1638 2591 lumen
1666 2537 1811 2592 cteris

234 2634 388 2687 oculis
430 2649 530 2685 non
570 2630 819 2695 ridebam,
868 2645 970 2683 non
998 2628 1260 2682 oculorum
1303 2628 1507 2697 culpam
1537 2628 1808 2697 putabant,

237 2723 321 2777 scd
344 2723 488 2776 solis.
513 2720 646 2774 Dum
673 2736 752 2775 me
777 2721 885 2792 (al.
912 2722 982 2774 ita
1001 2720 1022 2785 )
1044 2720 1212 2787 itaque
1224 2720 1457 2789 antiquus
1478 2735 1680 2789 serpens
1696 2718 1813 2772 illu-

238 2814 392 2878 deret,
422 2815 477 2866 in
523 2812 691 2866 media
720 2813 877 2882 ferme
908 2810 1310 2882 Quadragesima
1363 2811 1597 2866 medullis
1642 2815 1815 2882 infusa

239 2903 386 2973 febris
412 2918 595 2972 corpus
643 2918 811 2955 meum
842 2901 1022 2954 inuasit
1072 2900 1407 2966 exhaustura;
1451 2910 1498 2955 et
1549 2901 1658 2955 sine
1707 2901 1816 2954 ulla

240 2997 404 3066 requie
428 2992 597 3065 (quod
624 2992 764 3046 dictu
795 3008 991 3062 quoque
1035 2991 1327 3045 incredibile
1352 2991 1459 3062 sit)
1498 2992 1569 3045 sic
1595 2991 1818 3062 infelicia

242 3086 457 3141 membra
483 3086 695 3154 depasta
716 3093 854 3148 sunt,
872 3092 924 3136 ut
948 3082 1143 3149 ossibus
1169 3082 1253 3136 nia:
1279 3080 1354 3153 (g)
1385 3082 1654 3136 Irtererent.
1690 3080 1713 3134 Ι
1722 3091 1822 3134 nte—

244 3178 334 3231 rim
360 3174 674 3247 parabantur
702 3173 941 3244 acequite,
993 3181 1040 3227 et
1080 3172 1245 3225 vitalis
1275 3172 1431 3225 animi
1486 3172 1663 3239 calor,
1716 3181 1821 3225 toto

245 3269 535 3340 frigescente
570 3265 921 3336 jam'corpore
940 3304 952 3327 ,
981 3264 1037 3316 in
1061 3262 1171 3317 solo
1207 3269 1402 3315 tantum
1432 3271 1626 3328 tepente
1654 3270 1825 3331 pectu-

243 3360 378 3414 sculo
409 3356 710 3428 palpitabat.
749 3354 875 3411 Cum
904 3354 1069 3408 subito
1093 3361 1271 3424 raptus
1296 3353 1348 3407 in
1373 3353 1554 3423 spiritu
1582 3353 1652 3405 ad
1675 3351 1825 3406 tribu-

249 3452 332 3505 nal
362 3450 555 3520 judicis
596 3448 880 3519 pertrahor,
913 3447 999 3502 ubi
1028 3455 1224 3499 tantum
1254 3445 1481 3510 luminis,
1533 3455 1583 3500 et
1628 3455 1824 3500 tantum

248 3552 349 3595 erat
373 3557 435 3596 ea:
461 3538 893 3593 circumstantium
940 3536 1169 3591 claritate
1199 3535 1434 3607 fulgoris,
1468 3545 1523 3589 ut
1570 3539 1824 3606 projectus

248 3634 297 3685 in
328 3643 534 3694 terram,
566 3646 769 3684 sursum
796 3631 1020 3699 aspicere
1044 3643 1143 3681 non
1174 3627 1431 3682 auderem.
1474 3625 1826 3698 Interrogatus

250 3725 604 3791 conditionem,
636 3720 981 3777 Christianum
1009 3737 1088 3774 me
1126 3736 1231 3774 esse
1254 3721 1509 3789 respondi.
1541 3719 1605 3774 Et
1620 3721 1708 3775 ille
1743 3721 1828 3789 qui

252 3816 576 3884 praesidebat:
595 3812 851 3879 Mentiris,
867 3813 959 3878 ait,
981 3810 1338 3865 Ciceronianus
1363 3827 1436 3877 es,
1457 3811 1536 3882 (Ir)
1565 3828 1664 3865 non
1681 3811 1830 3866 Chri-

248 3907 460 3959 stianus.
499 3903 600 3959 Ubi
627 3904 894 3956 thesaurus
919 3911 1052 3967 tuus,
1080 3902 1150 3955 ibi
1176 3911 1221 3956 et
1247 3918 1334 3955 cor
1362 3911 1501 3955 tuum
1527 3913 1624 3955 est.
1682 3902 1831 3958 Illico

250 3998 494 4062 obmutui,
523 4009 571 4050 et
597 3996 727 4049 inter
745 3994 946 4048 verbera
979 3994 997 4063 (
1020 4010 1137 4047 nam
1162 3994 1289 4046 caedi
1314 4009 1391 4046 me
1407 3992 1672 4064 jusserat)
1709 4011 1834 4048 cou-

248 4090 472 4144 scientia:
494 4090 615 4159 igne
656 4087 817 4157 nragis
843 4083 1128 4154 torquebar,
1160 4083 1304 4137 illum
1323 4100 1513 4137 mecum
1538 4086 1834 4138 uersiculum

251 4189 534 4249 reputans:
568 4176 623 4231 In
651 4177 891 4230 'iul'eruo
920 4187 1101 4230 autem
1143 4173 1265 4244 quis
1309 4172 1653 4229 conﬁtebitur
1702 4174 1837 4229 tibi?

254 4268 486 4322 Clamare
523 4277 689 4321 tamen
716 4266 864 4335 coepi,
892 4276 937 4319 et
964 4265 1165 4336 ejulans
1209 4264 1376 4318 dicere
1403 4279 1421 4316 :
1450 4262 1691 4318 Miserere
1720 4265 1837 4333 mei,

260 4358 491 4422 Domine,
512 4358 749 4412 miserere
769 4357 885 4410 mei.
910 4350 1037 4408 lla'c
1057 4370 1157 4409 eoa:
1182 4355 1313 4408 inter
1323 4355 1528 4426 ﬂagella
1551 4355 1837 4410 resonabat.

261 4446 484 4502 Tandem
512 4449 582 4501 ad
608 4446 924 4518 praesidentis
948 4460 1114 4516 genua
1155 4444 1406 4515 provoluti
1433 4441 1496 4517 (ὅ)
1524 4444 1608 4515 qui
1635 4445 1840 4500 assiste-

329 4666 392 4730 (ιι)
402 4664 558 4730 [idem
569 4665 673 4730 pari
694 4677 936 4730 consensu
947 4670 1096 4730 omne
1110 4659 1464 4730 mratdanarum
1484 4661 1702 4730 seruiium
1719 4662 1846 4713 litte-

259 4723 445 4777 ra-7uin.
462 4723 942 4776 Uuu'sNarhoueusis
963 4742 986 4770 at
997 4724 1202 4773 Omnem
1215 4723 1561 4773 mundanorum
1577 4726 1846 4774 studiorum

263 4788 605 4838 litteraturam.
626 4788 955 4838 Corbeiensis.
991 4784 1199 4835 Omnem
1240 4786 1464 4847 peritiam
1499 4785 1846 4837 mtmdanarum

259 4850 437 4898 studiis
459 4848 749 4908 litterarum,
770 4865 793 4892 ν
824 4854 921 4898 etc.

333 4909 400 4972 ib)
427 4908 566 4972 {laud
590 4905 973 4972 equidemputo,
994 4905 1112 4972 facti
1135 4906 1367 4972 vocabulo
1387 4906 1448 4972 ad
1470 4920 1634 4972 mores
1655 4909 1847 4959 institu-

265 4968 424 5019 tatiu'e
447 4968 781 5018 Mouaeh'orum
804 4968 1077 5019 denotanda
1098 4981 1213 5018 usus
1235 4969 1514 5018 Gennadius
1530 4969 1722 5018 fuisset.

357 4984 424 5016 ue
448 4984 781 5018 monacuorum
804 4984 1077 5019 uenulanua
1098 4984 1213 5018 usus
1235 4984 1514 5018 uenuaurus
1530 4984 1722 5018 ruisset.

337 4984 399 5095 lc)
423 5028 542 5095 Mss.
569 5032 923 5095 nostri__omucs
955 5030 1206 5094 plerosque
1236 5028 1463 5095 bonorum
1496 5029 1847 5093 religiosorum,

268 5089 463 5144 absone
485 5090 794 5139 inter-mediis
814 5089 1040 5149 virorum,
1062 5099 1210 5154 atque
1232 5095 1277 5141 et
1300 5089 1487 5152 copula.

337 5106 405 5201 [di
441 5150 578 5201 Unus
618 5150 886 5200 Vaticanus
902 5154 1118 5201 acnmitru
1158 5165 1176 5201 :
1214 5151 1343 5201 quod
1387 5165 1483 5201 non

337 5150 405 5218 id]
441 5150 604 5218 linus_
618 5150 886 5218 vaticauus
902 5150 1176 5218 acnnn'rnr':
1214 5150 1483 5218 quodnon
1506 5152 1849 5218 improbarim.

274 5212 403 5285 “uixi
418 5213 550 5285 alter
568 5213 794 5285 Resina.
818 5212 1665 5285 autquedwiwlefmlveréb
1689 5220 1785 5285 ειρε

337 5276 399 5342 (ει
433 5273 785 5342 Narbonensis,
806 5273 1025 5326 Satietate
1046 5273 1264 5326 lautioris
1291 5273 1385 5325 cibi
1408 5287 1427 5324 :
1459 5283 1559 5325 tum
1594 5275 1721 5325 alter
1752 5274 1853 5324 lte-

272 5334 415 5399 ghiaa',
436 5349 584 5399 quam
604 5334 726 5399 mild
750 5343 908 5388 Itonia:
921 5345 1016 5386 etc.

352 5396 407 5464 ης
437 5396 658 5464 ξιειηιιε
682 5397 905 5464 lit-ginta,
918 5404 1093 5464 itaque
1113 5396 1260 5464 miser
1280 5410 1385 5459 ego.

352 5399 392 5460 Π
437 5398 658 5464 Uterque
682 5398 905 5461 Regina»,
931 5404 1093 5460 Itaque
1113 5398 1260 5448 miser
1280 5410 1385 5459 ego.

436 5461 648 5531 Reginae
666 5459 811 5530 alter,
832 5459 1013 5509 ossibus
1036 5457 1116 5544 νέξ
1136 5458 1391 5509 herrorem.

398 5523 934 5589 _Iden_r,(_rce_ronnmus
955 5526 1069 5589 estu
1089 5555 1102 5568 .
1126 5527 1225 5589 tum
1247 5519 1391 5576 alter,

421 5518 934 5581 Ider'tt,(icerorrirnrrts
955 5526 1069 5569 eatu
1089 5532 1107 5568 :
1126 5527 1225 5581 tum
1247 5519 1391 5576 alter,
1411 5518 1497 5570 tibi
1517 5519 1640 5581 eni-n
1662 5518 1855 5569 thesau-

269 5580 366 5636 rus.
386 5580 591 5649 Deinde
603 5582 940 5649 Narbonensis
959 5587 1086 5631 inter
1102 5580 1303 5649 verbera
1320 5581 1489 5644 quibus
1502 5580 1630 5633 cradi
1651 5593 1727 5630 me
1750 5581 1856 5638 ius-

268 5653 392 5697 serat
417 5660 434 5695 :
457 5642 681 5707 denique
699 5642 964 5707 Vaticanus
982 5641 1283 5707 conscientia:
1305 5641 1456 5704 natura
1472 5656 1600 5706 rgno,
1619 5650 1717 5693 etc.

332 5710 383 5776 li)
412 5703 624 5761 Calices
643 5705 798 5758 nostri
817 5716 1008 5764 omnes,
1032 5704 1115 5758 qui
1135 5703 1434 5755 adstiterant.

1480 242 1539 301 S.
1582 241 1957 300 llIERONYSII
2001 241 2176 296 VITA.

3377 249 3399 303 i
3410 249 3473 307 78

1899 354 2017 408 bant
2047 355 2382 421 precabantur
2404 393 2420 416 ,
2450 362 2502 407 ut
2528 354 2723 407 ueniam
2750 355 2982 411 tribueret
3025 355 3400 423 adolescentia,
3429 367 3478 411 et

1900 446 2060 498 errori
2087 444 2251 497 locum
2279 442 2583 513 pauitantia:
2607 444 2970 511 commodaret,
3000 457 3271 502 exacturus
3290 447 3478 502 deinde

1899 534 2203 599 cruciatum,
2232 534 2277 587 si
2303 532 2568 604 gentilium
2594 534 2877 587 litterarum
2902 536 3175 604 aliquando
3204 522 3435 610 legissent
3459 554 3479 593 :

1901 622 2015 695 Ego
2041 624 2128 694 qui
2168 633 2308 679 tanta
2344 625 2646 679 constrictus
2674 624 2892 679 articulo
2917 625 3088 679 vellem
3112 628 3260 680 etiam
3284 630 3482 699 majora

1899 719 2191 790 promittere
2218 717 2305 789 (j),
2336 718 2567 788 dejerare
2596 720 2724 789 capi
2746 759 2763 784 ,
2794 728 2844 774 et
2869 735 3049 773 nomen
3079 719 3190 789 ejus
3233 719 3480 784 obtestans

1899 807 2102 863 dicere:
2124 806 2339 862 Domine
2356 850 2372 875 ,
2403 808 2448 861 si
2469 824 2690 878 unquam
2712 808 2935 863 habuero
2962 808 3159 862 codices
3192 810 3480 876 sarculares,

1899 900 1944 952 si
1971 899 2155 969 legero,
2183 909 2229 953 te
2258 900 2454 971 negavi.
2483 898 2551 954 In
2600 901 2709 955 lucc
2732 901 3037 954 sacramenti
3078 901 3223 955 verba
3251 901 3485 957 dimissus

1900 998 2120 1044 revertor
2143 991 2212 1043 ad
2239 1008 2447 1060 superos
2470 1006 2491 1054 ;
2534 990 2831 1045 mirantibus
2856 991 3068 1055 cunctis,
3115 991 3289 1045 oculos
3313 994 3486 1063 aperio

1905 1083 2396 1153 tantolacrymarum
2425 1084 2582 1137 imbre
2606 1084 2858 1154 perfusos,
2876 1085 3104 1137 utetiam
3130 1084 3405 1138 incredulis
3426 1087 3489 1152 fi-

1905 1172 2018 1226 dem
2037 1178 2253 1244 facerem
2270 1191 2332 1230 ea:
2345 1174 2540 1229 dolore.
2559 1173 2670 1229 Nec
2686 1191 2800 1229 vero
2818 1192 2969 1245 sapor
2984 1175 3071 1230 ille
3097 1176 3264 1230 inanis
3279 1177 3373 1247 fuit
3386 1175 3458 1248 (lt)
3470 1218 3484 1239 ,

1908 1275 1964 1315 ut
1986 1279 2116 1317 vana
2139 1265 2359 1328 somnia,
2398 1265 2580 1335 quibus
2608 1281 2742 1335 stupe
2769 1266 3079 1320 deludimur.
3111 1265 3260 1321 Teste
3300 1276 3372 1321 est
3403 1269 3487 1320 tri-

1910 1352 2066 1408 bunal
2090 1364 2209 1408 ante
2234 1353 2368 1425 quod
2404 1356 2565 1424 iacui,
2587 1355 2844 1425 judicium
2874 1366 2994 1410 teste
3018 1357 3152 1427 quod
3183 1357 3365 1420 timui;
3415 1359 3489 1410 ita

1911 1447 2038 1499 mihi
2081 1462 2341 1516 nunquam
2382 1448 2643 1517 contingat
2686 1448 2840 1502 talem
2872 1448 3095 1505 incidere
3140 1450 3486 1519 qumstionem.

1907 1536 2156 1591 Lieientes
2184 1537 2205 1609 (
2225 1554 2343 1608 sup.
2370 1537 2575 1609 fateor)
2604 1555 2681 1593 me
2718 1539 2952 1594 habuisse
2979 1539 3256 1610 scapulas,
3311 1540 3489 1611 plagas

1904 1627 2121 1681 sensisse
2167 1642 2256 1696 per
2317 1626 2613 1691 somnium;
2661 1637 2710 1681 et
2748 1637 2890 1681 tanto
2941 1630 3125 1682 dehinc
3177 1631 3345 1683 studio
3399 1631 3454 1683 di
3466 1660 3486 1672 -

1902 1717 2021 1769 uina
2050 1716 2248 1787 legisse,
2294 1727 2483 1787 quanto
2532 1719 2771 1773 mortalia
2813 1730 2961 1773 antea
3009 1737 3109 1774 non
3140 1720 3378 1790 legeram.

1975 1806 2182 1864 Interea
2214 1808 2572 1883 Hieronymus
2608 1809 2867 1865 Romana:
2898 1813 3152 1868 Ecclesia:
3178 1813 3486 1885 Presbyter,

1904 1913 1967 1953 os
2009 1898 2221 1954 Damasi
2265 1898 2571 1955 Sacerdotis
2592 1943 2609 1968 ,
2638 1916 2805 1956 sacra:
2832 1901 3177 1961 Bibliotheca:
3201 1914 3488 1970 scrutator,

1906 1992 2207 2048 divinorum
2233 1990 2494 2047 dissertor
2518 1993 2847 2049 voluminum
2870 2034 2885 2059 ,
2913 1993 3040 2049 dum
3070 2011 3166 2065 per
3198 1997 3486 2052 triennium

1908 2085 2217 2139 continuum
2265 2098 2423 2138 carus
2464 2095 2820 2154 acceptusque
2870 2088 3216 2156 popularibus
3266 2104 3491 2143 venera-

1913 2187 2021 2244 tur,
2047 2176 2111 2248 (l)
2138 2176 2482 2246 omniumque
2503 2176 2702 2247 judicio
2720 2176 2914 2246 dignus
2936 2192 3054 2232 esse
3080 2193 3290 2233 summo
3316 2194 3492 2235 sacer.

1913 2268 2062 2323 dotio
2103 2267 2432 2335 decernitur,
2458 2268 2672 2337 quidam
2711 2284 2779 2322 ex
2824 2267 3156 2323 Clericorum
3200 2270 3491 2326 Monac-lto-

1914 2373 2031 2413 rum
2063 2357 2339 2412 ordinibus
2366 2373 2461 2428 pro
2489 2358 2776 2428 petulantia
2811 2374 3012 2431 proque
3036 2360 3265 2432 ingluvie
3290 2362 3496 2418 discur-

1915 2458 2114 2512 santes,
2126 2448 2192 2504 ad
2205 2448 2536 2519 cll‘ugandum
2553 2448 2690 2505 Urbe
2706 2449 3110 2525 Hieronymum,
3130 2453 3227 2525 (nr)
3243 2454 3331 2525 qui
3360 2465 3501 2510 utro.

1914 2556 2138 2610 rumque
2165 2555 2350 2595 eorum
2381 2540 2506 2594 vitia
2534 2539 2777 2595 scribens
2800 2540 3248 2613 deprehenderat,
3276 2546 3497 2601 insidias

1918 2639 2257 2701 paraverunt.
2283 2630 2478 2685 Verum
2505 2631 2648 2686 enim
2680 2647 2806 2686 vero
2831 2632 2971 2688 hunc
2993 2649 3093 2706 ego
3116 2634 3320 2691 felicem
3346 2635 3498 2691 dixe-

1915 2722 2039 2786 rirn,
2070 2722 2229 2791 hujus
2255 2721 2389 2792 lugm
2414 2734 2663 2777 eventum
2694 2724 3039 2794 corrigentis,
3070 2724 3268 2780 Christi
3296 2726 3503 2796 judicio

1915 2813 2279 2884 dispensatqu
2301 2855 2317 2879 ,
2346 2828 2501 2881 quem
2541 2828 2826 2915 pravsum
2859 2814 3136 2867 hominum
3168 2817 3498 2881 persecutio-

1918 2907 2076 2961 uibus
2106 2905 2184 2976 (η)
2216 2916 2453 2973 punitum
2487 2904 2598 2958 rure
2628 2904 2875 2958 existimo
2898 2922 2911 2957 :
2937 2904 3141 2958 scilicet
3164 2912 3225 2958 ut
3260 2905 3502 2964 Rorriana

1922 2997 2181 3061 Ecclesia,
2210 2996 2350 3049 Petri
2381 2995 2620 3047 instituta
2653 2994 2912 3062 regimine
2932 3034 2947 3058 ,
2979 2993 3324 3064 cluniumque
3353 3008 3501 3051 vetc-

1924 3090 1998 3144 ris
2017 3086 2343 3143 Testameuti
2374 3086 2627 3139 libroruin
2654 3085 2843 3139 edocta
2874 3086 3127 3149 veritate,
3145 3084 3360 3140 Clll‘lalnl)
3395 3087 3506 3141 Deo

1926 3180 2157 3242 volente,
2182 3186 2235 3233 et
2263 3176 2575 3248 Hieronymi
2597 3176 2818 3248 speciali
2846 3176 3025 3232 studio
3055 3176 3373 3244 desudante,
3401 3179 3505 3234 He-

1926 3271 2156 3327 braimnu
2180 3284 2391 3339 qunque
2418 3268 2608 3322 habeat
2630 3270 2947 3336 veritatem;
2971 3279 3027 3327 et
3056 3270 3363 3326 Graecorum
3384 3289 3509 3342 quo-

1928 3361 2169 3417 rumdam
2227 3360 2450 3423 levitas,
2498 3375 2616 3431 qua:
2663 3359 2766 3414 sibi
2810 3361 3079 3416 Romanos
3126 3377 3158 3417 a
3209 3377 3272 3418 se
3318 3378 3507 3419 omnes

1929 3452 2232 3521 Scripturas
2261 3450 2514 3505 divinitus
2544 3449 2829 3518 inspiratus
2857 3451 3133 3522 accepisse
3179 3451 3461 3522 plaudebat
3489 3497 3504 3522 ,

1930 3559 2023 3599 eos
2052 3543 2250 3598 habere
2276 3541 2415 3611 quini
2450 3556 2557 3596 non
2588 3541 2767 3608 habet,
2795 3553 3165 3621 recognoscat.
3194 3545 3358 3614 Igitur
3387 3544 3512 3601 llic-

1931 3649 2185 3707 rouymus
2213 3633 2381 3689 Roma
2410 3648 2689 3704 egressus,
2720 3633 2786 3688 ad
2815 3637 3076 3692 orientem
3107 3636 3350 3703 tendens,
3380 3653 3509 3706 pro-

1932 3726 2104 3781 fectus
2129 3724 2306 3781 estad
2336 3723 2653 3792 Gregorium
2694 3723 3084 3781 Nazianzenqu
3126 3725 3511 3783 Constantino-

1934 3818 2181 3889 politanae
2211 3816 2359 3871 urbis
2385 3814 2741 3884 Episcopum;
2774 3814 2861 3867 ubi
2895 3817 2965 3869 ita
2993 3816 3251 3883 prolicere
3280 3816 3505 3881 studuit,

1938 3907 2013 3977 (ο)
2045 3915 2102 3961 ιιι
2127 3907 2259 3960 mira
2281 3904 2506 3959 scientia
2528 3903 2834 3958 donaretur.
2855 3904 2954 3972 Qui
2975 3914 3031 3959 ut
3048 3912 3351 3960 sanctarum
3370 3905 3516 3960 Scri-

1934 4009 2212 4068 pturarum
2238 3996 2430 4052 studiis
2450 3997 2603 4066 plene
2623 3994 2944 4062 erudiretur,
2969 3996 3195 4066 supplex
3214 3995 3517 4065 docilisque

1940 4087 2230 4156 discipulus
2250 4086 2392 4141 hunc
2412 4087 2541 4141 adiit
2571 4096 2972 4157 praeceptorem,
2996 4103 3224 4158 eumque
3254 4088 3518 4143 Constan-

1946 4178 2291 4249 tinopolitaua
2312 4178 2442 4232 urbe
2456 4178 2793 4231 observabat.
2811 4176 2923 4232 Hoc
2939 4178 3254 4248 discipulam
3275 4177 3528 4251 lliercny-

2010 4288 2071 4401 ρ)
2104 4289 2157 4339 la
2175 4287 2483 4339 Narbonensi
2495 4297 2647 4338 Deum
2657 4287 2835 4350 jurare
2849 4287 2989 4352 carpi.
3003 4288 3113 4340 Mox
3140 4291 3188 4338 in
3197 4289 3432 4342 Vaticano
3453 4292 3528 4342 rel

2027 4364 2185 4401 eaero.
2206 4350 2434 4401 Denique
2469 4351 2517 4398 in
2540 4348 2899 4401 Burueaaleusi
2937 4358 3065 4401 Inter
3105 4350 3211 4401 lucc
3234 4354 3527 4401 sacramenti

1945 4351 1988 4403 si
2010 4348 2185 4415 legero.
2206 4350 2434 4415 Denique
2469 4351 2517 4398 in
2540 4348 2899 4415 Burdegaleusi
2922 4348 3065 4402 inter
3105 4350 3211 4403 lucc
3234 4354 3527 4404 sacramenti

1946 4410 2089 4466 uerba
2111 4411 2338 4463 dimissus
2354 4410 2567 4462 revertor
2589 4424 2620 4461 a
2641 4410 2847 4471 superis,
2875 4418 2971 4461 etc.

2016 4473 2080 4540 (lt)
2105 4474 2434 4540 Narbonensis
2452 4482 2504 4523 et
2524 4472 2784 4540 Burdegal.
2798 4480 3022 4540 autenm
3258 4476 3302 4526 '1'
3306 4488 3531 4540 um_uuu_s

1949 4534 2209 4601 Coi-beieu.
2239 4534 2986 4601 1‘e_stir_:e,sttribuna[._Judiciruu
3032 4537 3181 4601 testis,
3221 4540 3347 4601 quod
3369 4537 3526 4601 lunai.

1950 4598 2102 4660 Paulo
2126 4606 2235 4660 post
2257 4596 2479 4660 plerique
2494 4611 2665 4649 omnes
2688 4597 2802 4660 mss.
2828 4598 3035 4648 liventes
3060 4596 3260 4654 habent.
3285 4612 3411 4649 unus
3434 4598 3530 4646 lle-

1950 4662 2045 4725 gire
2067 4657 2420 4725 lividas—Ideni
2457 4667 2561 4723 post
2580 4657 3066 4725 _sos_tmiunt,rectius
3108 4673 3255 4725 quam
3290 4671 3378 4721 per
3401 4672 3527 4709 soru-

1950 4718 2100 4786 r'n'um,
2124 4721 2181 4786 In
2204 4720 2301 4771 line
2324 4718 2438 4786 legi,
2457 4718 2550 4786 pro
2573 4718 2813 4786 legisse.__
2843 4718 2854 4722 ’
3126 4718 3158 4786 ί
3194 4778 3207 4786 _
3292 4718 3317 4786 ⁷,

2019 4734 2100 4783 an,
2127 4732 2181 4770 ιη
2204 4732 2301 4771 une
2324 4732 2438 4832 ιιἪ,
2465 4736 2550 4783 pro
2573 4732 2758 4781 lt’tftsse.
3304 4776 3317 4786 ο

2019 4783 2070 4850 (l)
2107 4783 2297 4832 Ahsuut
2322 4798 2349 4832 a
2374 4784 2572 4850 __eg_i..re
2590 4775 2745 4850 altero
2769 4782 2881 4833 315.:
2901 4790 3028 4831 Dum
3038 4792 3125 4840 per
3141 4778 3533 4850 ιῴηηριηηβοη-

1952 4836 2175 4905 tinuum;
2198 4853 2304 4896 tum
2322 4857 2353 4893 a
2374 4836 2605 4905 Vaiieano
2628 4845 2781 4899 istaec,
2803 4855 2916 4892 onm
2936 4836 3110 4903 umque
3142 4836 3335 4900 judicio
3357 4836 3534 4901 dignus

1952 4919 2054 4958 esse
2073 4903 2256 4956 srmnna
2277 4906 2541 4955 sacerdotio
2562 4903 2856 4956 decernitur.

2022 4967 2103 5031 (ut)
2132 4967 2287 5031 Valle.
2309 4984 2342 5031 _s
2358 4974 2619 5031 utrtuuthe
2642 4977 2811 5031 eorum
2834 4963 3054 5012 scribens
3073 4960 3244 5031 vitium
3258 4959 3535 5031 deprellen-

1953 5022 2111 5078 derat'.
2130 5044 2154 5073 ι
2171 5027 2405 5089 Sequitur
2421 5022 2553 5089 unus"
2568 5024 2798 5089 Regium,
2811 5040 2832 5067 ι
2844 5031 3004 5071 utrum
3021 5023 3153 5070 enim
3178 5022 3332 5071 virum
3349 5022 3531 5071 hunc.»

1954 5088 2218 5152 Burdegal.
2247 5084 2288 5152 ΔἰΔ
2298 5087 2441 5152 Vere
2453 5087 2585 5152 enim
2607 5084 2761 5134 virum
2784 5084 2930 5142 hunc,
2949 5100 2973 5127 ι
3002 5090 3098 5152 etc.

2024 5148 2093 5212 (η)
2122 5143 2150 5152 ⁷
2168 5148 2369 5212 Quidam
2397 5146 2507 5198 libri
2540 5152 2764 5212 pacatum
2805 5148 3150 5212 prohparatum
3188 5144 3385 5194 habent.
3413 5143 3537 5194 Tum

1957 5205 2111 5274 Ya'tic.
2137 5205 2289 5274 verba
2307 5207 2476 5274 edocto
2494 5205 2689 5255 ver-itide
2714 5206 2947 5274 prastat-it,
2971 5215 3184 5274 moxque
3201 5218 3311 5274 cum
3330 5212 3544 5274 utroque

1958 5271 2162 5332 Regina:
2183 5268 2341 5332 addit,
2374 5286 2396 5314 ι
2416 5263 2727 5332 Hieronymo
2746 5263 3167 5332 sliiriurli___studio.
3194 5283 3217 5312 ι
3246 5265 3421 5332 Canter
3460 5263 3538 5315 to.

1962 5325 2356 5393 taniprerieupen
2378 5327 2497 5379 satis
2519 5325 2630 5393 huic
2638 5325 2922 5393 impeditam
2944 5325 3540 5393 lilirariortnn_ei.lpa,cum

1960 5387 2175 5504 gintgum
2196 5391 2247 5438 in
2262 5387 2590 5455 Subsequeuti
2610 5387 2724 5439 Vita
2745 5389 2950 5439 habetur
2965 5388 3150 5440 colum.
3175 5390 3283 5441 253.
3306 5387 3415 5452 pust
3437 5404 3542 5442 me-

2013 5467 2046 5503 u
2098 5486 2111 5499 .

2013 5465 2111 5503 um.

2030 5513 2091 5580 (ο)
2128 5512 2243 5580 Mss.
2269 5512 2418 5580 nostri
2435 5524 2608 5563 omnes
2633 5530 2659 5559 ι
2677 5510 2884 5580 studuit,
2903 5520 2960 5580 ut
2975 5517 3248 5580 sanctarum
3269 5514 3543 5577 Seriptura~

1963 5574 2260 5640 rtti'u'studiis
2283 5574 2576 5640 erudiretur,
2591 5590 2617 5619 ι
2644 5576 2988 5640 prmtermissis
2999 5588 3110 5640 quae
3148 5574 3538 5640 interponuntur.

1970 5641 2102 5690 Unus
2119 5636 2499 5699 Burdegaleusis
2520 5654 2543 5682 α
2564 5636 2775 5696 studuit,
2803 5643 2855 5686 et
2878 5636 3097 5699 proiecit,
3123 5647 3177 5691 ut
3200 5636 3319 5691 ut'u‘a
3340 5637 3545 5687 scientia

1968 5704 2225 5753 donaretur
2249 5713 2261 5749 :
2283 5701 2362 5762 qui
2382 5706 2433 5749 ut
2456 5707 2745 5757 sanctarum,
2772 5716 2791 5740 η
2825 5707 2923 5750 etc.
