4050 6188
510 268 613 323 179
1758 255 1815 312 5.
1859 254 2071 308 11ιὲῐῖοξ

2174 252 2234 306 ill
2281 255 2455 311 VITA.
3636 265 3742 322 {80

507 401 628 443 mus
657 395 892 455 peracto,
925 385 977 439 in
1008 384 1213 454 Syriam
1243 378 1471 450 perrexit
1501 394 1514 432 :
1543 385 1596 430 ct
1621 375 1744 430 dum
1786 373 1838 428 in
1871 387 2072 442 posses-

507 478 660 532 sione
689 474 893 544 Evagrii
924 470 1211 542 presbyteri
1240 476 1561 533 moraretur,
1595 466 1856 520 Malchum
1887 463 2070 516 Mona-

509 567 667 623 chum
713 575 768 621 et
817 561 1095 632 aliquando
1123 562 1386 627 captivum
1415 560 1646 628 reperit,
1675 566 2074 625 percunctatus-

507 674 615 728 que
638 671 779 721 eum,
805 669 1018 707 omnem
1046 651 1161 721 ejus
1185 652 1503 721 captivitatis
1532 652 1736 720 accepit
1761 649 2031 705 historiam
2052 688 2067 711 ,

505 763 661 819 quam
706 753 884 814 postea
928 743 1094 798 edidit
1139 743 1387 813 scriptam
1433 750 1488 798 et
1529 741 1781 797 Romanis
1827 741 2070 795 ﬁdelibus

505 821 686 899 misil,
737 833 851 888 luce
902 833 954 887 in
1008 835 1124 900 ejus
1170 833 1406 888 historia:
1452 833 1672 901 prologo
1720 833 2065 886 interserens.

504 923 754 989 Scribere,
779 923 965 992 inquit,
989 923 1238 993 disposui,
1260 924 1303 977 si
1325 933 1489 977 tamen
1513 922 1652 976 Deus
1674 923 1830 976 vitam
1853 922 2068 987 dederit,

502 1025 552 1068 et
578 1015 622 1068 si
649 1017 1008 1083 vituperatores
1035 1014 1129 1067 mei
1157 1013 1336 1068 saltent
1362 1015 1633 1084 fugiente»:
1664 1029 1741 1066 me
1767 1022 1812 1066 et
1838 1013 2068 1066 clausum

504 1106 735 1174 persequi
758 1103 1012 1158 desierint.
1033 1106 1106 1174 (a)
1135 1103 1213 1159 Ad
1239 1103 1448 1159 deserta
1478 1103 1670 1158 deinde
1698 1103 1834 1168 loca,
1854 1102 1920 1156 ad
1950 1117 2070 1170 quae

502 1193 628 1252 olim
650 1196 716 1250 ad
747 1195 1001 1266 agendam
1030 1195 1156 1249 inibi
1188 1195 1549 1264 pmnitentiam
1579 1209 1864 1264 properare
1887 1193 2071 1262 cupie-

502 1295 618 1351 rat,
658 1285 728 1340 ita
755 1285 908 1340 hctus
932 1286 1305 1354 accinctusque
1331 1285 1555 1340 accessit
1574 1325 1590 1349 ,
1622 1292 1680 1338 ut
1707 1284 1914 1339 volasse
1942 1299 2066 1338 eum

502 1379 672 1449 magis
716 1394 872 1449 quam
912 1392 1176 1434 remeasse
1205 1377 1475 1433 crederes.
1510 1376 1787 1443 Quomodo
1816 1389 1944 1431 vero
1976 1391 2071 1445 per

505 1468 910 1538 quadriennium
937 1469 1243 1523 continuum
1257 1467 1451 1523 Christi
1480 1470 1652 1539 potius
1676 1467 1872 1522 auxilio
1901 1467 2068 1536 poeni-

504 1559 667 1613 tuerit
693 1600 709 1626 ,
751 1559 890 1615 idem
919 1559 1274 1629 Hieronymus
1303 1575 1422 1629 quae
1446 1568 1638 1628 Sponte
1683 1559 1788 1630 (al.
1820 1556 2062 1628 pertulit)

503 1650 824 1719 pertulerit,
855 1650 1021 1719 ipsius
1050 1650 1142 1704 Dei
1171 1649 1403 1705 adfuisse
1431 1649 1652 1718 gratiam
1680 1648 1856 1702 verbis
1882 1646 2066 1716 hujus-

501 1738 646 1793 modi
679 1738 947 1793 indicavit.
992 1737 1196 1805 Quoties
1236 1739 1289 1791 in
1329 1754 1495 1791 eremo
1542 1738 1873 1800 constitutus,
1905 1747 1952 1789 et
1979 1735 2070 1789 illa

502 1837 644 1883 easta
688 1828 960 1883 solitudine
977 1869 993 1896 ,
1032 1844 1144 1896 qua:
1168 1837 1347 1883 exusta
1371 1829 1492 1882 solis
1520 1828 1784 1882 ardoribus
1809 1827 2069 1880 horridum

503 1918 771 1974 Monac/tis
801 1928 1004 1989 pra'stat
1027 1919 1387 1984 habitaculum,
1420 1919 1590 1988 putavi
1617 1935 1714 1983 me,
1748 1917 1936 1986 inquit,
1964 1918 2099 1972 Ro-'

500 2011 665 2065 manis
694 2011 926 2064 interesse
952 2010 1168 2065 deliciis.
1214 2010 1461 2065 Sedebam
1490 2011 1626 2065 solus
1658 2011 1776 2080 quia
1817 2011 2069 2064 amaritu-

499 2101 619 2154 dine
646 2100 718 2170 (b)
743 2101 958 2169 repletus
983 2117 1141 2156 eratn.
1172 2099 1455 2157 Horrebant
1478 2117 1623 2155 sacco
1653 2101 1870 2156 membra
1894 2103 2065 2169 defor-

499 2191 626 2254 mia;
648 2191 879 2260 squalida
907 2191 1034 2245 cutis
1059 2192 1207 2244 situm
1232 2189 1546 2261 Etltiopica:
1569 2192 1737 2246 carnis
1764 2192 2063 2245 adduxerat.

502 2279 737 2346 Quotidie
777 2280 1031 2350 lacrynue,
1075 2281 1299 2351 quotidie
1335 2282 1573 2352 gemitus;
1619 2291 1666 2335 et
1709 2282 1754 2336 si
1795 2282 2068 2351 aliquando

497 2380 858 2440 repugnantem
873 2387 1079 2425 somnus
1107 2371 1372 2425 imminens
1395 2372 1742 2441 Oppressisset,
1761 2373 1900 2426 nuda
1917 2373 2068 2425 humo

499 2459 585 2512 vix
625 2475 740 2514 ossa
781 2460 1024 2514 timentia
1064 2461 1382 2517 collidebam.
1415 2461 1494 2516 De
1534 2464 1656 2516 cibis
1698 2479 1814 2516 vero
1858 2473 1905 2518 et
1949 2473 2070 2532 potu

499 2561 660 2618 taceo,
684 2568 798 2606 cum
821 2553 969 2607 etiam
996 2553 1286 2624 languentes
1309 2555 1378 2609 ibi
1403 2571 1534 2625 aqua
1554 2555 1744 2625 frigida
1767 2564 1994 2618 utantur,
2023 2564 2070 2608 et

503 2653 700 2696 coctum
738 2643 935 2712 aliquid
975 2645 1256 2714 accepisse,
1291 2643 1507 2700 luxuria:
1532 2645 1618 2699 sit.
1651 2643 1752 2700 Ille
1778 2645 1931 2715 igitur
1956 2660 2066 2715 ego,

504 2733 596 2803 qui
636 2733 697 2788 ob
725 2743 913 2788 metum
937 2735 1177 2806 gehennte
1201 2736 1292 2790 tali
1331 2753 1409 2791 me
1436 2753 1637 2792 carcere
1666 2739 1772 2806 ipse
1798 2737 2068 2792 donumve-

503 2840 636 2889 rant,
660 2826 983 2895 scorpionum
1013 2836 1207 2880 tantum
1226 2827 1392 2880 socius
1416 2837 1462 2880 et
1484 2830 1728 2898 ferarum,
1749 2844 1882 2896 stepe
1906 2829 2070 2882 choris

498 2914 767 2968 intereram
796 2915 1096 2982 puellarum.
1132 2907 1399 2972 PaRbant
1441 2934 1532 2972 ora
1565 2918 1783 2987 jejuniis
1804 2959 1819 2983 ,
1844 2925 1890 2972 et
1935 2934 2072 2972 mens

501 3005 576 3076 (c)
593 3007 850 3062 desideriis
877 3008 1121 3063 testuabat
1140 3025 1160 3063 :
1177 3011 1228 3062 in
1242 3010 1430 3080 frigido
1452 3026 1680 3080 corpore,
1700 3022 1746 3064 et
1770 3022 1887 3065 ante
1907 3011 2068 3066 homi-

501 3111 616 3148 nem
643 3112 790 3149 suum
810 3097 923 3167 jam
953 3114 1105 3152 carne
1131 3109 1457 3167 prtemortua,
1481 3099 1592 3154 sola
1618 3100 1884 3154 libidinum
1908 3102 2068 3155 incen-

503 3185 592 3238 dia
639 3187 978 3255 pullulabant.
1031 3187 1210 3258 Itaque
1254 3191 1392 3244 onmi
1435 3192 1629 3245 auxilio
1655 3177 1956 3257 destitutus,
2005 3192 2072 3245 ad

504 3272 631 3329 Jcsu
646 3275 877 3345 jacebam
907 3279 1080 3346 pedes,
1102 3277 1328 3347 rigabant
1356 3279 1610 3352 lacrymis,
1633 3282 1768 3334 crine
1797 3280 2070 3352 tergebam,

500 3375 549 3416 et
597 3377 959 3434 repugnantem
988 3384 1192 3421 carnem
1219 3370 1646 3424 hebdomadarum
1674 3372 1842 3426 inedia
1868 3374 2071 3443 subige-

507 3455 642 3506 bant.
664 3453 784 3507 Non
806 3457 1036 3510 erubesco
1056 3458 1368 3526 infelicitatis
1389 3476 1528 3520 mete.
1552 3462 1671 3530 quin
1695 3464 1860 3530 potius
1883 3465 2070 3534 plango

504 3559 606 3596 non
654 3559 761 3598 esse
803 3545 941 3615 quod
987 3548 1188 3616 fuerim.
1223 3546 1434 3602 Memini
1479 3565 1557 3605 me
1597 3552 1892 3604 clamantem
1939 3553 2072 3607 diem

506 3632 680 3685 crebro
696 3634 932 3702 junxisse
956 3651 1070 3689 cum
1096 3646 1256 3702 nocte,
1287 3654 1376 3692 nec
1397 3639 1538 3708 prius
1559 3656 1591 3691 a
1621 3641 1837 3708 pectoris
1854 3657 2074 3697 cessasse

506 3723 804 3790 verberibus,
827 3742 1029 3794 quanta
1059 3725 1276 3782 Domino
1304 3729 1486 3782 rediret
1511 3729 1591 3799 (tl)
1619 3730 1900 3798 imperante
1929 3741 2072 3786 tran-

505 3816 754 3884 quillitas.
805 3817 982 3886 Ipsam
1008 3837 1204 3889 quoque
1244 3821 1482 3876 cellulam
1519 3838 1680 3876 meam
1707 3825 1852 3894 quasi
1879 3826 2073 3896 cogita-

506 3907 699 3960 tionum
723 3910 976 3963 consciam
1002 3911 1407 3980 pertimescebam
1429 3928 1448 3966 :
1469 3920 1517 3967 et
1544 3914 1668 3966 mihi
1693 3915 1854 3968 iratus
1879 3926 1924 3972 et
1953 3915 2075 3984 rigi-

504 4007 600 4050 dus
619 3998 757 4051 solus
783 3999 981 4052 deserta
1010 4001 1353 4070 penetrabam.
1387 4001 1566 4056 Sicubi
1595 4019 1813 4058 concava
1842 4006 2070 4074 vallium,

501 4104 686 4155 aspera
712 4090 978 4156 montium,
1009 4091 1212 4160 rupium
1237 4104 1492 4164 prterupta
1516 4096 1797 4161 cernebam,
1819 4097 1886 4151 ibi
1912 4115 1990 4152 me
2015 4100 2067 4153 in

504 4179 733 4233 oratione
773 4181 1068 4236 miserrima:
1112 4185 1279 4237 carnis
1327 4187 1582 4256 ergastulo
1623 4189 1884 4252 locabant;
1919 4200 1965 4244 et
1995 4192 2073 4260 (ut

504 4270 630 4323 mihi
658 4271 795 4326 testis
823 4281 900 4326 est
931 4270 1209 4346 Dominus)
1256 4285 1368 4346 post
1416 4277 1604 4332 multas
1645 4277 1896 4349 lacrymas
1918 4321 1932 4342 ,
1964 4269 2075 4350 post

503 4361 631 4414 caelo
659 4361 833 4416 oculos
859 4364 1157 4420 inhaerentes
1176 4405 1192 4430 ,
1221 4382 1581 4437 nonnunquam
1610 4369 1813 4422 videbar
1839 4370 1962 4422 mihi
1990 4373 2073 4424 in-

505 4461 688 4503 teresse
713 4453 992 4521 agminibus
1017 4455 1346 4524 Angelorum;
1375 4468 1422 4510 et
1449 4459 1592 4513 ltetus
1619 4461 1940 4531 gaudensque
1963 4479 2075 4516 can-

504 4540 672 4592 tabam
703 4555 722 4594 :
744 4542 868 4596 Post
893 4551 946 4598 te
976 4544 1030 4599 in
1056 4546 1282 4602 odorem
1310 4560 1695 4618 unguentorum
1725 4561 1933 4608 tuorum
1954 4569 2078 4610 eur-

504 4645 691 4686 nmus.

576 4723 939 4790 Quadriennio
952 4725 1128 4797 itaque
1141 4727 1398 4783 dedicatae
1415 4730 1736 4800 poenitentia
1755 4735 1848 4804 (al.
1865 4738 2076 4806 exacte)

569 4847 657 4936 lt).
675 4851 972 4936 ἑέίὲἓξὲξίξῐι]
991 4853 1443 4936 Between:
1461 4861 1529 4936 ab
1549 4861 1774 4936 ᾼᾲγςηιρ
1789 4864 2080 4936 .Salyaoris

498 4914 657 4974 usque
679 4914 739 4962 ad
764 4922 972 4964 nostram
997 4914 1246 4976 atatem,»
1297 4914 1439 4970 metu
1461 4921 1646 4972 laudata
1673 4914 2078 4974 heicPrtefatione

501 4976 653 5021 verba
671 4983 1052 5030 consequuntur.
1080 4977 1190 5026 Mox
1214 4933 1328 5030 inge
1351 4995 1436 5030 nro
1457 4983 1633 5030 deinde
1657 4984 1794 5030 lenit.
1821 4985 2078 5030 Vaticanus

501 4976 653 5051 verpa
671 4983 1052 5051 consequuntur.
1080 4977 1190 5026 Mox
1214 4976 1328 5051 inde
1348 4995 1436 5051 pro
1457 4983 1633 5032 deinde
1657 4984 1794 5051 legit.
1821 4985 2079 5051 V'_a_lica:tus

500 5033 644 5144 ppulo
665 5043 773 5096 post
796 5033 994 5100 cupiens
1039 5052 1125 5102 pro
1147 5033 1384 5102 cupieral,
1427 5051 1611 5095 etcum
1636 5033 1790 5094 tribus
1824 5045 1933 5097 aliis
1946 5033 2081 5111 νεηνιιᾶ

551 5102 833 5154 artiatmum
856 5111 1040 5149 measse
1065 5114 1151 5154 pro
1173 5115 1425 5154 remeasse.

568 5115 833 5146 Iruutwum
856 5115 1040 5149 rueasse
1095 5115 1151 5150 1⁸0
1173 5115 1425 5154 remeasse.

568 5151 631 5220 (b)
673 5155 808 5226 Unus
827 5115 1210 5234 Bunlegal'ensis
1223 5163 1389 5218 plenus
1409 5178 1493 5235 pro
1525 5165 1752 5227 repletus,
1773 5172 1870 5236 tum
1893 5168 2079 5219 scalida

568 5228 588 5264 3
602 5217 843 5276 squalida.
861 5219 1092 5276 Sequitur
1105 5223 1133 5271 ν
1147 5231 1362 5274 atteauus
1382 5232 1471 5275 etsi
1487 5227 1676 5276 ammdo
1690 5241 1772 5276 l‘-l‘0
1788 5225 2044 5276 altauandu
2059 5244 2078 5276 .-

499 5226 588 5276 pro
602 5223 843 5278 squalida.
861 5223 1092 5281 Sequitur
1105 5223 1362 5274 Vaticanus
1382 5223 1472 5275 etsi
1487 5223 1676 5288 quando
1685 5241 1772 5296 ero
1788 5225 2072 5289 aliquando.“

500 5284 553 5324 et
609 5277 720 5326 aulo
743 5288 850 5340 post
871 5279 1148 5340 languentes
1169 5297 1314 5346 aqua,
1334 5290 1657 5348 praetermissa
1678 5287 1746 5338 ibi
1769 5289 1952 5340 vocula.

499 5394 535 5399 _
568 5291 632 5399 ἃ)
672 5338 808 5388 ldem
838 5357 861 5386 ι
893 5353 1034 5390 mens
1053 5343 1313 5394 desideriis
1336 5351 1566 5396 :csluabat
1591 5349 1639 5397 in
1662 5349 1834 5399 frigido
1856 5363 2072 5399 cornere.

568 5338 632 5401 (c)
672 5338 808 5388 ldem
838 5357 861 5386 ι
893 5338 1034 5390 mens
1053 5338 1313 5394 desideriis
1335 5338 1566 5396 Ecsluabat
1591 5349 1639 5397 in
1662 5349 1834 5411 frigido
1856 5338 2076 5414 corpore.

498 5394 561 5464 Et
583 5401 974 5464 ante__l_to_minem
999 5415 1171 5464 suum»
1202 5413 1297 5454 etc.
1327 5407 1436 5457 Mox
1459 5408 1660 5464 Regina:
1684 5418 1892 5464 uterque
1916 5412 2080 5464 incen-

498 5424 561 5464 με.
583 5424 700 5446 lu“:
730 5424 974 5468 ιμυιιιιιιυιιι
999 5424 1171 5474 auls-ul!
1202 5424 1297 5454 διε.
1327 5424 1436 5457 MOI
1461 5424 1660 5472 negata:
1684 5424 1892 5481 uterque
1916 5425 2080 5464 incen-

494 5453 893 5574 zitgiqutllgbant
916 5471 934 5508 :
973 5460 1195 5524 plerique
1231 5474 1395 5516 autem
1429 5482 1601 5518 omnes
1646 5473 1955 5533 subjtcubam
1993 5489 2080 5538 pro

496 5566 660 5686 ulla.
676 5577 794 5626 cum
835 5575 1066 5630 vum
1105 5581 1486 5648 Βωθεωθηδίε
1513 5588 1789 5654 increpa?!“
1821 5609 1906 5658 l'ro
1928 5596 2080 5662 in'pe-

2180 384 2387 440 exacto,
2418 373 2483 428 ad
2513 375 2786 431 Bethleem
2812 377 3062 447 oppidum
3085 377 3438 451 Hieronymus
3462 384 3738 449 remeavit,

2175 461 2262 514 ubi
2312 464 2541 530 prudens
2567 466 2768 519 animal
2799 467 2863 520 ad
2903 482 3142 537 praesepe
3173 469 3377 523 Domini
3402 484 3522 526 sese
3548 472 3742 528 obtulit

2174 566 2600 620 permansurum.
2629 555 3011 610 Bibliotheeam
3037 572 3185 611 suam
3211 573 3368 628 quam
3397 559 3498 614 sibi
3515 549 3741 617 ‘summo

2172 644 2289 697 Stud
2298 647 2347 698 io
2368 647 2478 714 ipse
2497 647 2824 713 condiderat,
2847 650 3107 714 clausam,
3123 655 3466 723 omniumque
3481 655 3738 713 librorum

2171 736 2476 802 orationes,
2504 753 2637 808 quas
2685 756 2818 808 pene
2861 745 3174 798 memoriter
3213 746 3513 810 retinebat,
3542 748 3737 804 iterum

2170 828 2433 898 relegens,
2457 829 2597 883 diem
2619 830 2864 899 jejunans
2889 833 3117 888 ducebat
3134 836 3200 888 ad
3229 850 3528 905 vesperam.
3552 838 3739 895 Plures

2170 918 2235 972 ad
2281 934 2402 974 eum
2449 920 2831 989 Religiosorum
2852 963 2868 988 ,
2910 924 3103 992 quibus
3132 926 3252 978 vita:
3277 927 3395 996 ejus
3424 927 3559 982 fama
3587 945 3740 984 com-

2172 1020 2316 1081 perta
2344 1020 2480 1078 erat,
2513 1014 2754 1080 protinus
2777 1015 3148 1070 conﬂuxerunt
3173 1034 3189 1070 :
3216 1016 3518 1088 bonumque
3545 1019 3739 1074 Docto-

2169 1117 2279 1155 rem
2308 1118 2469 1170 parvo
2497 1105 2668 1159 adlme
2691 1106 2789 1159 sub
2810 1105 2878 1174 (ε)
2909 1108 3116 1176 tugurio
3132 1109 3255 1162 boni
3273 1109 3627 1165 observavere
3648 1110 3738 1165 di-

2168 1191 2374 1260 scipuli.
2414 1191 2520 1246 Nec
2560 1195 2778 1249 multmn
2821 1205 2936 1264 post
2966 1197 3227 1252 cellulam
3274 1199 3376 1253 sibi
3405 1200 3475 1254 ob
3497 1200 3737 1271 discipu-

2169 1279 2341 1333 lorum
2373 1282 2602 1349 copiam,
2630 1291 2684 1337 et
2710 1295 2930 1354 propter
2958 1284 3307 1354 frequentiam
3337 1287 3737 1346 adventantium

2168 1367 2233 1422 ad
2263 1367 2715 1425 Bethleemitieam
2743 1383 2969 1440 portam,
3001 1391 3119 1445 qua:
3143 1377 3208 1430 ad
3239 1377 3576 1435 Occidentem
3601 1396 3735 1436 con-

2167 1459 2343 1528 spicit,
2387 1470 2441 1514 et
2486 1463 2880 1530 egredientibus
2920 1465 2986 1518 ad
3031 1466 3456 1537 Septentrionem
3503 1471 3737 1543 videtur,

2169 1549 2440 1618 parvulum
2477 1549 2816 1606 habitationis
2842 1553 3088 1612 locellum
3116 1559 3434 1614 construxit.

2241 1637 2454 1693 Interim
2489 1640 2845 1712 Hieronymus
2871 1645 2995 1698 dum
3018 1647 3330 1701 eximiorum
3358 1649 3735 1720 Eremitamm,

2169 1730 2648 1802 Monachorumque
2691 1733 2908 1790 humilia
2952 1738 3406 1810 subterraneaque
3444 1758 3738 1814 peragrans

2170 1822 2464 1876 habitacula
2512 1826 2935 1894 contemplatur,
2981 1829 3221 1898 vitasque
3271 1846 3455 1886 eorum
3508 1833 3733 1903 supplici

2171 1926 2299 1965 voce
2326 1912 2621 1979 sciscitans,
2653 1916 2997 1986 scribensque
3027 1921 3302 1974 veritatem
3331 1923 3567 1992 exponit,
3597 1924 3738 1978 mul-

2171 2009 2326 2071 taque
2350 2003 2449 2057 alia
2479 2005 2670 2059 libellis
2699 2011 2846 2072 suis,
2875 2008 3224 2079 epistolisque
3249 2025 3345 2064 suo
3374 2012 3426 2066 in
3465 2011 3736 2068 Monaste-

2170 2091 2250 2144 rio
2287 2092 2575 2148 conﬁciens
2595 2095 2867 2160 edisserit;
2894 2096 3076 2151 beatus
3107 2099 3360 2154 Damasus
3387 2101 3639 2157 Romanae
3666 2101 3738 2174 (f)

2171 2179 2318 2235 urbis
2347 2182 2598 2237 Ecclesia:
2627 2183 3093 2253 eloquentissimus
3122 2187 3385 2251 Pontifex.
3416 2200 3472 2244 ut
3494 2194 3559 2245 ad
3585 2207 3739 2247 suam

2172 2268 2310 2324 idem
2339 2272 2590 2326 Romamn
2617 2275 2760 2329 urbis
2788 2275 3098 2342 Ecclesium,
3125 2277 3190 2332 ad
3217 2279 3493 2334 scribenda
3520 2282 3740 2336 mitteno

2170 2363 2340 2433 daque
2366 2365 2632 2420 volumina
2663 2367 2879 2421 assiduo
2903 2383 3067 2438 opere
3095 2384 3198 2423 non
3224 2370 3524 2436 desisteret,
3551 2371 3742 2441 hujus-

2171 2454 2311 2508 modi
2339 2455 2514 2510 verbis
2541 2457 2852 2513 exhortatus
2877 2468 2979 2514 est.
3022 2460 3374 2515 Dilectissimo
3405 2462 3513 2515 lilio
3549 2461 3740 2517 Hiero-

2171 2559 2331 2614 nymo
2355 2545 2631 2601 Damasus.
2661 2545 3026 2602 Dormitantem
3054 2559 3116 2614 te,
3141 2559 3190 2604 et
3213 2552 3363 2622 longo
3379 2552 3492 2620 jam
3517 2561 3743 2623 tempore

2171 2635 2410 2704 legentem
2453 2639 2620 2708 potius
2646 2655 2796 2705 quam
2838 2640 3148 2706 scribentem,
3193 2643 3570 2710 quaestiunculis
3595 2643 3664 2697 ad
3692 2655 3745 2698 te

2173 2725 2338 2779 missis
2381 2727 2599 2780 excitare
2642 2727 2867 2798 disposui
2896 2745 2915 2782 :
2944 2746 3046 2783 non
3073 2747 3170 2795 quo
3198 2731 3364 2801 legere
3392 2748 3492 2786 non
3517 2731 3699 2788 debeas
3719 2775 3737 2799 ,

2172 2818 2266 2869 hoc
2295 2817 2423 2870 enim
2451 2817 2602 2870 vcluti
2620 2820 2913 2887 quotidiana
2941 2822 3050 2875 cibo
3063 2821 3220 2876 alitur
3239 2834 3286 2876 et
3316 2824 3592 2894 pinguescit
3621 2841 3745 2878 om-

2173 2907 2241 2960 tio
2255 2923 2275 2970 ,°
2298 2908 2385 2961 sed
2407 2909 2542 2976 quod
2561 2910 2787 2963 lectionis
2815 2914 3007 2981 fructus
3032 2914 3095 2967 sit
3120 2915 3230 2979 iste,
3257 2916 3304 2968 si
3330 2915 3536 2970 scribas.
3557 2915 3743 2984 Itaque

2172 2999 2407 3066 quoniam
2436 3009 2482 3052 et
2511 2999 2772 3054 tabellario
2797 3002 2865 3054 ad
2889 3013 2936 3056 te
2960 3005 3165 3058 remisso
3184 3046 3200 3071 ,
3234 3007 3403 3061 nullas
3433 3017 3480 3060 te
3497 3008 3612 3077 jam
3641 3011 3743 3061 ha-

2174 3089 2287 3143 bere
2331 3089 2583 3158 Epistolas
2623 3091 2830 3157 dixisti,
2871 3096 3089 3163 exceptis
3114 3095 3191 3149 his
3215 3113 3339 3166 quas
3362 3099 3414 3151 in
3441 3115 3606 3152 eremo
3636 3097 3744 3152 ali-

2173 3179 2374 3248 quando
2417 3180 2728 3247 dictaveras,
2757 3198 2978 3253 quasque
3019 3193 3123 3238 tota
3165 3188 3404 3240 aviditate
3443 3188 3544 3258 legi
3590 3199 3747 3258 atque

2175 3270 2372 3338 scripsi,
2398 3269 2472 3340 (g)
2501 3281 2547 3322 et
2575 3271 2708 3324 ultro
2737 3272 2988 3341 pollicitus
3013 3291 3084 3337 es,
3107 3276 3305 3344 furtivis
3332 3278 3549 3332 noctium
3573 3279 3746 3346 operi-

2175 3361 2264 3416 bus
2291 3362 2486 3433 aliquas
2523 3364 2568 3416 si
2609 3364 2756 3417 velim
2798 3381 2943 3434 posse
2965 3366 3154 3421 dictare
3179 3383 3200 3420 :
3224 3367 3431 3423 libenter
3454 3370 3648 3440 accipio
3677 3370 3745 3423 ab

2176 3450 2434 3517 oﬁ'erente,
2477 3452 2613 3519 quod
2653 3469 2832 3524 rogare
2873 3455 3146 3519 volueram.
3198 3458 3349 3511 etiam
3395 3459 3440 3512 si
3485 3475 3742 3529 negasses.

2178 3541 2356 3612 Neque
2379 3546 2512 3597 enim
2541 3543 2698 3599 ullam
2729 3555 2851 3614 puto
2875 3547 3152 3617 digniorem
3179 3548 3536 3615 disputationis
3557 3559 3750 3606 nostra

2175 3633 2629 3704 confabulationem
2659 3637 2769 3704 fore
2787 3675 2801 3699 ,
2829 3651 2979 3705 quam
3006 3646 3062 3690 ut
3089 3637 3151 3691 de
3178 3637 3456 3708 Scripturis
3493 3640 3622 3695 inter
3651 3657 3748 3695 nos

2176 3725 2599 3789 sermocinemur,
2631 3726 2686 3778 id
2714 3735 2822 3792 est,
2867 3735 2920 3780 ut
2961 3743 3052 3798 ego
3079 3728 3414 3798 interrogem,
3449 3739 3501 3782 tu
3529 3745 3746 3796 respon-

2177 3815 2433 3884 deas,fqua
2459 3817 2558 3868 vita
2579 3815 2710 3872 nihil
2733 3817 2786 3870 in
2816 3817 2911 3869 hac
2940 3817 3049 3870 luce
3075 3827 3196 3887 puto
3213 3820 3515 3890 jucundius,
3536 3820 3619 3888 (ἡ)
3642 3836 3746 3887 quo

2176 3907 2360 3961 aninue
2388 3907 2573 3976 pabulo
2600 3909 2771 3961 omnia
2796 3909 2946 3969 mella
2972 3920 3293 3980 superantur.
3321 3909 3488 3978 Quam
3529 3910 3704 3965 dulcia
3722 3951 3744 3977 ,

2179 3998 2336 4067 inquit
2364 3996 2622 4065 Propheta
2639 4039 2653 4061 ,
2681 4000 2882 4068 gutturi
2909 4014 3029 4053 meo
3057 4000 3262 4069 eloquia
3295 4000 3410 4054 tua!
3452 4016 3612 4069 super
3636 4001 3746 4056 mel

2177 4090 2258 4144 ori
2287 4106 2426 4144 meo.
2478 4089 2616 4149 Nam
2639 4106 2754 4144 cum
2779 4089 2968 4144 idcirco
2988 4131 3002 4154 ,
3029 4101 3084 4143 ut
3115 4091 3185 4142 ait
3215 4091 3502 4161 pra'cipuus
3533 4089 3744 4154 Orator,

2178 4180 2402 4239 homines
2425 4197 2457 4234 a
2482 4180 2650 4234 bestiis
2687 4179 2982 4246 di/Ieramus
3001 4221 3015 4245 ,
3063 4181 3198 4251 quod
3246 4182 3386 4252 loqui
3431 4198 3696 4251 possumus
3721 4197 3745 4237 :

2177 4288 2276 4341 qua
2304 4273 2454 4326 laude
2481 4272 2664 4341 dignus
2690 4280 2798 4335 est,
2843 4271 2930 4340 qui
2955 4271 3006 4323 in
3035 4287 3093 4324 ea
3120 4287 3173 4324 re
3195 4282 3400 4326 caeteros
3424 4280 3658 4342 superat.
3690 4272 3748 4326 ist

2178 4381 2276 4434 qua
2319 4364 2544 4417 homines
2584 4362 2750 4418 bestiis
2791 4361 3094 4422 antecellunt
3117 4361 3143 4414 7
3188 4363 3459 4432 Accingere
3500 4361 3658 4431 igitur
3700 4371 3750 4416 et

2181 4454 2303 4508 mihi
2353 4469 2466 4523 qua:
2509 4452 2732 4521 subjecta
2779 4462 2898 4505 sunt
2940 4452 3190 4518 edissere,
3237 4467 3443 4506 servans
3485 4451 3755 4520 utrobique

2181 4545 2522 4606 moderamen,
2542 4551 2594 4595 ut
2611 4559 2701 4594 nec
2721 4543 2983 4612 proposita
3011 4540 3312 4596 solutionem
3347 4539 3411 4611 (ἱ)
3441 4540 3750 4606 desiderent,

2181 4651 2271 4691 nec
2297 4633 2528 4707 Epistola
2556 4633 2867 4694 brevitatem.
2893 4630 3082 4686 Fateor
3104 4632 3292 4709 quippe
3319 4633 3426 4694 tibi,
3449 4631 3568 4711 quia
3595 4629 3755 4688 libros

2250 4872 2722 4987 (ehBurdcgalensis
2761 4872 2848 4924 sub
2868 4871 3128 4945 tuguriolo.
3149 4871 3300 4943 Paulo
3325 4874 3430 4932 post
3447 4868 3542 4917 duo
3566 4865 3645 4916 alii
3672 4879 3760 4929 pe-

2250 4952 2271 4984 s
2341 4944 2617 4985 arttauteum
2644 4953 2666 4982 ι
2688 4935 2744 4983 ad
2766 4935 3082 4984 Occndentetn
3105 4940 3317 4987 respicit.
3344 4947 3366 4974 ι

2181 4935 2271 5000 nes
2294 4935 2617 5000 Martiaumum
2644 4935 2744 5000 s_ad
2761 4935 3082 5000 Occidentem
3105 4935 3317 5000 respicit.
3329 4947 3371 5000 ’ξ
3404 4991 3415 5000 _
3471 4997 3480 5000 Α
3590 4987 3601 5000 .
3641 4988 3652 5000 ο

2251 4995 2312 5068 (ί)
2358 4998 2554 5068 liectius
2573 5065 2579 5068 Α
2595 4998 2642 5044 iu
2664 4996 2898 5068 Vaticano
2917 4995 3032 5068 urbs
3058 4987 3309 5068 reticetur.
3329 4991 3548 5040 Habetur
3571 4987 3756 5038 deinde

2181 5055 2498 5120 negligentem
2527 5069 2544 5106 :
2569 5065 2671 5120 tum
2691 5055 2753 5105 ab
2776 5055 2974 5120 τιζφίδξο
2999 5068 3086 5120 1³1⁸9
3120 5061 3182 5120 te;
3275 5113 3313 5120 -
3399 5109 3425 5120 .,
3658 5110 3669 5120 .

2270 5107 2671 5186 (“Narbonensis
2691 5131 2799 5186 cum
2823 5107 3176 5186 Burdegalensi
3195 5151 3208 5174 ,
3237 5131 3259 5160 ι
3275 5109 3486 5186 Ειοιιιιιῃ
3510 5107 3757 5186 pollicitus

2184 5170 2265 5238 es:
2283 5170 2348 5230 ’ὑι
2384 5179 2821 5242 furtivis__no_ctium
2866 5170 3301 5242 operibusaltquas
3321 5176 3361 5221 si
3385 5170 3558 5242 velle—3.,
3586 5183 3759 5239 posses

2181 5231 2383 5298 dictare,
2406 5257 2429 5284 ι
2463 5250 2558 5301 etc.
2583 5238 2839 5286 Vaticanus
2860 5231 2909 5286 te
2917 5251 3004 5301 pro
3033 5245 3082 5287 ut
3104 5231 3274 5301 habet,
3307 5243 3358 5282 et
3379 5233 3423 5282 si
3446 5231 3560 5301 velis
3581 5231 3755 5301 possis.

2254 5303 2320 5367 (Il)
2361 5291 2956 5367 lu__Vatieauo_qno_epulo
2989 5305 3189 5367 tantum.
3208 5294 3355 5367 μοχ.
3374 5307 3499 5367 unus
3516 5291 3761 5367 Burdiga-

2185 5355 2337 5412 Ictisi's
2367 5382 2388 5406 ι
2411 5363 2568 5426 Super
2592 5355 2770 5426 mel'et
2790 5355 2946 5426 (avum
2965 5361 3034 5407 ori
3055 5371 3182 5405 meo.
3208 5355 3324 5426 hiatu
3346 5355 3538 5425 idcirco,
3551 5361 3604 5402 ut
3625 5355 3752 5426 ait!

2183 5424 2441 5473 Vaticanus
2468 5413 2632 5470 {Nam
2654 5421 2695 5470 si
2727 5422 2919 5480 ideirco,
2945 5437 2968 5464 ι
2998 5427 3050 5467 et
3065 5431 3177 5467 mox
3201 5415 3466 5480 diﬂ'erimus
3494 5427 3585 5477 pro
3622 5413 3765 5476 dini:-

2183 5498 2390 5547 "mlth
2496 5543 2530 5547 _
2608 5544 2617 5547 _
2760 5541 2771 5547 _
2829 5540 2874 5547 __
3001 5545 3007 5547 Α
3207 5539 3268 5547 ._
3324 5537 3337 5547 .
3439 5537 3450 5547 .

2247 5546 2307 5607 (ἱ)
2333 5544 2474 5609 Alter
2496 5543 2718 5609 Regintc,
2737 5540 3126 5609 desiderem,_ncc
3143 5539 3299 5609 soluta
3320 5537 3614 5609 brevitatem.
3633 5535 3764 5609 :l'urn

2187 5598 2310 5654 uitus
2331 5598 2714 5665 Burdcgal'cnsis
2734 5601 2848 5663 quia
2871 5599 3088 5665 lfpistolat
3106 5600 3211 5662 ejus
3233 5601 3418 5662 absque
3439 5617 3492 5648 το
3514 5598 3764 5662 plurima.

2177 5662 2438 5721 Manifesta
2459 5662 2630 5716 menda
2653 5662 3083 5728 lirmtertttittiutus.
