4050 6188
183 228 272 285 181
1443 227 1500 282 S.
1537 217 1918 280 ιιιιῖῐιοκγλιι
1959 223 2134 281 \‘ITA.

185 356 301 411 quos
327 339 456 394 mihi
481 340 544 395 de
571 339 676 408 ﬁae
702 337 951 392 Lactantii
978 338 1210 403 dederas,
1242 338 1354 391 ideo
1396 354 1497 391 non
1542 337 1751 390 libenter

187 431 292 500 lego
308 469 324 495 ,
349 430 472 493 quia
503 430 737 498 plurimi:
765 427 1014 498 Epistolw
1038 428 1147 496 ejus
1173 443 1328 494 usque
1351 427 1419 479 ad
1457 426 1594 478 mille
1639 442 1753 478 ver-

185 537 324 575 suum
343 521 511 589 spatia
532 520 824 585 tenduntur,
852 529 899 572 et
923 534 1040 572 raro
1061 519 1124 572 de
1140 528 1310 572 nostro
1327 518 1561 588 dogmate
1575 517 1754 584 dispu-

187 619 252 664 tat
271 625 292 663 :
317 626 417 679 quo
442 609 522 678 ﬁt,
551 619 609 663 ut
633 619 678 663 et
707 609 894 680 legenti
920 609 1182 679 fastidium
1211 617 1410 678 generet
1451 605 1753 676 longitudo;

185 710 228 752 et
254 700 298 752 si
323 715 422 767 qua
445 699 612 754 brevia
633 709 768 765 sunt,
791 697 1106 753 scholasticis
1134 699 1293 768 magis
1315 707 1431 750 sunt
1459 708 1579 766 apta
1604 713 1754 766 quam

184 790 342 844 uobis.
365 788 448 844 De
489 791 682 856 metris,
710 799 758 844 et
785 789 1054 860 regionum
1078 789 1179 844 situ
1205 797 1254 844 et
1280 787 1609 860 Philosophis
1643 789 1752 842 dis-

185 890 390 950 putans.

245 970 388 1039 Quid
413 971 515 1026 sibi
535 970 648 1026 vult
673 970 818 1041 quod
839 971 892 1026 in
919 969 1113 1028 Genesi
1140 971 1395 1042 scriptum
1424 981 1507 1027 est
1535 989 1549 1025 :
1577 971 1756 1026 Omnis

179 1061 264 1129 qui
293 1061 535 1116 occiderit
573 1061 699 1117 Cain
718 1102 734 1128 ,
773 1071 962 1131 septem
999 1062 1243 1118 vindictas
1283 1063 1460 1117 solvet.
1503 1062 1606 1117 Sed
1634 1071 1688 1116 et
1713 1062 1759 1117 si

177 1151 357 1206 omnia
389 1151 518 1207 fecit
541 1152 682 1208 Deus
720 1151 856 1206 bona
880 1151 1066 1217 valde,
1095 1167 1260 1220 quare
1285 1152 1352 1206 ad
1379 1151 1490 1206 Noe
1513 1153 1582 1207 de
1601 1167 1758 1205 mun-

175 1239 256 1294 dis
278 1251 336 1295 et
363 1240 655 1296 immundis
672 1241 990 1295 animalibus
1010 1240 1246 1306 mandat,
1279 1256 1401 1296 cum
1429 1241 1757 1295 immundum

178 1331 308 1385 nihil
362 1332 567 1386 bonum
613 1345 734 1386 esse
775 1330 983 1400 possit?
1038 1329 1108 1385 Et
1153 1330 1207 1386 in
1241 1345 1380 1385 novo
1420 1331 1763 1386 Testamento

177 1434 296 1495 post
349 1425 613 1478 visionem
669 1439 788 1494 qua:
832 1424 990 1479 Petro
1039 1422 1210 1478 fuerat
1249 1433 1466 1479 ostensa
1510 1423 1704 1478 dicenti
1745 1439 1760 1476 :

176 1517 354 1579 Absit,
381 1513 604 1569 Domine
620 1554 636 1579 ,
667 1516 785 1585 quia
808 1531 1068 1569 commune
1087 1525 1135 1568 et
1163 1516 1475 1569 immundum
1502 1531 1760 1586 nunquam

178 1606 404 1660 introivit
440 1605 495 1658 in
521 1620 579 1658 os
621 1619 788 1657 meum
809 1645 827 1670 ,
869 1620 970 1658 vox
1001 1604 1068 1659 de
1096 1604 1236 1660 caelo
1266 1605 1575 1672 τοςιιοιιάίιε
1613 1605 1762 1671 Quod

184 1697 434 1752 Dominus
479 1694 612 1748 Deus
627 1694 886 1747 mandavit
909 1694 1004 1764 (τι),
1031 1703 1150 1747 tunc
1177 1709 1438 1747 commune
1460 1710 1522 1747 ne
1549 1695 1754 1747 dia-eris.

246 1793 360 1847 Cur
416 1791 559 1846 Deus
609 1789 677 1844 ad
735 1789 1002 1844 Abraham
1053 1788 1289 1858 loquitur
1339 1787 1560 1852 dicens,
1615 1785 1757 1855 quod

181 1891 366 1952 quarta
395 1881 646 1951 progenie
683 1881 775 1934 lilii
802 1879 961 1935 Israel
1000 1879 1068 1935 de
1105 1879 1339 1950 Egypto
1375 1887 1555 1934 essent
1581 1893 1758 1934 rever-

183 1974 291 2028 suri
323 1981 418 2038 ;et
454 1982 637 2043 postea
668 1971 877 2043 Moyses
900 1972 1109 2042 scripsit
1140 1989 1152 2023 :
1187 1971 1376 2038 Quinta
1403 1980 1568 2025 autem
1604 1986 1756 2040 gene-

185 2066 376 2117 ratione
429 2063 518 2118 veI
579 2064 814 2133 progenie
862 2062 1088 2116 exierunt
1138 2062 1230 2130 filii
1294 2058 1459 2114 Israel
1509 2060 1574 2114 de
1625 2069 1760 2113 terra

187 2152 422 2223 ligypti.
469 2151 621 2219 Quod
661 2153 843 2222 utique
885 2151 986 2207 nisi
1025 2159 1356 2220 exponatur,
1401 2150 1613 2205 videtur
1640 2164 1761 2205 esse

186 2242 526 2297 contrarium.
589 2241 698 2297 Cur
743 2242 1012 2297 Abraham
1062 2242 1274 2312 signum
1324 2239 1761 2297 Circumeisionis

185 2334 454 2403 suscepit?
483 2333 589 2388 Cur
623 2333 767 2388 Isaac
787 2333 960 2402 justus
979 2342 1032 2388 et
1064 2332 1174 2387 Deo
1203 2347 1391 2398 carus,
1421 2347 1525 2386 non
1556 2331 1633 2386 illi
1676 2331 1762 2387 cui

187 2425 372 2489 voluit,
393 2424 487 2479 sed
510 2425 595 2480 cui
625 2425 794 2479 noluit
820 2423 1077 2493 deceptus
1102 2438 1288 2479 errore
1315 2422 1624 2478 benedixit?

255 2517 406 2572 Nunc
432 2517 625 2588 quibus
649 2517 865 2572 ausibus
892 2516 966 2588 (ὁ)
993 2516 1309 2586 quantisque
1329 2515 1598 2570 laboribus
1617 2513 1764 2569 solus

188 2608 422 2663 omnium
466 2607 826 2662 Romanorum
874 2606 1268 2676 Hieronymus,
1316 2604 1627 2662 Hebraicam
1658 2604 1762 2658 Iin-

189 2714 342 2768 gnam
401 2698 733 2768 litterasque,
768 2697 873 2751 imo
911 2695 1247 2751 Chaldaicam
1296 2695 1526 2764 linguam
1556 2694 1761 2748 didiceo

189 2792 289 2852 rit,
333 2790 471 2844 sicut
512 2789 626 2858 ipse
663 2787 963 2858 perhibuit,
1010 2785 1427 2840 subnectendum
1457 2792 1580 2839 est:
1625 2783 1764 2837 Dum

185 2898 382 2948 essem,
413 2881 613 2950 inquit,
631 2880 864 2950 juvenis,
895 2891 940 2932 et
963 2879 1252 2932 solitudinis
1281 2893 1357 2930 me
1377 2876 1572 2930 deserta
1597 2877 1760 2930 valla-

190 2985 331 3039 rent,
357 2972 605 3026 incentiva
637 2971 872 3024 vitiorum
893 3009 910 3036 ,
939 2969 1274 3038 ardoremque
1307 2967 1378 3037 (c)
1408 2975 1608 3021 natura:
1631 2970 1764 3035 [erue

191 3081 288 3119 non
330 3074 559 3135 poteram
609 3062 704 3132 (al.
749 3057 918 3133 quaz);
957 3076 1101 3130 quem
1129 3075 1284 3127 quum
1329 3058 1515 3112 crebris
1550 3056 1764 3124 jejuniis

189 3160 505 3226 frangerem,
552 3169 689 3206 mens
741 3160 904 3204 tamen
950 3147 1333 3220 cogitationibus
1376 3144 1639 3200 azstuabat.
1685 3143 1766 3197 Ad

188 3263 332 3315 quem
360 3244 722 3308 edomandam,
752 3242 954 3296 cuidam
993 3240 1160 3311 fratri,
1191 3239 1278 3308 qui
1305 3254 1368 3292 ea:
1392 3236 1619 3290 Hebreis
1655 3251 1768 3290 cre-

191 3337 421 3401 diderat,
451 3351 529 3389 me
567 3335 620 3387 in
660 3330 966 3400 discipulum
1004 3329 1122 3383 dedi
1153 3343 1173 3382 :
1211 3336 1265 3382 ut
1309 3335 1422 3397 post
1464 3324 1768 3393 Quintiliani

192 3428 426 3480 acumina
446 3467 465 3493 ,
503 3424 756 3480 Ciceronis
778 3421 988 3492 ﬂuvium
1005 3461 1023 3487 ,
1049 3419 1439 3490 gravitatemque
1466 3415 1762 3480 Frontonis,

193 3528 236 3572 et
281 3519 539 3572 lenitatem
585 3514 788 3580 Plinii,
836 3512 1161 3580 alphabetum
1199 3511 1473 3572 discerem,
1506 3507 1768 3561 stridentia

191 3608 580 3676 anhelantiaque
605 3605 754 3659 verba
778 3603 1067 3657 meditarer.
1099 3600 1236 3666 Quid
1264 3600 1334 3654 ibi
1369 3598 1554 3653 laboris
1583 3599 1662 3670 (ά)
1688 3599 1770 3651 in-

189 3699 510 3768 sumpserim,
530 3696 654 3767 quid
678 3693 1000 3766 sustinuerim
1022 3691 1348 3762 difficultatis,
1379 3690 1571 3759 quoties
1591 3689 1769 3758 despe-

190 3789 408 3842 raverim
430 3828 448 3852 ,
475 3787 770 3858 quotiesque
804 3783 1138 3845 cessaverim,
1183 3782 1321 3835 testis
1348 3789 1420 3834 est
1462 3779 1768 3833 conscientia

191 3897 322 3946 mea,
349 3880 437 3951 qui
465 3895 646 3949 passus
668 3893 800 3944 sum,
830 3890 981 3945 quam
1005 3889 1176 3928 eorum
1198 3872 1286 3943 qui
1306 3887 1496 3924 mecum
1517 3871 1770 3924 duxerunt

193 3973 367 4028 vitam.
398 3970 465 4024 Et
487 3970 682 4042 gratias
722 3966 830 4022 Deo
848 4008 864 4032 ,
892 3966 1026 4034 quod
1051 3964 1115 4018 de
1148 3978 1326 4016 amaro
1354 3962 1542 4016 semine
1574 3961 1770 4014 littera-

192 4079 326 4128 rum,
359 4061 530 4115 dulces
550 4060 745 4130 {ructus
770 4057 937 4129 capio.
966 4055 1134 4110 Porro
1154 4053 1344 4108 librum
1374 4051 1474 4106 Joh
1500 4049 1774 4104 Hebraicis

193 4154 408 4222 quidem
455 4150 668 4218 litteris,
715 4148 810 4204 sed
850 4145 1136 4203 Chaldaico
1164 4143 1232 4216 (ε)
1265 4141 1478 4212 quidem
1527 4155 1774 4196 sermone

194 4245 556 4314 conscriptum
575 4284 591 4310 ,
625 4258 748 4298 cum
779 4240 1130 4310 Hieronymus
1159 4245 1393 4291 verteret
1421 4234 1472 4288 in
1505 4233 1772 4298 Latinum,

195 4335 338 4391 hunc
364 4337 454 4407 qui
489 4334 674 4389 subter
712 4331 950 4387 adnexus
985 4337 1103 4396 est,
1143 4325 1326 4381 habuit
1350 4335 1771 4394 praeceptorem:

197 4427 412 4482 Memini
442 4444 520 4482 me
539 4467 554 4491 ,
579 4426 770 4495 inquit,
801 4424 862 4478 ob
891 4420 1274 4492 intelligentiam
1301 4417 1454 4488 hujus
1481 4415 1772 4480 voluminis,

195 4519 451 4574 Liddeum
490 4521 759 4590 quemdam
807 4525 1198 4587 pra'ceptonm,
1228 4511 1314 4583 qui
1355 4509 1496 4580 apud
1535 4507 1776 4578 chrtcos

261 4655 334 4718 (a)
369 4655 486 4718 λιες.
513 4653 664 4710 nostri
687 4663 858 4718 omnes
878 4640 1545 4718 ttt‘nefamrnuneaixeriss
1566 4702 1656 4718 ’Μ

259 4700 333 4777 δή
366 4700 630 4777 ﬁlicibus;
643 4700 866 4777 quibusve
882 4709 1118 4777 laboribus
1134 4718 1150 4756 .'
1170 4714 1269 4777 tum
1281 4705 1462 4777 junctis
1469 4702 1659 4776 duobus
1671 4700 1778 4752 aliis

197 4765 420 4840 Regio-4:,
448 4765 737 4840 Hebraiy'am
767 4773 978 4840 linguam
1014 4765 1646 4840 didicerin'pranermissis
1667 4778 1778 4827 quae

197 4827 577 4892 uiterser'untur.
601 4827 896 4899 litterasque,
919 4834 1016 4882 imo
1027 4827 1336 4899 Chaldaicam
1359 4827 1588 4899 linguam.

259 4887 345 4961 (ε)
371 4899 476 4947 Vox
494 4887 683 4961 natura:
703 4887 970 4961 aYalicano
993 4891 1334 4961 nonnullisque
1357 4887 1603 4961 aliis-Mss...
1617 4887 1775 4961 abest.

195 4949 330 5009 Tuin'
347 4961 499 5009 habet
525 4958 625 5018 ille,
661 4977 682 5004 ι
705 4958 774 5006 Ad
799 4969 947 5019 quem
973 4949 1342 5010 emendandum,
1368 4951 1557 4998 cuidam
1580 4949 1774 4998 fratri...

196 5035 274 5072 me
299 5037 352 5085 in
377 5019 674 5085 disciplinam
694 5019 869 5077 dedi-1'
939 5077 950 5085 ,
1058 5074 1098 5085 ..
1382 5071 1422 5085 .,
1456 5072 1488 5085 ..

255 5071 336 5146 (ὀ)
369 5071 688 5146 Corbeiensis
707 5072 1019 5146 susceperim.
1058 5074 1182 5146 Tum
1218 5073 1348 5146 addit
1382 5071 1780 5146 Vaticanus

197 5133 502 5200 ceisa'zerim,
523 5142 710 5202 isth:ec,
733 5147 779 5191 et
802 5133 1090 5200 contentione
1115 5133 1334 5202 discendi
1354 5145 1549 5202 rursum
1571 5133 1778 5202 increpe-

197 5206 287 5257 rim
309 5195 801 5268 :Vsseq'uiturtés‘lis
847 5195 923 5268 est
962 5199 1255 5268 conscientia
1292 5195 1407 5258 quid
1453 5195 1777 5268 passusisim,

229 5256 338 5319 nem
364 5256 540 5319 eoru'ui
562 5267 648 5328 qui
671 5276 865 5328 mecum
895 5263 1141 5310 duxerunt
1164 5256 1336 5328 vitam;
1350 5256 1586 5328 sustinui
1605 5256 1772 5328 scioli:

237 5310 748 5382 Ῐίἷᾘῖῖῶξδῖἷέηὶῖἁ
888 5335 1014 5387 mea,
1039 5333 1200 5387 quam.
1219 5310 1333 5387 _ete_._'
1349 5317 1459 5387 Mox
1497 5314 1671 5364 librum
1693 5310 1779 5361 Jcb

194 5379 277 5458 ιιτᾲ
300 5379 514 5458 intectis
539 5402 606 5438 εκ
632 5387 790 5458 τηρεετο
811 5379 1017 5458 ιιθείξιῑέ
1041 5379 1131 5458 “,5:
1150 5379 1507 5458 _°;‘,'_'.’§"%‘.‘.‘.‘_1'_“3~

247 5435 1038 5518 ξεδΠᾸῙῙέἧῶ-ῄιιωεηε’νοξῖυιειιιι
1080 5443 1264 5518 rectius
1282 5435 1779 5518 'Iieg'inie‘hlssfetif

187 5497 332 5568 ccii’:
348 5497 571 5570 ’ἁὲιῐιῆεῖ
589 5497 764 5574 ἱὶιιίειο
787 5506 1036 5574 νδιίοδῑξος
1061 5501 1244 5574 Peril!“
1275 5497 1538 5574 ’tttbebtﬂ‘l‘
1568 5497 1782 5574 95212:":

185 5558 512 5640 ita;
522 5558 786 5640 ⁷ὺὲέιιίςμξεε
809 5581 936 5640 unus
955 5558 1352 5640 Huizdcgaleusis,
1384 5577 1407 5605 ι
1427 5558 1532 5608 Non
1567 5558 1780 5620 [nituisse

183 5625 625 5708 ille'intgrpretari,
653 5625 746 5682 nisi
775 5628 900 5697 quod
926 5625 1284 5676 intellexeram.
1312 5639 1332 5665 ιι

3329 227 3430 284 182

1861 338 2051 404 primus
2091 337 2396 401 habebatur,
2443 352 2542 390 non
2585 336 2750 405 ervis
2785 336 3051 393 redemisse
3088 342 3328 397 nummis.
3371 344 3437 400 Si

1859 429 1968 495 ejns
1997 429 2226 481 doctrina
2269 428 2464 498 aliquid
2506 431 2833 499 profecerim,
2877 434 3042 486 nescio
3076 449 3095 487 :
3139 434 3235 488 hoc
3272 450 3432 490 unum

1859 519 1985 582 scio,
2019 535 2119 572 non
2146 521 2369 586 potuisse
2397 536 2474 573 me
2499 521 2596 574 nisi
2625 521 2762 592 quod
2779 531 2926 575 antea
2955 525 3322 592 intellexeram,
3349 529 3432 582 in-

1862 609 2146 676 terpretari.
2172 608 2286 678 Quo
2308 623 2435 663 vero
2472 608 2656 664 labore
2681 609 2980 680 sudoreque
3003 611 3304 670 Chaldteam
3334 617 3435 673 liu-

1859 713 2014 766 guam
2046 698 2308 763 didicerit,
2341 699 2480 754 idem
2513 699 2864 770 Hieronymus
2893 701 2962 754 ita
2989 703 3248 764 scribens,
3275 716 3431 775 atque

1860 787 2146 843 adlirmans
2165 788 2312 844 dicit.
2343 789 2455 860 Ego
2481 792 2890 846 adolescentulus
2913 801 3026 864 post
3057 793 3364 860 Quintiliani
3388 806 3435 850 et

1865 877 2022 933 Tullii
2047 881 2305 935 lectionem
2329 899 2389 935 ac
2407 884 2561 952 ﬂores
2583 883 2903 949 Rhetoricos,
2926 901 3041 940 cum
3067 902 3148 940 me
3170 886 3224 940 in
3250 887 3439 959 lingua:

1863 970 2016 1040 hujus
2039 971 2306 1040 pistrinum
2335 974 2676 1040 reclusissem,
2702 985 2749 1028 et
2789 976 2949 1030 multo
2975 976 3161 1030 sudore
3186 978 3440 1048 multoque

1865 1066 2087 1127 tempore
2122 1063 2378 1132 coepissem
2405 1065 2698 1117 anhelantia
2735 1065 3098 1135 stridentiaque
3125 1067 3273 1122 verba
3300 1084 3439 1123 reso-

1863 1164 2005 1210 nare.
2035 1162 2083 1204 et
2119 1154 2266 1220 quasi
2299 1171 2389 1224 per
2423 1166 2656 1224 cryptam
2693 1155 2990 1223 ambulans,
3021 1174 3194 1211 rarum
3224 1158 3439 1230 desuper

1867 1240 2034 1293 lumen
2081 1246 2336 1310 aspicere,
2390 1246 2576 1315 impegi
2621 1248 2888 1302 novissime
2930 1248 2984 1302 in
3029 1246 3294 1304 Danielem
3318 1289 3335 1316 ,
3390 1258 3440 1306 et

1867 1340 2006 1386 tanto
2036 1335 2182 1388 ta'dio
2210 1334 2419 1402 a/fectus
2448 1354 2580 1404 sum,
2603 1348 2656 1392 ut
2677 1339 3023 1409 desperatione
3049 1342 3212 1396 subita
3236 1358 3437 1396 omnem

1867 1435 2078 1479 veterem
2120 1425 2341 1481 laborem
2382 1429 2619 1483 voluerim
2648 1441 2981 1485 contemnere.
3032 1432 3216 1486 Verum
3249 1432 3441 1487 adhor-

1868 1525 2006 1570 tante
2033 1515 2102 1586 (f)
2131 1533 2212 1570 me
2241 1519 2347 1572 viro
2381 1517 2612 1583 Hebrteo,
2633 1531 2681 1575 et
2705 1521 2838 1574 illud
2863 1523 2987 1575 mihi
3015 1539 3107 1576 sua
3129 1523 3304 1593 lingua
3328 1539 3443 1576 cre-

1866 1607 2002 1659 brius
2027 1607 2278 1675 ingerente
2296 1649 2310 1670 ,
2337 1608 2483 1661 labor
2506 1610 2676 1663 omnia
2700 1611 2851 1664 vincit
2877 1612 3132 1681 improbus
3149 1653 3164 1677 ,
3199 1613 3287 1682 qui
3315 1613 3441 1667 mihi

1863 1697 2064 1750 videbar
2101 1699 2286 1752 sciolus
2322 1701 2451 1753 inter
2474 1717 2586 1766 eos,
2635 1703 2764 1771 carpi
2799 1719 2974 1755 rursus
3011 1703 3289 1770 discipulus
3332 1719 3440 1757 esse

1865 1787 2190 1844 Chaldaicus.
2225 1789 2287 1843 Et
2317 1801 2370 1844 ut
2414 1793 2578 1846 verius
2616 1793 2817 1862 fatear,
2859 1810 3011 1860 usque
3051 1795 3104 1848 in
3143 1805 3442 1865 presentcnt

1861 1880 1994 1934 diem
2038 1883 2199 1952 magis
2237 1899 2439 1952 possum
2487 1900 2768 1938 sermonem
2817 1885 3148 1940 Chaldaicum
3197 1887 3361 1958 legere
3389 1895 3437 1942 et

1861 1967 2141 2038 intelligere
2161 2011 2176 2035 ,
2209 1988 2356 2041 quam
2381 1989 2579 2026 sonare.
2611 1973 2807 2028 Christi
2839 1974 3016 2046 itaque
3053 1975 3216 2046 gratia
3246 1975 3434 2030 Hiero-

1864 2074 2056 2129 nymus
2094 2060 2250 2116 Iidem
2281 2061 2538 2132 adeptus,
2574 2063 2868 2134 litterisque
2903 2064 3106 2120 Graecis
3139 2079 3203 2118 ac
3235 2063 3441 2118 Latinis

1863 2159 2020 2218 atque
2043 2151 2314 2206 Hebraicis
2336 2152 2547 2216 doctus,
2570 2163 2756 2208 cuncta
2780 2153 3120 2207 llcbrreornm
3148 2154 3442 2218 volumina,

1865 2256 1981 2310 qnze
2003 2241 2054 2294 in
2072 2242 2288 2296 Canone
2311 2244 2387 2312 (g)
2407 2243 2767 2307 continentur,
2795 2258 2860 2297 ex
2888 2243 3054 2298 veteri
3073 2242 3440 2312 Testamento,

1865 2346 1990 2386 vera
2023 2331 2265 2387 Editione
2291 2333 2343 2386 in
2363 2334 2591 2403 linguam
2619 2333 2856 2388 Latinam
2874 2335 3054 2399 vertit,
3073 2349 3242 2404 eaque
3261 2335 3442 2390 omnia

1866 2431 2255 2478 commentatus
2278 2432 2380 2477 est.
2432 2424 2703 2480 Danielem
2733 2440 2945 2496 quoque
2987 2423 3277 2480 Chaldaico
3316 2440 3436 2481 ser-

1866 2527 2024 2567 mone
2064 2512 2296 2567 locutum
2322 2513 2562 2568 Romano
2593 2514 2736 2586 stylo
2777 2513 3079 2585 descripsit.
3122 2515 3441 2572 Psalterium

1865 2602 2107 2658 videlicet
2136 2603 2278 2678 quod
2303 2618 2333 2658 a
2359 2602 2626 2659 Sollronio
2665 2605 2960 2675 postulatus
2987 2603 3344 2680 Hieronymus
3371 2621 3440 2662 ex

1868 2693 2091 2748 Ilebrmo
2115 2694 2331 2755 Canone
2357 2694 2544 2749 Latina
2575 2695 2934 2751 modulatione
2965 2699 3285 2759 canendum,
3319 2712 3443 2750 ver-

1867 2783 1992 2839 bum
2031 2783 2096 2839 ad
2147 2785 2367 2839 verbum
2403 2787 2684 2855 exposuit,
2723 2801 2954 2857 eumque
2991 2787 3222 2841 breviter
3269 2786 3442 2840 disse-

1865 2875 1972 2929 ruit
2005 2885 2060 2928 et
2098 2874 2515 2930 enchiridionem
2553 2876 2856 2944 appellavit.
2904 2876 3046 2929 Duos
3089 2875 3252 2928 libros
3287 2872 3446 2928 Salo-

1866 2966 2040 3020 monis
2069 2966 2374 3033 cxtilanavit
2402 2983 2416 3019 :
2445 2965 2663 3020 Cantica
2695 2980 2824 3019 vero
2864 2963 3202 3018 Canticorum
3228 2977 3295 3017 ex
3320 2963 3445 3017 Ori-

1868 3058 2017 3126 genis
2043 3057 2477 3125 interpretatione
2510 3070 2525 3110 :
2554 3056 2690 3110 sicut
2715 3065 2771 3110 et
2799 3055 2867 3109 de
2893 3055 3091 3125 Sp'ritu
3135 3053 3333 3108 Sancto
3362 3053 3448 3125 (h)

1873 3147 2077 3218 Didymi
2122 3146 2347 3201 videntis
2391 3145 2581 3200 librum
2631 3145 2682 3198 in
2728 3144 2968 3199 Latinam
3018 3143 3285 3199 transtulit
3337 3143 3445 3198 Iin-

1869 3255 2048 3309 gnam.
2085 3238 2314 3294 Matthrei
2355 3236 2697 3291 nihilominus
2736 3234 3081 3304 Evangelium
3109 3249 3175 3289 ex
3218 3233 3457 3289 Hebraao

1871 3327 1997 3384 fecit
2032 3343 2150 3384 esse
2190 3328 2514 3392 Romanum;
2559 3325 2806 3397 quodque
2846 3324 3225 3396 compendiosa
3271 3324 3450 3394 potius

1870 3435 2026 3488 quam
2054 3419 2320 3474 fastidiosa
2347 3418 2716 3486 explanatione
2747 3415 3000 3472 studiosis
3040 3415 3326 3471 lectoribus
3364 3415 3450 3470 in-

1872 3519 2190 3579 terpretatus
2215 3519 2316 3566 est.
2339 3507 2616 3564 Scxdecitn
2637 3523 2848 3578 quoque
2872 3505 3261 3577 Prophetarum
3291 3505 3448 3561 voluo

1870 3604 2011 3657 mina
2051 3617 2144 3657 seu
2185 3601 2428 3656 vaticinia
2473 3617 2505 3653 a
2547 3601 2696 3656 nullo
2734 3599 3052 3670 quandoque
3083 3598 3446 3654 [tertianorum

1872 3694 1955 3748 vel
1979 3693 2284 3748 meminisse
2311 3692 2396 3745 vel
2431 3690 2668 3747 scribere
2707 3689 2987 3744 inchoasse
3015 3697 3251 3757 reperta,
3277 3687 3452 3743 disse-

1871 3789 1979 3841 ruit
2004 3796 2230 3856 quatuor
2255 3794 2308 3840 et
2328 3782 2659 3852 septuaginta
2683 3780 2833 3835 libris
2851 3779 3023 3834 editos
3045 3778 3450 3832 Connnentatus

1871 3888 1972 3932 est.
2006 3877 2291 3946 Plerasque
2331 3883 2586 3944 przeterca
2629 3869 2774 3924 Pauli
2806 3867 3105 3939 Epistolas,
3135 3875 3188 3921 ct
3228 3865 3452 3922 Joannis

1875 3967 2253 4023 revelationem
2281 3963 2550 4018 disseruit.
2595 3960 2740 4016 Inter
2781 3957 2878 4013 has
2917 3958 3093 4027 itaque
3137 3969 3452 4011 numerosas

1876 4059 2051 4127 Operis
2078 4057 2156 4110 sui
2197 4056 2446 4125 paginas,
2467 4054 2576 4108 suis
2604 4052 2700 4122 (al.
2724 4047 2986 4122 universis)
3019 4049 3293 4102 universas
3320 4061 3456 4116 pra:-

1879 4149 2163 4203 I'ationibus
2216 4155 2570 4216 prmnotatas,
2616 4143 2850 4214 quinque
2893 4154 2948 4198 et
2978 4149 3192 4196 centum
3238 4139 3454 4210 triginta

1879 4238 2124 4293 Virorum
2170 4235 2456 4291 lllustrium
2500 4233 2904 4289 Ecclesiasticos
2945 4230 3234 4298 scriptores
3269 4244 3297 4282 a
3327 4242 3454 4298 pas-

1877 4333 2029 4387 sione
2055 4330 2253 4385 Christi
2281 4343 2446 4397 usque
2473 4326 2538 4382 ad
2575 4334 2824 4397 quartum
2861 4323 3124 4378 decimum
3165 4318 3455 4375 Theodosii

1880 4423 2216 4494 Imperatoris
2243 4436 2440 4474 annum
2461 4461 2478 4488 ,
2511 4420 2562 4474 in
2598 4415 2842 4474 ordinem
2881 4414 3134 4484 digessit,
3165 4425 3458 4480 omnesque

1877 4518 1968 4589 qui
2007 4517 2074 4572 de
2103 4513 2397 4584 Scripturis
2433 4511 2632 4569 Sanctis
2675 4507 2946 4564 memoria:
2984 4503 3183 4574 aliquid
3224 4502 3457 4558 tradide-

1881 4617 2042 4673 runt,
2086 4607 2318 4663 breviter
2354 4604 2618 4674 exposuit.
2668 4599 2862 4655 Verum
2890 4608 2944 4656 et
2983 4608 3168 4653 contra
3204 4593 3456 4660 Celsum,

1882 4700 2256 4773 Porphyrium,
2283 4707 2337 4752 ct
2362 4696 2626 4752 lulianum
2664 4696 2959 4763 Augustum
2980 4731 2998 4759 ,
3029 4688 3245 4745 rabidos
3270 4685 3461 4738 adver-

1943 4880 2017 4944 (π.)
2033 4873 2467 4944 ιιιιιιιςειοεειειιεί.
2478 4873 2641 4923 vim
2657 4881 2769 4944 υετρ
2788 4857 3461 4944 εςξιφςξτςαέεες,ιις.ιίξφε,ςεέίφ

1879 4919 2024 4999 ωὒῖίζ
2038 4919 2467 4999 ’ἓίὰῗῖῇῖιῖῗξῴᾗῤ
2504 4919 2671 4999 rursus
2695 4927 2961 4999 discipulus
2981 4919 3458 4999 ﬁeri_§('9_’§“f€'fff

1880 4982 2310 5062 illitii'né'giuiiii
2335 4982 2600 5057 discipulus
2633 4996 2792 5041 tacet:
2819 4982 2904 5036 ille
2927 4982 3036 5035 mox
3064 4983 3282 5048 praeterit
3305 4982 3457 5030 verba

1878 5062 2324 5196 ῗέἔὶῗῖίᾶῗεῗὲθὸυς
2357 5113 2592 5196 quem
2937 5113 3031 5196 te

1880 5165 2594 5246 Βὲἕίιιὲεἱῐὶὲὲὅἓῖιέιιίάάὲοτι
2617 5166 2925 5246 ίιίιξΡεὲιέῗέεςμ
2935 5166 3029 5246 E19
3056 5165 3458 5246 {2933.}???

1880 5228 2098 5308 ἷιὶῖὲιξξξῆ,
2114 5228 2255 5308 θουρδ
2279 5237 2426 5308 librqs
2447 5228 2707 5308 stilomon'is
2747 5228 3042 5292 explanavit,
3078 5237 3276 5290 prorsus
3313 5228 3460 5274 omit-

1883 5297 2581 5365 t'it:il|e'exelanemlesit-..
2671 5350 2683 5361 .
3069 5346 3307 5365 ι.--

1945 5346 2384 5430 inmanes-ae.
2398 5346 2473 5430 εέῖ
2484 5350 2683 5430 Didymi
2704 5348 2924 5430 ἒίέΐὲιίξξὲο
2941 5346 3460 5430 ἓῇἓίὲξὲὲιίοθὲιξδ

1945 5375 2019 5430 (ΙΙ)
2053 5375 2162 5413 υυο
2179 5375 2384 5468 ῃθεῖιηω.
2398 5375 2462 5406 ea;
2484 5375 2683 5424 aluums
2704 5375 2924 5406 Placatus,
2947 5375 3044 5399 cw.
3072 5375 3180 5398 suun
3211 5375 3229 5395 ν
3243 5375 3455 5397 αιιυαιιυιδ

1883 5441 1992 5478 cum
2033 5424 2260 5484 Burdega
2275 5433 2389 5484 ensi
2411 5419 2663 5484 semdecnn
2703 5425 2906 5484 namque
2919 5409 3317 5484 lltropltctarum,‘
3356 5416 3455 5484 etc.

1883 5471 2229 5557 Eﬁiiiqae’inig’
2243 5481 2460 5545 pluribus
2479 5477 2660 5527 deinde
2683 5471 2874 5545 reperta
2915 5471 3038 5548 (alii
3049 5472 3322 5539 repertum)
3358 5471 3457 5520 dis-

1883 5556 2031 5600 seruit
2054 5545 2199 5604 solus,
2218 5550 2420 5608 quatuor
2442 5547 2488 5590 et
2509 5542 2842 5604 septuaginta.
2867 5535 2950 5589 aln
2975 5546 3140 5591 tamen
3171 5535 3270 5588 duo
3309 5533 3459 5587 verba

1883 5563 2031 5600 senm
2054 5563 2199 5604 satus,
2218 5563 2419 5604 quattwr
2442 5563 2488 5590 ct
2509 5563 2809 5604 wptuuyuuu
2827 5577 2842 5590 .

1889 5619 2088 5677 quatuor
2110 5615 2156 5660 ct
2179 5605 2569 5676 pretertnittunt.
