4050 6188
114 277 201 332 183

42 433 44 444 ι
113 407 449 464 magnopere
467 395 543 452 ad
571 397 696 468 ejus
724 397 1044 467 prazconium
1077 397 1416 468 pertinentia.
1449 397 1710 452 Rursum-

120 502 220 556 que
242 495 552 554 opportuna
585 489 815 557 plurima
852 489 1129 553 omisisse,
1160 499 1214 543 et
1240 505 1303 545 ea
1334 491 1564 543 maxime
1591 503 1710 557 qtae

37 569 40 606 ⁵
116 581 188 631 ab
211 576 397 632 eodem
429 579 485 634 in
528 581 648 634 suis
691 579 1024 635 Tractatibus
1054 580 1266 646 tradita,
1313 581 1364 634 in
1391 581 1506 649 ejus
1554 581 1712 634 Festo

127 669 230 739 legi
279 684 518 739 congrua
566 671 902 724 videbantur.
958 669 1085 725 Inde
1128 671 1366 738 ejusdem
1399 678 1712 738 provocatus

122 762 390 829 exemplo,
413 763 502 832 qui
529 762 585 817 in
611 761 807 816 divinis
829 761 1198 817 Voluminibus
1224 776 1285 816 ea
1307 776 1426 830 qua:
1471 760 1538 813 ab
1562 759 1716 813 anti—

121 852 239 922 quis
269 851 712 908 Translatoribus
737 853 810 922 (a)
843 853 1112 922 superflue
1148 851 1290 907 edita
1319 852 1523 906 fuerant
1549 891 1564 917 ,
1593 866 1714 904 am-

122 943 394 1012 putaverit
423 961 436 998 :
467 959 587 1013 qua:
609 959 739 999 vero
770 945 1126 1014 praetermissa
1159 942 1396 1008 tradidit,
1424 943 1534 996 suis
1560 942 1714 997 resti-

120 1037 220 1098 tuit
241 1036 417 1092 locis:
448 1037 649 1092 tentavi
671 1045 726 1091 et
745 1051 864 1105 ego,
897 1037 1026 1091 licet
1057 1045 1113 1090 ut
1139 1036 1344 1090 meritis
1385 1035 1456 1088 ita
1489 1044 1542 1088 et
1567 1035 1710 1104 stylo

119 1130 280 1198 longe
309 1130 506 1198 impar,
536 1139 643 1184 tam
672 1144 738 1184 ex
759 1129 973 1197 scriptis
1010 1127 1217 1198 praefati
1260 1121 1526 1191 Auetoris,
1555 1142 1713 1196 quam

115 1236 178 1272 ex
244 1220 435 1274 sacris
503 1220 729 1273 aliorum
804 1215 1121 1274 Sanctorum
1195 1217 1580 1272 assertionibus
1655 1230 1717 1269 ea

116 1324 227 1375 eum
249 1324 573 1380 congruere
597 1309 936 1372 videbantur,
965 1322 1252 1376 excerpere
1273 1349 1288 1372 ,
1315 1317 1370 1362 et
1393 1322 1493 1375 qua
1518 1321 1716 1362 convc-

117 1401 300 1453 niebat
339 1401 488 1454 serie
515 1403 778 1454 instruere
803 1440 818 1464 ,
848 1408 903 1453 ut
930 1415 993 1453 ex
1025 1398 1202 1456 multis
1227 1397 1376 1467 quasi
1407 1412 1568 1450 unum
1599 1411 1718 1450 cor-

117 1506 208 1559 pus
243 1491 549 1554 efficiens,
581 1491 816 1544 laborem
857 1504 1042 1548 eorum
1073 1487 1356 1542 sublevare
1381 1487 1721 1556 aliquatenus

117 1598 338 1656 possem
363 1622 380 1648 ,
415 1583 506 1651 qui
539 1596 599 1635 ea
629 1597 748 1650 qua:
777 1580 843 1635 de
884 1581 965 1636 via
1019 1589 1074 1635 et
1103 1580 1384 1634 virtutibus
1412 1578 1591 1633 Sancti
1624 1578 1718 1631 viri

118 1690 208 1743 per
233 1673 462 1727 diversa
485 1670 689 1740 digesta
716 1681 839 1724 sunt
867 1670 1159 1733 volumina,
1187 1668 1387 1722 habere
1411 1669 1527 1721 sine
1560 1668 1714 1720 tredio

116 1767 442 1820 voluissent.
473 1763 530 1817 In
560 1777 667 1833 quo
689 1762 734 1816 si
762 1763 1032 1818 temeritas
1061 1760 1474 1830 reprehenditur
1499 1800 1513 1822 ,
1545 1769 1713 1814 atten-

118 1860 274 1915 datur
303 1857 541 1922 devotio,
564 1871 725 1927 quam
753 1855 801 1910 ei
830 1869 934 1909 non
955 1853 1220 1908 immerito
1241 1852 1415 1908 debeo
1442 1868 1455 1904 :
1479 1851 1568 1921 qui
1601 1866 1712 1904 ma-

119 1959 253 2004 trem
291 1963 495 2012 meam,
525 1961 647 2000 eum
678 1960 764 2001 me
792 1944 1014 2000 haberet
1051 1943 1102 1998 in
1133 1953 1314 2010 utero,
1347 1958 1378 1998 a
1406 1942 1594 1998 mortis
1621 1957 1713 2014 pe-

117 2039 292 2095 ricqu
322 2037 586 2092 liberavit.

187 2130 458 2185 Praefatns
489 2129 649 2199 igitur
693 2128 886 2182 Doctor
925 2137 1075 2197 patre
1105 2126 1337 2182 Eusebio
1365 2126 1575 2194 genitus
1607 2134 1708 2187 est.

56 2238 58 2240 '
128 2223 258 2278 sicut
291 2222 409 2290 ipse
435 2221 486 2274 in
513 2219 676 2280 Libro
696 2219 762 2273 de
793 2218 932 2274 Viris
959 2206 1260 2274 Illustribus
1285 2217 1532 2282 adstruit,
1564 2219 1712 2271 vicc-.

129 2315 259 2368 simo
292 2322 450 2366 sexto
469 2326 609 2364 anno
637 2309 846 2378 imperii
875 2310 1046 2379 magni
1069 2308 1403 2363 Constantini
1433 2307 1485 2360 in
1514 2306 1714 2375 oppido

129 2403 392 2460 Stridonis
417 2443 432 2466 ,
459 2401 601 2472 quod
649 2416 678 2454 a
706 2399 894 2455 Gothis
924 2415 1192 2461 eversum,
1227 2399 1503 2452 Dalmatia:
1533 2412 1709 2466 quon-

129 2496 266 2562 dam,
296 2494 691 2561 Pannoniaque
726 2491 1016 2546 confinium
1068 2489 1182 2543 fuit.
1207 2489 1306 2556 Qui
1332 2504 1452 2542 enm
1513 2503 1712 2557 pareu~

129 2588 264 2641 tibus
291 2584 614 2640 Christianis
667 2583 718 2636 in
768 2582 990 2651 pueritia
1035 2580 1257 2633 Romam
1284 2594 1404 2633 eum
1456 2578 1710 2639 venisset,

128 2678 207 2732 ubi
238 2685 451 2731 vestem
478 2674 677 2728 CitriSli
713 2673 947 2741 suscepit
972 2710 991 2738 ,
1017 2672 1141 2725 viris
1167 2670 1461 2739 insignibus
1488 2669 1713 2723 traditur

128 2768 490 2824 instruendus.
537 2767 667 2822 Nam
715 2767 767 2820 in
805 2764 1161 2819 Grammatica
1219 2762 1478 2815 Donatum
1531 2760 1712 2813 habuit

128 2869 534 2930 prxceptorem,
557 2866 617 2911 ut
638 2855 925 2911 Rhetorica
946 2853 1268 2908 Victorinum
1301 2854 1398 2923 (ὁ).
1429 2853 1558 2906 Cum
1584 2853 1708 2905 item

125 2951 439 3011 liberalibus
469 2960 572 3003 lam
608 2949 797 3004 Graece
831 2963 989 3016 quam
1028 2947 1212 3001 Latine
1242 2946 1489 3016 polleret,
1525 2947 1711 3014 proba-

125 3045 457 3098 tissimorum
482 3041 863 3096 monachorum
885 3039 1118 3092 habitum
1148 3038 1451 3109 factumque
1473 3038 1712 3090 imitatus

126 3146 219 3190 est.
260 3134 364 3202 Qui
409 3143 464 3188 et
495 3148 589 3202 per
635 3145 902 3201 congruos
944 3130 1347 3185 Ecclesiasticos
1395 3129 1592 3197 gradus
1646 3129 1712 3183 ad

126 3225 502 3281 Cardinalatns
537 3224 849 3292 dignitatem
880 3221 1215 3277 conscendit.
1244 3221 1374 3274 Nam
1413 3220 1584 3272 factus
1620 3235 1715 3272 an-

42 3379 44 3382 ,
127 3333 311 3375 norum
362 3316 578 3386 triginta
623 3329 836 3379 novem,
887 3327 917 3366 a
955 3311 1170 3366 Liberio
1211 3311 1352 3365 sedis
1393 3310 1715 3380 Apostolicm

129 3409 383 3474 Pratsule,
422 3406 716 3476 Presbyter
745 3404 996 3458 Ecclesia:
1039 3403 1296 3456 Romana:
1334 3402 1470 3455 tituli
1515 3413 1713 3455 sancta:

50 3563 55 3574 ,
131 3503 424 3557 Anastasius
455 3501 754 3556 ordinatur.
773 3498 878 3553 Sed
907 3513 1026 3552 cum
1051 3496 1194 3551 idem
1227 3495 1567 3564 Apostolicus
1599 3505 1716 3563 post

46 3583 52 3598 ’
131 3609 291 3649 annos
332 3593 449 3648 fere
495 3601 724 3662 quatuor
769 3591 820 3644 in
868 3590 1220 3658 apostaticum
1265 3601 1472 3650 versus,
1520 3586 1716 3639 Ariano

132 3684 358 3754 dogmati
394 3686 797 3745 consensisset,
831 3680 1085 3749 multique
1120 3694 1177 3732 se
1207 3678 1276 3733 ob
1301 3690 1498 3732 metum
1531 3691 1714 3745 perse-

132 3776 380 3838 Catienis,
424 3789 548 3842 qua:
575 3788 604 3825 a
637 3771 710 3842 (c)
740 3772 1050 3826 Constantio
1082 3769 1444 3834 excitabatur,
1486 3769 1718 3822 abscon-

133 3869 314 3921 derent
348 3883 362 3919 :
398 3866 500 3919 iste
524 3864 675 3934 juxta
705 3877 1007 3917 sermonem
1053 3861 1440 3930 propheticum,
1471 3860 1719 3928 Opposuit

134 3973 185 4011 se
210 3973 424 4011 murum
452 3971 550 4024 pro
577 3953 739 4008 domo
767 3952 956 4018 Israel,
978 3961 1035 4008 ut
1059 3961 1225 4006 staret
1252 3951 1304 4005 in
1345 3949 1529 4020 pnelio
1554 3950 1604 4002 in
1632 3949 1719 4004 die

138 4048 366 4102 Domini.
419 4046 554 4101 Nam
607 4045 734 4101 licet
783 4043 1087 4098 afficeretur
1129 4041 1374 4111 injuriis,
1427 4039 1720 4094 terroribus

140 4143 440 4210 pulsaretur
502 4156 518 4192 :
580 4151 850 4208 nunquam
924 4133 1189 4189 hrcreticis
1254 4131 1542 4201 acquievit.
1610 4130 1722 4185 lmo

140 4231 436 4286 secundum
467 4228 646 4284 datam
673 4227 777 4282 sibi
809 4225 1125 4295 sapientiam
1166 4222 1364 4292 eloquii
1391 4221 1472 4274 sui
1502 4219 1723 4290 sagittas

141 4324 410 4390 eminens,
442 4321 722 4391 dissipavit
741 4333 836 4375 eos
865 4336 879 4372 :
908 4327 964 4374 et
985 4317 1294 4373 divinarum
1331 4315 1720 4368 sententiarum

143 4414 344 4484 fulgura
372 4413 752 4481 multiplicans,
773 4408 1126 4465 conturbabat
1148 4407 1287 4461 illos.
1313 4403 1514 4460 Eodem
1533 4411 1714 4458 autem

146 4518 380 4578 tempore
404 4505 791 4577 prohibebatur
811 4500 1098 4558 Catholicis
1125 4499 1293 4554 libere
1313 4496 1548 4569 propriis
1569 4496 1727 4551 rebus

149 4601 235 4666 uti,
254 4600 382 4655 dum
397 4613 496 4654 eos
513 4607 567 4652 et
585 4594 928 4654 Constantius
944 4595 1233 4664 Angustus,
1246 4601 1299 4644 et
1319 4588 1561 4646 Liberius
1585 4587 1727 4646 Pon-

151 4691 263 4746 tifex
289 4696 767 4762 persequerentur.
812 4686 964 4752 Tunc
990 4683 1236 4758 quaedam
1278 4691 1528 4738 matrona
1562 4678 1726 4736 Paula

154 4783 382 4848 nomine,
428 4781 624 4835 nobilis
668 4793 886 4849 genere,
917 4777 1013 4834 sed
1052 4776 1284 4830 nobilior
1313 4774 1622 4839 sanctitate,
1652 4774 1730 4827 vi-

208 4894 277 4956 (a)
301 4895 421 4944 Mss.
434 4902 644 4957 uterque
669 4892 806 4957 liber
817 4904 988 4957 vocem
1011 4886 1251 4957 superflue
1270 4889 1464 4936 reticet.
1480 4885 1602 4957 Tum
1620 4897 1729 4947 qua:

157 4949 606 5025 wfo'prwrgrgniss'a
629 4969 683 5004 re
703 4953 918 5014 addidit,
949 4949 1135 5004 Tentavi
1158 4949 1213 5001 et
1247 4963 1360 5014 ego,
1386 4957 1484 4998 ρίου
1502 4985 1516 5010 ι
1543 4950 1731 5011 absque

160 5016 244 5068 suis
276 5016 493 5066 restituit
516 5016 643 5076 locis.

212 5079 292 5142 (b),
316 5079 478 5142 Iidem
500 5071 618 5142 Cum
638 5077 686 5128 in
703 5075 1010 5142 liberalibus;
1033 5073 1324 5142 tum_e_x.his
1346 5071 1470 5122 alter
1495 5072 1730 5142 vetustior

163 5134 314 5190 sit-el.
341 5139 505 5189 littera
529 5139 808 5199 denotatus,
839 5157 860 5185 α
885 5134 1113 5200 polleret.
1140 5135 1312 5200 Christi
1327 5144 1515 5200 vestem
1539 5134 1584 5180 in
1611 5145 1734 5194 praes

165 5201 243 5255 tata
266 5202 397 5252 Urbe
433 5202 741 5264 suscipiens,
779 5196 866 5262 per
885 5196 1140 5264 congruos
1174 5196 1556 5264 Ecclesiastieos,
1581 5211 1604 5238 »
1637 5201 1733 5242 etc.

169 5264 299 5324 inulto
345 5264 404 5313 ad
448 5256 625 5313 veru'm
667 5256 880 5324 propius.
921 5256 1044 5324 Illud
1083 5258 1419 5310 Morutchorum
1457 5256 1637 5324 factum
1671 5267 1736 5303 ex

171 5322 338 5376 i'sendo
359 5325 619 5380 Gennadio
644 5315 740 5375 est.
758 5315 899 5372 Idem
924 5319 1064 5382 paulo
1085 5328 1192 5382 post
1215 5315 1738 5382 armorumriginti‘no-

175 5397 253 5436 rem
275 5375 544 5450 (decennii)
567 5375 981 5450 integrqminds)
1008 5397 1038 5432 a
1073 5375 1256 5450 iiberio
1292 5379 1421 5449 sedis
1460 5375 1740 5446 apostolica:

177 5443 358 5510 Intende
379 5450 650 5513 presbyter
669 5443 1362 5513 ordinatur{prteterm'issis,
1378 5453 1497 5513 qua:
1539 5443 1742 5513 sequia:

172 5496 255 5560 rein
264 5496 606 5565 adhue'miil‘t’oi
617 5507 833 5558 fabulam
858 5496 1101 5564 redolent,
1119 5499 1346 5553 Ecclesia!
1370 5496 1591 5551 Romanis
1616 5496 1742 5547 tituli

169 5582 317 5628 sarrch
337 5574 635 5627 .mastasitz.
675 5575 682 5630 ξ
893 5627 904 5630 Α
964 5629 967 5630 ν
1307 5623 1320 5630 ,
1387 5625 1398 5630 _
1440 5621 1460 5630 -
1513 5622 1524 5630 .
1695 5619 1740 5630 ..

215 5619 714 5705 (Ei'rEJ'Eéiiiiiiaa
740 5627 1002 5705 eumuhcic
1020 5664 1033 5686 ,
1076 5634 1176 5705 tum
1213 5623 1355 5705 fault.)
1386 5621 1594 5705 inferius:
1607 5619 1744 5705 uulgi

162 5684 440 5756 Γσὶιξέαἶιίίῖιί
450 5684 716 5764 ingrtst
735 5690 981 5751 scribitur,
1007 5684 1271 5751 praateruiit
1303 5687 1418 5740 Mss.
1447 5684 1597 5734 nostri
1623 5691 1740 5733 Cou-

58 5807 66 5844 7,
156 5768 391 5821 dividuum.

1379 287 1438 342 S.
1482 285 1858 341 lllEllONYMI
1894 284 1928 338 γ
1940 285 2002 340 IT
2015 285 2053 340 Α
2067 324 2079 336 .

3303 288 3407 344 180

1823 395 1957 450 dens
1979 397 2190 452 beatum
2209 395 2595 466 Hieronymum
2623 395 2675 450 in
2703 395 3020 454 defensione
3049 398 3171 454 fidei
3210 399 3405 455 admo-

1821 487 1946 541 dum
1978 487 2200 541 viriliter
2229 486 2556 541 laborantem
2583 526 2598 549 ,
2642 486 2896 540 auxilium
2926 490 3087 557 erepit
3113 490 3161 543 ei
3191 491 3401 558 impen-

1818 576 1969 642 dere,
2003 592 2064 632 ac
2091 577 2157 631 de
2181 579 2295 632 suis
2323 575 2660 631 facultatibus
2686 576 3012 631 ministrare.
3049 580 3210 648 Cujus
3240 581 3403 635 devo-

1823 670 2017 723 tionem
2084 679 2138 724 et
2199 671 2448 725 meritum
2509 670 2591 724 vir
2657 670 3105 740 prudentissimus
3168 672 3399 737 intuens,

1821 751 2125 829 frequenter
2167 775 2286 815 eam
2330 769 2385 817 et
2436 760 2778 815 Eustochium
2822 761 2938 830 ejus
2990 762 3148 815 tiliam
3197 762 3249 814 in
3291 764 3398 816 suis

1819 862 2205 906 commemorat
2234 852 2590 907 Tractatibus.
2617 852 2826 907 Curans
2857 854 3017 906 etiam
3045 868 3136 905 eas
3161 851 3400 906 imbuere

1820 939 2117 996 divinarttm
2153 943 2374 998 scientia
2405 945 2824 1014 Scripturarum.
2856 942 2987 997 Nam
3016 953 3069 997 et
3103 942 3407 999 affectuosis

1822 1033 2041 1088 Paulam
2083 1037 2389 1090 consolatus
2419 1046 2501 1091 est
2529 1037 2744 1106 scriptis
2785 1036 2852 1090 de
2895 1037 3119 1088 filiarum
3165 1051 3402 1098 suarum,

1823 1125 2052 1180 Blesilla:
2082 1127 2304 1189 scilicet,
2338 1139 2392 1182 et
2421 1128 2658 1182 Paulina:
2680 1128 2881 1182 recenti
2910 1126 3056 1181 obitu
3083 1137 3401 1181 consterna-

1825 1226 1955 1270 tam.
1990 1215 2144 1272 Unde
2192 1217 2404 1286 quidam
2432 1217 2818 1286 pseuiloclerici
2866 1231 2928 1270 ac
2974 1216 3244 1282 monachi,
3278 1232 3409 1286 quo-

1824 1325 1942 1362 rum
1975 1309 2215 1363 scribens
2245 1310 2407 1362 vitam
2434 1308 2900 1378 deprehenderat,
2933 1310 3216 1363 occasione
3249 1308 3399 1363 dela-

1828 1401 1998 1454 trandi
2051 1411 2294 1470 accepta,
2350 1417 2470 1456 eum
2524 1402 2741 1455 infamia
2783 1401 3073 1455 subnotare
3118 1401 3404 1454 miserrimi

1828 1491 2068 1544 homines
2094 1491 2444 1545 conabantur.
2476 1491 2543 1545 Et
2585 1492 2708 1562 quia
2751 1491 2848 1558 ipsi
2879 1491 3020 1546 vitiis
3047 1490 3402 1560 subjaeehant

1823 1582 2125 1635 carnalibus
2153 1622 2169 1644 ,
2202 1581 2266 1635 ad
2297 1581 2628 1636 excusandas
2661 1584 3035 1638 excusationes
3063 1584 3113 1635 in
3148 1584 3404 1651 peccatis,

1823 1672 1872 1725 id
1919 1673 2089 1740 ipsum
2138 1672 2462 1743 Hieronymo
2508 1673 2849 1741 imponebant
2895 1672 2996 1742 (ti).
3034 1673 3269 1741 Denique
3320 1673 3404 1726 isti

1821 1772 2023 1815 vestem
2052 1763 2371 1816 muliebrem
2424 1776 2586 1830 prope
2637 1763 2851 1827 lectum,
2903 1778 3005 1832 qna
3051 1778 3111 1816 se
3156 1762 3395 1815 indueret

1816 1861 2152 1906 surrecturus
2182 1853 2247 1906 ad
2269 1853 2574 1916 matminas,
2600 1853 2990 1922 imposuerunt.
3021 1851 3090 1906 Ut
3115 1868 3243 1922 ergo
3269 1851 3402 1906 vidit

1815 1945 2193 2017 Hieronymus,
2233 1961 2339 1999 non
2372 1947 2548 2000 minus
2577 1959 2636 2000 se
2668 1960 2697 1998 a
2731 1945 2877 1998 falsis
2924 1943 3197 2008 fratribus,
3231 1960 3392 2013 quam

1815 2038 1882 2090 ab
1909 2037 2171 2092 hatreticis
2199 2038 2466 2104 infestari,
2493 2037 2776 2092 attendens
2806 2036 2938 2091 illud
2973 2037 3345 2106 Evangelicnm
3383 2053 3397 2089 :

1819 2129 1876 2186 Si
1900 2143 1983 2181 vos
2008 2130 2254 2196 persecuti
2277 2131 2463 2198 fuerint
2485 2129 2537 2180 in
2560 2128 2762 2182 civitate
2797 2127 2914 2187 ista,
2940 2129 3100 2197 fugite
3123 2127 3174 2178 in
3201 2124 3355 2176 aliam
3383 2139 3402 2177 :~

1816 2219 2074 2273 deliberat
2100 2221 2296 2275 cedere
2326 2236 2510 2274 eorum
2536 2218 2854 2288 malignitati
2883 2259 2898 2281 ,
2923 2226 2976 2270 et
2999 2216 3063 2269 ad
3095 2215 3398 2269 Orientales

1819 2312 2061 2381 regiones
2089 2311 2406 2365 militaturus
2439 2311 2662 2363 Domino
2685 2307 3062 2375 commigrare.
3095 2305 3248 2372 Quod
3277 2304 3393 2374 qui-

1818 2403 1938 2456 dem
1982 2410 2036 2456 et
2074 2402 2240 2456 .lacob
2267 2404 2320 2455 in
2367 2401 2530 2455 fratre
2573 2415 2672 2454 suo
2703 2399 2840 2453 Esau
2872 2397 3062 2453 fecisse
3092 2398 3317 2467 legitur,
3350 2408 3404 2453 et

1821 2492 1983 2546 David
2015 2494 2066 2546 in
2110 2508 2296 2546 socero
2341 2508 2437 2545 suo
2463 2489 2590 2546 Saul
2628 2509 2640 2544 :
2671 2504 2898 2560 quorum
2945 2504 3082 2544 unus
3117 2489 3183 2543 ad
3213 2489 3399 2560 Syros,

1817 2586 1950 2639 alius
1971 2585 2036 2638 ad
2070 2585 2371 2639 Philistzeos
2397 2599 2453 2638 se
2471 2583 2716 2644 contulit,
2744 2581 2948 2636 malens
2977 2580 3218 2636 hostibus
3241 2597 3401 2650 quam

1820 2677 2016 2731 invidis
2059 2677 2357 2746 suhjacere.
2399 2674 2749 2730 Profectionis
2790 2683 2967 2727 autem
3011 2689 3120 2728 sure
3157 2671 3226 2726 de
3259 2671 3402 2728 Urbe

1816 2767 2056 2821 ordinem
2087 2769 2135 2838 (e
2179 2767 2289 2836 ipse
2322 2765 2534 2820 ltnffino
2562 2765 2825 2828 scribens,
2868 2764 2944 2817 sic
2970 2773 3149 2818 narrat
3181 2781 3194 2813 :
3226 2761 3406 2821 Mense

1815 2859 2063 2927 Angusto,
2115 2858 2353 2926 flantibus
2408 2856 2664 2926 Zephiris,
2714 2872 2828 2910 cum
2884 2855 3076 2909 Sancto
3139 2853 3405 2907 Vincentio

1817 2950 2117 3020 Presbytero
2141 2962 2185 3004 ct
2209 2951 2522 3004 adolescente
2551 2955 2726 3018 fratre.
2769 2957 2813 3000 et
2844 2947 2959 2999 aliis
2989 2944 3272 3008 monachis,
3315 2945 3404 3011 qui

1817 3060 1948 3096 nunc
1965 3042 2297 3110 Jcrosolymis
2319 3048 2716 3102 commorantur,
2741 3037 2907 3088 navim
2925 3035 2976 3087 in
3003 3033 3230 3087 Romano
3256 3042 3406 3101 portu

1816 3149 2020 3186 securus
2062 3131 2300 3194 asccndi,
2356 3133 2580 3182 maxima
2632 3145 2708 3180 me
2757 3127 3060 3181 Sanctorum
3123 3123 3405 3194 frequentia

1819 3233 2164 3295 prosequente,
2193 3221 2299 3273 veni
2335 3220 2600 3288 Rhegium,
2625 3219 2678 3271 in
2705 3209 2908 3290 Si‘yllco
2939 3216 3106 3272 littore
3134 3213 3404 3285 paululum

1821 3316 1955 3378 steti,
1999 3313 2078 3368 ubi
2125 3322 2308 3365 veteres
2335 3309 2491 3363 didici
2519 3309 2739 3379 fabulas,
2773 3316 2819 3360 et
2853 3306 3162 3376 pra’cipitcm
3205 3303 3408 3374 fallacis

1823 3404 2020 3476 Ulyssis
2045 3420 2274 3468 cursum,
2307 3411 2353 3455 et
2384 3400 2682 3455 Sirenarum
2709 3399 2930 3463 cantica,
2978 3407 3023 3452 ct
3069 3395 3407 3450 insatiabilem

1821 3495 2105 3565 Charybdis
2145 3493 2453 3562 voraginem.
2497 3490 2717 3561 Cwnque
2754 3477 2879 3541 mihi
2923 3487 3109 3542 occulte
3135 3487 3274 3539 illius
3304 3484 3407 3539 loci

1821 3589 1976 3643 multa
2001 3596 2284 3651 narrarent,
2316 3586 2592 3655 darentque
2617 3583 2887 3637 consilium
2913 3623 2928 3648 ,
2961 3590 3015 3633 ut
3043 3597 3143 3633 non
3165 3579 3232 3632 ad
3258 3576 3395 3630 Pro-

1820 3683 1882 3735 tci
1913 3681 2194 3741 columnas,
2219 3678 2307 3732 scd
2331 3679 2398 3731 ad
2426 3676 2615 3749 (Jouw)
2650 3676 2749 3730 Dio
2777 3693 2838 3729 ne
2867 3685 3067 3745 portum
3099 3673 3388 3743 navigarem

1822 3773 1989 3843 (illum
2038 3773 2167 3825 enim
2221 3770 2522 3842 fugientium
2568 3778 2613 3820 et
2657 3767 3008 3826 turbatorum,
3057 3763 3188 3814 hunc
3238 3761 3405 3814 securi

1822 3865 2038 3917 hominis
2086 3879 2190 3917 esse
2229 3859 2476 3930 cursum),
2514 3858 2669 3910 malui
2708 3873 2795 3926 per
2852 3854 3046 3907 Maleas
3083 3863 3129 3906 et
3160 3850 3414 3920 Cycladas

1825 3953 2048 4025 Cyprum
2101 3968 2306 4022 pergere
2365 3967 2383 4005 :
2435 3949 2521 4002 ubi
2575 3956 2833 4017 susceptus
2873 3961 2904 3996 a
2961 3941 3230 3995 venerabili
3283 3938 3413 4007 Epi-

1823 4063 1976 4114 scopo
2027 4043 2319 4112 Epiphanio
2348 4085 2363 4108 ,
2415 4042 2561 4112 cujus
2614 4051 2666 4092 tu
2716 4039 2766 4092 in
2822 4034 3104 4091 testimonio
3151 4031 3413 4102 gloriaris...

1839 4139 1960 4193 Veni
2047 4135 2367 4206 postmodum
2449 4133 2809 4192 Antiochiam,
2883 4128 2969 4182 ubi
3041 4126 3226 4197 fruitus
3299 4139 3416 4182 sum

1826 4229 2176 4286 communione
2219 4225 2470 4296 pontificis
2517 4223 2914 4294 confessorisque
2961 4217 3200 4280 Paulini,
3251 4227 3298 4270 et
3326 4216 3414 4276 den

1828 4323 2008 4376 ductus
2038 4320 2100 4372 ab
2151 4335 2208 4372 eo
2244 4315 2407 4369 media
2442 4315 2602 4370 hieme
2649 4313 2715 4381 (f)
2764 4312 2814 4364 in
2861 4308 3154 4380 gravissimo
3204 4307 3418 4375 frigore,

1830 4413 2011 4468 intravi
2059 4409 2452 4480 Jerosolymam.
2515 4403 2630 4461 Vidi
2670 4403 2830 4456 multa
2879 4398 3148 4462 miracula,
3201 4408 3246 4451 et
3303 4387 3420 4468 gum

1831 4505 1972 4577 prius
1997 4502 2064 4555 ad
2079 4517 2156 4553 me
2181 4499 2319 4569 fama
2352 4497 2644 4565 pertulerat,
2678 4494 2936 4548 oculorum
2955 4490 3155 4560 judicio
3178 4505 3420 4558 compro-

1833 4597 1963 4650 bavi.
1996 4593 2126 4647 lude
2169 4589 2437 4644 conscendi
2491 4586 2797 4658 Egyptian,
2846 4583 3057 4638 lustravi
3104 4586 3416 4642 monasteria

1837 4689 2021 4746 Nitria:
2060 4704 2077 4742 :
2113 4697 2157 4742 et
2186 4687 2316 4740 inter
2359 4684 2670 4740 Sanctorum
2723 4682 2923 4745 choros,
2975 4680 3177 4751 aspide:
3223 4677 3428 4730 latitare

1837 4783 2085 4853 perspexi.
2117 4780 2245 4848 Quis
2284 4789 2463 4834 autem
2494 4776 2702 4831 felicem
2737 4791 2842 4830 non
2874 4775 3065 4828 dixerit
3095 4773 3228 4838 fuga:
3268 4767 3424 4834 hujus

1836 4886 2110 4942 eventum,
2144 4873 2446 4942 Christique
2470 4866 2802 4939 providentia
2825 4867 3214 4934 dispensatum,
3243 4867 3294 4910 ut
3319 4857 3426 4909 sei-

1839 4969 1960 5024 licet
1989 4967 2225 5024 Romana
2257 4962 2492 5018 Ecclesia
2522 4959 2662 5014 Petri
2707 4955 2944 5009 instituta
2975 4947 3232 5018 regimine
3257 4987 3271 5009 .
3310 4960 3428 4999 om-

1841 5063 1984 5116 nium
2029 5060 2192 5114 etiam
2235 5055 2432 5112 veteris
2479 5061 2533 5106 et
2581 5049 2708 5106 novi
2757 5041 3087 5103 Testamenti
3145 5037 3426 5104 librorum,

1909 5189 1975 5253 id)
2006 5187 2286 5253 Periocham
2309 5185 2433 5233 hanc
2456 5189 2621 5239 totam,
2639 5198 2675 5252 ,ι
2695 5173 3232 5253 Deniqueistivestem
3251 5170 3431 5253 mulie-

1841 5233 1982 5301 ιπὸῑις
2006 5233 2396 5310 iacuerunt.
2434 5255 2534 5310 ςιιιει
2637 5233 2891 5310 macet
2917 5233 3308 5310 ξειηιέςοιεεεμειξα
3329 5244 3433 5310 ea-

1843 5293 2053 5364 ftitiiibiii
2070 5293 2515 5369 ,ls'quaridieulie,
2542 5317 2606 5369 ne
2628 5301 2743 5362 quid
2767 5293 2885 5369 plus
2907 5299 3093 5369 dicam,
3103 5293 3293 5369 fabulae
3329 5303 3433 5369 inf}

1847 5355 2315 5422 ilio-iiiawcoutitietur
2337 5403 2352 5422 ,
2389 5355 2733 5414 Ambrosianus
2768 5355 2894 5408 alter
2935 5357 3025 5407 Ms.
3068 5355 3194 5422 liber
3239 5368 3441 5417 penitus

1847 5416 2023 5484 Regia.
2049 5416 2124 5482 Et
2141 5442 2258 5479 sane
2285 5416 2476 5476 videtur
2507 5426 2564 5474 ad
2601 5425 2708 5482 ejus
2731 5416 3226 5484 fidenrexptmgenda

1915 5475 2161 5556 (ῥ’)’ίᾸιῖἶὺἑ
2296 5475 2480 5538 rectius
2503 5475 2762 5537 idem-Mss.
2787 5475 3004 5533 ordinem
3020 5475 3132 5531 cu'nt
3151 5475 3329 5544 Rufino
3349 5489 3436 5528 ex.

1850 5551 2431 5618 poitiilans,sic_uarrqt_.
2511 5611 2520 5618 _
2630 5617 2634 5618 ί
2807 5606 2819 5618 ,
3075 5602 3086 5613 .
3279 5599 3357 5618 ...

1921 5615 1976 5680 ιη
2016 5606 2174 5664 Docet
2216 5613 2346 5660 idem
2375 5611 2469 5680 his.
2510 5611 2726 5673 ineptum
2752 5606 3043 5680 glossema,
3067 5606 3119 5656 in
3153 5606 3440 5680 gratissima

1855 5667 2064 5736 frigore,
2091 5674 2471 5737 expungendum
2499 5684 2512 5720 :
2539 5667 2685 5737 ut'_et
2712 5667 2853 5736 pan
2877 5677 2986 5735 post
3008 5667 3304 5734 legendum.
3325 5674 3436 5722 cum

1854 5733 1984 5792 tendi
2011 5733 2371 5804 Aigyp'tum'pro
2393 5733 2663 5792 conscendi.
