4050 6188
613 251 713 309 187

610 366 903 424 desudante
942 363 1305 432 Hieronymo,
1360 357 1434 429 (a)
1486 355 1797 411 llebraicam
1838 361 1891 408 et
1943 352 2182 407 Graecam

608 457 803 512 habeat
822 454 1214 510 eertitudinem.
1243 447 1310 503 Et
1347 447 1469 517 quia
1495 445 1844 516 quorumdam
1867 441 2178 498 ercorum

607 547 816 605 levitas.
843 541 983 612 quod
1004 549 1225 595 cunctas
1260 536 1566 606 Scripturas
1605 535 1706 589 sibi
1732 532 1988 588 divinitus
2020 531 2186 600 inspi-

603 644 748 690 ratas
786 632 1052 686 Romanos
1080 643 1110 682 a
1154 641 1215 682 se
1253 626 1525 694 accepisse
1573 622 1932 694 plaudebant,
1964 619 2091 675 fecit
2117 620 2184 674 ab

605 720 944 780 insultatione
973 718 1259 774 desistere.
1283 716 1408 772 hleo
1446 716 1806 786 Hieronymus
1852 712 1987 767 locis
2014 725 2182 765 vene-

613 810 868 868 rabilibus
885 823 1045 878 supra
1075 808 1230 862 dictis
1247 806 1604 876 perlnstratis,
1622 805 1796 875 pergit
1810 801 2185 858 Constantino-

602 901 766 971 polim
787 898 855 954 ad
870 897 1192 954 audiendum
1211 897 1567 953 venerabilem
1584 898 1751 950 virum
1768 893 2079 963 Gregorium
2101 889 2177 960 (b)

601 992 995 1049 Nazianzenum
1025 999 1414 1060 praeceptorem
1437 1003 1591 1043 suum
1619 995 1744 1042 tunc
1775 985 2016 1054 ejusdem
2032 983 2181 1038 urbis

603 1080 926 1151 Episcopum
937 1086 1327 1146 ,utsanctarum
1343 1077 1740 1148 Scripturarum
1755 1075 2056 1132 erudiretur
2070 1082 2183 1128 stu-

603 1173 727 1227 diis.
759 1171 896 1240 Quid
939 1186 1068 1226 vero
1095 1170 1164 1226 de
1190 1170 1347 1240 hujus
1366 1170 1463 1225 viri
1492 1168 1763 1226 indefesso
1790 1165 1968 1222 studio
1994 1174 2047 1220 et
2071 1165 2187 1220 ele-

605 1261 748 1329 ganti
769 1261 1048 1322 industria,
1067 1275 1224 1331 quam
1241 1259 1384 1314 circa
1404 1258 1886 1324 Grmeos,Latinos,
1908 1255 2181 1318 iiebrzeos,

603 1352 794 1423 Syros,
843 1362 899 1407 et
927 1351 998 1424 (ε)
1039 1351 1321 1407 Chaldaeos
1353 1350 1590 1407 exhibuit
1633 1351 1683 1405 in
1727 1349 2004 1414 discendo,
2037 1347 2179 1403 aliud

605 1442 741 1512 (dele
769 1443 933 1513 )nihil
955 1441 1059 1497 diei
1087 1450 1261 1514 potest
1290 1442 1649 1511 pr:estantius,
1667 1455 1827 1511 quam
1852 1439 1991 1510 quod
2015 1438 2182 1507 ipsius

602 1533 669 1588 ad
700 1533 1096 1588 Pammachium
1119 1541 1172 1588 et
1196 1532 1466 1588 Oceanum
1491 1531 1652 1587 missa
1681 1531 1996 1601 profitentur
2021 1529 2183 1584 verba

604 1624 872 1678 dicentis?
899 1624 1033 1678 Dum
1057 1640 1214 1678 essent
1229 1623 1458 1692 juvenis,
1489 1622 1645 1676 niniio
1683 1621 1907 1676 discendi
1937 1619 2186 1692 fervebant

604 1731 775 1768 amore
801 1730 820 1768 :
847 1731 935 1768 nec
957 1715 1105 1781 iuxta
1125 1715 1459 1784 quorumdam
1486 1713 1946 1782 prwsumptionem,
1969 1711 2076 1781 ipse
2108 1727 2186 1766 me

607 1805 777 1863 docui.
814 1805 1162 1872 Apollinarem
1191 1805 1362 1858 audivi
1390 1805 1670 1858 Antiochia:
1697 1808 1984 1874 frequenter
2025 1813 2074 1856 et
2101 1819 2187 1856 co-

607 1898 697 1951 lui.
730 1896 851 1950 Jam
873 1897 1012 1950 cauis
1040 1897 1371 1967 spargebatur
1395 1905 1576 1964 caput,
1619 1904 1664 1948 et
1695 1894 1990 1964 magistrum
2019 1893 2186 1962 potius

604 2003 754 2055 quam
783 1986 1088 2055 discipulunt
1136 1987 1214 2057 (ά)
1247 1987 1471 2041 decebat.
1510 1985 1719 2038 Perrexi
1760 1995 1926 2037 tamen
1968 1985 2186 2037 Alexan-

603 2078 802 2143 driam,
849 2079 1023 2132 audivi
1058 2077 1335 2149 Didymum
1384 2093 1404 2132 :
1442 2079 1495 2132 in
1546 2078 1716 2131 multis
1757 2077 1948 2148 gratias
1978 2077 2021 2131 ei
2065 2092 2184 2147 ago,

601 2169 721 2238 quia
744 2168 879 2238 quod
903 2168 1104 2232 nescivi,
1134 2169 1290 2222 didici
1318 2183 1336 2221 :
1363 2168 1500 2238 quod
1526 2168 1762 2233 sciebam,
1809 2167 1900 2220 illo
1930 2167 2135 2220 docente
2166 2205 2185 2232 ,

604 2279 704 2316 non
737 2263 955 2331 perdidi.
1004 2261 1267 2318 Putabant
1307 2279 1388 2316 me
1423 2262 1648 2316 homines
1701 2261 1852 2328 finem
1897 2261 2072 2330 fecisse
2101 2260 2185 2313 di-

601 2352 793 2406 scendi.
827 2351 952 2406 Veni
975 2370 1150 2408 rursus
1169 2351 1545 2423 Jerosolymam
1571 2360 1617 2405 et
1647 2349 1925 2404 Bethleem.
1963 2351 2078 2418 Quo
2107 2351 2186 2406 la-

607 2442 745 2504 bore,
769 2458 866 2511 quo
895 2444 1076 2508 pretio,
1103 2441 1455 2497 Barrabanum
1481 2451 1785 2495 nocturnum
1811 2439 1964 2493 habui
1991 2455 2187 2508 prazce-

607 2531 844 2600 plorem?
889 2531 1115 2585 Timebat
1153 2533 1285 2586 enini
1323 2532 1567 2593 Judtnos,
1614 2541 1662 2586 et
1717 2531 1932 2585 alterunt
1982 2531 2106 2583 mihi
2135 2547 2189 2584 se

606 2620 828 2674 exhibuit
870 2619 1226 2676 Nicodamum.
1269 2619 1402 2676 Item
1429 2621 1496 2674 ad
1540 2621 1801 2676 Rusticum
1842 2620 2143 2674 monachunt
2169 2636 2188 2674 :

607 2709 744 2764 Dum
769 2727 926 2765 essem
936 2711 1161 2780 juvenis,
1191 2720 1238 2764 et
1266 2710 1556 2767 solitudinis
1573 2727 1651 2764 me
1679 2711 1876 2764 deserta
1919 2709 2186 2776 vallarent,

605 2801 856 2855 incentiva
893 2803 1129 2856 vitiorum
1174 2803 1509 2872 ardoremque
1535 2812 1731 2857 natura!
1759 2803 1893 2872 ferre
1919 2820 2020 2856 non
2049 2813 2191 2872 pote-

605 2907 717 2945 ram
744 2907 764 2944 :
787 2908 934 2960 quem
956 2908 1069 2945 cum
1098 2894 1282 2947 crebris
1297 2894 1512 2962 jejuniis
1536 2897 1844 2964 frangerem,
1868 2909 2006 2947 mens
2022 2902 2188 2949 tamen

607 2984 994 3054 cogitationibus
1019 2987 1280 3039 testuabat.
1305 2985 1386 3039 Ad
1413 3001 1563 3055 quam
1589 2985 1962 3052 edomandam,
1985 2986 2189 3040 cuidam

608 3074 759 3146 fratri
779 3076 866 3145 qui
888 3092 951 3130 ea:
982 3074 1209 3132 Hebrwis
1247 3078 1570 3143 crediderat,
1604 3092 1682 3130 me
1706 3076 1822 3130 dedi
1866 3077 1918 3131 in
1948 3077 2184 3147 discipli-

607 3180 726 3217 nam
757 3180 776 3218 .'
809 3173 863 3218 ut
898 3175 1011 3236 post
1050 3167 1356 3231 Quintiliani
1383 3168 1618 3220 acumina
1638 3208 1652 3232 ,
1683 3165 1937 3221 Ciceronis
1963 3169 2146 3237 fluvios
2166 3209 2182 3235 ,

609 3257 1000 3326 gravitatemque
1029 3255 1323 3323 Frontonis,
1363 3266 1408 3311 et
1435 3257 1694 3312 leuitatem
1723 3256 1913 3322 Plinii,
1941 3258 2186 3327 alphabe-

609 3353 716 3398 tum
753 3345 993 3399 discerem
1037 3363 1056 3400 :
1081 3357 1128 3401 et
1173 3348 1458 3411 stridentia,
1507 3349 1897 3417 anhelantiaque
1943 3349 2090 3402 verba
2120 3350 2190 3420 (e)

611 3435 900 3488 meditarer.
928 3435 1066 3502 Quid
1081 3435 1149 3489 ibi
1175 3437 1362 3491 laboris
1383 3439 1758 3506 insumpserim,
1785 3437 1911 3509 quid
1937 3439 2192 3493 sustinue-

618 3524 715 3577 rint
747 3525 1059 3594 di/jicullatis
1090 3541 1110 3579 :
1128 3527 1319 3595 quoties
1349 3526 1737 3595 desperaverim,
1767 3528 2057 3598 quotiesque
2085 3544 2192 3582 ces-

614 3616 828 3668 saverim
884 3630 904 3669 :
932 3625 983 3670 et
1035 3615 1348 3670 contentione
1392 3617 1615 3669 discendi
1667 3632 1842 3670 rursus
1883 3619 2192 3688 iucteperim,

615 3704 754 3758 testis
783 3714 856 3759 est
882 3705 1183 3760 conscientia
1207 3747 1223 3773 ,
1253 3716 1357 3759 tam
1388 3723 1498 3760 mea
1537 3707 1624 3776 qui
1661 3723 1840 3776 passus
1870 3725 2003 3774 sum,
2043 3726 2197 3780 quam

616 3811 791 3850 eorum
818 3797 906 3867 qui
935 3782 1129 3851 mecum
1155 3798 1309 3852 vitam
1338 3798 1610 3851 duxerunt.
1646 3797 1710 3850 Et
1742 3798 1931 3868 gratias
1957 3815 2054 3870 ago
2084 3798 2192 3852 Do-

615 3887 772 3952 mino,
803 3887 942 3958 quod
981 3886 1045 3942 de
1067 3904 1243 3943 amaro
1272 3889 1459 3942 semine
1482 3888 1761 3942 litterarum
1801 3887 1971 3942 dulces
2001 3891 2197 3960 fructus

614 3994 792 4050 carpo.
824 3977 891 4034 Et
916 3980 968 4033 in
1009 3981 1219 4051 prologo
1259 3981 1373 4033 libri
1397 3979 1495 4040 Job
1521 4020 1534 4044 ,
1571 3996 1719 4049 queat
1755 3979 1983 4034 videlicet
2013 3980 2196 4034 librant

617 4070 727 4142 ejus
774 4070 943 4123 studio
988 4068 1174 4124 Latina
1232 4073 1407 4143 lingua
1461 4073 1760 4126 translatum
1818 4074 2198 4141 expositumque

619 4160 898 4229 promeruit
922 4177 942 4226 ;
973 4159 1184 4214 Memini
1209 4179 1306 4229 me,
1333 4163 1522 4232 inquit,
1555 4162 1614 4216 ob
1639 4163 2019 4234 intelligentiam
2044 4163 2197 4234 hujus

619 4250 889 4307 voluminis
931 4249 1000 4325 (ί)
1032 4252 1281 4308 Liddeum
1326 4253 1590 4325 quemdem
1627 4253 1680 4308 iu
1705 4265 2087 4325 praeceptorem,
2109 4255 2198 4325 qui

573 4329 586 4417 ἔ
647 4380 753 4451 Llu)
792 4382 1135 4434 Ambrosianus
1150 4385 1241 4451 iis.
1269 4386 1522 4451 vetustior,
1556 4402 1578 4432 ι
1599 4383 1889 4451 Hebraieam
1914 4384 2094 4436 habeat
2115 4399 2200 4436 ve-

618 4445 910 4507 ritatem,_et
950 4447 1262 4507 quorumdam
1286 4445 1562 4507 Grzeeorutn
1598 4446 1958 4495 certitudinem.
1985 4462 2007 4490 ι

695 4500 758 4564 (b)
798 4500 1004 4562 ldem,'¢
1025 4507 1316 4564 Gregorium
1339 4506 1705 4564 Nazianzenum,
1732 4515 1786 4556 ut
1810 4508 1937 4557 idem
1981 4509 2028 4556 in
2052 4510 2199 4558 tertio

621 4558 1022 4630 Expl'auation'um
1047 4558 1184 4616 Isaia:
1207 4565 1333 4630 libro
1355 4569 1606 4630 meminit,
1643 4558 1726 4630 ubi
1767 4568 2013 4630 Propheta
2041 4569 2199 4620 Deum

621 4635 682 4674 se
705 4624 885 4690 vidisse
911 4633 1143 4690 testatur,
1177 4630 1250 4677 sic
1274 4629 1502 4690 inquiens
1521 4666 1532 4686 ,
1559 4628 1744 4690 Deliae
1767 4624 1968 4679 Visione
1992 4643 2100 4678 cum
2126 4645 2202 4681 es-

619 4696 727 4751 sem
749 4684 1174 4751 Constantinolxdi,
1199 4697 1251 4738 et
1271 4684 1398 4750 apud
1423 4684 1578 4736 virum
1603 4689 2053 4751 eloquentissimum
2078 4692 2202 4741 Gre-

559 4771 568 4780 -
618 4747 812 4856 gos-ium
835 4747 1180 4800 Nazianzebum
1205 4747 1556 4812 pmceptorem
1591 4747 1772 4808 meum,
1797 4767 1819 4796 ι
1853 4759 1950 4801 etc.
1974 4758 2029 4801 ut
2050 4754 2199 4804 videri

655 4821 728 4856 :ec
750 4808 892 4856 facile
917 4811 1120 4856 nossint.
1144 4813 1207 4856 ob
1225 4811 1446 4856 eiusdem
1471 4811 1902 4856 nominism'eaorii
1920 4814 2199 4856 Nazianzpm'

655 4821 728 4858 asc
750 4808 892 4859 facile
916 4811 1120 4875 possint,
1144 4808 1678 4875 ob'ejusdemnominis
1687 4811 1902 4875 Gregorii
1919 4814 2203 4866 Nazianzeni

620 4882 878 4936 [ewrsum
899 4871 1121 4936 ,'s:_epius
1134 4871 1284 4936 obvio
1307 4871 1608 4936 librariorum
1640 4871 1805 4934 lapsu}
1853 4876 2197 4936 pratertnissa.

620 4930 856 4997 _Squitur
900 4930 1073 4997 iisdem
1105 4933 1385 4997 Hieronymi
1424 4935 1618 4997 verbis,
1651 4930 1812 4983 «tunc
1855 4930 2076 4996 ejusdem
2119 4951 2201 4986 ur-

623 4992 988 5068 bis'Episeopus
1023 4992 1309 5068 Sanctarum
1347 4992 1701 5068 Scripturaru'm
1745 4992 1915 5068 studiis
1939 4998 2163 5068 erudirer
2184 5038 2198 5060 ,

620 5055 726 5165 gio
746 5057 1056 5166 mewlxevem
1076 5059 1392 5121 subitumque
1415 5055 1624 5106 dictasse
1647 5057 1943 5107 Tractatum.
1969 5059 2093 5116 Quid
2119 5055 2203 5110 ve;

690 5151 706 5166 .
730 5131 753 5161 s
785 5129 816 5165 e
871 5153 885 5166 .

730 5131 753 5161 9
785 5129 885 5166 etc.

708 5177 757 5242 ελ
794 5177 851 5242 l_u
875 5179 1050 5242 eodem
1067 5178 1516 5242 lis.chalda:osque
1537 5179 1587 5229 in
1609 5177 1839 5242 discendo
1859 5179 2042 5240 habuit,
2069 5188 2165 5232 etc.

708 5189 738 5228 c
794 5177 851 5227 lu
875 5179 1050 5230 eodem
1067 5178 1516 5242 lis.chalda:osque
1537 5179 1587 5229 in
1609 5177 1839 5230 discendo
1859 5179 2042 5240 habuit,
2069 5188 2165 5232 etc.

620 5176 1121 5351 “meminimus
1153 5257 1216 5293 ex
1251 5243 1425 5292 eodem
1457 5241 1549 5312 Ms.
1586 5241 1781 5292 decebat
1800 5280 1815 5302 ,
1849 5256 1937 5305 pro
1966 5256 2064 5306 quo
2097 5251 2203 5295 erat

828 5335 843 5348 .
888 5301 1025 5351 Idem
1058 5301 1200 5351 naulo
1237 5311 1346 5351 post
1370 5313 1630 5351 Bararuam
1669 5304 1817 5351 habet
1851 5316 1938 5351 nro
1961 5305 2203 5351 Barruba-

690 5151 706 5304 ἱ

828 5335 843 5348 .
888 5301 1025 5366 Idem
1058 5301 1200 5364 paulo
1237 5311 1351 5366 post
1370 5303 1630 5366 Barqniam
1669 5301 1817 5354 habet
1849 5301 1938 5366 pro
1961 5301 2203 5355 tiarraba-

616 5371 757 5426 attrit,
792 5361 1084 5426 graminum
1104 5361 1310 5426 Saucius
1340 5365 1448 5426 ipse
1470 5365 1620 5415 Pater
1643 5372 1798 5414 vocat.

693 5420 755 5492 (ej
792 5421 912 5470 Plus
947 5422 1078 5470 idem
1101 5425 1282 5492 habet}
1323 5420 1478 5492 rem
1499 5427 1580 5475 vix
1623 5427 1933 5492 meditarer;
1953 5425 2162 5492 tnmjlla
2183 5461 2198 5487 ,

621 5483 899 5550 quotiesque
921 5483 1200 5550 cessaverim
1216 5522 1230 5544 ,
1255 5485 1370 5534 heic
1392 5487 1714 5549 praetermissa
1729 5522 1743 5548 ,
1765 5487 1929 5536 subdit
1952 5487 2030 5536 his
2048 5525 2062 5547 ,
2087 5483 2201 5538 ruré

623 5551 712 5588 sus
733 5552 1032 5601 mwpersm.

693 5598 748 5661 (η
788 5599 950 5661 Atque
970 5599 1082 5661 helc
1117 5614 1180 5652 ex
1213 5606 1385 5656 eodem
1407 5607 1499 5657 Ms.
1524 5609 1828 5657 restituimus
1850 5607 2082 5658 Liddenm
2112 5625 2198 5661 tiro

788 5625 949 5661 ημιιιῦ
973 5625 1082 5650 uel!)
1117 5625 1180 5652 οι
1213 5625 1385 5656 00116111
1411 5625 1499 5657 ωε.
1524 5625 1828 5657 ι’(ξδιιιυιῐῐιυδ
1850 5625 2082 5658 uaaeum
2131 5625 2198 5660 ὶΓο

771 5669 854 5709 unt
870 5692 885 5719 ,
907 5659 1037 5720 quod
1061 5671 1186 5715 erat.
1210 5665 1316 5716 los
1353 5669 1481 5719 idem
1515 5667 1738 5720 Hebre-os
1769 5683 1857 5732 pro
1887 5670 2082 5721 Judteos
2112 5625 2201 5721 liu-

1877 239 1936 293 S.
1982 230 2358 291 lllliRONYiil
2401 229 2580 285 VITA.

3771 232 3904 289 188

2288 347 2428 418 apud
2454 346 2664 402 Jadwos
2701 347 2890 416 peritus
2917 343 3212 413 habebatur,
3255 361 3358 401 non
3395 347 3569 414 parvis
3603 351 3902 407 redemisse

2290 437 2527 493 nummis.
2570 437 2737 491 Porro
2787 435 2853 491 ad
2897 436 3176 492 scientiam
3217 437 3413 508 linguas
3439 438 3742 496 Chaldaica:
3768 457 3898 512 quo

2289 529 2474 586 labore
2523 529 2860 600 pervenerit,
2900 529 3040 585 idem
3087 529 3157 585 de
3191 545 3252 585 se
3296 530 3652 602 Hieronymus
3698 534 3770 588 ita
3825 535 3894 589 in

2290 621 2512 690 prologo
2561 620 2793 674 Danielis
2834 630 3050 675 enarrat
3095 638 3112 675 :
3152 620 3265 692 Ego
3313 622 3720 679 adolescentulus
3763 635 3902 693 post
3999 607 4001 618 Ι

2295 708 2600 775 Quintiliani
2622 720 2666 764 et
2692 709 2853 764 Tullii
2888 711 3150 764 lectione»:
3165 728 3228 765 ac
3251 714 3402 781 flores
3429 714 3726 778 rhetoricos.
3761 733 3901 771 cum

2289 800 2342 854 in
2362 801 2550 871 lingua:
2579 801 2732 870 huius
2762 803 3029 871 pistrinum
3054 818 3132 856 me
3159 803 3494 867 reclusissem,
3523 818 3570 859 et
3599 807 3763 860 multo
3789 823 3897 860 su-

2291 892 2414 945 dore
2437 891 2695 961 multoque
2709 901 2930 962 tempore
2954 893 3038 948 via:
3057 894 3318 962 cepissem
3337 895 3630 950 anhelantia
3652 898 3897 952 striden-

2291 982 2457 1050 tiaque
2485 981 2630 1035 verba
2656 999 2892 1036 resonare
2917 998 2936 1036 :
2963 991 3012 1038 et
3033 984 3179 1051 quasi
3207 999 3295 1052 per
3323 993 3553 1054 cryptam
3578 987 3892 1052 ambulans,

2289 1071 2366 1140 (g)
2393 1087 2569 1124 rarum
2597 1071 2814 1142 desuper
2849 1070 3019 1126 lumen
3058 1073 3358 1144 aspicerem,
3385 1076 3572 1146 impegi
3599 1077 3894 1132 novissime
3993 1075 4000 1082 ’

2289 1160 2343 1214 in
2371 1160 2633 1219 Danielem
2661 1177 2680 1216 :
2709 1173 2755 1218 et
2793 1172 2934 1217 tanto
2960 1164 3114 1217 tudio
3140 1162 3354 1230 alfectus
3378 1182 3511 1232 sum,
3545 1177 3597 1220 ut
3626 1167 3892 1236 despera-

2291 1254 2424 1310 tione
2452 1265 2654 1326 sumpta
2675 1298 2691 1321 ,
2732 1273 2931 1311 omnem
2973 1267 3186 1312 veterem
3227 1258 3448 1314 laborem
3475 1259 3715 1314 voluerim
3744 1277 3890 1316 cors-

2289 1353 2524 1401 temnere.
2584 1346 2765 1403 Verum
2811 1349 3112 1403 adhortante
3143 1366 3222 1404 me
3254 1349 3492 1415 Hebrteo,
3541 1361 3589 1405 et
3615 1352 3751 1406 illud
3773 1368 3888 1406 sua

2289 1437 2463 1507 lingua
2482 1439 2703 1493 crebrius
2723 1440 2976 1510 ingerente
2990 1456 3008 1493 :
3029 1439 3198 1494 Labor
3214 1440 3470 1510 improbus
3486 1443 3656 1495 omnia
3674 1442 3842 1495 vincit
3862 1457 3893 1498 :

2289 1536 2337 1580 et
2363 1529 2452 1598 qui
2473 1530 2599 1584 mihi
2623 1531 2828 1584 videbar
2842 1532 3048 1600 sciolus,
3072 1533 3202 1587 inter
3225 1531 3466 1588 Hebreos
3492 1574 3507 1598 ,
3535 1533 3664 1604 ccepi
3688 1551 3888 1590 rursus

2290 1615 2570 1687 discipulus
2594 1635 2698 1673 esse
2721 1618 3050 1675 Chaldaicus.
3079 1621 3146 1676 Et
3167 1633 3220 1676 ut
3238 1623 3400 1678 verius
3425 1627 3606 1694 fatear,
3635 1640 3791 1694 usque
3821 1625 3888 1679 in

2291 1716 2587 1774 prazsentem
2611 1709 2745 1763 diem
2784 1712 2944 1781 magis
2970 1727 3176 1782 possum
3217 1730 3496 1769 sermonem
3529 1714 3880 1770 Chaldaicum

2291 1796 2473 1868 legere,
2505 1800 2586 1868 (h)
2608 1810 2654 1855 et
2681 1802 2978 1872 intelligere,
3007 1821 3160 1874 quant
3178 1822 3380 1861 sonare.

2364 1891 2568 1944 Interea
2599 1892 2770 1962 pergit
2812 1894 2862 1948 in
2905 1892 3138 1965 Syriam,
3169 1905 3223 1951 et
3250 1897 3375 1951 dum
3426 1897 3478 1952 in
3524 1897 3886 1969 possessione

2292 1982 2504 2051 Evagrii
2551 1981 2857 2054 Presbyteri
2904 1995 3226 2050 moraretur,
3255 1986 3882 2045 Malchummonachum

2292 2085 2346 2131 et
2361 2074 2650 2144 aliquando
2667 2077 2937 2146 captivum
2956 2078 3190 2147 reperit:
3214 2089 3696 2151 percunctatusque
3718 2097 3880 2148 eun,

2292 2165 2535 2220 ordinem
2557 2180 2770 2222 omnem
2797 2168 3125 2237 captivitatis
3163 2169 3282 2240 ejus
3306 2171 3537 2241 accepit,
3571 2181 3627 2227 et
3655 2174 3885 2244 scripsit

2292 2257 2590 2320 historiam.
2614 2259 2855 2331 Cumque
2895 2270 3112 2318 sanctos
3149 2263 3442 2318 monachos
3486 2274 3540 2319 et
3579 2264 3878 2335 Eremitas,

2291 2361 2584 2419 eorumque
2610 2349 2830 2406 humilia
2871 2367 3164 2423 peragrans
3190 2352 3492 2407 habitacula
3528 2356 3880 2426 contempla-

2293 2448 2415 2507 tur,
2452 2442 2510 2510 (i)
2539 2443 2874 2500 orationibus
2899 2446 3016 2501 sine
3049 2445 3446 2501 intermissione
3471 2446 3742 2514 insistens,
3772 2463 3882 2502 vo-

2295 2533 2658 2605 luptatemque
2687 2537 2866 2592 carnis
2887 2537 3204 2608 quotidiano
3230 2538 3416 2594 labore
3436 2539 3751 2610 jejunioqne
3779 2554 3882 2594 re-

2294 2623 2533 2693 frenans,
2551 2626 2834 2698 plerosque
2855 2629 3119 2684 bonorum
3144 2630 3394 2686 meliores
3423 2631 3557 2696 fore,
3575 2631 3885 2688 snoducuit

2293 2714 2556 2771 instituto.
2575 2718 2705 2772 Dum
2730 2719 2907 2789 itaque
2923 2719 3005 2774 his
3024 2720 3183 2775 bonis
3195 2720 3330 2777 adeo
3349 2721 3639 2786 insisteret,
3657 2733 3714 2776 ut
3735 2724 3881 2778 seri-

2295 2805 2454 2862 bendi
2493 2810 2654 2863 etiam
2694 2811 2930 2865 studium
2958 2811 3376 2879 intermitteret;
3418 2813 3679 2868 Damasus
3713 2812 3883 2870 Urbis

2296 2898 2594 2969 Episcopus
2644 2916 2741 2970 pro
2790 2902 3045 2958 Ecclesiae
3094 2904 3324 2959 utilitate
3371 2903 3653 2970 sollicitus,
3699 2913 3758 2959 ut
3802 2906 3885 2961 ab

2295 2990 2512 3044 assiduo
2538 2991 2807 3047 scribendi
2831 3007 2996 3062 opere
3023 3008 3129 3048 non
3155 2993 3466 3061 desisteret,
3500 2993 3884 3064 hujuscemodi

2296 3097 2420 3138 eum
2451 3082 2768 3139 exhortatus
2795 3091 2879 3140 est
2907 3085 3124 3154 scriptis
3157 3103 3171 3140 :
3208 3085 3569 3141 Dilectissimo
3609 3087 3718 3141 tilio
3747 3086 3884 3142 Hie-

2298 3190 2524 3246 ronymo
2561 3175 2837 3230 Damasus.
2868 3174 3213 3230 Dormientent
3250 3185 3320 3244 te,
3351 3187 3399 3231 et
3425 3175 3576 3247 longo
3611 3178 3721 3248 jam
3752 3184 3888 3230 scm-

2299 3283 2421 3338 pore
2467 3269 2708 3338 legentent
2756 3267 2924 3337 potius
2972 3283 3124 3338 quam
3153 3268 3473 3330 scribentem,
3499 3268 3886 3338 questiunculis

2299 3362 2366 3414 ad
2395 3371 2440 3413 te
2468 3360 2632 3414 missis
2661 3359 2882 3414 excitare
2907 3359 3154 3430 disposui.
3187 3359 3310 3415 Non
3335 3360 3473 3432 quod
3514 3370 3562 3415 et
3585 3362 3749 3432 legere
3775 3377 3884 3416 non

2300 3451 2500 3518 debeas,
2539 3452 2632 3504 hoc
2674 3453 2805 3504 enim
2847 3452 2992 3522 quasi
3020 3452 3316 3521 quotidiana
3350 3453 3462 3507 cibo
3499 3453 3656 3507 alitur
3681 3462 3728 3507 et
3757 3453 3884 3521 pin-

2300 3544 2489 3615 guescit
2530 3543 2738 3598 oratio:
2780 3545 2868 3598 sed
2904 3544 3038 3616 quod
3081 3545 3313 3600 lectionis
3360 3549 3554 3616 fructus
3591 3546 3654 3600 sit
3690 3546 3805 3612 iste,
3836 3548 3886 3600 si

2300 3634 2507 3690 scribas.
2542 3634 2567 3688 l
2575 3645 2720 3702 taque
2743 3638 2979 3705 quoniam
3007 3634 3262 3706 pollicitus
3282 3652 3337 3690 es
3361 3646 3409 3690 te
3433 3637 3632 3709 furtivis
3657 3636 3891 3690 noctium

2301 3727 2467 3795 operis
2507 3726 2680 3794 aliqua
2705 3728 2750 3780 si
2787 3727 2964 3782 vellem
3004 3744 3152 3797 posse
3175 3729 3369 3782 dictare
3394 3745 3412 3783 :
3440 3729 3651 3783 libenter
3677 3729 3888 3798 accipio

2301 3819 2365 3872 ab
2385 3817 2642 3886 offerente,
2664 3820 2797 3890 quod
2818 3835 2998 3891 rogare
3026 3821 3309 3888 volueram,
3351 3822 3394 3876 si
3421 3838 3673 3893 negasses.
3699 3820 3755 3875 Ν
3758 3839 3891 3890 eque

2302 3924 2418 3963 vero
2444 3909 2602 3963 ullam
2637 3920 2760 3980 puto
2788 3910 3072 3981 digniorem
3100 3911 3460 3981 disputationis
3496 3921 3678 3967 nostra
3700 3915 3892 3984 confa-

2304 4000 2607 4056 bulatiouem
2635 4005 2763 4073 fore,
2787 4018 2938 4070 quam
2976 4003 3020 4057 si
3059 4003 3122 4057 de
3160 4003 3441 4074 Scripturis
3491 4005 3894 4059 sermocinemur

2303 4092 2436 4146 inter
2479 4109 2572 4147 nos
2601 4109 2620 4147 :
2661 4092 2717 4146 id
2745 4101 2840 4159 est,
2872 4103 2928 4147 ut
2954 4110 3046 4165 ego
3088 4095 3408 4167 interrogem,
3453 4107 3506 4150 tu
3553 4097 3892 4167 respondeas.

2308 4183 2422 4250 Qua
2444 4185 2566 4249 vita,
2594 4186 2649 4239 in
2675 4185 2770 4239 hac
2799 4185 2914 4240 luce
2937 4187 3068 4240 nihil
3091 4197 3214 4258 puto
3229 4187 3549 4259 jucundius;
3576 4205 3674 4257 quo
3695 4189 3896 4244 anima:

2305 4276 2488 4344 pabulo
2525 4275 2697 4330 omnia
2731 4277 2884 4330 mella
2909 4287 3230 4347 superantur.
3275 4278 3442 4346 Quam
3486 4277 3682 4342 dulcia,
3723 4278 3897 4348 inquit

2305 4363 2587 4435 Propheta,
2609 4367 2810 4437 gutturi
2850 4382 2972 4422 meo
3012 4367 3221 4438 eloquia
3274 4371 3399 4424 tua!
3447 4369 3620 4439 Super
3664 4369 3774 4423 mel
3803 4371 3896 4426 uri

2305 4473 2446 4512 meo.
2481 4457 2779 4527 Praecipuus
2806 4469 2999 4526 orator,
3038 4460 3207 4532 inquit
3234 4476 3252 4516 :
3284 4460 3413 4517 Cum
3440 4461 3630 4536 ideirco
3655 4460 3896 4516 homines

2305 4566 2337 4602 a
2363 4549 2530 4604 bestiis
2556 4549 2872 4616 differamus,
2899 4551 3035 4622 quod
3076 4553 3214 4624 loqui
3239 4569 3508 4624 possumus
3539 4568 3558 4608 :
3603 4569 3704 4625 qua
3734 4553 3899 4609 unde

2305 4643 2488 4713 dignus
2508 4651 2598 4710 est,
2620 4643 2708 4713 qui
2730 4643 2783 4696 in
2813 4659 2872 4697 ea
2898 4660 2954 4698 re
2973 4654 3178 4700 caeteros
3208 4656 3434 4718 superat,
3458 4648 3515 4702 in
3533 4663 3632 4718 qua
3656 4647 3901 4704 homines

2307 4818 2411 4869 bet.
2436 4819 2498 4870 Et
2519 4821 2662 4930 paulo
2695 4830 2802 4885 post
2821 4821 2920 4873 duo
2953 4822 3032 4874 illa
3054 4825 3203 4875 verba
3230 4826 3594 4889 praetermittit,
3634 4833 3734 4889 Ego
3764 4826 3900 4878 ado-

2307 4880 2514 4931 lescentu
2538 4897 2608 4933 us.

2375 4938 2441 5008 (g)
2458 4944 2642 5016 Atque
2665 4945 2778 5016 heie
2799 4958 2965 4995 rurant
2998 4959 3060 4996 ex
3085 4947 3259 4998 eodem
3283 4947 3375 4998 Ms.
3409 4946 3780 5000 emendavitnus
3801 4963 3901 5013 pro

2304 5013 2597 5067 quo_viti_ose
2621 5014 2726 5056 erat
2745 5019 2932 5056 earum.

2379 5061 2445 5130 (Ii)
2487 5064 2595 5130 Duo
2619 5069 2770 5116 verba
2793 5073 2838 5116 et
2859 5065 3126 5130 intelligere
3153 5068 3242 5119 Ms.
3269 5069 3292 5120 Ι
3315 5069 3479 5120 littera
3501 5069 3764 5121 denotatus
3794 5085 3903 5124 non

2306 5125 2471 5195 habet.
2514 5127 2637 5195 'l_‘nm
2661 5141 2781 5195 vero
2803 5129 2923 5177 satis
2943 5125 3420 5195 longampericopen
3437 5169 3452 5190 ,
3475 5143 3586 5195 quas
3625 5139 3894 5195 utramque

2305 5187 2413 5256 fere
2432 5187 2606 5256 implet
2629 5189 2900 5256 columnam
2925 5191 3112 5256 pagina:
3133 5187 3243 5240 εδδ.
3269 5187 3364 5241 huc
3377 5187 3634 5256 tran'siert,
3655 5207 3681 5242 a
3706 5187 3896 5256 verbis.

2306 5247 2659 5315 Plenitudinrm
2680 5247 2845 5315 itaque
2865 5247 3141 5315 sapiétttiw,
3165 5259 3210 5315 et_
3232 5252 3500 5315 sanctitatis
3538 5247 3631 5315 (al;
3653 5254 3899 5313 εάειιιίιτ.

2305 5308 3104 5422 ἓᾟίὧδε-ᾎἏῗυῗῖῗῖἔὲῗέἓῇοἰῖ
3129 5308 3384 5364 “idem”
3405 5308 3656 5380 im"
3682 5316 3764 5366 ¹³⁸
3787 5308 3901 5380 (³⁸³⁵

2373 5387 2398 5416 S
2417 5387 2518 5418 lUlll
2543 5387 2725 5421 I'CUIDII.
2745 5387 2937 5421 (necnon
2963 5387 3115 5421 locus.

2374 5427 2594 5497 (i)_Addit
2607 5431 2736 5483 idem
2760 5434 2851 5488 Ms.
2878 5433 3029 5497 «ipse
3043 5447 3240 5497 quoque
3265 5447 3435 5486 eorum
3449 5437 3672 5488 habitum
3692 5437 3902 5489 factum-

2306 5494 2771 5568 que'imitatusest,
2797 5494 3097 5568 pradonibus
3119 5494 3326 5568 namque
3357 5500 3900 5568 sine_intermissione,

2307 5552 2405 5603 etc.
2441 5572 2463 5599 ι
2512 5563 2583 5605 De
2622 5552 2961 5606 Monachorum
3001 5556 3127 5615 facto
3176 5552 3388 5608 diiimus
3426 5560 3486 5609 ad
3527 5552 3900 5622 przecedenteni

2307 5615 2502 5665 l'seudo
2538 5615 2773 5667 Gennadii
2817 5615 3126 5678 scriptionem
3146 5652 3162 5679 ,
3207 5618 3338 5669 unde
3383 5620 3488 5673 haec
3531 5621 3764 5674 videntur
3804 5622 3899 5674 de-

2308 5685 2514 5742 sumpta.

3998 1155 4001 1172 l

3979 1237 4001 1268 ,ι

3976 1313 4000 1362 ti

3975 1419 4001 1455 α

3980 1495 4002 1546 Δ

3995 1604 4001 1634 g
