4050 6188
94 328 182 386 189

90 443 262 497 bestias
292 447 659 502 antecellunt?
685 449 954 521 Accingere
978 449 1151 522 igitur,
1184 459 1229 505 et
1259 450 1385 504 mihi
1423 467 1537 519 quae
1554 452 1674 505 sub-

83 538 217 605 jecta
251 546 370 589 sunt
396 537 644 593 edissere.
683 540 818 606 Quid
842 542 935 595 sibi
955 544 1058 595 vult
1087 542 1221 607 quod
1247 542 1297 594 in
1335 541 1518 595 Genesi
1554 542 1681 595 scri—

90 638 227 697 ptum
274 637 350 682 est
382 643 402 692 ,'
440 628 633 685 Omnis
658 633 749 701 qui
781 633 1041 688 occiderit
1083 633 1235 700 Cain,
1267 643 1472 702 septem
1501 634 1677 687 \‘iudi-

88 729 199 775 etas
228 720 496 777 exsolvet.
528 722 591 778 Si
629 724 800 777 omnia
844 726 959 795 fecit
990 724 1125 778 Deus
1164 725 1293 777 bona
1333 724 1499 787 valde,
1528 740 1681 792 quare

90 812 200 867 Hoc
223 814 294 867 de
322 815 523 869 mundis
554 826 599 869 et
624 817 896 870 immundis
925 817 1198 886 prlecepit;
1225 833 1337 870 cum
1364 814 1679 869 immundum

88 906 211 957 nihil
227 905 424 958 bonum
441 923 546 961 esse
568 907 725 976 possit
746 906 771 959 .’
794 904 897 962 Cur
914 906 1052 960 Deus
1074 908 1296 977 loquitur
1315 907 1382 959 ad
1398 905 1673 971 Abraham,

86 998 215 1065 quod
238 1008 435 1067 quarta
460 1001 699 1071 progenie
735 1009 900 1053 essent
930 1000 1023 1069 ﬁlii
1050 998 1215 1053 Israel
1240 999 1302 1053 de
1326 997 1558 1069 eEgypto
1594 1014 1677 1052 re-

85 1091 297 1155 sersnri,
332 1101 384 1145 et
413 1102 591 1160 postea
620 1092 823 1162 Moyses
861 1092 1075 1147 scribit:
1102 1092 1295 1159 Quinta
1331 1100 1509 1145 autem
1549 1106 1677 1159 pro-

84 1181 232 1247 genie
280 1182 545 1237 exierunt
602 1182 697 1237 lilii
748 1182 908 1237 Israel
971 1183 1039 1238 de
1089 1192 1232 1237 terra
1274 1180 1529 1252 Egypti?
1576 1181 1681 1233 Cur

88 1271 349 1324 Abraham
385 1273 509 1339 ﬁdei
536 1288 642 1327 sute
667 1273 868 1343 signum
895 1274 1275 1327 circumcisione
1313 1274 1548 1343 accepit?
1578 1271 1682 1326 Cur

100 1361 221 1415 lum
241 1364 339 1415 vir
357 1364 535 1431 justus
555 1381 654 1418 non
680 1366 757 1418 illi
778 1365 857 1417 cui
876 1364 1055 1428 voluit,
1081 1366 1325 1419 benediait
1346 1367 1371 1419 .’
1402 1366 1475 1420 De
1490 1364 1683 1434 quibus

102 1454 344 1508 omnibus
370 1454 563 1509 beatus
588 1455 947 1527 Hieronymus
975 1457 1283 1525 plenissime
1308 1457 1597 1511 satisfecit:
1628 1466 1683 1512 et

100 1561 188 1611 qua:
214 1544 603 1599 subnotantur
648 1562 745 1615 per
769 1547 980 1601 diversa
1008 1547 1123 1615 ejus
1169 1557 1407 1615 tempora
1452 1547 1681 1602 Damaso

99 1635 228 1703 Papa
254 1636 568 1705 inscripsit.
603 1636 859 1691 llouiilias
886 1638 1089 1691 scilicet
1119 1638 1169 1690 in
1200 1636 1472 1691 Canticum
1499 1638 1679 1691 Cauti-

97 1742 264 1781 corum
299 1725 406 1799 (τι).
452 1727 526 1781 De
551 1725 807 1793 Osianua,
841 1729 998 1798 vulgo
1023 1727 1232 1783 Osanna
1260 1728 1453 1782 librum
1486 1744 1671 1783 unum.

99 1818 154 1872 De
176 1828 366 1873 morte
393 1816 559 1885 Olim,
588 1827 643 1872 et
688 1817 754 1873 de
794 1817 1076 1887 Serapbim
1103 1826 1158 1872 et
1182 1818 1388 1872 calculo
1411 1817 1672 1872 Candente

96 1908 281 1963 librum
318 1923 524 1973 unum;
567 1907 633 1963 de
679 1908 901 1978 prodigo
934 1908 1061 1971 lilio,
1108 1908 1296 1963 librum
1351 1924 1551 1970 unum:
1602 1908 1670 1963 de

95 1998 283 2068 Spiritu
318 2009 530 2063 sancto,
556 1999 749 2052 librum
780 2014 962 2052 unum.
997 1998 1221 2052 Textum
1247 2008 1474 2067 quatuor
1498 1999 1669 2053 Evan-

93 2090 384 2157 geliorum,
443 2086 771 2157 Scriptorum
827 2089 978 2157 culpa
1029 2086 1330 2154 confusum,
1384 2088 1669 2157 diligenter

92 2179 342 2234 correxit.
386 2178 493 2234 Sed
540 2189 594 2234 et
623 2179 939 2234 Psalterium
988 2179 1280 2233 secundum
1329 2181 1550 2249 vestigia
1582 2195 1669 2235 se-

88 2272 362 2341 ptuaginta
406 2270 756 2340 interpretum
783 2269 851 2325 de
884 2268 1074 2325 Graeco
1102 2271 1375 2325 transtulit
1419 2271 1471 2325 in
1520 2270 1668 2325 Lati-

81 2379 221 2429 nam,
259 2361 319 2416 id
360 2362 504 2431 quod
546 2363 709 2415 etiam
749 2362 909 2415 Paula
939 2370 993 2415 et
1036 2361 1329 2416 Eustochio
1367 2362 1669 2431 petentibus

80 2453 416 2508 emendavit.
468 2452 690 2507 Denium
722 2462 900 2507 autem
950 2468 979 2507 a
1021 2450 1328 2522 Sophronio
1369 2453 1668 2523 postulatus

77 2546 137 2600 de
167 2546 414 2601 Hebraeo
441 2546 729 2614 expressit,
759 2560 990 2615 eumque
1017 2546 1251 2600 breviter
1277 2546 1468 2599 librum
1498 2545 1666 2599 disse-

78 2639 205 2700 ruit,
240 2648 302 2692 ct
352 2637 700 2692 Euehiridion
752 2637 1059 2709 appellavit.
1115 2637 1219 2692 Per
1264 2636 1405 2691 idem
1458 2647 1666 2706 tempus

75 2730 294 2800 scripsit
318 2729 491 2784 vitam
524 2729 675 2784 Pauli
704 2730 975 2796 monachi,
999 2738 1053 2783 et
1081 2728 1241 2783 vitam
1269 2729 1408 2783 beati
1440 2728 1665 2783 Hilario-

76 2823 150 2875 nis
179 2839 194 2874 :
233 2820 666 2876 exhortatoriam
699 2821 765 2876 ad
792 2829 1157 2891 contemptum
1186 2821 1368 2876 mundi
1391 2820 1457 2875 ad
1486 2820 1663 2876 Helio-

82 2914 266 2969 dorum
296 2914 624 2990 Epistolaat,
652 2924 708 2969 et
733 2913 799 2968 ad
825 2913 1178 2983 Nepotianum
1203 2912 1272 2967 de
1300 2912 1404 2966 vita
1431 2911 1664 2966 Clerico-

84 3021 205 3061 mm.
242 3004 583 3061 Clironicum
626 3020 838 3076 quoque
862 3003 1186 3059 omnimodaa
1227 3002 1487 3065 historize,
1520 3002 1662 3055 mul-

84 3106 263 3169 tasque
291 3099 433 3151 alias
477 3095 545 3150 ad
576 3096 818 3151 diversos
866 3094 1158 3166 Epistolas.
1215 3093 1385 3148 Porro
1444 3091 1662 3146 humani

82 3188 289 3255 generis
323 3186 602 3251 inimicus,
632 3187 722 3253 qui
751 3201 871 3240 eum
902 3185 1087 3240 Roma:
1117 3200 1212 3252 per
1236 3198 1363 3239 suos
1390 3183 1664 3236 ministros

84 3279 242 3332 luet-at
284 3278 837 3348 persecutus:etiam
881 3278 933 3330 iu
978 3275 1288 3338 solitudine,
1338 3274 1567 3329 Ariauos
1613 3274 1663 3328 ei

82 3368 415 3422 adversarios
444 3366 723 3423 suscitavit
748 3384 762 3421 :
790 3366 856 3422 de
875 3366 1067 3436 quibus
1094 3365 1249 3419 beato
1281 3365 1507 3420 Damaso
1527 3365 1661 3419 scri-

83 3457 222 3525 bens,
270 3460 349 3513 ita
379 3459 761 3528 conqueritur:
789 3457 898 3527 Ego
923 3456 1111 3512 Christi
1141 3467 1318 3511 vestem
1345 3457 1397 3509 in
1430 3455 1663 3510 Romana

82 3551 189 3603 urbe
238 3550 553 3618 suscipiens,
600 3564 733 3601 nunc
775 3547 1003 3602 Barbara
1050 3548 1221 3618 Syriae
1263 3547 1422 3601 limite
1469 3556 1658 3600 teneor.

88 3640 291 3707 Verum,
334 3652 396 3694 ut
423 3640 499 3693 ait
538 3638 754 3709 gentilis
806 3650 1004 3707 poeta:
1056 3638 1247 3691 (Icelum
1289 3653 1388 3691 non
1435 3638 1661 3690 animum

85 3742 252 3796 mutat,
284 3732 381 3803 qui
411 3741 555 3783 trans
579 3746 718 3784 mare
738 3731 916 3783 currit.
949 3727 1029 3782 Ita
1055 3745 1132 3782 me
1159 3729 1521 3783 incessabiliter
1562 3729 1661 3782 iui-

85 3826 230 3877 tuicus
266 3832 386 3893 post
416 3832 613 3893 tergum
654 3831 939 3891 persecutus
967 3829 1059 3886 est,
1089 3829 1143 3873 ut
1180 3820 1377 3889 majora
1402 3822 1454 3873 in
1482 3820 1661 3873 solitu-

86 3915 187 3967 dine
215 3914 356 3968 bella
383 3929 520 3966 nunc
549 3914 737 3982 patiar.
767 3910 813 3963 II
822 3912 866 3963 ie
886 3911 1018 3964 enim
1044 3911 1297 3981 pra’sidiis
1326 3911 1457 3981 fulta
1484 3910 1661 3963 mundi

86 4009 232 4062 rabies
262 4007 467 4060 Ariona
497 4005 686 4075 fremit.
714 4002 885 4056 Hicin
909 4014 1007 4056 tres
1037 4012 1205 4072 partes
1242 4004 1400 4055 scissa
1432 4001 1660 4055 Ecclesia

86 4102 140 4151 ad
160 4117 211 4154 se
230 4115 420 4169 rapere
441 4098 669 4168 festinat,
689 4095 1048 4149 monachorum
1073 4093 1147 4165 (b)
1177 4093 1310 4146 circa
1336 4108 1659 4146 commanen-

88 4191 196 4243 tium
237 4190 461 4257 antiqua
508 4189 563 4240 in
610 4203 689 4239 me
726 4186 887 4256 surgit
946 4185 1239 4237 auctoritas.
1295 4180 1409 4253 Ego
1458 4182 1661 4235 interim

86 4281 277 4332 clamita
296 4295 317 4333 :
346 4279 389 4332 si
417 4277 531 4343 quis
571 4274 839 4331 Cathedra:
884 4273 1022 4327 Petri
1052 4273 1313 4343 jungitur,
1342 4287 1533 4325 mecum
1564 4281 1657 4325 est.

86 4367 339 4434 Ileletius,
374 4368 556 4421 Vitatis
586 4377 737 4437 atque
752 4364 1007 4419 Paulinus
1038 4365 1126 4418 tibi
1156 4366 1347 4419 haerere
1369 4379 1423 4417 se
1451 4362 1661 4416 dicunt:

86 4476 273 4526 possem
299 4459 504 4513 credere
533 4458 577 4513 si
606 4459 701 4511 hoc
731 4472 865 4510 unus
891 4464 1134 4509 assereret
1160 4472 1178 4510 :
1206 4470 1341 4508 nunc
1369 4462 1535 4507 autem
1557 4453 1660 4507 duo

84 4552 409 4614 mentiuntur,
443 4557 529 4602 aut
570 4563 764 4601 omnes.
813 4546 890 4600 De
915 4544 981 4599 iis
1004 4548 1162 4599 etiam
1192 4542 1660 4614 persecutionibus

86 4640 336 4711 (Marc-0.)
362 4640 572 4694 Malcho
606 4636 856 4692 Chalcide
882 4634 1184 4691 reverenda
1212 4636 1326 4689 viro
1350 4636 1403 4688 in
1431 4634 1659 4707 quadam

86 4731 314 4800 Epistula
335 4730 407 4800 (ε)
433 4730 792 4799 proloquitur:
815 4727 876 4782 Si
897 4724 1295 4796 persecutoribus
1321 4725 1444 4778 meis
1473 4725 1655 4794 placet,

89 4821 375 4875 hcreticum
404 4837 483 4873 me
511 4836 621 4873 cum
642 4818 917 4882 occidente,
942 4818 1232 4871 hwreticum
1257 4833 1372 4870 cum
1399 4814 1655 4887 zEgypto,

92 4913 173 4966 hoc
197 4924 293 4979 est,
330 4928 448 4964 cum
474 4910 694 4965 Damaso
734 4909 988 4979 Petroque
1031 4910 1384 4963 condemnent.
1431 4909 1493 4964 Si
1521 4912 1659 4965 rivus

92 5004 294 5057 tenuiter
305 5001 491 5062 currit,
505 5017 601 5054 non
615 5011 686 5055 est
704 5001 833 5055 alvei
846 5000 1020 5065 culpa,
1036 5000 1128 5053 sed
1142 4999 1316 5070 fontis.
1335 4998 1485 5053 Nihil
1502 5001 1660 5055 alicui

97 5094 344 5166 βίω-ἱρά,
360 5090 499 5146 nihil
512 5093 695 5146 otiosus
713 5092 907 5160 accipio
927 5107 946 5145 :
966 5107 1119 5144 manu
1140 5092 1363 5158 quotidie
1383 5102 1427 5144 et
1454 5094 1660 5161 proprio

96 5186 261 5240 ηαστε
288 5183 565 5255 quaerimus
594 5182 778 5249 cibum,
807 5183 1018 5237 scientes
1050 5182 1111 5235 ab
1139 5181 1383 5251 Apostolo
1408 5183 1653 5252 scriptum

156 5362 214 5427 to)
235 5364 415 5416 Denuo
429 5362 563 5427 idem
584 5361 870 5427 additduas,
884 5368 1043 5427 recte.
1058 5359 1183 5410 Tum
1205 5360 1272 5409 de
1288 5359 1656 5427 Osanalibrum,

314 5423 841 5548 mue
860 5420 1001 5486 vulgo
1022 5430 1213 5473 Osanna
1226 5458 1241 5479 ,
1264 5422 1393 5482 quod
1416 5421 1660 5482 glossema

94 5556 97 5557 ί
155 5540 223 5616 ιη’
241 5540 623 5616 memon-Ius
642 5558 709 5616 ex
734 5544 910 5616 eodem
950 5543 1041 5616 “.s-
1077 5542 1192 5616 bsic
1226 5540 1398 5616 ἀτραι
1432 5551 1661 5616 Ριξο,ειυ9

103 5602 361 5661 ετέιέεηοε
385 5615 494 5659 tum
511 5605 712 5657 clamito
730 5617 819 5670 pro
839 5604 1073 5654 clamabo.
1098 5604 1197 5653 Pro
1216 5614 1400 5653 mecura
1418 5607 1505 5663 est,
1532 5602 1662 5651 idem

102 5669 229 5723 hbet
246 5673 330 5722 Is.
351 5683 496 5721 meus
516 5677 611 5720 est.

146 5734 209 5799 lc)
240 5733 323 5787 Is.
356 5732 431 5788 sic
454 5729 783 5797 prosequitur.

1376 338 1429 393 S.
1476 336 1851 394 IIIERONYMI
1887 338 2062 397 νισι-Α.

3262 348 3367 411 190

1792 469 1898 508 esse
1927 469 1945 506 :
1973 454 2072 521 Qui
2104 470 2208 511 non
2234 467 2511 527 operatur,
2539 475 2647 516 non
2678 462 2981 520 manducet.
3012 466 3191 523 Placet
3214 472 3287 525 eis
3312 480 3369 526 ut

1790 543 1908 596 hinc
1944 546 2196 611 recedam,
2216 548 2441 618 jamiam
2480 552 2693 606 recedo:
2721 554 3044 622 arripuerunt
3072 560 3204 613 enim
3231 578 3263 615 α
3288 580 3368 618 me

1790 645 1984 701 partem
2007 639 2193 692 animle
2229 656 2354 693 mea:
2382 642 2703 698 charissimos
2732 647 2934 715 fratres.
2960 646 3093 704 Ecce
3116 652 3367 711 discedere

1789 726 1997 794 cupiunt
2028 744 2047 781 :
2091 730 2193 783 imo
2241 732 2525 798 discedunt,
2575 738 2756 791 melius
2805 754 2913 792 esse
2970 741 3204 797 ducentes
3241 748 3368 800 inter

1790 818 1924 883 feras
1950 818 2198 886 habitare,
2225 839 2377 891 quam
2410 841 2523 877 cum
2565 826 2748 882 talibus
2790 830 3109 887 Christianis.
3153 836 3231 890 Ad
3268 838 3366 891 dc-

1787 918 1928 961 serta
1951 909 2147 967 deinde
2164 912 2280 968 loca
2305 916 2383 970 sic
2408 916 2559 972 lzetus
2581 920 2960 993 accinctusque
2980 926 3065 994 (ά)
3082 930 3363 996 successit,

1786 1007 1846 1050 ut
1874 1000 2082 1056 volasse
2110 1003 2259 1058 illum
2287 1007 2454 1076 magis
2475 1008 2749 1077 crederes,
2775 1027 2934 1081 quam
2965 1030 3193 1072 measse.
3225 1019 3368 1086 Qua-

1786 1086 1913 1143 liter
1939 1100 2114 1145 autem
2162 1109 2221 1149 se
2260 1096 2546 1166 amigendo
2575 1102 2762 1156 noxias
2786 1105 2945 1159 etiam
2992 1107 3044 1161 in
3075 1123 3134 1163 se
3160 1113 3365 1180 cogita-

1789 1180 1962 1236 tiones
2003 1186 2312 1253 extinxerit,
2344 1192 2579 1259 qualiter
2621 1209 2834 1265 quoque
2872 1199 3229 1257 visitationem
3262 1206 3366 1260 Do-

1788 1456 1894 1543 tur.
1922 1452 2156 1521 Epistola
2187 1456 2264 1511 sic
2291 1460 2496 1529 incipit,
2514 1462 2650 1517 Audi
2664 1466 2836 1530 ﬁliaet
2862 1470 2989 1524 uide.
3012 1471 3067 1526 In
3095 1489 3197 1543 qua
3222 1476 3362 1533 inter

1786 1540 1887 1593 alia
1918 1544 1995 1596 sic
2021 1544 2191 1599 dixit:
2223 1547 2357 1611 Quia
2398 1550 2707 1621 impossibile
2735 1567 2825 1621 est,
2855 1559 3048 1629 inquit,
3074 1540 3127 1617 iii
3161 1582 3361 1621 sensum

1783 1629 2001 1706 hominis
2045 1650 2144 1687 non
2185 1637 2379 1693 irruere
2418 1652 2628 1709 motum,
2660 1656 2708 1699 et
2733 1650 3073 1705 medullarum
3116 1656 3354 1723 calorem,

1779 1719 1867 1773 ille
1910 1730 2076 1777 tamen
2103 1726 2364 1794 laudatur,
2395 1731 2487 1786 ille
2511 1737 2823 1803 praedicatur
2848 1741 3037 1808 beatus,
3062 1747 3151 1813 qui
3188 1719 3357 1802 statim

1778 1819 1833 1862 ut
1860 1815 2063 1881 coeperit
2089 1820 2331 1886 cegitare,
2356 1821 2597 1892 interﬁcit
2627 1830 2872 1899 cogitatus
2899 1842 2947 1886 et
2974 1835 3143 1890 allidit
3174 1855 3259 1892 eos
3286 1842 3357 1895 ad

1775 1910 2011 1970 petram:
2036 1916 2177 1973 petra
2204 1921 2372 1965 autem
2404 1924 2475 1968 est
2496 1916 2746 1974 Christus.
2795 1922 3004 1988 Quoties
3032 1945 3123 1999 ego
3166 1931 3274 1998 ipse
3300 1934 3354 1987 in

1775 2007 1939 2088 eremo
1965 2000 2286 2067 constitutus,
2308 2014 2353 2056 et
2376 2006 2428 2058 in
2452 2005 2543 2060 illa
2565 2020 2707 2063 vasta
2732 2012 3022 2083 solitudine,
3043 2037 3157 2088 qua:
3178 2034 3355 2077 exusta

1773 2084 1897 2175 solis
1926 2087 2215 2157 ardoribus,
2248 2095 2515 2148 horridum
2560 2104 2821 2159 monachis
2864 2084 3069 2175 prestat
3095 2112 3355 2168 habitacu-

1774 2174 1897 2239 lum,
1933 2178 2171 2246 putubam
2198 2200 2279 2237 me
2314 2185 2560 2241 Romanis
2588 2192 2824 2248 interesse
2852 2174 3066 2252 deliciis.
3105 2202 3354 2259 Sedebam

1772 2265 1934 2331 solus,
1962 2269 2081 2337 quia
2110 2275 2453 2330 amaritudine
2480 2280 2663 2348 plenus
2689 2299 2827 2337 eram
2857 2301 2877 2339 :
2906 2287 3177 2345 horrebant
3201 2311 3351 2350 sacco

1773 2356 1996 2452 membra
2023 2359 2293 2429 deformia,
2316 2375 2364 2419 et
2388 2370 2623 2437 squalida
2666 2373 2795 2427 cutis
2836 2377 2988 2430 situm
3035 2379 3355 2452 {Et/tiamne

1772 2448 1942 2543 carnis
1980 2452 2277 2543 obduxerat.
2302 2456 2540 2522 Quotidie
2567 2461 2826 2533 lacrgmte,
2855 2469 3078 2535 quotidie
3100 2448 3349 2543 gemitus;

1772 2546 1818 2590 et
1842 2538 1887 2591 si
1913 2542 2117 2609 quando
2159 2559 2523 2616 repugnantem
2572 2568 2650 2606 me
2693 2570 2901 2610 sonmus
2926 2538 3210 2617 imminens
3256 2538 3349 2636 op;

1770 2631 2065 2699 pressisset,
2114 2636 2253 2689 nuda
2318 2638 2473 2694 humo
2530 2643 2613 2696 vix
2678 2661 2794 2699 ossa
2844 2649 3087 2707 ha'rentia
3134 2631 3346 2713 collide-

1768 2719 1901 2775 bam.
1959 2722 2035 2778 De
2061 2726 2187 2781 cibis
2236 2743 2352 2783 vero
2396 2741 2443 2785 et
2490 2745 2612 2803 potu
2662 2746 2822 2806 taceo,
2874 2757 2987 2795 cum
3038 2746 3191 2799 etiam
3232 2748 3346 2803 lan-

1766 2824 1974 2882 guentes
2014 2819 2252 2871 monachi
2277 2820 2376 2874 cibi
2402 2838 2533 2891 aqua
2583 2827 2776 2897 frigida
2817 2841 3045 2897 utantur,
3078 2844 3123 2888 et
3149 2848 3345 2891 coctum

1767 2902 1961 2970 aliquid
1991 2904 2063 2975 (e)
2095 2909 2368 2977 accepisse,
2398 2909 2603 2966 luxuria
2646 2916 2730 2969 sit.
2776 2915 2877 2971 Ille
2920 2921 3076 2989 igitur
3121 2938 3214 2992 ego
3258 2928 3346 2993 qui

1766 2993 1829 3049 ob
1861 2996 2101 3063 gehennae
2137 3011 2323 3054 metum
2362 3003 2454 3055 tali
2496 3020 2575 3058 me
2605 3021 2805 3061 carcere
2829 3008 2937 3077 ipse
2965 3015 3342 3081 damnaveram,

1765 3086 2087 3154 scorpionum
2108 3097 2303 3141 tantum
2331 3092 2496 3144 socius
2522 3103 2569 3146 et
2593 3098 2840 3163 ferarum,
2866 3114 3000 3169 saepe
3026 3102 3193 3154 choris
3212 3104 3344 3158 inte-

1765 3188 1930 3227 reram
1954 3176 2255 3241 puellarum.
2288 3176 2558 3235 Pallebant
2584 3200 2674 3236 ora
2691 3186 2905 3254 jeiuniis
2925 3230 2939 3255 ,
2967 3201 3015 3243 et
3041 3207 3179 3247 mens
3206 3195 3345 3250 desi-

1767 3264 1921 3320 deriis
1966 3270 2212 3323 testuabat
2257 3272 2310 3325 in
2355 3275 2544 3342 frigido
2585 3293 2815 3347 corpore,
2852 3289 2898 3335 et
2937 3294 3053 3338 ante
3094 3288 3344 3345 hominem

1764 3356 1899 3412 sicca
1933 3360 2046 3429 jam
2085 3376 2237 3416 carne
2277 3376 2636 3433 praemortuum
2674 3370 2785 3424 sola
2822 3373 3084 3429 libidinum
3112 3378 3344 3435 incendia

1765 3446 2056 3540 bulliebant.
2090 3449 2272 3523 Itaque
2291 3456 2429 3508 omni
2446 3458 2639 3513 auxilio
2657 3460 2945 3531 destitutus,
2966 3467 3037 3519 ad
3056 3466 3179 3523 Iesu
3197 3475 3345 3540 jace-

1765 3536 1879 3590 bam
1904 3540 2083 3608 pedes,
2113 3543 2338 3613 rigabam
2375 3547 2611 3617 lacrymis
2630 3591 2646 3616 ,
2681 3553 2821 3607 crine
2858 3557 3128 3624 tergebam.
3165 3536 3231 3615 lit
3258 3581 3345 3618 re-

1764 3643 2068 3723 pugnantem
2101 3651 2303 3691 carnem
2340 3638 2766 3697 hebdomadarum
2795 3646 2963 3701 inedia
2987 3653 3339 3723 subjugabam.

1766 3720 1889 3776 Non
1929 3725 2215 3794 depudesco
2253 3730 2568 3798 infelicitatis
2597 3751 2722 3790 mete
2748 3752 2767 3791 :
2792 3741 2915 3807 quin
2956 3720 3123 3811 potius
3139 3720 3344 3817 plango

1764 3828 1844 3865 me
1861 3829 1961 3868 non
1990 3831 2095 3870 esse
2116 3819 2251 3883 quod
2276 3822 2482 3889 fuerim.
2516 3823 2730 3879 Memini
2756 3844 2835 3882 me
2858 3830 3180 3899 clamantem,
3211 3837 3343 3892 diem

1764 3904 1936 3960 crebro
1951 3907 2189 3974 junxisse
2206 3927 2319 3964 cum
2345 3925 2488 3968 nocte
2512 3931 2531 3967 :
2552 3931 2642 3969 nec
2670 3919 2812 3986 prius
2834 3936 2866 3972 a
2890 3925 3106 3989 pectoris
3126 3940 3346 3982 cessasse

1763 3997 2064 4065 verberibus,
2087 4016 2258 4069 quam,
2278 4001 2499 4059 Domino
2523 4008 2823 4077 imperante,
2846 4013 3033 4068 rediret
3052 4020 3342 4087 tranquilli-

1765 4096 1863 4142 tas.
1893 4087 2069 4160 Ipsam
2102 4108 2301 4165 quoque
2330 4098 2566 4152 cellulam
2604 4117 2765 4157 meum
2803 4108 2949 4174 quasi
2983 4110 3343 4179 cogitationum

1765 4196 1992 4235 mearum
2013 4185 2262 4237 consciam
2292 4190 2717 4255 pertimescebam.
2758 4192 2827 4248 Et
2860 4198 3083 4253 mihimet
3109 4202 3267 4257 iratus
3295 4218 3344 4261 et

1764 4273 1978 4343 rigidus,
2018 4274 2157 4328 solus
2194 4276 2390 4331 deserta
2427 4282 2748 4347 penetrabam
2770 4299 2789 4337 :
2810 4285 2969 4340 sicubi
2995 4304 3216 4345 concava
3236 4296 3345 4348 val-

1767 4368 1912 4433 lium,
1936 4383 2117 4437 aspera
2146 4371 2408 4435 montium,
2433 4374 2635 4441 rupium
2658 4386 2916 4446 praerupta
2940 4381 3201 4437 cernebam
3227 4400 3246 4439 :
3273 4388 3343 4442 ibi

1765 4474 1890 4512 mete
1935 4459 2178 4514 orationis
2225 4470 2330 4514 erat
2373 4462 2533 4529 locus,
2563 4464 2633 4518 ibi
2669 4466 2799 4521 illud
2839 4469 3134 4528 miserrimc
3174 4479 3342 4533 carnis

1767 4554 2077 4621 ergastulum
2101 4552 2169 4626 (f)
2194 4554 2526 4611 collocabam.
2574 4556 2644 4612 Et
2682 4559 2760 4628 (ut
2786 4562 2913 4614 mihi
2950 4565 3088 4620 testis
3120 4577 3193 4622 est
3234 4569 3345 4639 ipse

1766 4644 1926 4717 Deus)
1954 4655 2065 4715 post
2083 4648 2270 4700 multas
2306 4647 2588 4719 lacrymas,
2618 4663 2727 4721 post
2752 4653 2877 4707 caelo
2898 4657 3072 4712 oculos
3092 4658 3345 4714 inhaeren-

1767 4744 1858 4800 tes,
1882 4752 2239 4807 nonnunquam
2260 4738 2462 4793 videbar
2481 4741 2604 4794 mihi
2625 4743 2860 4800 interesse
2880 4748 3162 4816 agminibus
3189 4765 3344 4819 ange-

1767 4826 1948 4891 lorum,
1983 4836 2027 4880 et
2071 4828 2217 4881 ltetus
2242 4829 2492 4898 gaudens,
2520 4833 2785 4887 cantabam
2818 4849 2837 4889 :
2866 4833 2992 4889 Post
3022 4847 3095 4901 te,
3127 4836 3178 4888 in
3208 4836 3343 4892 odo-

1764 4935 1877 4974 rem
1908 4930 2297 4990 unguentorum
2328 4931 2536 4976 tuorum
2563 4927 2844 4979 currimus.
2868 4925 3212 4990 Quadrienuii
3245 4927 3344 4982 ita-

1765 5027 1868 5083 que
1912 5021 2150 5082 tempore
2190 5014 2270 5067 sic
2310 5023 2498 5069 exacto
2524 5014 2576 5069 in
2604 5014 2822 5083 prail‘ata
2848 5024 2996 5069 vasta
3020 5015 3339 5087 solitudine,

1834 5169 1903 5232 (ά)
1931 5170 2094 5234 A_tque
2113 5167 2207 5216 hoc
2227 5168 2411 5234 rectius
2432 5166 2561 5215 idem
2579 5163 2669 5214 Ms.
2694 5165 2845 5234 habet
3098 5167 3350 5234 ignorat-at

1766 5227 2090 5285 vero'istbaec,
2102 5240 2211 5289 quae
2225 5227 2612 5289 subsequuntur,
2621 5227 2824 5287 qualiter
2838 5238 3023 5289 quoque
3034 5227 3348 5289 visitationem

2274 5292 2377 5356 tum
2395 5285 2798 5356 ῑιιειρᾳυισροεὲν
2825 5285 3035 5356 ξρίιέυια
3064 5287 3134 5339 δίε
3156 5288 3345 5352 incipit.

1766 5351 1913 5412 audi,
1936 5348 2058 5412 filia,
2077 5355 2122 5398 et
2144 5346 2271 5412 cide,
2294 5346 2346 5395 in
2366 5359 2464 5412 qua
2481 5344 2606 5395 inter
2620 5344 2721 5396 alia
2741 5344 2811 5396 sic

1837 5405 1910 5483 (θ’
1936 5405 2025 5483 Μετ
2067 5405 2349 5483 ⁶⁰¹ῑ¹ἐξ4ξ³³91
2368 5405 2498 5483 1193‘
2523 5412 2723 5483 4W
2744 5408 2991 5483 (iuuabat
3018 5411 3202 5483 εδεςιιιθ
3226 5410 3350 5483 άμε-

1767 5467 1919 5525 άείἱὶε
1954 5484 1971 5523 :
2010 5479 2111 5535 tum
2144 5467 2263 5535 illud
2296 5469 2512 5526 rectius,
2533 5481 2633 5535 _sua
2658 5468 2769 5530 jam
2787 5482 2949 5535 _carne
2973 5486 3059 5535 pro
3081 5467 3212 5535 sicea
3238 5472 3349 5535 jam

1764 5547 1931 5600 carne,
1957 5541 2052 5583 etc.
2072 5530 2300 5600 Denique
2322 5540 2419 5598 non
2437 5527 2672 5600 erubesco:
2685 5529 2901 5595 conﬁteri
2921 5527 3214 5598 infelicitatis
3228 5527 3350 5588 mete

1767 5590 1987 5657 miserias
2006 5606 2092 5657 pro
2107 5590 2379 5657 depudesco
2398 5590 2694 5657 infelicitatis
2706 5590 2853 5657 mete.

1836 5656 1897 5723 (e)
1938 5650 2093 5705 Abest
2114 5650 2317 5702 verbum
2334 5650 2627 5722 collo'cabam
2648 5667 2677 5703 a
2706 5654 2795 5707 Ms.
2811 5664 2910 5709 tum
2924 5657 3003 5709 illa
3014 5672 3210 5725 quoque
3232 5672 3348 5713 mox

1773 5720 1962 5781 absunt,
1984 5716 2033 5769 in
2056 5720 2261 5781 prcefata
2284 5720 2415 5766 easta
2453 5713 2728 5769 solitudine.

1818 5750 1962 5784 )3uus,
1985 5750 2032 5769 ul
2057 5750 2102 5779 ιιι
2117 5750 2259 5781 “ilum
2286 5750 2414 5766 ww."
2453 5750 2728 5769 wvuuucuvo
