4050 6188
601 330 692 386 l9|

599 444 839 502 sentiens
862 438 916 495 in
940 450 1003 492 se
1026 435 1221 489 beatus
1244 425 1603 494 ΜΝ
1638 426 1859 501 onmem
2080 420 2178 502 vo:

604 493 1167 605 im,
1200 516 1441 584 nihilque
1465 513 1517 566 in
1543 524 1605 565 ea
1632 498 1772 572 esse,
1801 500 1943 572 quod
1971 493 2181 568 Spiritui

606 590 924 695 repugnaret
958 635 974 671 ε
1012 610 1297 669 revertitur
1339 602 1726 670 Jerosolymam
1752 634 1771 661 ,
1819 601 1878 648 ut
1918 590 2186 644 derivaret

610 720 782 774 futues
822 724 948 766 suos
986 705 1150 769 foras,
1182 712 1238 758 et
1281 701 1333 754 in
1378 697 1567 768 plateis
1606 704 1772 763 aquas
1811 684 2047 742 scientia:
2075 695 2187 736 sua:

609 805 871 863 divideret
902 820 914 854 :
944 807 1001 855 ut
1026 798 1095 853 de
1122 804 1356 852 torrente
1376 792 1567 860 llngua:
1586 786 1704 856 ejus
1724 782 1874 837 multi
1898 778 2017 832 vina
2044 774 2191 829 bibe-

611 906 766 971 rent,
795 894 886 966 qui
921 892 1062 947 hunc
1088 889 1140 944 in
1167 886 1382 942 deserto
1407 892 1461 939 et
1487 882 1537 936 in
1568 878 1710 933 invio
1737 884 1792 930 et
1817 874 2075 940 inaqnoso
2104 880 2189 919 re-

613 963 794 1062 perire
818 986 903 1041 vix
934 988 1174 1054 possent.
1212 976 1488 1033 Accedens
1515 971 1673 1041 igitur
1695 966 1760 1021 ad
1791 961 2031 1034 ejusdem
2060 956 2194 1012 civi-

617 1052 741 1136 tatis
784 1052 1103 1148 EpiscOpum
1146 1068 1401 1140 Cyrillum
1446 1062 1684 1123 nomine,
1721 1055 1873 1127 petiit
1914 1052 1982 1106 ab
2021 1063 2109 1112 eo,
2138 1053 2197 1099 ut

618 1137 894 1229 Bethleem
912 1207 927 1230 .
957 1137 1077 1236 qua:
1103 1163 1154 1216 in
1182 1137 1333 1215 sexto
1362 1158 1460 1210 sita
1480 1162 1563 1209 est
1587 1166 1618 1204 a
1643 1144 1976 1215 Jerosolyma
2005 1137 2198 1193 millia-

621 1270 723 1331 rio,
753 1271 937 1319 contra
963 1225 1311 1312 meridianam
1336 1248 1564 1317 plagam,
1599 1243 1772 1296 locum
1800 1236 1898 1290 sibi
1928 1225 2197 1287 habitandi

625 1324 883 1412 tribueret
914 1365 929 1404 :
958 1355 1148 1418 optans
1169 1340 1391 1406 scilicet,
1420 1346 1477 1390 ut
1503 1332 1733 1404 prudens
1757 1324 1973 1388 animal,
2005 1332 2203 1390 prmse~

626 1406 961 1518 iiidllomini
991 1406 1072 1492 sui
1097 1435 1291 1504 jngiler
1324 1428 1623 1483 adh-.erere.
1667 1420 1761 1475 Cui
1791 1429 1916 1472 mox
1938 1408 2080 1518 (ιιι..οὰ
2106 1406 2204 1462 dc-

627 1501 751 1590 vnte
779 1529 1021 1604 peposcit
1052 1501 1209 1595 digne
1238 1530 1553 1575 concessum
1581 1520 1685 1568 est.
1715 1512 1785 1564 At
1814 1508 1926 1577 ipse
1949 1544 1965 1570 ,
1996 1501 2207 1555 favente

633 1588 880 1688 Domino,
901 1594 979 1691 (al
998 1588 1371 1673 monasterium
1397 1602 1712 1667 construxit,
1737 1607 1797 1653 ut
1819 1598 1934 1666 ipse
1957 1591 2126 1661 inquit
2152 1588 2208 1643 in

634 1678 971 1785 Epistola'ad'
995 1702 1387 1762 [’ammachium
1409 1738 1425 1764 ,
1456 1697 1525 1751 de
1553 1700 1726 1747 morte
1764 1685 1997 1743 Paulina:
2027 1678 2210 1736 uxoris

634 1767 734 1860 ειῖι)
760 1803 918 1856 linem
939 1837 957 1863 ,
992 1797 1045 1851 in
1074 1794 1189 1848 hinc
1219 1790 1377 1846 verba
1410 1804 1425 1839 :
1458 1785 1546 1840 Sic
1572 1792 1615 1836 et
1637 1796 1726 1835 nos
1755 1778 1805 1831 in
1832 1777 1929 1829 ista
1955 1767 2213 1841 provincia

635 1894 886 1962 a‘diﬁcato
912 1900 957 1944 et
987 1884 1310 1947 monasterio,
1342 1889 1386 1933 et
1412 1874 1684 1931 diversorio
1711 1880 1914 1941 prapter
1937 1871 2211 1925 exstructo,

638 2002 700 2040 ne
727 1986 858 2056 forte
884 1990 931 2034 et
957 1976 1106 2047 modo
1141 1973 1333 2043 Ioseph
1371 1985 1485 2023 cum
1528 1965 1696 2018 Maria
1733 1959 1989 2014 Bethleem
2017 1954 2215 2009 veniens

639 2045 741 2131 non
761 2072 977 2127 inueniat
1002 2045 1294 2138 hospitium.
1320 2061 1471 2116 tantis
1495 2058 1558 2112 de
1585 2066 1687 2109 toto
1711 2053 1829 2106 orbe
1854 2045 2217 2119 conﬂuentibus

640 2166 798 2221 turbis
824 2161 1080 2217 obruimur
1106 2153 1467 2211 monachorum
1492 2190 1508 2216 ,
1541 2157 1593 2201 ut
1617 2161 1705 2200 nec
1732 2151 1949 2213 cleptum
1973 2153 2100 2207 opus
2127 2136 2217 2189 tle—

639 2273 822 2322 serere,
848 2268 936 2307 nec
959 2265 1113 2321 supra
1138 2248 1264 2302 vires
1287 2247 1416 2315 ferre
1448 2240 1725 2294 valeamus.
1761 2232 1908 2288 Unde
1940 2230 2059 2302 quia
2097 2242 2222 2298 pene

642 2350 783 2403 nubis
822 2344 953 2401 illud
993 2344 1055 2398 de
1101 2337 1379 2408 Evangelia
1405 2332 1632 2403 conligit,
1656 2337 1709 2383 ut
1738 2328 1926 2397 futurae
1945 2322 2097 2376 turris
2122 2335 2224 2373 non

644 2452 761 2495 ante
789 2446 1189 2508 computaremus
1225 2441 1466 2498 expensas
1486 2463 1502 2490 ,
1534 2418 1785 2488 compulsi
1816 2429 1989 2471 sumus
2019 2416 2226 2483 fratrem

651 2529 1017 2586 Paulinianum
1040 2523 1108 2576 ad
1131 2521 1347 2592 patriam
1374 2517 1587 2578 mittere,
1617 2521 1672 2565 ut
1701 2508 1967 2564 semirutas
1987 2501 2189 2558 villulas
2207 2534 2224 2565 ,

649 2636 761 2693 qua:
785 2617 1111 2674 barbarorum
1133 2625 1312 2665 manus
1331 2606 1635 2675 e/fugerunt,
1657 2612 1701 2653 et
1724 2604 1987 2669 parentum
2006 2606 2229 2647 commu-

653 2715 792 2769 nium
833 2724 1012 2763 census
1049 2703 1280 2775 venderet
1307 2715 1326 2753 :
1352 2715 1414 2753 ne
1441 2704 1655 2764 cozptum
1682 2700 1978 2746 sanctorum
2004 2686 2230 2749 ministe-

654 2806 784 2859 rium
807 2801 1108 2863 deserentes,
1134 2774 1293 2849 risum
1317 2787 1577 2844 maledicis
1605 2793 1650 2837 et
1674 2780 1871 2837 ieiuniis
1897 2774 2229 2848 prwbeamus.

654 2895 711 2951 lu
751 2908 859 2963 quo
894 2889 1109 2962 quidem
1150 2880 1473 2939 innnasterio
1512 2877 1611 2932 sub
1653 2882 1849 2930 statuta
1877 2870 1944 2924 ab
1969 2866 2234 2937 Apostnlis

653 2955 858 3059 degens
885 2955 1061 3051 regula
1089 2976 1271 3046 coepit,
1291 2982 1349 3027 ut
1373 2970 1596 3025 multum
1615 2964 1874 3036 cupierat,
1897 2975 2017 3014 cum
2042 2955 2237 3011 illustri

655 3084 775 3136 viro
804 3073 1036 3133 Eusebio
1059 3064 1428 3130 Cremonensi,
1456 3071 1656 3117 etcum
1684 3057 1803 3110 aliis
1832 3051 2031 3109 sanctis
2057 3047 2238 3104 fratri-

659 3173 758 3228 bus
788 3169 1049 3224 habitare.
1072 3164 1113 3219 Δ
1141 3161 1334 3231 quibus
1361 3155 1562 3211 scilicet
1589 3148 1769 3204 divino
1795 3142 2088 3199 ministerio
2102 3138 2243 3210 jngi-

662 3273 745 3319 ter
771 3256 1139 3317 insudantibus
1162 3230 1276 3306 hoc
1317 3241 1631 3303 matutinale
1662 3236 1898 3293 olllcium
1930 3230 2072 3304 quod
2104 3243 2245 3283 nunc

663 3356 979 3412 observatur
1004 3348 1058 3402 in
1084 3341 1320 3399 occiduis
1358 3336 1595 3392 maxime
1623 3327 1929 3400 regionibus
1948 3366 1964 3391 ,
1990 3319 2243 3379 canonica

668 3442 1001 3501 institutione
1031 3434 1278 3506 primitus
1312 3427 1611 3483 institutum
1641 3430 1745 3477 est.
1775 3416 1928 3486 Quod
1953 3423 2007 3469 et
2033 3411 2248 3468 Cassia-

669 3554 771 3595 nus
815 3504 1050 3593 testatur
1079 3527 1265 3584 dicens
1291 3541 1304 3578 :
1334 3520 1609 3577 Matutinus
1636 3508 1990 3569 solemnitatis
2016 3504 2248 3561 cilicium

674 3642 814 3693 novo
862 3621 1037 3680 adhuc
1088 3628 1330 3686 tempore
1373 3609 1721 3667 constitutum
1772 3611 1856 3658 est
1901 3596 2146 3669 primitus
2198 3593 2253 3648 in

674 3712 1077 3793 Bethleemitico
1107 3685 1430 3764 monasterio
1450 3741 1465 3767 ,
1492 3698 1582 3753 ubi
1609 3694 1862 3751 Dominus
1888 3698 2070 3745 noster
2097 3685 2254 3742 lesus

673 3778 921 3876 Christus
938 3819 1047 3875 pro
1068 3796 1434 3866 redemptione
1458 3786 1676 3846 humani
1706 3782 1937 3865 generis,
1958 3794 2026 3835 ex
2052 3778 2259 3847 virgine

677 3901 823 3961 nasci
868 3898 1118 3967 dignatus
1160 3898 1264 3946 est.
1311 3886 1506 3954 Sicque
1546 3895 1612 3936 ex
1662 3876 1755 3931 illo
1804 3887 1901 3944 per
1949 3868 2258 3926 universum

678 3957 1282 4052 mundumvconsuetudo
1299 3971 1633 4034 celebranda:
1660 3967 1813 4023 istius
1842 3960 2112 4019 matutinum
2140 3957 2261 4011 fun-

679 4049 873 4144 ctionis
915 4076 1156 4135 invaluit.
1196 4072 1314 4139 Quo
1352 4065 1567 4139 quidem
1613 4072 1852 4129 tempore
1891 4055 2078 4110 beatus
2119 4049 2260 4118 Papa

686 4141 965 4239 llamasus,
992 4170 1150 4225 beato
1176 4164 1497 4232 llieronymo
1524 4156 1576 4212 id
1603 4152 1763 4210 ol'llcii
1781 4152 2158 4218 componente,
2189 4141 2263 4215 (b)

681 4262 989 4327 constituit,
1027 4267 1086 4313 ut
1120 4252 1310 4327 psalmi
1342 4250 1432 4306 die
1458 4258 1722 4315 noctuque
1748 4257 1843 4314 per
1867 4252 2053 4295 omnes
2077 4248 2264 4291 can'ao

684 4354 883 4428 rentur
912 4352 1219 4410 Ecclesias:
1249 4354 1306 4402 et
1327 4344 1729 4399 subnecteretur
1769 4335 1821 4390 in
1864 4334 1968 4387 line
2010 4329 2265 4385 uniuscu-

682 4420 875 4521 jusque
904 4445 992 4498 hic
1019 4441 1247 4511 hymnus
1277 4452 1293 4490 :
1324 4433 1505 4491 Gloria
1533 4428 1715 4492 Patri,
1747 4433 1803 4481 et
1826 4423 1983 4486 Filio,
2009 4427 2066 4475 et
2093 4417 2266 4488 Spiri-

692 4542 764 4597 tui
803 4539 1023 4594 Sancto.
1049 4533 1196 4588 Sicut
1223 4534 1338 4582 erat
1367 4527 1419 4579 in
1449 4520 1708 4594 principio
1731 4526 1787 4573 et
1809 4529 1951 4571 nunc
1973 4522 2029 4568 et
2057 4524 2270 4580 semper

689 4641 743 4686 et
772 4630 825 4682 in
855 4623 1045 4679 sarcula
1071 4617 1412 4680 SJ‘CIllOI'um,
1434 4626 1613 4666 amen.
1643 4609 1832 4663 Plures
1852 4605 2027 4673 itaque
2053 4602 2118 4655 ad
2146 4615 2269 4655 eum

692 4717 1082 4788 religiosorum,
1106 4708 1296 4779 quibus
1319 4705 1442 4759 vita:
1463 4710 1518 4756 et
1539 4698 1777 4755 scientia:
1807 4696 1923 4764 ejus
1954 4695 2089 4745 fama
2119 4690 2273 4743 inno-

693 4780 866 4868 tuerat
890 4847 906 4875 ,
937 4798 1279 4883 conﬂuebant
1309 4814 1323 4848 :
1355 4794 1659 4860 bonumque
1703 4786 1975 4841 doctorem
2020 4780 2145 4835 boni
2188 4780 2273 4835 di-

692 4899 884 4973 scipuli
920 4875 1317 4966 frequentantes
1346 4888 1400 4941 in
1429 4884 1687 4940 doctrina:
1729 4880 1870 4935 illius
1905 4876 2141 4933 ellicacia
2171 4875 2273 4928 mi-

695 4968 969 5075 raliantur.
1005 4988 1135 5044 Erat
1158 4983 1300 5052 enim
1325 4980 1462 5036 adeo
1480 4976 1730 5046 copiosus
1749 4974 1803 5026 in
1830 4972 2035 5026 ratione
2055 4968 2276 5024 redden-

694 5064 761 5140 da
787 5127 802 5149 ,
844 5094 900 5138 ut
950 5079 1320 5146 undecumque
1363 5073 1718 5138 interrogatus
1764 5064 1990 5129 fuisset,
2035 5068 2276 5131 paratum

694 5176 955 5242 haberet,
1011 5180 1062 5228 et
1115 5174 1425 5239 competens
1479 5162 1597 5216 sine
1639 5156 1895 5212 dilatione
1937 5164 2277 5223 responsum.

768 5372 833 5438 la)
860 5372 1075 5440 Longam
1091 5378 1202 5440 quae
1217 5365 1330 5440 hinc
1349 5360 1666 5440 sutisequittir
1680 5354 2278 5440 septemdec‘im'ver‘suumh

698 5410 1075 5503 ρρῖἷέριῇξίῆξςῦ
1092 5410 1563 5503 itaSi-insinuem;
1585 5410 1785 5470 Domitio
1806 5414 1986 5503 adnsuIb
2009 5417 2185 5463 statuta
2222 5410 2282 5503 al:

1302 5499 1324 5503 -
1368 5486 1494 5503 -νι--μ
1567 5494 1589 5503 ι-
1645 5486 1872 5503 ..υηοη-η.
1916 5478 1949 5503 θι
2018 5484 2185 5503 opma
2228 5483 2259 5503 ,ι

703 5477 1134 5567 ἷῷἷῖὧῖἱίᾶεῇὲηε
1156 5485 1342 5558 regula,
1368 5477 1497 5533 idem
1519 5480 1608 5530 Ms.
1645 5478 1992 5549 praetermittit,
2018 5484 2203 5541 errore,
2228 5477 2284 5520 ut

703 5556 914 5609 videtur,
942 5553 1240 5611 Antiquam,
1258 5543 1516 5611 euifraudi
1560 5538 1863 5611 fueritidem
1894 5532 2168 5586 monasterii
2194 5544 2284 5579 no-

709 5581 914 5609 Huctul,
942 5581 1240 5611 ιιιιιιιιυωη,
1259 5581 1337 5595 νυ.
1364 5581 1516 5593 ...ιν-..ι
1562 5581 1708 5589 ..η-ν-.-
1733 5581 1862 5585 ---η-
1894 5581 2049 5586 ﬁ-..“
2084 5581 2091 5583 _

708 5628 845 5669 men,
868 5626 965 5669 quo
991 5620 1042 5660 et
1060 5608 1309 5669 inchoatur
1331 5605 1413 5669 illa
1436 5609 1490 5652 et
1513 5598 1831 5650 concluditur.
1886 5661 1923 5669 μ
1974 5667 1987 5669 Α
2006 5665 2055 5669 μ
2076 5606 2091 5669 1‘

869 5650 1320 5721 ‘liiéni'ii's'iinaib
1333 5650 1629 5724 Hieronymo
1649 5661 1945 5724 suggerente,
1972 5665 2060 5717 pro
2075 5652 2123 5702 id
2144 5650 2290 5716 officii

708 5738 1026 5797 comptum.

1869 296 1924 353 5·
1963 285 2341 351 mum
2381 281 2562 338 “TA.

2289 398 2447 455 Modo
2485 393 2774 451 humilibus
2816 389 3049 446 suaviter
3080 384 3389 452 blandiens,
3422 382 3582 440 modo
3609 387 3893 456 superbo-

2288 507 2407 547 rum
2458 490 2597 545 colla
2653 484 3033 557 conlringens,
3092 481 3255 536 modo
3306 479 3710 549 derogatoribus
3762 480 3889 534 suis

2289 582 2458 637 vicem
2487 575 2789 634 necessaria
2826 572 3174 629 mordacitate
3212 568 3547 639 rependens,
3578 568 3737 623 modo
3765 570 3889 622 vir-

2290 674 2570 744 ginitatem
2604 669 2924 741 praedicans,
2957 664 3118 720 modo
3148 660 3486 718 matrimonia
3513 668 3657 715 casta
3684 659 3892 714 defen-

2294 765 2449 827 dens,
2477 763 2639 817 modo
2666 761 2916 815 virtutum
2944 754 3236 811 certamina
3274 752 3504 824 gloriosa
3545 749 3893 814 collaudans,

2296 856 2458 913 modo
2497 856 2679 924 lapsus
2726 853 2781 907 in
2824 849 3039 906 clericis
3076 848 3188 902 sive
3236 842 3515 900 monachis
3534 841 3900 897 vehementer

2298 960 2574 1004 accusans.
2614 944 2715 1013 Qui
2754 942 2913 998 etiam
2952 940 3078 994 dum
3112 937 3287 992 adhuc
3330 936 3515 990 Roma:
3553 949 3706 989 suum
3755 934 3899 988 titu-

2300 1040 2409 1095 lum
2437 1038 2507 1113 (c)
2535 1032 2860 1093 Cardinalitii
2904 1032 3301 1103 presbyteratus
3333 1028 3385 1082 in
3417 1026 3651 1082 Ecclesia
3679 1034 3895 1079 sancta:

2302 1131 2598 1187 Anastasite
2625 1127 2968 1199 gubernaret.
2994 1132 3102 1178 tres
3128 1120 3352 1175 clericos
3392 1117 3538 1172 nulla
3576 1117 3678 1171 alia
3721 1125 3901 1171 eausa

2304 1223 2629 1292 culpabiles,
2660 1220 2761 1274 nisi
2790 1218 2912 1288 quia
2944 1213 3246 1269 inordinate
3274 1218 3330 1264 et
3359 1210 3710 1278 incomposite
3736 1208 3904 1262 ince-

2306 1315 2523 1375 dcbant,
2552 1312 2620 1367 ab
2653 1319 2872 1380 aspectu
2897 1322 2996 1361 suo
3022 1320 3085 1360 ac
3108 1317 3289 1359 mensa
3318 1302 3573 1356 continuo
3601 1298 3901 1369 separavit.

2308 1406 2553 1462 lncessus
2600 1402 2742 1458 enim
2792 1397 3210 1467 incompositus,
3252 1393 3476 1449 evidens
3515 1393 3719 1462 signum
3764 1402 3848 1444 est
3884 1430 3901 1452 ,

3771 264 3893 328 ως

2314 1498 2561 1569 quoniam
2590 1503 2762 1549 status
2782 1491 3051 1547 interioris
3079 1488 3308 1544 hominis
3332 1485 3470 1541 male
3489 1493 3569 1539 est
3594 1482 3905 1537 ordinatus.

2316 1588 2472 1647 Unde
2514 1586 2654 1642 idem
2696 1585 2750 1640 in
2776 1585 2881 1637 vita
2925 1588 3124 1636 sancta:
3174 1577 3350 1633 Paula:
3381 1595 3394 1630 :
3422 1576 3521 1630 Per
3550 1573 3906 1635 exteriorem,

2316 1679 2508 1751 inquit,
2542 1678 2810 1731 hominem
2832 1714 2849 1741 ,
2887 1680 2942 1727 et
2980 1669 3250 1725 interioris
3281 1666 3512 1721 hominis
3540 1666 3645 1718 vita
3673 1662 3911 1717 deumn—

2319 1777 2536 1825 Stratur.
2568 1767 2835 1822 Praeterea
2861 1773 3003 1818 tanta
3034 1762 3327 1830 linguarum
3357 1756 3541 1827 peritia
3564 1763 3677 1809 erat
3708 1752 3913 1822 praedi-

2322 1871 2429 1927 tus,
2470 1868 2527 1914 ut
2571 1871 2933 1929 quoscumque
2976 1853 3133 1908 unius
3172 1851 3365 1920 lingua:
3404 1848 3570 1902 libros
3609 1845 3661 1900 in
3710 1860 3915 1900 manus

2323 1952 2630 2020 acciperet:
2661 1948 2758 2003 hos
2800 1947 2851 1999 in
2894 1943 3051 1999 aliam
3080 1943 3307 2012 linguam
3351 1937 3485 1992 nihil
3510 1944 3790 1992 cunctatus
3826 1934 3917 2007 (ά)

2326 2040 2724 2103 transcriberet,
2753 2036 2889 2091 adeo
2918 2044 2979 2090 ut
2996 2032 3244 2088 crederes
3267 2043 3389 2085 esse
3417 2028 3495 2082 sic
3523 2026 3802 2095 scriptum,
3835 2026 3917 2078 ita

2327 2134 2428 2188 hos
2471 2131 2586 2201 ejus
2628 2128 2889 2184 inoffensa
2918 2124 3173 2180 velocitas
3213 2118 3546 2176 relundebat.
3591 2115 3744 2171 Unde
3772 2124 3826 2170 et
3860 2115 3919 2169 in

2328 2223 2727 2295 derogationem
2742 2218 3055 2275 mnmlorum
3073 2227 3289 2269 suorum
3311 2208 3593 2277 quamdam
3614 2206 3917 2277 Epistulam

2331 2317 2411 2373 sic
2449 2294 2754 2381 conclusit:
2789 2307 2900 2363 Nec
2929 2302 3366 2362 lucubratiuncula
3405 2300 3511 2354 liwc
3556 2305 3697 2351 tanta
3738 2304 3809 2349 est
3846 2294 3923 2347 ad

2335 2410 2553 2465 lucerna:
2588 2406 2757 2460 lumen
2780 2444 2797 2470 ,
2839 2400 3069 2455 claritate
3115 2399 3322 2467 perfusa
3349 2408 3367 2447 :
3393 2402 3446 2446 ut
3486 2392 3559 2445 vel
3599 2389 3923 2443 notariorum

2334 2514 2517 2554 manus
2543 2498 2720 2568 lingua
2744 2498 3094 2567 praecurreret.
3124 2488 3226 2542 Per
3254 2485 3392 2540 idem
3411 2493 3618 2555 tempus
3641 2481 3708 2536 ad
3735 2480 3924 2536 Pauli.

2339 2606 2463 2646 num
2485 2604 2549 2644 ex
2581 2592 2828 2643 senatore
2856 2580 3222 2652 presbyterum
3253 2575 3531 2631 miriﬁcam
3572 2570 3930 2644 praedestina-

2339 2685 2416 2737 vit
2443 2679 2756 2750 Epistolam.
2798 2674 2855 2730 ln
2882 2688 2984 2746 qua
3011 2670 3326 2745 mysterium
3356 2665 3774 2735 uniuscujusque
3796 2661 3927 2718 libri

2343 2785 2448 2830 tam
2472 2772 2689 2834 veteris,
2719 2782 2878 2839 quam
2905 2766 3028 2822 novi
3046 2762 3372 2820 Testamenti
3397 2759 3651 2821 breviter,
3678 2769 3928 2810 summa-

2345 2867 2544 2934 timquc
2572 2859 2901 2933 perstrinxit.
2946 2855 3082 2925 Quid
3109 2854 3250 2910 enim
3276 2867 3382 2908 non
3409 2849 3582 2905 solum
3612 2848 3664 2902 in
3690 2845 3890 2901 divinis
3912 2887 3931 2912 ,

2346 2954 2440 3011 sed
2456 2954 2612 3009 etiam
2640 2950 2694 3005 in
2719 2948 3002 3004 mundanis
3027 2945 3218 3001 litteris
3242 2940 3551 3013 Hieronymi
3578 2937 3935 3008 sagacitatem

2347 3047 2515 3102 latere
2552 3041 2757 3114 potuit?
2802 3040 2881 3095 Ex
2919 3038 3111 3110 quibus
3139 3035 3344 3092 scilicet
3379 3031 3662 3088 mundanis
3695 3028 3941 3084 necessi-

2351 3146 2459 3193 tate
2483 3133 2802 3207 quandoque
2831 3130 3150 3201 cogebatur,
3191 3124 3433 3182 nonnihil
3475 3122 3587 3179 suis
3630 3119 3942 3176 immiscere

2351 3227 2693 3286 Tractatibus
2720 3242 2735 3279 :
2772 3232 2829 3280 ut
2856 3222 3107 3294 probaret
3133 3234 3196 3275 ea
3224 3232 3345 3289 qua:
3367 3230 3398 3270 a
3423 3213 3624 3270 sanctis
3653 3209 3945 3281 Prophetis

2354 3330 2479 3376 ante
2499 3317 2690 3373 smcula
2723 3314 2974 3387 prazdicta
2995 3320 3140 3376 sunt,
3163 3318 3271 3364 tam
3306 3308 3613 3364 Gmcorum
3641 3317 3801 3374 quam
3833 3300 3947 3356 La-

2358 3413 2588 3467 tinorum
2630 3416 2686 3463 et
2722 3406 2946 3461 aliarum
2989 3400 3226 3473 gentium
3256 3398 3449 3454 litteris
3488 3393 3775 3451 contineri.
3819 3391 3948 3447 Non

2358 3502 2501 3558 ettim
2525 3495 2849 3554 credendum
2880 3503 2963 3549 est
2991 3492 3042 3547 id
3072 3503 3142 3548 eo
3166 3490 3362 3546 factum
3384 3520 3402 3555 ,
3433 3485 3576 3557 quod
3604 3484 3724 3539 libri
3750 3480 3950 3538 Genti-

2362 3591 2489 3647 lium
2523 3596 2797 3656 tantopere
2818 3584 2961 3638 illius
2986 3582 3318 3637 oblectarent
3344 3585 3578 3633 mentem
3599 3614 3614 3639 ,
3641 3587 3767 3630 cum
3794 3571 3952 3643 prius

2363 3683 2631 3752 aliquanto
2660 3677 2727 3732 ad
2752 3676 2971 3733 caeleste
2999 3680 3262 3729 retractus
3286 3682 3532 3735 examen,
3556 3679 3657 3739 pro
3680 3662 3953 3733 ejusmrdi

2367 3771 2595 3830 lectione
2625 3780 2811 3839 punias
2846 3766 3034 3820 luisset
3068 3762 3250 3817 divino
3275 3773 3339 3814 ac
3362 3757 3583 3815 salutari
3611 3753 3839 3809 verbere
3862 3767 3960 3807 ca-

2367 3866 2611 3935 stigatus.
2639 3859 2792 3929 Quod
2822 3857 3052 3929 qualiter
3089 3864 3264 3909 actum
3294 3852 3385 3919 sit,
3428 3850 3482 3905 in
3520 3847 3778 3920 prmdicta
3820 3845 3961 3915 Epi-

2370 3956 2505 4013 stola
2542 3953 2609 4009 ad
2646 3950 2997 4007 Eustochium
3042 3946 3235 4016 legitur
3274 3942 3464 4000 eodem
3507 3940 3838 4010 Hieronymo
3879 3937 3965 3991 sic

2371 4050 2510 4105 inter
2547 4045 2652 4100 alia
2689 4041 2954 4097 referente
2980 4054 2995 4092 :
3026 4037 3161 4091 Dum
3190 4042 3308 4089 ante
3342 4033 3493 4088 etiam
3524 4045 3684 4084 annos
3709 4029 3969 4098 plurimos

2373 4138 2545 4205 domo,
2578 4132 2903 4207 parentibus,
2940 4128 3165 4200 cognatis
3202 4135 3248 4181 et
3286 4123 3422 4195 quod
3464 4122 3543 4177 his
3584 4118 3843 4192 diﬁcilius
3866 4129 3967 4184 est,

2374 4228 2731 4286 consuetudine
2755 4223 2982 4280 lautioris
3002 4220 3097 4275 cibi
3118 4227 3324 4291 propter
3344 4217 3581 4272 calorum
3603 4230 3681 4268 me
3696 4228 3861 4284 regna
3882 4230 3974 4267 ea-

2375 4333 2633 4385 strassem,
2655 4328 2701 4372 et
2724 4313 3134 4385 Hierosolymam
3153 4310 3458 4365 militaturus
3482 4321 3760 4379 pergerem,
3782 4304 3977 4358 biblio-

2379 4416 2521 4470 theca
2539 4427 2691 4483 quam
2715 4408 2840 4463 mihi
2871 4406 3045 4461 Romae
3064 4419 3260 4459 summa
3277 4400 3444 4455 studio
3460 4415 3519 4452 ac
3540 4397 3711 4451 labare
3724 4398 3978 4466 confece-

2379 4523 2511 4574 ram,
2533 4518 2703 4560 carere
2722 4517 2824 4555 non
2844 4508 3089 4569 poteram.
3110 4494 3294 4567 Itaque
3312 4492 3462 4546 miser
3481 4505 3571 4561 ego
3592 4489 3820 4543 lecturus
3838 4487 3979 4542 Tul-

2382 4603 2506 4657 lium
2527 4639 2541 4663 ,
2563 4594 2861 4669 jejuuabam
2889 4604 2909 4647 :
2939 4598 3051 4662 post
3088 4588 3310 4642 noctium
3344 4583 3542 4637 crebras
3578 4579 3779 4655 uigilias
3800 4620 3819 4647 ,
3867 4589 3984 4650 post

2384 4695 2656 4762 lacrumas,
2692 4700 2804 4757 qua:
2829 4682 2953 4737 mihi
2998 4678 3365 4751 praterit‘brum
3388 4682 3606 4745 peccatot
3620 4685 3705 4727 Im
3727 4672 3987 4723 recorda-

2385 4759 2520 4839 tione
2551 4796 2615 4835 ea:
2651 4776 2839 4833 intimis
2865 4770 3132 4829 visceribus
3149 4765 3372 4839 ﬂuebant
3391 4805 3406 4828 ,
3428 4762 3583 4818 Plato
3604 4759 3908 4814 sumebatur
3933 4760 3985 4812 in

2386 4871 2637 4928 manibus.
2670 4868 2731 4924 St
2749 4864 2951 4938 quando
2972 4862 3024 4916 in
3046 4858 3334 4928 memetipso
3354 4867 3576 4908 reversus
3596 4848 3902 4916 PrOphetas
3926 4851 3986 4901 le-

2386 4980 2503 5037 gere
2530 4962 2805 5032 caepissem,
2832 4970 2994 5011 sermo
3018 4950 3249 5007 horrebat
3276 4945 3515 5001 incultus.
3557 4940 3624 4996 Et
3651 4939 3777 5010 quia
3805 4942 3986 4995 lurrren

2388 5031 2534 5111 crucis
2550 5051 2709 5108 oculis
2724 5064 2825 5103 non
2842 5044 3069 5101 videbam
3081 5059 3101 5097 :
3116 5056 3218 5095 non
3230 5034 3491 5093 oculorum
3513 5031 3753 5103 putabam
3769 5032 3986 5097 culpam

2389 5163 2517 5212 esse,
2545 5146 2636 5199 sed
2659 5141 2803 5197 solis.
2835 5136 3071 5204 Dumque
3093 5132 3167 5188 ita
3190 5146 3271 5185 me
3294 5127 3532 5196 antiquus
3556 5137 3766 5191 serpens
3793 5120 3988 5175 illude—

2455 5260 3430 5352 .tci_eas_eec..ve2itet§32r2:39re
3739 5254 3988 5352 sese

2391 5318 2885 5448 nauigamus“
2907 5318 3198 5402 inot-Jcclisia
3217 5326 3406 5375 sanctis
3427 5318 3692 5393 Amm.
3692 5354 3710 5377 ς
3749 5329 3873 5381 qua
3905 5328 3988 5365 88‘

2392 5404 2616 5469 sutore"
2688 5409 2746 5469 ,ο
2767 5389 3160 5469 ωρμγετέεεηέιέε
3182 5386 3895 5469 [εξ.ἒέιὶἓξ¹μ“ἐη¹2.ξτὲἒῗὲι.λιηρειηρ
3913 5447 3988 5469 η.

2465 5430 3895 5529 Wtimaﬁuéixﬁéﬂfﬂi‘tﬁeqﬂ‘2')???“
3913 5447 3988 5529 ἐς

2419 5499 3410 5580 satia-trasennae.propagatae
3426 5499 3676 5580 rew-
3693 5499 3993 5580 Peuces:

2449 5554 3441 5638 ἒᾌοίέίέδῆᾞίῆῖυῖιιῖὶὰῡῆιᾷιὴοᾳιὰ
3449 5571 3582 5638 tanta
3590 5560 3662 5616 est
3672 5558 3751 5638 Α
3760 5554 3993 5638 lucernas

2400 5620 3051 5701 ἶῗιῖξῖπιτέιὲἶῖιῖιῖῖήῆιὶὼ)
3061 5627 3464 5694 quemadmodum
3484 5627 3639 5677 satius
3658 5620 3840 5687 utique
3861 5625 3992 5675 esset

2400 5698 2800 5765 locumrellgcre.
2838 5698 2850 5701 ⁷
3568 5750 3573 5757 ι
3614 5740 3641 5748 Ἴ
