4050 6188
99 293 184 347 KV)

109 423 196 476 ret,
219 411 271 462 in
293 411 480 466 media
510 417 690 487 [et-itte
701 396 1080 487 quadragesima
1101 412 1333 467 medullis
1355 413 1525 482 infusa
1542 412 1720 480 febris,

126 519 294 575 carpus
339 505 544 559 invasit
589 509 896 563 exhaustum
927 516 1012 560 :et
1053 507 1162 559 sine
1195 507 1300 558 ulla
1343 505 1532 573 requie,
1588 504 1722 572 quod

126 601 257 651 dictu
281 613 488 666 quoque
520 597 859 662 incredibile,
901 598 972 650 sic
998 594 1224 664 infelicia
1253 594 1474 648 membra
1508 593 1721 661 depasta

127 702 220 752 est,
241 702 298 744 ut
321 694 409 745 uia:
433 692 641 746 ossibus
677 691 875 744 interim
903 690 1214 757 parabantur
1239 687 1460 757 acequite
1486 695 1534 740 et
1560 683 1725 740 vitalis

131 783 319 836 animo:
346 783 512 845 calor,
541 792 651 835 toto
675 783 785 852 jam
813 781 1108 849 [rigescente
1133 795 1364 846 corpore,
1396 777 1447 830 in
1477 777 1586 830 solo
1612 786 1725 830 tan—

132 887 238 926 tum
281 883 486 941 repente
515 873 812 942 pectusculo
851 871 1148 940 palpitabat.
1179 869 1318 922 Tunc
1356 869 1522 921 subito
1546 876 1725 936 raptus

130 969 184 1017 in
227 965 442 1034 spiritu,
485 963 554 1016 ad
596 962 820 1015 tribunal
850 961 1043 1031 judicis
1073 961 1338 1030 pertrahor
1363 973 1384 1010 :
1409 957 1492 1011 ubi
1528 967 1725 1010 tantum

134 1057 345 1110 lutniuis
390 1066 499 1109 erat
537 1071 603 1108 ea:
630 1052 1061 1107 circumstantium
1100 1051 1352 1115 claritate,
1385 1050 1618 1120 fulgoris,
1670 1056 1723 1100 ut

137 1150 399 1218 projectus
427 1147 482 1200 in
509 1156 694 1198 terram
724 1158 922 1198 sursum
953 1143 1176 1212 aspicere
1209 1157 1310 1195 non
1337 1141 1594 1193 auderem.
1627 1139 1724 1190 ln-

136 1249 429 1309 terrogatus
457 1237 814 1299 conditionem,
843 1233 1182 1288 Christianum
1223 1249 1302 1285 nte
1328 1247 1435 1285 esse
1468 1229 1724 1297 respondi.

140 1331 203 1384 Et
224 1329 323 1382 ille
347 1330 436 1398 qui
462 1327 761 1394 praesidebat
789 1341 808 1378 :
841 1324 1096 1386 Mentiris,
1139 1324 1248 1376 ait:
1270 1321 1628 1375 Ciceronianus
1652 1336 1724 1383 es,

140 1439 241 1475 non
277 1420 622 1474 Christianus.
653 1415 754 1470 Ubi
777 1415 909 1468 enim
936 1425 1007 1467 est
1037 1415 1303 1467 thesaurus
1332 1421 1466 1476 tuus,
1494 1409 1560 1462 ibi
1589 1419 1662 1463 est
1685 1419 1728 1462 et

142 1531 227 1568 cor
247 1525 421 1566 tuum.
455 1509 601 1563 Illico
621 1508 866 1569 obmutui,
891 1516 938 1560 et
964 1507 1091 1558 inter
1117 1505 1318 1557 uerbera
1347 1503 1487 1573 (nam
1509 1502 1635 1555 credi
1654 1517 1731 1555 me

141 1602 392 1676 iusserat)
435 1618 525 1672 ego
550 1601 868 1654 conscientia:
905 1597 1067 1669 magis
1107 1601 1224 1668 igne
1268 1595 1553 1666 torquebar,
1583 1593 1729 1647 illttm

138 1711 340 1749 mecum
391 1693 689 1747 versiculum
733 1700 957 1760 repetens
987 1703 1005 1742 :
1035 1688 1090 1742 In
1136 1687 1346 1741 inferno
1385 1694 1562 1739 autem
1611 1685 1730 1752 quis

135 1787 490 1842 conﬁtebitur
529 1784 660 1839 tibi?
704 1785 924 1836 clamare
973 1790 1078 1834 tum
1121 1781 1268 1848 carpi,
1308 1787 1353 1833 et
1399 1778 1598 1849 ejnlans
1643 1777 1727 1829 di-

135 1895 252 1932 cere
277 1895 297 1931 :
326 1877 572 1931 Miserere
612 1875 706 1928 mei
753 1872 989 1928 Domine.
1031 1872 1264 1925 miserere
1302 1871 1420 1924 mei.
1465 1869 1592 1922 Haec
1633 1882 1730 1920 vox

135 1974 273 2025 inter
293 1969 504 2040 ﬂagella
529 1967 714 2036 sacpius
751 1962 1038 2019 resonabat.
1068 1961 1293 2016 Tandem
1313 1961 1381 2014 ad
1411 1959 1728 2030 praesidentis

137 2079 310 2133 genua
338 2059 613 2132 provoluti,
645 2057 730 2128 qui
768 2056 1049 2119 astiterant,
1095 2053 1427 2124 precabantur
1451 2061 1504 2104 ut
1531 2051 1728 2104 veniam

138 2154 387 2206 tribueret
410 2147 782 2211 adolescentiae,
804 2155 850 2199 et
876 2147 1033 2198 errori
1062 2145 1227 2197 locum
1261 2142 1566 2211 paenitentia:
1588 2155 1732 2192 com~

138 2242 400 2303 maderet,
416 2247 682 2292 exacturus
707 2236 884 2290 deinde
909 2234 1212 2298 cruciatum,
1240 2233 1284 2286 si
1308 2232 1570 2302 gentilium
1600 2231 1731 2284 litte-

135 2349 316 2385 rarum
348 2329 624 2401 aliquando
651 2329 803 2381 libros
827 2327 1075 2397 legissem.
1112 2323 1220 2394 Ego
1244 2325 1326 2393 qui
1355 2332 1494 2376 tattto
1519 2321 1734 2376 constri-

137 2435 255 2477 ctus
279 2421 518 2486 articulo,
553 2420 730 2474 vellem
760 2419 911 2471 etiam
950 2417 1148 2485 majora
1172 2415 1476 2484 promittere,
1508 2414 1736 2482 dejerare

138 2516 293 2585 ctrpi,
317 2524 367 2567 et
388 2528 568 2566 nomen
588 2513 698 2579 ejus
713 2509 963 2563 obtestans
979 2509 1144 2561 dicere
1165 2503 1433 2570 :Domine,
1447 2509 1489 2559 si
1509 2516 1734 2574 unquam

139 2609 372 2660 habuero
412 2605 615 2658 codices
653 2603 944 2666 sccculares,
991 2610 1077 2654 aut
1114 2600 1156 2654 si
1202 2599 1388 2669 legero,
1439 2608 1484 2652 te
1534 2598 1729 2667 negavi.

141 2697 294 2750 Inter
323 2701 433 2750 hiet:
477 2693 781 2748 sacramenti
809 2692 957 2745 verba
984 2691 1242 2756 dimissus,
1268 2700 1493 2742 revertor
1524 2705 1555 2741 a
1588 2705 1735 2758 supe-

142 2789 216 2840 ris
241 2804 262 2841 :
295 2795 348 2839 et
390 2783 694 2839 mirantibus
737 2782 930 2836 cunctis
964 2781 1137 2835 oculos
1165 2779 1359 2850 aperio,
1391 2787 1529 2832 tanto
1568 2778 1734 2847 lacry-

142 2893 351 2930 tuarum
378 2876 538 2929 imbre
562 2875 818 2944 perfusos,
849 2882 906 2926 ut
934 2872 1084 2925 etiam
1117 2870 1390 2923 incredulis
1413 2868 1564 2937 ﬁdem
1595 2871 1734 2939 face-

143 2983 252 3021 rem
281 2983 350 3020 ea:
391 2966 587 3020 dolore.
623 2962 736 3016 Nec
764 2977 878 3016 vero
925 2977 1078 3032 sopor
1109 2961 1198 3014 ille
1236 2963 1422 3029 fuerat,
1474 2968 1563 3011 aut
1606 2972 1736 3011 vana

145 3058 371 3120 somnia,
389 3055 568 3124 quibus
589 3069 724 3122 saepe
743 3052 1047 3105 deludimur.
1075 3049 1218 3104 Teste
1243 3059 1316 3103 est
1337 3047 1561 3101 tribunal
1580 3046 1730 3110 illud,

146 3158 265 3202 ante
288 3146 431 3215 quod
448 3145 612 3216 jacui.
644 3143 675 3196 J
684 3143 908 3196 udicium
946 3150 1067 3194 teste
1095 3149 1188 3201 est,
1230 3139 1366 3205 quod
1391 3139 1556 3191 timui.
1589 3136 1739 3191 Ultra

147 3241 275 3293 mihi
305 3253 566 3308 nunquam
594 3235 852 3303 contingat
876 3233 928 3285 in
959 3231 1112 3284 talem
1149 3230 1367 3282 incidere
1387 3228 1733 3297 quaestionem.

149 3331 289 3385 Nam
321 3330 489 3398 fateor
528 3325 814 3380 uulneribus
858 3321 1092 3375 habuisse
1138 3335 1216 3374 me
1257 3319 1434 3389 plenas
1477 3319 1735 3388 scapulas,

146 3426 333 3497 plagas
374 3422 588 3478 sensisse
629 3429 738 3490 post
777 3417 1048 3478 somnium,
1091 3423 1140 3467 et
1175 3421 1316 3466 tanto
1352 3412 1534 3466 deliine
1569 3411 1738 3466 studio

146 3519 322 3571 dicina
348 3515 548 3586 legisse,
573 3520 761 3582 quanto
790 3525 889 3562 non
933 3517 1050 3560 ante
1085 3506 1321 3559 mortalia
1345 3506 1582 3576 legeram.
1609 3503 1740 3560 Post

148 3611 264 3664 haec
309 3609 493 3677 itaque
540 3619 661 3660 cum
693 3601 919 3672 quadam
953 3598 1041 3654 die
1085 3611 1265 3652 sacras
1293 3597 1598 3666 Scripturas
1623 3596 1736 3650 fra-

147 3703 323 3756 tribus
357 3715 423 3754 ex
453 3712 607 3751 tnore
635 3695 945 3756 dissereret,
993 3689 1170 3744 subito
1201 3688 1373 3742 tribus
1405 3687 1732 3754 claudicans,

147 3801 344 3862 quarto
388 3800 654 3858 suspenso
689 3783 825 3854 pede
871 3783 1101 3836 claustra
1141 3779 1373 3835 emnobii
1417 3778 1504 3833 leo
1548 3777 1736 3848 ingens

147 3883 471 3954 ingreditur.
519 3879 762 3946 Cumque
807 3875 1001 3929 fratres
1047 3871 1216 3927 territi
1255 3870 1434 3941 fugam
1481 3870 1736 3940 arripuis-

147 3987 292 4041 sent,
333 3974 419 4028 vir
461 3971 557 4027 Dei
581 3969 747 4025 veluti
779 3966 973 4037 liOSpiti
999 3963 1309 4019 adventanti
1340 3977 1402 4018 se
1431 3963 1621 4016 obtulit
1645 3980 1658 4015 :
1683 3970 1737 4018 et

149 4071 462 4140 intelligens
485 4067 720 4136 plantam
745 4063 862 4132 ejus
885 4077 914 4115 a
957 4059 1198 4116 sentibus
1218 4058 1571 4125 vulneratam,
1602 4073 1738 4128 pra:-

149 4162 294 4233 cepit
345 4157 625 4223 fratribus,
680 4164 739 4210 ut
780 4163 987 4209 terrore
1029 4149 1294 4221 deposito,
1335 4165 1517 4203 curam
1571 4152 1736 4218 ipsius

149 4264 430 4326 gererent.
459 4249 612 4318 Quod
641 4263 764 4304 cum
811 4245 1038 4301 sollicite
1066 4244 1240 4308 fieret,
1279 4242 1424 4296 omni
1461 4241 1736 4297 ferocitate

149 4347 421 4418 deposita,
467 4344 538 4397 ita
571 4342 657 4396 leo
698 4347 1006 4394 mansuetus
1063 4333 1316 4398 efﬁcitur,
1365 4341 1424 4388 ut
1461 4333 1510 4388 ei
1544 4332 1736 4388 fratres

144 4439 303 4509 jussu
344 4436 482 4492 beati
522 4432 833 4503 Hieronymi
871 4430 1077 4484 asinum
1104 4426 1391 4498 quemdam
1436 4425 1736 4480 committe-

153 4537 296 4598 rent,
322 4547 479 4601 quem
506 4530 574 4584 ab
601 4541 767 4598 opere
808 4523 1118 4579 redeuntem
1158 4521 1212 4576 in
1253 4519 1467 4591 pascuis
1493 4516 1735 4574 custodi-

150 4632 254 4677 ret.
306 4621 516 4677 Accidit
558 4622 766 4674 intcrea
794 4629 895 4670 una
927 4613 1156 4678 dierum,
1195 4620 1253 4665 ut
1293 4618 1546 4680 soporato
1580 4609 1736 4663 leone

153 4712 514 4783 negotiatores
544 4709 758 4778 quidam
787 4707 875 4776 qui
909 4704 1195 4774 tEgyptum
1224 4701 1461 4765 adibant,
1493 4699 1736 4754 videntes

151 4804 363 4856 asinum
400 4801 694 4870 solivagum
728 4795 1081 4860 incedentem,
1123 4792 1414 4862 cupiditate
1443 4790 1590 4856 victi,
1635 4805 1734 4844 suo

149 4908 272 4947 eum
314 4890 587 4945 comitatui
631 4894 1066 4958 aggregaverunt.
1107 4881 1520 4952 Expergefaetus
1557 4889 1734 4935 autem

149 4983 254 5047 leo,
292 4995 415 5034 cum
441 4978 774 5033 commissam
803 4977 899 5032 sibi
931 4975 1154 5031 bestiam
1176 4974 1397 5027 minime
1426 4971 1731 5041 reperisset,

151 5071 408 5127 confusus
433 5067 502 5121 ad
525 5067 897 5122 monasterium
928 5064 1084 5120 rediit
1112 5081 1126 5118 :
1149 5073 1203 5118 et
1231 5062 1379 5133 quasi
1403 5063 1571 5130 culpa:
1600 5075 1730 5114 con-

150 5163 309 5231 scius,
337 5175 629 5218 commune
666 5159 1055 5228 receptaculum
1087 5156 1235 5212 solus
1275 5153 1478 5224 ingredi
1505 5169 1611 5207 non
1641 5165 1734 5206 au-

151 5254 320 5309 debat.
354 5250 510 5319 Quod
553 5250 750 5304 fratres
775 5261 878 5302 una
916 5263 1037 5302 cum
1075 5247 1230 5301 beato
1259 5245 1584 5315 Hieronymo
1612 5257 1734 5311 per-

152 5345 453 5414 pendentes,
482 5341 764 5397 absentem
791 5338 997 5393 asinum
1028 5336 1096 5391 ab
1125 5336 1214 5389 illo
1239 5334 1546 5390 existimant
1570 5332 1732 5387 devo—

149 5445 328 5491 ratum.
373 5434 644 5490 Nolentes
689 5437 867 5483 tamen
894 5443 1013 5483 eum
1058 5441 1405 5496 exasperare,
1437 5423 1650 5479 abducti
1681 5423 1732 5478 ei

144 5529 373 5584 animalis
409 5538 554 5596 opus
582 5520 871 5591 injuugunt
903 5537 916 5574 :
949 5527 1010 5575 ut
1049 5520 1254 5576 scilicet
1280 5532 1344 5574 ea
1373 5516 1540 5573 ferret
1565 5529 1730 5570 onera

138 5641 238 5698 qua:
275 5627 432 5700 prius
471 5620 669 5677 asinus
708 5623 921 5701 gestare
967 5620 1338 5670 consueverat.
1388 5609 1498 5666 Nec
1534 5609 1728 5664 mirum

132 5719 366 5780 fratribus
416 5715 754 5772 innocenter
796 5700 1116 5771 viventibus,
1161 5706 1371 5762 leonem
1413 5700 1726 5774 obsequium

1409 302 1468 354 S.
1513 299 1881 356 ΙΙΙΕΒΟΝΫΜΙ
1921 301 2100 356 \'I'l'.-\.

3317 325 3416 382 μοι

1840 414 2150 482 przebuisse,
2178 430 2301 470 cum
2337 417 2388 471 in
2420 419 2780 475 testimonium
2806 427 2990 493 prima:
3029 434 3312 493 crcationis
3339 439 3416 494 ie-

1833 519 2023 572 gamus
2060 505 2188 560 viris
2236 509 2434 561 sanctis
2477 509 2588 564 Deo
2635 510 2905 569 humiliter
2946 519 3319 582 famulantith
3359 540 3414 586 et

1833 594 2015 648 leones
2042 605 2096 650 et
2134 597 2368 652 volatilia
2399 601 2748 668 tniniStrasse,
2783 614 2836 659 et
2862 606 2995 661 ictus
3024 587 3251 673 cessisse
3275 618 3414 677 fera.

1831 698 1971 750 rum,
2002 695 2055 740 et
2095 702 2362 744 venenum
2408 706 2512 746 non
2559 696 2807 751 nocuisse
2835 711 3166 769 serpentum.
3194 707 3266 761 lta
3290 727 3410 768 cum

1832 773 1918 871 leo
1975 775 2268 871 injunctum
2326 779 2427 835 sibi
2489 798 2624 852 opus
2688 787 3058 846 indesinenter
3116 801 3411 871 exequitur,

1831 865 2172 960 diequadatn
2195 870 2263 924 de
2283 871 2499 927 sublimi
2527 877 2857 946 prospiciens
2887 881 3140 950 pra-fatos
3164 865 3413 960 viatores,

1831 957 1960 1012 vidit
1987 960 2200 1016 eminus
2227 963 2520 1029 venientes,
2553 976 2608 1022 et
2634 983 2754 1022 cum
2785 974 3007 1027 camelis
3033 990 3220 1034 eorum
3264 957 3415 1037 suum

1833 1046 1982 1101 illum
2035 1051 2309 1106 comitem.
2368 1054 2486 1108 Mox
2530 1060 2682 1126 quasi
2733 1059 3082 1131 deprehensis
3127 1069 3415 1137 hostibus,

1833 1137 2066 1228 immane
2095 1143 2310 1212 rugiens
2337 1152 2392 1198 et
2432 1158 2617 1202 contra
2662 1165 2756 1203 eos
2783 1151 3129 1212 vehementer
3151 1159 3414 1228 insiliens,

1833 1225 2076 1284 homines
2101 1229 2155 1284 itt
2183 1231 2391 1288 diversa
2419 1235 2690 1305 dispersit.
2719 1240 2965 1299 Camelos
2992 1257 3170 1304 autem
3196 1225 3417 1311 onustos

1833 1333 1936 1412 una
1967 1334 2086 1412 cum
2126 1324 2279 1378 asino
2305 1340 2521 1396 cogens,
2560 1329 2624 1383 ad
2656 1332 2869 1388 claustri
2912 1349 3116 1405 portam
3148 1344 3412 1412 perduxit.

1833 1408 2226 1508 ilirati‘fratres
2253 1430 2372 1470 cum
2399 1418 2514 1473 lia-c
2541 1424 2844 1480 retulissent
2883 1427 3038 1484 beato
3066 1408 3413 1508 ilieronytno,

1828 1499 1989 1593 jussit
2019 1503 2110 1558 ille
2130 1505 2386 1573 depositis
2411 1513 2684 1577 oneribus,
2709 1518 3032 1576 camelorum
3064 1526 3223 1593 pedes
3249 1499 3413 1592 sum,

1833 1591 2232 1695 eisquepabula
2263 1601 2477 1668 apponi,
2508 1612 2666 1673 atque
2684 1591 3096 1670 adventantibus
3120 1619 3418 1687 hOSplliblls

1833 1690 2467 1777 conv'ivium‘prmparari.
2499 1692 2566 1746 Et
2591 1709 2716 1750 ecce
2743 1697 2819 1750 illi
2840 1703 3095 1759 continuo
3118 1709 3412 1777 venientes,

1832 1769 1898 1826 ad
1939 1775 2107 1828 sancti
2134 1775 2304 1832 Patris
2345 1782 2564 1852 vestigia
2612 1801 2672 1840 se
2697 1801 3118 1861 pr05traverunt,
3161 1799 3230 1853 dc
3269 1769 3418 1856 com;

1834 1865 2182 1962 misso-furto
2225 1872 2433 1926 veniam
2489 1877 2838 1942 postulantes.
2895 1884 2993 1951 Qui
3039 1903 3134 1942 eos
3187 1890 3418 1962 benigne

1835 1956 2146 2047 suscipiens,
2175 1959 2240 2014 ad
2264 1963 2454 2017 cellam
2483 1966 2752 2036 ImSpitum
2783 1987 2902 2028 cum
2931 1992 3118 2047 magna
3145 1956 3416 2040 hilaritate

1835 2044 2072 2142 deduxit.
2091 2048 2345 2142 videntes
2365 2053 2439 2106 illi
2468 2056 2520 2110 in
2541 2072 2700 2115 servo
2719 2061 2808 2116 Dei
2834 2044 3040 2121 tantam
3053 2070 3413 2142 clementiam,

1836 2137 2068 2194 medium
2103 2141 2208 2196 olei
2233 2145 2373 2213 quod
2395 2147 2462 2202 de
2491 2148 2723 2221 Egypto
2757 2159 3062 2224 attulerant,
3094 2137 3419 2221 monasterzo

1836 2225 2161 2325 obtulerunt.
2208 2232 2464 2325 Quodque
2502 2239 2721 2310 singulis
2763 2247 2914 2301 annis
2958 2253 3213 2321 tanripsi,
3259 2273 3416 2325 quant

1837 2330 2024 2371 cormn
2057 2318 2298 2378 Increch
2327 2326 2537 2394 plenam
2570 2332 2674 2385 olei
2715 2332 2957 2404 hydriam
3002 2340 3053 2393 in
3092 2318 3419 2402 eodem-ea:-

1838 2407 1998 2462 nobio
2027 2408 2368 2469 devotissime
2395 2421 2812 2487 spoponderunt.
2843 2425 2988 2493 Quos
3009 2429 3194 2487 beatus
3225 2435 3417 2490 Hiero-

1839 2514 2029 2596 nymus
2055 2501 2281 2596 benigna
2326 2514 2740 2570 commonitione
2782 2517 3032 2587 refectos,
3065 2533 3118 2579 et
3155 2527 3415 2596 spirituali

1837 2589 2209 2651 benedictione
2265 2599 2592 2670 roboratus,
2637 2607 2690 2661 in
2748 2625 2877 2678 pace
2932 2589 3415 2680 dimisit-interea

1838 2686 2158 2786 venerabilis
2188 2689 2369 2758 Paula,
2412 2698 2564 2764 cujus
2607 2713 2764 2769 supra
2797 2703 3018 2761 fecimus
3067 2714 3415 2783 mentionem,

1837 2773 2451 2878 admirans-religiosam
2480 2789 2638 2844 vitam
2677 2799 3088 2856 reverendorum
3129 2773 3419 2878 Episcoch

1839 2879 1976 2959 rum,
2003 2868 2206 2959 f’aulini
2227 2875 2431 2932 scilicet
2457 2881 2793 2953 Antiocheni,
2817 2901 2870 2941 et
2891 2868 3420 2959 Epipltaltii-Snlat-tti-

1838 2970 1921 3058 na:
1948 2955 2045 3058 la),
2073 2975 2208 3028 quos
2245 2965 2401 3058 sedes
2429 2969 2732 3038 Apostolica
2762 2991 2857 3043 pro
2882 2955 3196 3046 quibusdam
3215 2979 3418 3043 Eccle-

1839 3050 2071 3104 siasticis
2098 3055 2324 3148 negotiis
2353 3057 2624 3114 detinebat
2655 3079 2670 3127 ;
2697 3078 2882 3121 eorum
2923 3078 3080 3139 atque
3109 3073 3419 3148 Hieronymi

1840 3151 2066 3236 accensa
2097 3142 2398 3210 virtutibus,
2443 3150 2626 3204 urbem
2658 3151 2880 3210 Romam
2929 3159 3035 3213 imo
3072 3142 3418 3236 Babyloniam

1841 3229 2091 3324 deserere
2130 3236 2413 3304 cogitabat.
2439 3239 2546 3294 illis
2575 3243 2750 3313 itaque
2788 3247 2853 3301 ad
2895 3250 3052 3306 sedes
3080 3229 3324 3324 proprias
3361 3277 3422 3318 se

1841 3321 2237 3394 recipientibus,
2285 3327 2398 3384 bare
2438 3333 2638 3388 relictis
2680 3337 2823 3403 filiis,
2859 3321 3097 3399 Toxotio
3122 3321 3326 3405 scilicet
3369 3363 3424 3408 et

1843 3413 2090 3480 littftina,
2144 3418 2587 3494 facultatibusque
2637 3427 2910 3498 desertis,
2966 3437 3079 3491 sola
3132 3439 3421 3500 Eustochio

1839 3502 2150 3605 comitante,
2183 3518 2446 3605 toto‘cum
2473 3516 2550 3572 eis
2575 3517 2840 3576 desiderio
2869 3527 3154 3597 navigavit.
3187 3532 3421 3605 Denique

1841 3603 1963 3693 post
2001 3599 2162 3652 multa
2207 3602 2460 3670 pericula,
2507 3607 2903 3683 immensosque
2945 3617 3153 3675 labores
3183 3599 3420 3693 ingressa

1839 3686 2280 3762 Hierosnlymam,
2311 3709 2430 3750 cum
2457 3710 2638 3754 sancta
2670 3703 2784 3758 loca
2815 3707 3214 3768 studiosissime
3239 3686 3420 3783 perlu-

1839 3787 2080 3845 strasset,
2118 3798 2329 3838 reversa
2357 3785 2632 3842 Bethleem
2657 3789 2990 3849 diversorum
3017 3801 3421 3868 peregrinorum

1839 3869 2058 3926 cellulas
2084 3875 2509 3945 monasteriaque
2537 3881 2837 3935 construxit
2865 3899 2879 3935 ε
2907 3883 2976 3938 de
3019 3887 3213 3955 quibus
3239 3905 3424 3946 mona-

1839 3960 2050 4026 steriis,
2101 3962 2256 4018 beato
2301 3963 2618 4032 disponente
2663 3967 3035 4041 Hieronymo,
3079 3990 3241 4031 unum
3294 3981 3423 4034 viris

1841 4051 2053 4105 tradidit
2071 4054 2493 4122 gubernandum.
2523 4059 2768 4130 Virgines
2787 4078 2920 4132 quas
2946 4069 3022 4121 de
3040 4067 3264 4124 diversis
3288 4085 3420 4126 con-

1837 4144 2076 4211 gregavit
2100 4145 2248 4210 locis,
2280 4146 2332 4199 in
2379 4156 2488 4203 tres
2521 4158 2723 4206 turmas
2751 4159 3179 4228 monasteriaque
3218 4161 3418 4219 divisit.

1839 4232 1982 4287 Inter
2009 4247 2140 4302 quas
2179 4244 2322 4289 tanta
2352 4253 2409 4291 se
2438 4238 2735 4296 humilitate
2759 4242 2972 4309 dejecit,
3006 4258 3062 4301 ut
3082 4251 3170 4318 qui
3196 4265 3311 4304 eam
3345 4253 3419 4323 (1))

1839 4326 2097 4393 audisset,
2121 4337 2414 4384 extremam
2437 4332 2681 4387 crederet
2701 4335 3034 4394 ancillarum.
3065 4341 3188 4397 Hze'c
3209 4345 3422 4402 intuens

1839 4429 2054 4474 sorores
2095 4436 2218 4475 suas
2256 4421 2395 4476 circa
2431 4425 2630 4479 cultum
2669 4437 2866 4483 sancta:
2907 4430 2997 4486 Dei
3037 4435 3310 4503 genitricis
3359 4453 3422 4494 ac

1841 4513 2057 4582 virginis
2080 4513 2470 4581 devotissimus,
2495 4517 2648 4573 beato
2675 4519 2994 4594 Hieronymo
3025 4541 3129 4582 una
3156 4540 3276 4582 cunt
3309 4528 3417 4584 filia

1840 4606 2173 4677 supplicavit,
2204 4616 2260 4662 ut
2288 4608 2375 4664 de'
2401 4611 2566 4679 ipsius
2596 4614 2974 4684 Assumptionc
3003 4633 3304 4674 sermonem
3340 4623 3419 4673 fa-

1840 4705 2005 4765 ceret,
2040 4699 2268 4756 -mirifica
2296 4702 2534 4771 ejusdem
2577 4702 2809 4776 Virginis
2839 4710 3099 4777 prteconia
3141 4710 3420 4765 continen-

1839 4798 1968 4845 tem.
1999 4791 2231 4868 Quarum
2277 4793 2416 4862 piam
2457 4795 2764 4863 petitionem
2806 4798 2919 4868 ipse
2957 4800 3152 4867 pariter
3195 4798 3420 4852 devotus

1839 4880 2145 4949 admittens,
2199 4900 2318 4938 cum
2362 4901 2570 4940 summa
2611 4886 2882 4956 diligentia
2928 4886 3066 4955 quod
3113 4886 3415 4954 rogabatur,

1838 4970 2096 5041 implevit.
2143 4974 2219 5028 De
2259 4974 2410 5043 cujus
2453 4985 2635 5030 sancta
2680 4978 2802 5038 vita,
2847 4983 2900 5029 et
2946 4974 3062 5042 ejus
3101 4975 3340 5029 discessu
3388 4993 3416 5030 a
3459 4979 3462 4984 ’

1838 5061 2027 5130 Romo,
2057 5074 2110 5117 et
2133 5079 2414 5132 progressu
2440 5079 2537 5134 per
2567 5065 2727 5128 viam,
2755 5071 2810 5117 et
2837 5075 3052 5115 accessu
3077 5061 3144 5115 ad
3170 5061 3420 5118 Hieroso-

1840 5153 2033 5224 lymam
2062 5155 2412 5222 omnibusque
2441 5153 2724 5222 prsedictis,
2756 5151 2893 5204 idem
2925 5150 3278 5222 Hieronymus
3313 5153 3418 5208 late

1841 5251 2028 5297 tractat
2057 5251 2213 5311 atque
2236 5242 2472 5297 declarat
2497 5243 2549 5296 in
2579 5241 2826 5296 Tractatu
2850 5244 3006 5310 quem
3035 5240 3160 5296 fecit
3180 5241 3254 5296 de‘
3269 5242 3416 5298 obitu

1906 5399 1969 5465 (α)
2000 5397 2194 5465 Addunt
2216 5398 2331 5448 Mss.
2348 5399 2526 5465 quibus
2547 5398 2745 5465 utimur,
2762 5406 2909 5465 (.‘ypr.
2937 5412 2950 5447 :
2978 5405 3142 5465 contra
3164 5411 3280 5448 mox
3295 5400 3418 5465 reti-

1836 5459 2105 5524 cent'atque
2129 5459 2406 5524 Hieronymi
2430 5472 2459 5524 ί
2475 5459 2688 5524 denique
2710 5459 2894 5509 habent
2929 5459 2995 5510 ad
3030 5461 3168 5512 sedes
3189 5460 3416 5524 praprias

1837 5519 2289 5592 remanemus
2306 5519 2659 5592 θρεὲρίεῖιιίιξιιέ-

1906 5585 1969 5650 (b)
2011 5580 2167 5634 lidem’
2183 5580 2293 5650 libri
2317 5580 2417 5633 vidi
2449 5589 2496 5632 et
2512 5594 2529 5632 :
2543 5589 2595 5632 et
2617 5580 2760 5644 paulo
2784 5590 2908 5650 post,
2930 5598 3049 5648 quas
3065 5585 3172 5650 pias
3193 5583 3415 5650 petitione

1838 5644 1917 5697 υἱεῖ
1928 5644 2047 5711 ipse,
2059 5653 2168 5711 etc.
2181 5644 2576 5711 Subsequentem
2591 5655 2712 5693 vero
2730 5644 2979 5711 periodum
3002 5644 3168 5710 totam,
3185 5644 3254 5698 De
3276 5645 3416 5707 cujus

1841 5703 2007 5761 saneta
2024 5703 2138 5770 rita,
2163 5720 2320 5772 usque
2348 5703 2529 5765 Paulle,
2547 5703 2746 5766 prorsus
2767 5706 3004 5768 ignorant.
