4050 6188
599 275 702 330 479

595 409 717 452 mus
746 405 983 464 peracto,
1016 395 1068 448 in
1099 393 1304 464 Syriam
1333 389 1561 460 perrexit
1591 405 1604 442 :
1633 395 1686 440 et
1710 385 1833 440 dum
1875 383 1928 438 in
1961 397 2161 453 posscs-

597 485 750 540 sione
779 484 984 554 Evagrii
1015 480 1302 551 presbyteri
1330 486 1650 543 moraretur,
1685 476 1946 530 Malehum
1977 474 2160 527 Mona-

599 575 757 631 chum
803 583 858 630 et
908 571 1186 642 aliquando
1213 571 1476 637 captivum
1505 570 1736 638 reperit,
1765 577 2164 635 percunctatus-

598 683 705 737 que
729 681 870 730 eum,
896 678 1108 717 omnem
1136 662 1251 731 ejus
1275 662 1592 731 cziptivitatis
1622 661 1826 730 accepit
1851 659 2122 715 historiam
2142 698 2157 722 ,

595 772 751 828 quam
796 763 975 824 postea
1019 753 1184 808 edidit
1229 753 1477 823 scriptam
1523 760 1578 808 et
1619 751 1871 806 Romanis
1917 751 2160 805 ﬁdelibus

594 830 775 908 misil,
826 843 941 898 hcce
993 843 1044 897 in
1099 844 1214 910 ejus
1260 843 1496 898 historias
1543 843 1762 911 prologo
1810 843 2155 896 interserens.

593 933 844 998 Scribere,
869 933 1054 1002 inquit,
1079 933 1328 1003 disposui,
1350 933 1393 986 si
1414 942 1579 987 tamen
1603 931 1742 986 Deus
1765 933 1920 986 vitam
1943 932 2157 997 dederit,

591 1033 640 1077 et
667 1025 712 1077 si
739 1026 1098 1093 vituperatores
1125 1023 1219 1076 mei
1247 1022 1426 1078 saltem
1451 1024 1723 1093 fugientem
1754 1038 1831 1076 me
1857 1031 1902 1076 et
1929 1023 2157 1076 clausum

593 1115 824 1183 persequi
848 1112 1101 1167 desierint.
1124 1116 1196 1183 (a)
1224 1113 1302 1168 Ad
1329 1113 1538 1169 deserta
1567 1113 1760 1168 deinde
1787 1113 1923 1177 loca,
1943 1112 2010 1166 ad
2040 1127 2159 1180 qua:

590 1205 718 1260 olim
740 1205 807 1260 ad
837 1205 1090 1275 agendam
1119 1204 1245 1258 inibi
1277 1205 1639 1274 pmnitentiam
1669 1219 1953 1274 prOperare
1977 1203 2161 1272 cupie-

591 1303 708 1360 rat,
748 1294 818 1349 ita
846 1294 998 1349 hctus
1021 1295 1394 1364 accinctusque
1420 1294 1680 1359 accessit,
1711 1301 1769 1348 ut
1796 1295 2003 1348 volasse
2031 1309 2155 1348 eum

591 1388 762 1458 magis
805 1403 961 1458 quam
1002 1401 1265 1443 remeasse
1293 1386 1564 1442 crederes.
1599 1385 1876 1452 Quomodo
1905 1399 2034 1440 vero
2065 1401 2160 1454 per

594 1477 1000 1546 quadriennium
1027 1478 1332 1532 continuum
1345 1477 1541 1532 Christi
1569 1479 1742 1548 potius
1765 1477 1961 1532 auxilio
1989 1477 2158 1545 poeni-

593 1568 757 1622 tuerit
783 1609 799 1634 ,
840 1568 980 1624 idem
1008 1568 1364 1638 Hieronymus
1393 1584 1511 1639 qua:
1536 1578 1728 1638 sponte
1773 1569 1878 1640 (al.
1910 1566 2152 1639 pertulit)

591 1659 913 1728 pertulerit,
945 1659 1111 1728 ipsius
1139 1659 1231 1714 Dei
1260 1657 1492 1714 adfuisse
1521 1659 1741 1728 gratiam
1770 1657 1945 1712 verbis
1971 1656 2157 1726 hujus-

591 1747 736 1802 modi
769 1747 1037 1802 indicavit.
1082 1747 1286 1814 Quoties
1326 1748 1379 1801 in
1419 1763 1585 1802 eremo
1632 1747 1963 1810 constitutus,
1995 1757 2042 1800 et
2069 1745 2160 1798 illa

592 1847 734 1892 vasta
778 1837 1050 1892 solitudine
1067 1879 1083 1905 ,
1122 1853 1234 1906 qua:
1258 1847 1437 1892 exusta
1461 1838 1583 1893 solis
1611 1837 1874 1892 ardoribus
1899 1837 2159 1890 horridum

594 1927 862 1983 Monac/tis
891 1937 1094 1998 pra'stat
1117 1929 1477 1994 habitaculum,
1509 1929 1680 1998 putavi
1707 1944 1804 1992 me,
1838 1926 2026 1996 inquit,
2053 1928 2189 1981 Roo'

590 2019 755 2074 manis
784 2020 1015 2072 interesse
1042 2019 1257 2074 deliciis.
1303 2019 1551 2074 Sedebam
1580 2021 1715 2074 solus
1748 2021 1866 2090 quia
1907 2021 2158 2073 amaritu-

589 2109 708 2163 dine
735 2108 807 2179 (b)
833 2109 1048 2176 repletus
1073 2126 1230 2164 erant.
1261 2108 1544 2165 Horrebam
1568 2126 1712 2165 sacco
1742 2110 1958 2166 membra
1984 2112 2154 2179 defor-

588 2198 714 2262 mia;
737 2199 968 2268 squalida
996 2200 1122 2254 cutis
1149 2201 1296 2253 situm
1321 2189 1635 2270 /Ethiopica:
1658 2201 1826 2255 carnis
1853 2201 2153 2254 adduxerat.

591 2287 826 2354 Quotidie
864 2288 1120 2359 lacrymte,
1163 2290 1387 2360 quotidie
1424 2291 1662 2360 gemitus;
1708 2301 1755 2344 et
1799 2291 1842 2344 si
1884 2291 2158 2361 aliquando

587 2389 946 2447 repugnantem
962 2395 1168 2432 somnus
1196 2379 1461 2434 imminens
1483 2381 1830 2450 oppressisset,
1850 2382 1988 2435 nuda
2006 2382 2157 2434 humo

588 2467 674 2520 via:
714 2482 829 2521 ossa
870 2467 1112 2522 [mentio
1153 2469 1471 2525 collidebam.
1504 2469 1583 2525 De
1623 2473 1744 2525 cibis
1787 2488 1902 2525 vero
1946 2483 1993 2528 et
2038 2483 2159 2542 potu

589 2570 750 2626 taceo,
773 2576 886 2614 cum
909 2561 1058 2616 etiam
1085 2561 1374 2633 languentes
1398 2563 1466 2618 ibi
1492 2580 1622 2634 aqua
1643 2564 1832 2634 frigida
1856 2573 2083 2626 utantur,
2111 2573 2158 2617 et

593 2661 789 2704 coctum
826 2652 1023 2721 aliquid
1064 2653 1346 2723 accepisse,
1380 2652 1596 2709 luxuriae
1621 2654 1706 2708 sit.
1740 2653 1841 2709 Ille
1867 2655 2020 2724 igitur
2045 2669 2156 2724 ego,

593 2743 685 2810 qui
725 2743 786 2796 ob
814 2751 1001 2796 metum
1025 2744 1266 2816 gehenna:
1291 2745 1381 2798 tali
1421 2761 1498 2799 me
1525 2762 1726 2801 carcere
1755 2747 1862 2815 ipse
1887 2747 2157 2802 damnaveo

591 2848 724 2897 ram,
749 2835 1072 2904 scorpionum
1101 2845 1296 2888 tantum
1315 2836 1482 2889 socius
1505 2845 1552 2888 ct
1573 2838 1817 2907 ferarum,
1838 2853 1971 2906 saepe
1995 2838 2159 2892 choris

586 2922 855 2976 intereram
885 2924 1185 2990 puellarum.
1221 2917 1488 2980 Paﬂbant
1531 2942 1622 2980 ora
1654 2927 1872 2996 jejuniis
1893 2968 1908 2992 ,
1933 2935 1978 2981 et
2024 2944 2161 2981 meus

589 3013 663 3083 (c)
681 3015 937 3070 desideriis
965 3016 1209 3071 testuabat
1228 3033 1248 3071 :
1265 3019 1316 3070 in
1330 3019 1519 3088 frigido
1541 3035 1768 3089 corpore,
1789 3031 1835 3073 et
1859 3030 1976 3074 ante
1996 3021 2156 3076 homi-

589 3118 703 3156 nem
731 3119 878 3157 suum
897 3105 1010 3175 jam
1041 3123 1192 3160 carne
1219 3117 1546 3175 prtemortua,
1570 3108 1680 3163 sola
1707 3109 1973 3164 libidinum
1996 3111 2156 3164 incen-

591 3193 680 3246 dia
727 3194 1066 3263 pullulabant.
1118 3195 1298 3266 Itaque
1342 3200 1480 3252 onmi
1523 3200 1717 3254 auxilio
1743 3201 2045 3266 destitutus,
2093 3201 2160 3254 ad

592 3279 720 3336 Jesst
734 3283 965 3353 jacebam
995 3286 1168 3354 pedes,
1190 3285 1416 3356 rigabant
1443 3287 1698 3360 laerymis,
1721 3291 1857 3342 crine
1886 3289 2158 3360 tergebam,

589 3382 637 3424 et
685 3384 1046 3442 repugnantem
1076 3392 1280 3429 carnem
1307 3378 1734 3433 hebdomadarum
1762 3381 1930 3434 inedia
1957 3383 2159 3452 subige-

595 3462 730 3513 bam.
752 3460 872 3514 Non
894 3465 1124 3518 erubesco
1144 3466 1456 3534 infelicitatis
1478 3484 1616 3529 meas.
1641 3470 1759 3538 quin
1783 3473 1948 3539 potius
1972 3474 2159 3542 plango

592 3565 694 3603 non
742 3566 849 3605 esse
892 3553 1029 3622 quod
1075 3556 1276 3623 fuerim.
1312 3555 1523 3610 Memini
1568 3574 1646 3611 me
1685 3560 1981 3612 clamantem
2027 3561 2160 3616 diem

594 3639 768 3692 crebro
785 3641 1020 3710 junxisse
1044 3659 1158 3696 cum
1185 3653 1345 3710 nocte,
1376 3662 1465 3700 nec
1485 3647 1626 3716 prius
1648 3665 1679 3699 a
1709 3649 1925 3716 pectoris
1942 3667 2162 3706 cessasse

594 3730 892 3798 verberibus,
915 3749 1066 3801 quam
1086 3751 1117 3786 a
1147 3733 1364 3790 Domino
1393 3736 1575 3790 rediret
1599 3737 1680 3807 (ά)
1707 3739 1988 3807 imperante
2017 3750 2161 3795 tran-

592 3823 842 3892 quillitas.
892 3824 1070 3894 Ipsam
1096 3843 1292 3897 quoque
1333 3829 1570 3884 cellulam
1607 3847 1769 3885 meam
1795 3833 1940 3902 quasi
1967 3835 2161 3904 cogita-

593 3914 786 3968 tionum
810 3917 1064 3970 consciam
1089 3919 1496 3988 pertimescebam
1517 3937 1536 3974 :
1557 3929 1606 3976 et
1632 3923 1756 3974 mihi
1782 3923 1942 3976 iratus
1967 3935 2013 3980 et
2043 3924 2163 3992 rigi-

590 4014 686 4057 dus
706 4005 844 4059 solus
869 4005 1069 4060 deserta
1098 4010 1441 4078 penetrabant.
1475 4009 1654 4065 Sicubi
1683 4027 1900 4066 concaua
1931 4014 2158 4081 vallium,

589 4111 773 4163 aspera
799 4098 1066 4164 montium,
1097 4100 1300 4168 rupium
1325 4112 1579 4172 prarupta
1603 4104 1884 4169 cernebam,
1906 4106 1974 4159 ibi
2000 4123 2078 4159 me
2103 4109 2155 4161 in

590 4187 820 4240 oratione
860 4188 1155 4244 miserrima:
1199 4193 1366 4245 carnis
1415 4195 1669 4264 ergastulo
1710 4197 1972 4260 locabant;
2006 4208 2052 4252 et
2083 4200 2160 4268 (ut

590 4277 717 4330 mihi
744 4279 882 4334 testis
909 4289 981 4334 est
1018 4278 1296 4354 Dominus)
1343 4293 1454 4354 post
1502 4285 1690 4340 multas
1731 4286 1984 4357 lacrymas
2004 4329 2019 4351 ,
2051 4277 2162 4358 post

591 4368 717 4420 caelo
746 4368 920 4423 oculos
946 4372 1243 4428 intuerentes
1263 4413 1278 4438 ,
1309 4390 1668 4446 nonnunquam
1697 4378 1900 4431 videbar
1925 4379 2050 4431 mihi
2077 4380 2160 4432 in-

593 4467 775 4509 teresse
799 4460 1079 4527 agminibus
1104 4462 1433 4532 Angelorum;
1461 4476 1508 4519 et
1536 4469 1678 4522 ltetus
1705 4471 2027 4539 gaudensque
2050 4487 2162 4524 can-

591 4547 759 4599 tabam
790 4562 809 4600 :
831 4548 956 4602 Post
979 4558 1033 4605 te
1063 4552 1116 4606 in
1142 4554 1369 4610 odorem
1397 4568 1781 4627 unguentorum
1810 4569 2020 4617 tuorum
2042 4577 2165 4618 cur-

591 4652 778 4692 rimus.

662 4730 1026 4798 Quadriennio
1039 4733 1216 4804 itaque
1228 4734 1485 4790 dedicata:
1501 4737 1822 4807 panitentim
1841 4742 1934 4812 (al.
1952 4745 2164 4813 exacte)

656 4855 722 4925 (α)
760 4859 905 4926 Addit
928 4859 1058 4910 idem
1077 4861 1477 4926 Burdegalensis,
1507 4883 1530 4912 ι
1554 4867 1618 4915 ab
1639 4866 1860 4920 Adventu
1903 4870 2167 4922 Salvatoris

583 4922 743 4982 usque
765 4922 825 4970 ad
849 4929 1059 4971 nostram
1083 4922 1333 4983 atatem,»
1349 4922 1526 5036 quarm
1549 4926 1733 4978 laudata
1760 4931 1866 4979 heic
1877 4931 2166 4983 Prmlatione

587 4984 739 5046 verba
757 4991 1138 5046 consequuntur.
1167 4985 1277 5034 Mox
1301 4987 1350 5037 in
1387 5001 1414 5037 e
1435 5002 1522 5046 pro
1544 4988 1722 5038 deinde
1745 4990 1880 5046 legit.
1908 4993 2166 5044 Vaticanus

587 4993 739 5028 verba
757 4993 1138 5046 consequuntur.
1168 4993 1277 5034 Mox
1301 4993 1414 5037 inde
1435 5002 1522 5050 pro
1544 4993 1722 5038 deinde
1745 4993 1880 5052 legit.
1908 4993 2166 5044 Vaticanus

585 5041 729 5152 piaqu
751 5050 859 5104 post
882 5044 1080 5106 cupiens
1124 5060 1211 5109 pro
1233 5048 1470 5110 cupierat,
1513 5057 1567 5102 et
1589 5064 1699 5100 cum
1724 5054 1876 5102 tribus
1911 5054 2020 5106 aliis
2040 5058 2168 5119 apud

636 5110 919 5152 at'ttattzum
942 5118 1126 5152 mensae
1151 5122 1236 5152 oro
1259 5122 1511 5152 remeasse-

636 5110 919 5162 artiaimum
942 5118 1126 5157 rueasse
1151 5122 1236 5162 pro
1259 5122 1511 5162 remeasse.

652 5159 894 5240 “inlimis
912 5159 1579 5240 Bgrdegaleusisplenusprp
1611 5171 1839 5240 repletus,
1860 5181 1956 5240 tum
1978 5177 2165 5228 scalida

585 5223 930 5305 pro‘sqqalida.
947 5223 1181 5305 quuit‘ur
1189 5223 1447 5284 Vaticanus
1467 5223 1557 5284 e'tsi
1573 5223 1764 5305 quando
1773 5223 2163 5305 mutuandi?

585 5291 637 5332 et
725 5284 806 5333 ulo
829 5295 936 5346 post
958 5284 1233 5348 languentes
1253 5306 1398 5355 aqua,
1420 5284 1744 5357 praetermissa
1764 5284 1833 5347 ibi
1856 5284 2038 5349 voct'tIa.

585 5401 620 5406 _
653 5298 721 5406 (ἒῖ
758 5345 896 5394 Idem
925 5365 948 5392 ι
979 5360 1119 5398 meus
1137 5351 1397 5403 desideriis
1420 5360 1652 5406 :estuabat
1677 5358 1725 5406 in
1748 5358 1921 5406 l'riuido
1942 5373 2038 5406 corr

653 5345 717 5408 (c)
758 5345 896 5394 Idem
925 5365 948 5392 ι
979 5345 1119 5398 mens
1137 5345 1397 5403 desideriis
1420 5345 1652 5406 Eestuahat
1677 5358 1725 5406 in
1748 5345 2161 5424 l'rigidoicorporc.

583 5401 646 5468 Et
669 5407 1061 5468 an_te__l_iominem
1084 5423 1256 5458 suum»
1287 5421 1382 5464 etc.
1412 5416 1522 5465 Mox
1545 5417 1747 5468 Reuiua:
1771 5427 1978 5468 uterque
2002 5421 2165 5468 incen-

583 5434 646 5470 ,ιτ
669 5434 786 5452 ...ιο
817 5434 1061 5473 uua-mcu-
1084 5434 1256 5481 suum:
1287 5434 1382 5464 etc.
1412 5434 1522 5465 mox
1545 5434 1747 5481 negata:
1771 5434 1978 5490 uterque
2002 5434 2165 5472 incen-

580 5460 981 5582 gtzlllgbmt
1003 5478 1022 5514 :
1060 5467 1281 5533 plerique
1316 5484 1480 5524 autem
1514 5491 1687 5527 omnes
1731 5481 2040 5541 subjsctcbam
2079 5498 2166 5546 pro

583 5577 748 5691 sugg.
764 5582 884 5630 cum
925 5581 1152 5636 vam
1191 5589 1571 5656 Βωθεδίοηδίδ
1598 5597 1877 5662 intestatae
1909 5616 1993 5665 Pro
2014 5605 2165 5670 impe-

1849 265 1906 322 S.
1948 262 2242 319 ιιιειὶυκῑ
2259 264 2324 318 ill
2371 266 2520 322 \‘lTA
2533 310 2545 322 .

3728 276 3839 334 180

2270 395 2477 451 exacto,
2509 384 2574 439 ad
2603 385 2876 442 Bethleem
2901 388 3151 458 oppidum
3175 387 3526 462 Hieronymus
3551 395 3833 460 remeavit,

2266 472 2352 525 ubi
2402 474 2631 541 prudens
2657 477 2858 529 animal
2888 477 2953 531 ad
2992 493 3231 548 prmsepe
3262 480 3466 535 Domini
3491 496 3612 538 sese
3637 484 3837 540 obtulit

2264 576 2690 630 permansurum.
2719 565 3100 620 Bibliothecam
3126 583 3274 622 suam
3301 585 3457 640 quam
3486 571 3587 626 sibi
3605 561 3836 629 'summo

2262 655 2436 708 smdio
2458 657 2567 724 ipse
2587 657 2913 724 condiderat,
2937 660 3196 724 clausam,
3212 666 3554 734 omniumque
3570 666 3832 724 librorum

2261 746 2566 812 orationes,
2593 763 2726 818 quas
2775 766 2908 818 pene
2951 755 3262 809 memoriter
3302 757 3602 822 retinebat,
3632 759 3830 816 iterum

2260 837 2522 908 relegens,
2547 839 2686 894 diem
2709 840 2954 910 jejunaus
2978 844 3206 899 ducebat
3223 847 3288 900 ad
3318 861 3617 917 vesperam.
3641 849 3833 906 Plures

2260 928 2325 982 ad
2370 943 2490 984 eum
2538 930 2920 1000 Religiosorum
2941 973 2958 998 ,
2999 934 3192 1002 quibus
3221 937 3341 990 vitae
3366 938 3483 1008 eius
3514 937 3649 994 fama
3677 956 3834 996 com-

2261 1029 2406 1091 perta
2433 1029 2568 1088 erat,
2602 1024 2843 1090 protinus
2867 1025 3238 1080 conﬂuxerunt
3263 1044 3278 1081 :
3305 1027 3606 1100 bonumque
3635 1031 3832 1086 Docto-

2258 1127 2368 1165 rem
2398 1128 2559 1180 parvo
2586 1114 2758 1169 adhuc
2781 1116 2878 1168 sub
2899 1115 2967 1185 (ε)
2998 1119 3205 1187 tugurio
3221 1120 3344 1172 boni
3363 1120 3717 1177 observavere
3739 1121 3830 1176 di-

2257 1201 2463 1270 scipuli.
2503 1201 2609 1257 Nec
2649 1205 2867 1258 multum
2910 1215 3026 1274 post
3071 1208 3316 1263 cellulam
3364 1209 3466 1265 sibi
3494 1211 3564 1265 ob
3586 1212 3829 1282 discipu-

2258 1290 2430 1344 lorum
2461 1292 2691 1359 copiam,
2719 1301 2773 1347 et
2799 1305 3018 1364 propter
3047 1294 3396 1365 frequentiam
3427 1299 3829 1356 adventantium

2257 1377 2322 1432 ad
2352 1377 2804 1435 Bethleemiticam
2832 1393 3058 1450 portam,
3089 1402 3208 1455 qua:
3233 1388 3297 1442 ad
3327 1388 3666 1446 Occidentem
3691 1407 3827 1447 oon-

2257 1469 2432 1538 spicit,
2476 1480 2530 1524 et
2575 1473 2969 1540 egredientibus
3009 1476 3075 1529 ad
3120 1476 3545 1547 Septentrionem
3593 1482 3828 1554 videtur,

2259 1559 2530 1628 parvulum
2566 1560 2905 1617 habitationis
2932 1563 3178 1622 lucellum
3205 1569 3522 1625 construxit.

2329 1647 2544 1704 Interim
2578 1649 2934 1722 Hieronymus
2959 1655 3084 1709 dum
3107 1657 3419 1712 eximiorum
3447 1660 3826 1730 Eremitamm,

2259 1739 2737 1812 Monaclmrumque
2779 1744 2997 1800 humilia
3041 1749 3494 1820 subterraneaque
3533 1769 3828 1825 peragrans

2260 1831 2553 1886 habitacula
2601 1836 3024 1904 contemplatur,
3069 1839 3310 1908 vitasque
3359 1856 3544 1897 eorum
3598 1843 3822 1914 supplici

2260 1936 2388 1976 voce
2416 1922 2710 1989 sciscitans,
2743 1926 3086 1997 scribensque
3116 1930 3391 1985 veritatem
3420 1933 3656 2002 exponit,
3687 1934 3828 1988 mul-

2261 2019 2414 2080 taque
2439 2013 2538 2067 alia
2567 2014 2760 2069 libellis
2789 2021 2934 2082 suis,
2965 2018 3313 2089 epistolisque
3337 2035 3434 2074 suo
3463 2022 3514 2076 in
3555 2021 3825 2079 Monaste-

2260 2100 2338 2153 rio
2377 2102 2664 2158 conﬁciens
2685 2104 2956 2170 edisserit;
2983 2106 3164 2161 beatus
3196 2109 3448 2164 Damasus
3476 2111 3730 2167 Romana:
3758 2112 3828 2185 (f)

2260 2189 2407 2245 urbis
2435 2192 2686 2247 Ecclesia:
2716 2193 3182 2263 eloquentissimus
3211 2197 3474 2262 Pontifex,
3505 2210 3561 2254 ut
3584 2204 3649 2254 ad
3677 2217 3827 2257 suam

2261 2278 2398 2333 idem
2427 2281 2678 2336 Romanae
2706 2285 2848 2339 urbis
2877 2285 3186 2351 Ecclesium,
3214 2287 3278 2342 ad
3306 2289 3582 2345 scribenda
3610 2292 3828 2347 mitten-

2259 2372 2428 2443 daque
2455 2375 2721 2430 volumina
2751 2377 2968 2431 assiduo
2992 2393 3156 2448 opere
3184 2395 3287 2434 non
3313 2380 3614 2446 desisteret,
3641 2382 3830 2452 hujus-

2260 2464 2399 2518 modi
2427 2465 2602 2520 verbis
2629 2467 2940 2523 exhortatus
2965 2478 3068 2524 est.
3111 2470 3462 2525 Dilectissimo
3494 2472 3602 2526 lilio
3639 2473 3828 2528 Hiero-

2261 2568 2420 2624 nymo
2444 2554 2719 2610 Damasus.
2749 2555 3114 2612 Dormitantem
3143 2570 3205 2624 te,
3230 2570 3279 2614 et
3301 2562 3452 2632 longo
3467 2562 3581 2630 jam
3606 2571 3830 2634 tempore

2260 2645 2498 2714 legentem
2542 2649 2708 2717 potius
2735 2665 2884 2714 quam
2927 2650 3236 2716 scribentem,
3281 2653 3660 2720 gumtiunculis
3687 2655 3756 2708 ad
3783 2665 3831 2709 te

2263 2735 2426 2788 missis
2469 2737 2687 2790 excitare
2730 2737 2956 2807 disposui
2985 2754 3003 2792 :
3034 2756 3134 2793 non
3161 2757 3258 2805 quo
3287 2741 3453 2810 legere
3480 2759 3581 2796 non
3607 2743 3825 2810 debeas,

2261 2827 2355 2878 hoc
2384 2827 2512 2880 enim
2539 2827 2690 2880 veluti
2708 2829 3001 2896 quotidiana
3029 2831 3138 2885 cibo
3152 2831 3308 2886 alitur
3328 2844 3374 2886 et
3404 2835 3683 2904 pinguescit
3712 2853 3831 2889 ora-

2261 2915 2330 2969 tio
2345 2932 2364 2978 ;
2387 2917 2473 2970 sed
2495 2918 2630 2986 quod
2650 2919 2875 2973 lectionis
2903 2924 3095 2992 fructus
3120 2923 3184 2976 sit
3208 2925 3318 2990 iste,
3345 2926 3392 2979 si
3419 2926 3625 2981 scribas.
3646 2926 3829 2995 llum

2261 3009 2496 3076 quoniam
2525 3018 2570 3060 et
2600 3008 2860 3063 tabellario
2885 3012 2953 3064 ad
2978 3023 3024 3066 te
3047 3015 3253 3069 remisso
3272 3056 3288 3081 ,
3323 3017 3490 3071 nullas
3521 3027 3569 3071 te
3585 3019 3703 3088 jam
3731 3022 3830 3072 ho-

2262 3098 2376 3152 bere
2419 3097 2671 3167 Epistolas
2711 3100 2918 3167 dixisti,
2959 3106 3177 3173 exceptis
3202 3106 3279 3159 his
3303 3123 3427 3176 quas
3451 3109 3502 3162 in
3529 3125 3697 3162 eremo
3727 3109 3830 3162 ali-

2262 3189 2462 3258 quando
2505 3190 2816 3256 dictaveras,
2845 3207 3066 3262 quasque
3108 3203 3212 3248 tota
3253 3198 3492 3250 aviditate
3531 3199 3634 3268 legi
3680 3211 3832 3269 atque

2263 3279 2461 3348 scripsi,
2486 3279 2560 3349 (g)
2589 3291 2635 3333 et
2663 3281 2796 3333 ultro
2825 3282 3076 3350 pollicitus
3101 3300 3172 3347 es,
3195 3287 3393 3354 furtivis
3420 3289 3638 3342 noctium
3662 3291 3832 3356 operi-

2263 3370 2353 3426 bus
2379 3372 2574 3442 aliquas
2611 3373 2656 3426 si
2697 3373 2844 3426 velim
2885 3390 3030 3443 posse
3053 3375 3242 3431 dictare
3267 3393 3288 3431 :
3311 3377 3519 3432 libenter
3543 3381 3738 3451 accipio
3767 3381 3832 3434 ab

2265 3459 2522 3526 oﬂ'erente,
2566 3462 2701 3529 quod
2741 3479 2920 3533 rogare
2961 3465 3234 3529 volueram,
3287 3467 3437 3520 etiam
3484 3469 3528 3522 si
3573 3485 3828 3540 negasses.

2267 3551 2444 3622 Neque
2468 3555 2600 3606 enim
2629 3552 2786 3608 ullam
2817 3563 2939 3623 puto
2963 3556 3240 3626 digniorem
3267 3559 3626 3624 disputationis
3646 3571 3835 3617 nostra

2263 3642 2717 3712 confabulationem
2747 3647 2857 3714 fore
2875 3683 2888 3708 ,
2917 3661 3067 3714 quant
3094 3655 3149 3700 ut
3177 3647 3240 3700 de
3265 3647 3545 3717 Scripturis
3581 3651 3713 3705 inter
3741 3669 3834 3706 nos

2265 3733 2687 3798 sermocinemur,
2718 3735 2773 3786 id
2801 3745 2910 3800 est,
2954 3744 3008 3789 ut
3048 3753 3139 3807 ego
3166 3738 3468 3808 interrogem
3486 3780 3502 3805 ,
3537 3750 3590 3793 tu
3618 3756 3832 3808 respon-

2265 3823 2521 3893 deas,fqua
2546 3825 2645 3877 vita
2667 3823 2797 3881 nihil
2820 3825 2873 3878 in
2903 3826 2999 3878 hac
3027 3827 3137 3880 luce
3163 3837 3284 3897 puto
3302 3830 3604 3900 jucundius,
3625 3831 3709 3900 (h)
3733 3847 3832 3899 quo

2265 3915 2448 3970 quinta:
2475 3915 2659 3984 pabula
2688 3917 2858 3970 omnia
2884 3918 3034 3972 mella
3060 3930 3381 3990 superantur.
3409 3919 3576 3988 Quam
3617 3921 3794 3976 dulcia
3811 3962 3830 3988 ,

2266 4007 2424 4076 inquit
2452 4004 2740 4074 I’ranheta,
2769 4009 2969 4076 gutturi
2997 4023 3116 4062 meo
3145 4010 3351 4078 eloquia
3383 4010 3498 4064 tua!
3540 4027 3702 4080 super
3726 4013 3832 4066 mel

2265 4099 2346 4152 ori
2375 4113 2512 4152 meo.
2565 4098 2703 4157 Nam
2725 4115 2841 4153 cum
2866 4098 3055 4154 idcirco
3076 4141 3090 4164 ,
3117 4111 3172 4154 ut
3202 4101 3273 4152 ait
3302 4101 3589 4171 prwcipuus
3621 4100 3830 4166 Orator,

2266 4189 2488 4248 homines
2513 4207 2544 4243 a
2569 4189 2737 4243 bestiis
2775 4189 3102 4256 di/Ieranms,
3151 4191 3285 4262 quod
3334 4193 3473 4263 loqui
3519 4209 3786 4262 possumus
3809 4208 3830 4248 :

2264 4297 2363 4349 qua
2391 4281 2542 4334 laude
2568 4281 2750 4350 dignus
2777 4289 2849 4335 est
2870 4321 2885 4344 ,
2931 4281 3018 4350 qui
3042 4281 3094 4334 in
3122 4298 3181 4334 ea
3207 4298 3260 4335 re
3283 4292 3487 4336 ceteros
3511 4292 3746 4353 superat.
3780 4284 3834 4337 iu

2265 4389 2363 4442 qua
2407 4372 2632 4426 homines
2671 4371 2838 4426 bestiis
2878 4372 3230 4432 antecelluntil
3276 4373 3547 4442 Accingere
3587 4373 3747 4443 igitur
3789 4383 3834 4427 et

2268 4463 2390 4516 mihi
2441 4478 2554 4532 qua:
2597 4461 2819 4531 subjecta
2867 4472 2985 4515 sunt
3027 4462 3278 4528 edissere,
3324 4478 3530 4516 servans
3573 4462 3838 4532 utrobique

2268 4554 2608 4616 moderamen,
2630 4561 2682 4605 ut
2698 4568 2788 4604 nec
2808 4553 3070 4621 proposita
3099 4551 3399 4606 solutionem
3434 4550 3498 4621 (i)
3527 4551 3833 4617 desiderent,

2269 4660 2358 4699 nec
2384 4642 2616 4716 Epistola
2643 4642 2954 4696 brevitatem.
2981 4641 3168 4696 Fateor
3191 4642 3379 4719 quippe
3405 4643 3513 4705 tibi,
3535 4643 3655 4722 quia
3683 4640 3838 4701 libros

2337 4880 2808 4996 (ehBurdegalensis
2847 4883 2936 4933 sub
2955 4882 3214 4956 tuguriolo.
3236 4881 3387 4954 Paulo
3411 4886 3516 4943 post
3534 4879 3629 4928 duo
3653 4877 3732 4928 alii
3759 4891 3841 4941 pe-

2337 4961 2359 4994 s
2429 4953 2704 4994 artiatueum
2731 4962 2754 4989 ι
2775 4945 2832 4992 ad
2852 4945 3168 4994 Gaudentem
3191 4951 3403 4996 resnictt.
3431 4958 3452 4984 υ

2267 4945 2704 5010 ηεξμεῃιιῇῃηωυιῃ
2731 4945 2832 5010 s_:_|d
2848 4945 3168 5010 Occidentem
3191 4945 3403 5010 respicit.
3415 4958 3459 5010 ’ξ
3491 5002 3502 5010 _
3558 5009 3565 5010 ί
3677 4999 3688 5010 .
3727 4999 3738 5010 .

2337 5004 2399 5077 (ί)
2445 5005 2641 5077 Rectius
2659 5075 2666 5077 _
2683 5006 2728 5053 in
2751 5005 2984 5077 Vaticano
3004 5005 3119 5055 urbs
3146 4998 3395 5077 reticetur.
3415 5001 3634 5053 Habetur
3659 4998 3839 5048 deinde

2267 5065 2586 5132 negliqentem
2615 5078 2631 5115 ἰ
2657 5075 2758 5132 tum
2778 5065 2840 5115 ab
2863 5066 3061 5132 rem!)
3086 5080 3173 5132 1³1⁸9
3207 5072 3268 5132 ‘8:
3362 5123 3399 5132 ..
3485 5120 3512 5132 ,Α
3745 5121 3756 5132 .

2357 5119 2758 5195 (“Narbonensis
2779 5141 2886 5195 eum
2909 5119 3262 5195 Burdegalensi
3281 5162 3294 5183 ,
3323 5141 3346 5170 ι
3362 5120 3572 5195 Et.ultr_a
3597 5119 3839 5195 pollicitus

2271 5181 2435 5247 ρδξῖιι
2472 5189 2908 5253 l'urtivis__no_etium
2953 5181 3387 5253 operibusahquas
3408 5187 3448 5232 si
3472 5181 3645 5253 velli-2‘s,

2267 5243 2470 5312 dictare,
2494 5259 2645 5312 s_etc.
2671 5247 2926 5296 Vaticanus
2947 5243 2996 5297 te
3004 5262 3090 5310 pro
3120 5256 3168 5297 ut
3191 5243 3360 5312 habet,
3393 5253 3444 5293 et
3466 5243 3508 5293 si
3533 5243 3648 5312 velis
3667 5243 3837 5312 possis.

2341 5312 2407 5383 (Ii)
2449 5303 3043 5383 [nni/alicanolquofpul'o
3075 5316 3275 5383 tantum.
3294 5303 3842 5383 ‘Ohiesgpnit‘s‘liu‘rdizga:

2270 5366 2424 5421 lminis
2454 5392 2476 5416 ι
2498 5373 2654 5436 Super
2679 5366 2857 5436 mel'et
2877 5366 3033 5436 [avum
3051 5372 3121 5417 ori
3143 5382 3268 5415 ineo.
3294 5366 3411 5436 ﬁeri)
3432 5367 3625 5436 idcirco,
3638 5371 3691 5413 ut
3712 5366 3834 5436 alii!

2270 5433 2528 5482 Vatimnus
2555 5424 2581 5476 ἑ
2599 5431 2720 5479 Nam
2739 5431 2782 5480 si
2813 5432 3006 5490 idcirco,
3031 5447 3055 5474 ι
3085 5437 3136 5477 et
3151 5441 3263 5477 mox
3287 5425 3553 5490 differimus
3581 5438 3671 5488 pro
3709 5424 3844 5486 diffe-

2269 5507 2450 5543 ramus.

2334 5555 2394 5616 (i)
2421 5554 2560 5620 suo;
2582 5551 2805 5620 Reginus,
2823 5551 3213 5620 desideratam
3231 5549 3386 5620 soluta
3407 5548 3701 5620 brevitatem.
3721 5545 3842 5620 Tum

2273 5609 2398 5664 unus
2421 5609 2800 5674 Burdegalensis
2821 5611 2936 5673 quia
2958 5610 3175 5674 Epistolas
3193 5610 3298 5672 ejus
3320 5612 3506 5673 absque
3527 5628 3579 5660 τι
3601 5609 3842 5673 pistrina.

2265 5671 2525 5729 Manifesta
2546 5671 2718 5725 menda
2741 5671 3170 5736 prﬁcrmittimus.
