4050 6188
178 207 295 264 181

178 336 323 390 quos
350 318 480 373 mihi
505 319 567 373 de
595 318 698 387 fine
724 316 971 371 Lactantii
999 316 1233 381 dederas,
1265 315 1377 368 ideo
1419 331 1518 367 non
1564 314 1773 366 libenter

182 410 311 479 lego
330 448 347 474 ,
375 409 496 473 quia
526 409 759 477 plurimi:
788 405 1035 475 Epistolte
1059 406 1169 473 ejus
1196 421 1350 471 usque
1374 403 1441 456 ad
1480 403 1616 455 mille
1662 418 1775 454 ocr-

180 516 346 554 sstum
367 500 534 567 spatia
555 498 845 563 tenduntur,
874 507 919 550 et
943 512 1061 550 raro
1082 496 1146 550 de
1162 506 1332 549 nostro
1349 496 1583 565 dogmate
1598 494 1776 559 dispu-

185 598 272 643 tat
291 604 312 641 :
339 604 439 657 quo
466 588 545 655 ﬁt,
575 598 631 641 ut
655 598 699 641 et
728 587 914 657 legenti
941 587 1203 656 fastidium
1234 594 1431 655 generet
1473 582 1775 652 longitudo;

186 689 241 730 et
273 679 318 731 si
344 693 444 745 qua
469 678 635 731 brevia
654 686 789 742 sunt,
813 675 1127 731 scholasticis
1156 676 1315 745 magis
1338 684 1453 726 sunt
1481 685 1601 741 apta
1626 688 1776 741 quam

186 768 366 822 nobis.
389 766 471 822 De
512 768 703 833 metris,
733 776 780 822 et
806 767 1074 838 regionum
1099 766 1201 821 situ
1227 775 1276 820 et
1303 764 1631 835 Philosophis
1665 766 1774 817 dis-

190 868 412 929 putans.

264 948 409 1016 Quid
436 949 537 1004 sibi
558 948 671 1003 vult
695 947 839 1019 quod
860 949 913 1003 in
940 947 1135 1005 Genesi
1162 948 1417 1018 scriptum
1446 957 1529 1003 est
1558 965 1571 1001 :
1600 946 1778 1001 Omnis

187 1039 283 1107 qui
313 1039 557 1093 occiderit
595 1039 756 1105 Cain,
794 1048 983 1109 septem
1021 1040 1265 1094 vindictas
1306 1039 1481 1093 solvet.
1525 1039 1629 1093 Sed
1657 1047 1711 1092 et
1736 1039 1781 1093 si

188 1130 380 1183 omnia
412 1129 540 1184 fecit
564 1129 704 1185 Deus
742 1129 876 1183 bona
901 1129 1087 1194 valde,
1116 1144 1282 1197 quare
1307 1128 1374 1182 ad
1400 1127 1512 1182 Noe
1535 1129 1603 1183 de
1624 1144 1780 1181 mnu-

186 1217 276 1271 dis
300 1228 360 1272 et
386 1218 676 1273 immundis
694 1218 1011 1272 animalibus
1032 1217 1268 1282 mandat,
1301 1232 1423 1272 cum
1451 1217 1779 1271 immundmn

189 1308 328 1362 nihil
384 1310 588 1363 bonum
635 1322 754 1363 esse
797 1308 1003 1378 possit?
1060 1307 1128 1362 Et
1174 1307 1227 1362 in
1262 1322 1400 1361 novo
1441 1307 1784 1363 Testamento

188 1412 318 1473 post
371 1403 635 1456 visionem
691 1417 808 1471 qua:
853 1401 1010 1455 Petro
1061 1400 1230 1455 fuerat
1270 1410 1486 1455 ostensa
1531 1399 1725 1455 dicenti
1766 1416 1781 1453 :

189 1495 343 1548 Absit
361 1533 378 1556 ,
404 1491 626 1546 Domine
642 1531 659 1556 ,
688 1494 807 1562 quia
829 1508 1088 1545 commune
1109 1502 1155 1545 et
1184 1493 1496 1545 immundum
1523 1508 1781 1563 nunquam

189 1584 427 1638 introivit
463 1583 517 1635 in
544 1598 602 1635 os
644 1596 809 1634 meum
832 1622 848 1647 ,
891 1597 991 1635 vox
1023 1581 1090 1636 de
1118 1581 1257 1637 caelo
1288 1582 1596 1650 reSpondit:
1635 1581 1784 1648 Quod

197 1675 458 1730 Dominus
502 1671 635 1726 Deus
650 1672 909 1725 mandavit
931 1671 1027 1742 (tt),
1053 1681 1172 1724 tunc
1199 1687 1460 1724 commune
1483 1688 1544 1724 ne
1572 1673 1777 1725 dixeris.

267 1772 384 1825 Cur
439 1769 582 1824 Deus
633 1767 700 1822 ad
758 1767 1025 1822 Abraham
1077 1766 1312 1836 loquitur
1362 1765 1583 1830 dicens,
1638 1764 1781 1833 quod

194 1869 389 1931 quarta
418 1859 669 1929 progenie
706 1859 799 1913 lilii
826 1857 984 1914 Israel
1024 1857 1091 1913 de
1129 1858 1362 1928 Egypto
1399 1866 1579 1913 essent
1605 1872 1783 1912 rever-

196 1953 313 2006 suri
347 1960 442 2016 ;et
476 1960 660 2021 postea
691 1950 901 2022 Moyses
923 1951 1133 2021 scripsit
1165 1968 1176 2001 :
1212 1950 1399 2016 Quinta
1427 1959 1592 2003 autent
1628 1965 1779 2018 gene-

199 2044 399 2095 ratione
452 2041 540 2097 vel
602 2042 837 2111 progenie
886 2041 1111 2095 exierunt
1162 2041 1254 2109 ﬁlii
1317 2037 1484 2093 Israel
1534 2039 1598 2092 de
1649 2049 1783 2091 terra

202 2131 445 2202 Egypti.
493 2130 644 2197 Quod
684 2131 867 2200 utique
909 2131 1009 2185 nisi
1048 2138 1379 2199 exponatur,
1425 2129 1636 2183 videtur
1663 2142 1784 2182 esse

199 2221 548 2276 contrarium.
612 2220 721 2275 Cur
767 2220 1035 2275 Abraham
1086 2221 1296 2290 signum
1348 2218 1784 2274 Circumcisionis

199 2312 477 2381 suscepit?
506 2312 612 2367 Cur
646 2312 790 2367 Isaac
811 2312 984 2380 justus
1004 2321 1055 2365 et
1088 2311 1198 2365 Deo
1225 2325 1381 2365 carus
1399 2349 1414 2375 ,
1443 2325 1547 2363 non
1579 2309 1655 2364 illi
1698 2308 1784 2364 cui

201 2404 394 2467 voluit,
415 2403 509 2457 sed
533 2403 618 2458 cui
648 2403 818 2457 noluit
844 2402 1099 2471 deceptus
1125 2416 1310 2456 errore
1338 2400 1646 2456 benedixit?

276 2495 428 2551 Nunc
456 2496 648 2566 quibus
672 2496 888 2550 ausibus
916 2494 988 2565 (ὁ)
1016 2493 1331 2564 quantisque
1351 2492 1621 2547 laboribus
1640 2491 1786 2547 solus

203 2587 445 2641 olnttium
489 2585 849 2640 Romanorum
897 2584 1290 2653 Hieronymus,
1338 2582 1650 2639 Hebraicam
1681 2582 1785 2635 lin-

204 2692 365 2746 guam
425 2676 756 2746 litterasque,
792 2675 896 2729 imo
933 2673 1270 2729 Chaldaicam
1319 2672 1549 2741 linguam
1580 2671 1785 2725 didice-

206 2769 310 2831 rit,
356 2768 494 2822 sicut
537 2767 649 2836 ipse
686 2765 986 2837 perhibuit,
1032 2762 1451 2818 subnectendum
1480 2769 1603 2815 est:
1649 2760 1787 2814 Dum

205 2876 403 2926 essem,
437 2860 637 2928 inquit,
655 2858 887 2928 juvenis,
917 2869 963 2910 et
986 2856 1275 2909 solitudinis
1304 2872 1380 2907 me
1402 2854 1595 2907 deserta
1621 2854 1784 2906 valla-

210 2963 355 3017 rent,
381 2950 629 3003 incentiva
660 2949 894 3002 vitiorum
916 2988 933 3013 ,
962 2946 1297 3015 ardoremque
1331 2945 1402 3015 (e)
1432 2953 1631 2998 natura!
1654 2947 1787 3012 ferre

212 3059 312 3096 non
356 3051 583 3112 poterant
633 3040 726 3111 (al.
771 3036 941 3111 qnte);
980 3054 1124 3107 quem
1153 3052 1307 3104 quum
1352 3036 1537 3090 crebris
1572 3034 1787 3103 jejuniis

213 3136 529 3203 frangerem,
576 3146 711 3183 mens
763 3138 927 3181 tamen
973 3126 1356 3197 cogitationibus
1398 3123 1660 3179 wstuabat.
1707 3122 1788 3177 Ad

212 3240 358 3292 quem
386 3222 743 3284 edomandam,
774 3220 977 3274 cuidam
1015 3218 1182 3290 fratri,
1214 3218 1300 3286 qui
1327 3233 1389 3270 ea:
1415 3215 1640 3269 Hebraeis
1676 3231 1789 3269 cre-

215 3314 446 3378 diderat,
475 3329 553 3366 me
590 3312 643 3364 in
682 3309 989 3378 discipulum
1026 3308 1145 3362 dedi
1176 3322 1195 3361 :
1232 3315 1286 3360 ut
1331 3314 1443 3375 post
1486 3304 1789 3372 Quintiliani

218 3405 452 3457 acumina
472 3444 488 3470 ,
527 3401 777 3457 Ciceronis
800 3401 1009 3471 [luvium
1028 3440 1044 3465 ,
1072 3398 1460 3469 gravitatemque
1488 3394 1784 3459 Frontonis,

220 3504 262 3549 et
309 3495 563 3548 lenitatem
608 3492 770 3548 Plinii
794 3532 809 3558 ,
858 3491 1182 3560 alphabetum
1221 3490 1495 3550 discerem,
1528 3487 1791 3540 stridentia

219 3585 603 3653 anhelantiaque
628 3583 776 3637 verba
800 3583 1088 3635 meditarer.
1120 3580 1258 3644 Quid
1287 3580 1355 3633 ibi
1391 3578 1577 3632 laboris
1605 3578 1685 3649 (d)
1712 3579 1792 3631 in-

219 3675 533 3745 sumpserim,
554 3674 677 3745 quid
701 3672 1022 3741 sustinuerim
1044 3670 1370 3741 difﬁcultatis,
1400 3669 1593 3738 quoties
1614 3670 1791 3738 despe-

221 3766 433 3821 raverim
456 3806 473 3829 ,
499 3765 792 3836 quotiesque
826 3761 1159 3823 cessaverim,
1205 3760 1344 3813 testis
1371 3768 1442 3812 est
1485 3759 1791 3812 conscientia

223 3875 347 3923 mea,
374 3857 461 3928 qui
489 3872 669 3927 passus
692 3871 822 3921 sum,
853 3868 1003 3921 quam
1028 3867 1198 3905 eorum
1220 3851 1308 3921 qui
1329 3866 1519 3903 mecutn
1540 3850 1793 3903 duxerunt

224 3951 391 4005 vitam.
424 3947 489 4001 Et
514 3946 706 4017 gratias
746 3942 853 3997 Deo
872 3984 888 4007 ,
916 3943 1049 4009 quod
1075 3941 1138 3994 de
1172 3956 1349 3993 amaro
1377 3940 1565 3994 semine
1597 3940 1793 3993 littera-

225 4056 350 4105 rum,
382 4038 556 4091 dulces
576 4034 768 4105 fructus
795 4033 962 4103 capio.
992 4031 1158 4085 Porro
1178 4030 1367 4083 librum
1397 4029 1498 4083 Job
1523 4028 1797 4083 Hebraicis

226 4132 431 4200 qui-lem
478 4125 692 4193 litteris,
739 4124 834 4179 sed
875 4120 1160 4177 Chaldaico
1189 4119 1256 4191 (e)
1290 4119 1502 4188 quidem
1551 4133 1797 4173 sermone

226 4221 614 4290 conscriptum,
648 4233 769 4273 cum
801 4216 1154 4286 Hieronymus
1183 4221 1416 4267 verteret
1445 4211 1495 4264 in
1529 4210 1794 4275 Latinum,

227 4313 363 4370 hunc
388 4313 476 4383 qui
512 4310 695 4366 subter
734 4308 972 4363 adnexus
1009 4312 1126 4370 est,
1167 4301 1349 4356 habuit
1374 4311 1794 4371 praeceptorem:

230 4405 436 4459 Memini
466 4420 543 4458 me
562 4444 576 4467 ,
600 4403 790 4471 inquit,
822 4400 883 4455 ob
912 4396 1297 4467 intelligentiam
1325 4393 1478 4464 hujus
1505 4393 1794 4457 voluminis,

228 4496 474 4551 Liddeum
514 4498 779 4566 quemdam
828 4502 1219 4563 pra'ceptorent,
1250 4488 1337 4559 qui
1379 4486 1519 4556 apud
1559 4484 1798 4555 Hebra'os

290 4631 362 4693 (α)
394 4630 510 4693 Mss.
534 4630 684 4683 nostri
707 4640 878 4693 omnes
898 4620 1531 4693 titnencammunedixeris.

289 4678 359 4753 ξ
391 4678 650 4753 Ϋόιίωόιιξ
663 4688 885 4753 quibusve
902 4686 1138 4753 laboribus
1154 4695 1169 4733 :
1190 4691 1289 4753 tum
1302 4679 1681 4753 junctis-duobus
1694 4678 1800 4729 aliis

232 4742 445 4815 Regium,
473 4742 757 4815 Hebraiy'am
787 4750 997 4815 linguam
1034 4742 1668 4815 didicerit,‘pranermissis
1690 4755 1799 4803 quae

233 4803 599 4876 imarser'untur.
624 4803 915 4876 litterasque,
939 4810 1036 4858 imo
1047 4803 1356 4876 Chaldaicam
1380 4803 1609 4876 linguam.

291 4878 359 4937 (ε)
374 4935 383 4937 Α
397 4874 501 4937 vox
518 4863 704 4937 natura:
725 4863 989 4937 anaticano
1012 4869 1354 4937 nonnullisque
1377 4863 1623 4937 altis-Mss;
1638 4863 1796 4937 abest.

232 4926 355 4986 Tum
374 4935 523 4982 habet
548 4932 648 4994 ille,
684 4952 705 4977 ι
727 4934 796 4980 Ad
820 4946 967 4994 quem
991 4926 1362 4986 emendandmn,
1388 4927 1578 4975 cuidam
1600 4926 1795 4974 fratri...

235 5012 307 5046 tne
330 5011 379 5045 ιιι
404 4992 699 5057 disciplinam
719 4992 851 5041 dedi;
868 5010 890 5036 ι

291 5056 365 5119 (d)
399 5049 714 5119 Cch'eiensis
734 5053 1038 5119 susceperint.
1077 5051 1200 5119 Tum
1237 5049 1366 5119 addit
1400 5049 1660 5117 Vaticanus
1692 5050 1800 5109 post

238 5111 529 5172 ceisatverim,
549 5114 736 5174 isthzec,
760 5118 804 5162 et
827 5111 1109 5170 contentione
1133 5111 1353 5169 discendi
1373 5124 1566 5161 rursum
1590 5111 1798 5174 ἐπισφρα-

238 5180 321 5230 rim
342 5192 361 5229 :
391 5171 658 5239 «sequitur
686 5171 825 5224 testis
871 5180 945 5239 est
983 5175 1274 5239 conscientia
1311 5174 1423 5235 quid
1469 5186 1639 5239 passus
1679 5171 1797 5239 sim,

269 5256 372 5291 nem
399 5231 568 5289 eorum
589 5238 672 5299 qui
696 5248 885 5299 mecum
916 5234 1160 5284 duxerunt
1183 5231 1589 5299 vitam';_s_'nsiinui
1622 5231 1742 5281 scio.
1768 5246 1791 5299 ιε

269 5256 372 5291 uem
399 5256 568 5289 eorum
589 5256 672 5299 (ιυι
696 5256 885 5284 mecum
916 5256 1160 5284 uuxuruut.
1183 5256 1352 5294 “tutu;
1383 5256 1589 5285 susuuus
1622 5256 1742 5281 δυιυ.
1770 5256 1791 5274 ι

237 5256 317 5354 alii
342 5303 455 5352 Mss.
481 5296 770 5349 conscientia
791 5302 885 5344 tam
908 5309 1034 5354 mea,
1059 5307 1219 5354 quant,
1245 5302 1336 5343 etc.
1365 5296 1472 5349 Mox
1512 5296 1689 5347 librant
1711 5289 1798 5340 Job

240 5377 311 5433 pro
336 5361 545 5433 [undelis
570 5373 631 5408 ex
656 5358 810 5433 altero
832 5356 1035 5433 Begipue
1174 5357 1523 5433 substituimus.

290 5427 355 5488 (e)
388 5425 604 5488 Alteram
623 5415 1054 5488 quidemyofmlam
1097 5419 1280 5487 rectius
1297 5417 1514 5488 .liegime
1537 5420 1654 5471 Mss,
1680 5415 1798 5484 ιιθιξ.

237 5475 372 5538 ςρῖῑίῑ
399 5486 607 5549 deinde1
618 5475 783 5549 iuncto
805 5480 1050 5549 Vaticano,
1075 5477 1258 5549 peritus
1288 5475 1551 5549 habebatur
1586 5493 1676 5545 pro
1701 5475 1800 5549 pri-

237 5562 325 5607 mus
350 5550 542 5608 legunt.
577 5541 803 5609 Denique
826 5557 948 5609 unus
969 5541 1361 5609 Belidegalensis,
1394 5568 1416 5600 ι
1438 5552 1543 5604 Non
1579 5541 1799 5609 [Muisse

236 5603 299 5669 tne
317 5603 651 5676 interpretari,
678 5603 764 5653 nisi
792 5605 913 5672 quod
939 5603 1293 5654 intellexeram.
1320 5622 1340 5649 ιι

1465 204 1521 258 S.
1560 194 1937 256 lllEllONYMl
1976 201 2145 259 \‘lTA.

3374 212 3475 271 Isi

1882 314 2069 380 primus
2108 316 2402 383 habebatur,
2448 338 2543 374 non
2584 330 2738 392 parcis
2771 336 3053 391 redemisse
3098 328 3367 390 nummis.
3411 328 3478 389 Si

1882 404 1989 470 ejns
2018 404 2239 459 doctrina
2282 410 2469 479 aliquid
2514 420 2827 485 profecerim,
2870 430 3047 480 nescio
3086 443 3106 480 :
3156 426 3262 478 hoc
3304 435 3463 480 unum

1882 494 2007 557 scio,
2041 510 2138 547 non
2165 499 2381 562 potuisse
2410 517 2485 554 me
2510 504 2600 556 nisi
2629 509 2759 575 quod
2779 522 2928 564 antea
2959 516 3349 575 intellexeram,
3378 514 3459 570 its-

1885 585 2167 651 terpretari.
2192 585 2304 653 Quo
2326 601 2451 640 vero
2486 590 2663 647 labore
2688 596 2991 665 sudoreque
3017 599 3329 651 Chaldaeum
3359 600 3456 661 lin.

1881 688 2038 741 gnam
2069 673 2329 738 didicerit,
2362 676 2497 731 idem
2529 680 2874 753 Hieronymus
2905 686 2978 737 ita
3006 685 3273 743 scribens.
3301 696 3450 756 atqng

1882 763 2169 817 adﬁrmans
2188 763 2335 818 dicit.
2367 765 2476 835 Ego
2502 772 2905 828 adolescentulus
2930 783 3046 845 post
3079 770 3384 838 Quintiliani
3406 796 3451 837 et

1887 853 2045 909 Tullii
2070 856 2329 909 lectionem
2354 875 2412 910 ac
2431 860 2580 927 flores
2602 862 2919 929 Rhetoricos,
2945 880 3061 918 cum
3090 879 3169 916 me
3194 862 3246 915 in
3274 863 3453 935 lingu

1886 945 2038 1015 hujus
2062 947 2330 1015 pistrinum
2361 949 2694 1015 reclusissem,
2721 964 2766 1006 et
2807 956 2967 1007 multo
2995 952 3182 1007 sudore
3209 953 3453 1023 multoque

1886 1042 2110 1102 tempore
2145 1037 2403 1106 coepissent
2428 1040 2717 1093 anhelantia
2755 1044 3116 1111 stridentiaque
3145 1041 3293 1096 verba
3320 1060 3452 1099 reso-

1885 1140 2026 1185 nare.
2057 1137 2105 1179 et
2141 1129 2289 1194 quasi
2322 1145 2411 1199 per
2446 1140 2676 1199 cryptam
2714 1132 3009 1199 ambulans,
3041 1151 3211 1189 rarum
3242 1133 3453 1205 desuper

1888 1216 2054 1269 lumen
2102 1221 2358 1285 aspicere,
2412 1220 2597 1289 impegi
2644 1223 2909 1276 novissime
2951 1224 3004 1277 in
3048 1223 3311 1280 Danielent
3335 1265 3351 1291 ,
3406 1236 3454 1282 et

1888 1316 2026 1361 tanto
2056 1311 2204 1363 ttrdio
2231 1309 2439 1377 affectus
2470 1329 2602 1378 sum,
2624 1323 2678 1365 ut
2700 1314 3042 1382 desperatione
3068 1319 3228 1372 subita
3253 1334 3453 1371 omnem

1888 1411 2099 1455 veterem
2141 1401 2362 1456 laborem
2404 1404 2641 1457 voluerim
2671 1414 3002 1458 contemnere.
3051 1406 3232 1460 Verum
3266 1407 3458 1461 adhor-

1889 1501 2027 1545 tante
2054 1491 2123 1563 (f)
2153 1509 2233 1546 me
2262 1494 2369 1548 viro
2404 1493 2636 1558 Hebraeo,
2657 1506 2704 1549 et
2730 1494 2860 1548 illud
2886 1495 3009 1547 mihi
3037 1512 3127 1549 sua
3149 1497 3323 1567 lingua
3348 1514 3462 1550 cre-

1888 1583 2024 1637 brius
2048 1584 2301 1652 ingerente
2319 1626 2332 1647 ,
2362 1585 2506 1637 labor
2530 1586 2699 1638 omnia
2725 1585 2873 1638 vincit
2901 1586 3185 1655 improbus,
3221 1587 3307 1655 qui
3337 1588 3461 1641 mihi

1886 1676 2088 1729 videbar
2125 1677 2309 1729 sciolus
2346 1678 2476 1731 inter
2499 1694 2611 1743 eos,
2661 1679 2790 1747 ccepi
2824 1694 2999 1731 rursus
3036 1678 3311 1745 discipulus
3355 1695 3462 1732 esse

1888 1766 2213 1822 Chaldaicus.
2248 1768 2311 1821 Et
2342 1780 2395 1823 ut
2440 1771 2603 1823 verius
2642 1770 2842 1839 fatear,
2884 1787 3037 1837 usque
3077 1771 3130 1823 in
3170 1781 3465 1841 prasentens

1886 1858 2018 1912 diem
2063 1861 2223 1930 magis
2261 1877 2464 1930 possunt
2512 1878 2793 1916 sermonem
2843 1862 3174 1917 Chaldaicum
3224 1862 3387 1932 legere
3414 1871 3461 1917 et

1885 1946 2165 2016 intelligere
2186 1989 2200 2012 ,
2233 1966 2380 2019 quam
2405 1967 2604 2004 sonare.
2636 1951 2831 2006 Christi
2864 1952 3040 2023 itaque
3078 1951 3241 2023 gratia
3273 1950 3459 2006 Hiero-

1888 2053 2079 2107 nymus
2118 2038 2273 2093 ﬁdem
2304 2040 2562 2109 adeptus,
2598 2041 2892 2111 litterisque
2927 2041 3129 2096 Crzecis
3163 2056 3227 2095 ac
3261 2039 3467 2095 Latinis

1886 2136 2043 2196 atquc
2066 2128 2337 2183 llebraicis
2359 2130 2570 2193 doctus,
2594 2141 2779 2185 cuncta
2803 2131 3142 2185 llchrarornm
3171 2132 3466 2195 volumina,

1887 2234 2003 2288 qnze
2026 2219 2077 2273 in
2095 2220 2311 2274 Canone
2334 2222 2409 2290 (g)
2430 2221 2789 2285 continentur,
2818 2236 2882 2275 ex
2910 2223 3076 2277 veteri
3096 2221 3464 2289 Testamento,

1888 2324 2012 2363 vera
2046 2309 2287 2365 Editione
2314 2310 2365 2364 in
2385 2312 2613 2380 linguam
2642 2311 2878 2366 Latinam
2897 2313 3076 2378 vertit,
3095 2329 3263 2383 eaque
3284 2314 3467 2368 omnia

1889 2409 2277 2455 commentatus
2301 2410 2402 2455 est.
2455 2402 2725 2457 Danielem
2756 2418 2968 2474 quoque
3011 2402 3301 2459 Chaldaico
3339 2419 3461 2459 ser-

1890 2505 2047 2544 mone
2087 2490 2318 2545 locutum
2344 2491 2585 2546 Romano
2618 2493 2759 2564 stylo
2802 2492 3103 2564 descripsit.
3146 2494 3466 2550 Psalterium

1889 2580 2130 2635 videlicet
2160 2580 2301 2653 quod
2326 2596 2356 2635 a
2382 2580 2650 2636 Soll‘ronio
2690 2584 2984 2653 postulatus
3011 2583 3367 2658 Hieronymus
3395 2599 3465 2639 ex

1892 2670 2115 2725 Hebraeo
2139 2671 2355 2733 Canone
2381 2672 2568 2727 Latina
2599 2673 2959 2729 modulatione
2988 2678 3308 2739 canendum,
3342 2690 3468 2729 ver-

1892 2760 2016 2816 bum
2055 2761 2120 2816 ad
2171 2763 2391 2816 verbum
2427 2765 2708 2833 exposuit,
2748 2780 2977 2835 eumque
3015 2766 3245 2820 breviter
3292 2766 3467 2820 disse-

1890 2852 1996 2905 ruit
2030 2862 2083 2905 et
2122 2851 2539 2908 enchiridionem
2577 2854 2880 2923 appellavit.
2928 2856 3069 2909 Duos
3112 2856 3274 2909 libros
3310 2854 3470 2910 Salo-

1891 2943 2064 2996 monis
2093 2944 2397 3011 explanavit
2426 2961 2439 2997 :
2469 2943 2686 2999 Cantica
2718 2960 2847 2999 vero
2888 2944 3224 3000 Canticorum
3251 2960 3317 2999 ex
3342 2946 3470 3001 Ori-

1890 3036 2039 3105 genis
2066 3036 2499 3104 interpretatione
2533 3051 2547 3090 :
2577 3037 2713 3090 sicut
2737 3045 2793 3090 et
2822 3036 2889 3091 de
2916 3037 3112 3107 Sp'ritu
3157 3035 3354 3091 Sancto
3383 3036 3472 3109 (h)

1894 3126 2099 3197 Didymi
2144 3126 2369 3181 videntis
2412 3126 2603 3180 librum
2653 3126 2705 3179 in
2752 3125 2990 3180 Latinam
3040 3127 3305 3182 transtulit
3359 3127 3469 3181 lin-

1891 3234 2069 3289 gnam.
2107 3218 2336 3273 Matthzei
2377 3218 2719 3272 nihilominus
2759 3216 3103 3286 Evangelium
3131 3232 3196 3271 ex
3240 3217 3471 3271 Hebrteo

1891 3308 2019 3363 fecit
2054 3324 2171 3364 esse
2213 3308 2537 3373 Romanum;
2582 3306 2829 3377 quodque
2869 3307 3246 3377 compendiosa
3292 3308 3473 3375 potius

1892 3415 2049 3469 quam
2076 3399 2343 3454 fastidiosa
2370 3398 2739 3467 explanatione
2770 3396 3022 3452 studiosis
3063 3398 3347 3452 lectoribus
3385 3397 3472 3451 in-

1895 3499 2212 3559 terpretatus
2238 3499 2339 3546 est.
2362 3488 2639 3544 Scxdecitn
2660 3503 2871 3559 quoque
2895 3486 3283 3557 Prophetarum
3312 3486 3470 3542 volu-

1894 3585 2034 3637 mina
2074 3598 2168 3637 seu
2208 3582 2452 3636 vaticinia
2497 3597 2528 3633 a
2571 3580 2718 3635 nullo
2757 3580 3075 3650 quandoque
3106 3579 3468 3635 Bottianorum

1895 3674 1977 3727 vel
2002 3674 2307 3729 meminisse
2334 3672 2417 3726 vel
2455 3670 2690 3727 scribere
2729 3669 3009 3724 inchoasse
3037 3678 3272 3737 reperta,
3299 3668 3473 3725 disse-

1895 3769 2002 3821 ruit
2028 3776 2253 3835 quatuor
2278 3774 2331 3820 et
2350 3763 2680 3833 septuaginta
2704 3762 2855 3817 libris
2873 3759 3044 3815 editos
3067 3759 3470 3815 Commentatus

1895 3868 1994 3911 est.
2029 3857 2313 3926 Plerasque
2353 3865 2607 3925 praeterea
2650 3852 2794 3906 Pauli
2826 3850 3126 3922 Epistolas,
3157 3858 3209 3904 et
3249 3848 3473 3905 Joannis

1898 3946 2274 4002 revelationcm
2303 3944 2571 4001 disseruit.
2617 3942 2760 3998 lnter
2802 3941 2897 3995 has
2937 3941 3113 4009 itaque
3158 3952 3473 3993 numerosas

1899 4038 2073 4106 Operis
2101 4037 2178 4090 sui
2220 4038 2466 4105 paginas,
2488 4037 2596 4091 suis
2624 4035 2719 4106 (al.
2744 4029 3006 4104 universis)
3040 4032 3313 4085 universas
3341 4045 3477 4099 pra:-

1901 4129 2185 4182 lationihus
2238 4138 2589 4196 praenotatas,
2636 4128 2870 4198 quinque
2914 4137 2968 4181 et
2998 4133 3212 4179 centum
3259 4123 3474 4193 triginta

1902 4217 2147 4272 Virorum
2193 4216 2477 4271 lllustrium
2520 4218 2923 4272 Ecelesiasticos
2965 4214 3253 4283 scriptores
3289 4228 3316 4265 a
3348 4227 3474 4282 pas-

1900 4312 2052 4366 siOne
2077 4310 2275 4364 Christi
2304 4324 2467 4377 usque
2494 4308 2559 4362 ad
2595 4320 2842 4379 qnartmn
2880 4307 3144 4362 decimum
3185 4301 3474 4359 Theodosii

1902 4402 2239 4473 Imperatoris
2266 4416 2462 4454 annum
2483 4440 2499 4468 ,
2532 4400 2583 4452 in
2619 4400 2860 4454 ordinem
2900 4399 3153 4468 digessit,
3184 4409 3477 4463 omnesque

1899 4497 1992 4567 qui
2030 4496 2096 4550 de
2126 4493 2419 4562 Scripturis
2455 4490 2653 4546 sanctis
2694 4490 2965 4544 memoria:
3004 4486 3202 4557 aliquid
3244 4485 3476 4540 tradide-

1903 4596 2065 4652 runt,
2109 4584 2340 4641 breviter
2376 4582 2639 4651 exposuit.
2689 4579 2882 4634 Verum
2910 4589 2965 4635 et
3003 4591 3188 4635 contra
3224 4576 3474 4643 Celsum,

1904 4678 2278 4751 Porphyrium,
2305 4686 2358 4730 et
2383 4675 2647 4731 lulianum
2684 4676 2979 4742 Augustum
3001 4711 3018 4739 ,
3048 4670 3264 4727 rabidos
3290 4668 3480 4723 adver-

1964 4858 2038 4923 (f)
2055 4855 2109 4905 In
2120 4852 2487 4923 Burgegalensi.
2498 4851 2661 4901 Virum
2677 4862 2788 4923 vero
2807 4848 3377 4923 adhortanteglebrqqiegt

1900 4909 2044 4977 milii',
2080 4926 2175 4966 etc.
2200 4909 2323 4965 Tum
2364 4914 2487 4977 ccepi
2524 4926 2690 4977 rursus
2714 4909 2979 4977 disciptdus
3000 4910 3111 4975 fieri
3145 4909 3478 4977 Chalcidicus:

1902 4969 2251 5089 υέιῃδῖἲὶἕςὶιιω
2284 4982 2329 5025 (ἰ
2354 4969 2619 5037 discipulus
2654 4978 2811 5023 tacet:
2839 4971 2922 5021 ille
2946 4969 3054 5023 mox
3082 4973 3301 5037 praeterit
3326 4969 3476 5017 verba

1902 5056 1923 5089 e
1968 5049 2061 5089 inte
2119 5052 2249 5089 aere.

1900 5048 1944 5090 et
1968 5041 2249 5091 intelliaere.

1964 5052 2342 5169 statim
2377 5095 2609 5169 σμριρνξξεε
2631 5094 2928 5169 causa
2954 5104 3048 5169 est
3236 5099 3476 5169 posset?!

1900 5153 2106 5224 Regium
2127 5153 2282 5208 ηιιειίο
2304 5157 2612 5224 Epchirid‘ion
2643 5153 2916 5224 appellavit.
2954 5156 3047 5224 llic
3072 5153 3255 5209 ‘auteni
3299 5153 3479 5224 subse-

1900 5215 2118 5296 quentia,
2147 5229 2274 5268 Duos
2298 5218 2445 5268 libros
2466 5215 2725 5290 Salomonis
2765 5216 3059 5280 explanavit,
3095 5229 3296 5285 prorsus
3335 5215 3481 5261 omit-

1902 5294 1992 5330 tit:
2023 5282 2103 5330 ille
2125 5280 2390 5330 expiandus
2413 5278 2552 5330 lenit.

1902 5280 1961 5335 tit
1980 5300 1992 5332 :
2023 5280 2113 5331 ille
2125 5280 2390 5335 explanans
2413 5280 2552 5335 legit.

1980 5300 1992 5332 :
2023 5293 2103 5331 nte
2125 5293 2390 5339 exptanans
2413 5293 2552 5340 tegit.

1964 5345 2038 5409 (It)
2053 5343 2182 5409 _Duo
2197 5342 2402 5409 Regii-ze-
2417 5352 2481 5389 ex
2503 5338 2702 5409 Didymi
2722 5337 2943 5402 ridentis.
2967 5354 3063 5396 etc.
3087 5346 3199 5398 Mox
3218 5334 3485 5409 Vaticanus

1902 5401 2031 5458 cuin'
2053 5401 2408 5478 Βυτίὲἓεειιξευξὲ
2429 5401 2682 5478 “hdie—if"
2722 5415 2925 5478 ηαηυῖιιθ
2942 5410 3347 5478 ,ιὟΩΡῘιειαηίηῖνκ

1902 5456 2694 5548 errauirlii§.t}25§i’9%.9915!9i
2702 5456 2893 5548 turri“
2908 5456 3486 5548 gtfaii'i'ié'ieitumtiif;

1902 5518 2050 5603 έεηΐθ
2073 5526 2218 5603 δοίλέδν
2238 5518 2506 5603 (ίὲιρὲἒφξέἒ
2529 5518 2828 5603 δζεμιυαςίιίια
2846 5548 2861 5586 .-
2881 5518 3300 5603 summa
3333 5518 3492 5573 ’νθτυδ

1908 5599 2107 5658 quatuor
2130 5596 2174 5640 ct
2198 5595 2588 5656 pratermittunt.
