4050 6188
611 253 711 310 187

607 366 900 425 dcsudante
939 363 1303 431 Hieronymo,
1357 355 1431 428 (a)
1483 353 1794 409 llebraicam
1835 359 1888 406 et
1939 349 2178 405 Crmcam

605 459 800 513 habeat
819 452 1211 510 certitudinem.
1242 446 1309 502 Et
1345 446 1465 516 quia
1492 443 1842 514 quorumdam
1864 438 2175 495 Graecorum

605 548 813 604 levitas.
841 540 980 612 quod
1001 548 1223 594 cunctas
1258 535 1564 604 Scripturas
1603 532 1703 587 sibi
1730 529 1986 586 divinitus
2017 528 2183 597 inspi-

601 645 746 692 ratas
783 633 1050 686 Romanos
1079 641 1109 681 a
1152 640 1213 680 se
1251 624 1523 693 accepisse
1571 620 1930 691 plaudebant,
1961 616 2089 672 fecit
2114 617 2182 671 ab

602 720 942 780 insultatione
970 717 1256 772 desistere.
1281 714 1406 771 ldeo
1443 714 1804 783 Hieronymus
1849 709 1985 764 locis
2012 722 2180 762 vene-

610 810 866 868 rabilibus
882 822 1043 877 supra
1073 807 1228 861 dictis
1246 804 1602 875 perlustratis,
1619 802 1793 872 pergit
1808 798 2183 856 Constantino-

601 901 763 970 polim
786 898 853 954 ad
867 897 1191 953 audiendum
1210 895 1565 951 venerabilem
1582 895 1749 948 virum
1766 891 2078 960 Gregorium
2099 887 2175 956 (b)

599 991 992 1049 Nazianzenum
1024 997 1413 1060 praeceptorem
1435 1001 1589 1041 suum
1618 993 1743 1040 tunc
1773 980 2179 1051 ejusdemurbis

601 1080 1012 1150 Episcopum,ut
1022 1089 1326 1133 sanctarum
1341 1076 1738 1145 Scripturarum
1753 1072 2054 1130 erudiretur
2069 1079 2182 1125 stu-

601 1171 726 1227 diis.
757 1171 894 1239 Quid
937 1185 1066 1226 vero
1093 1169 1161 1225 de
1189 1168 1346 1238 hujus
1365 1168 1463 1223 viri
1491 1166 1762 1223 indefesso
1789 1163 1966 1218 studio
1992 1171 2046 1217 et
2070 1161 2186 1216 ele-

603 1261 747 1329 gauti
768 1260 1046 1322 industria.
1065 1273 1223 1329 quam
1239 1257 1382 1312 circa
1403 1255 1885 1321 Graecos,Latinos,
1907 1252 2180 1315 llcbrmos,

601 1351 793 1422 Syros,
842 1361 898 1406 et
926 1349 996 1423 (e)
1038 1349 1320 1405 Chaldaeos
1352 1348 1590 1406 exhibuit
1631 1349 1682 1402 in
1726 1346 2003 1412 discendo,
2036 1344 2178 1399 aliud

604 1442 739 1512 (dele
767 1441 932 1513 )nihil
954 1440 1058 1496 dici
1085 1448 1260 1512 potest
1289 1440 1648 1510 praestantius,
1666 1453 1826 1508 quam
1851 1435 1990 1506 quod
2014 1435 2182 1504 ipsius

601 1532 668 1586 ad
699 1531 1095 1587 Pammachium
1118 1539 1172 1586 et
1195 1530 1465 1587 Oceanum
1490 1529 1651 1585 missa
1680 1529 1996 1599 proﬁtentur
2021 1526 2183 1580 verba

603 1623 872 1678 dicentis?
899 1622 1033 1676 Dum
1057 1638 1213 1676 essent
1228 1621 1457 1691 juvenis,
1489 1620 1644 1674 nimio
1683 1617 1906 1673 discendi
1937 1616 2185 1688 fervebant

603 1730 774 1767 amore
801 1729 820 1767 :
847 1730 935 1768 nec
957 1713 1105 1780 iuxta
1124 1713 1458 1782 quorumdant
1486 1709 1946 1780 praesumptionem,
1969 1708 2076 1777 ipse
2107 1723 2186 1762 me

606 1805 777 1862 docui.
814 1803 1161 1871 Apollinarem
1191 1803 1361 1856 audivi
1389 1802 1670 1856 Antiochia:
1697 1805 1983 1871 frequenter
2026 1808 2074 1853 et
2101 1816 2187 1852 co-

606 1897 697 1949 lui.
729 1895 851 1949 Jant
873 1896 1012 1948 cauis
1041 1895 1370 1965 spargebatur
1395 1903 1576 1962 caput,
1619 1901 1664 1945 et
1695 1891 1990 1960 magistrum
2019 1890 2186 1959 potius

604 2001 754 2054 quam
783 1985 1088 2054 discipulum
1136 1985 1214 2056 (ά)
1247 1985 1470 2038 decebat.
1510 1982 1719 2036 Perrexi
1760 1993 1926 2034 tamen
1967 1982 2187 2034 Alexan-

603 2077 802 2142 driam,
849 2077 1023 2131 audivi
1059 2075 1334 2147 Didgmum
1383 2091 1404 2130 :
1442 2077 1494 2130 in
1547 2075 1716 2128 multis
1758 2074 1948 2145 gratias
1979 2074 2021 2128 ei
2065 2088 2184 2143 ago,

602 2167 722 2238 quia
745 2167 880 2237 quod
903 2167 1105 2232 nescivi,
1135 2167 1290 2220 didici
1317 2181 1337 2219 :
1363 2165 1500 2236 quod
1527 2165 1762 2230 sciebam,
1809 2163 1900 2217 illo
1930 2163 2136 2217 docente
2167 2202 2185 2228 ,

605 2278 705 2316 non
737 2262 956 2330 perdidi.
1005 2260 1267 2316 Putabant
1308 2277 1388 2314 me
1424 2260 1649 2314 homines
1701 2259 1852 2326 ﬁnem
1897 2257 2073 2327 fecisse
2101 2256 2187 2309 di-

602 2352 793 2406 scendi.
827 2349 953 2405 Veni
974 2368 1151 2406 rursus
1170 2349 1546 2421 Jerosolymam
1571 2358 1618 2402 et
1647 2347 1926 2402 Bethleem.
1964 2347 2078 2414 Quo
2109 2347 2187 2402 lu-

609 2442 746 2503 bore,
771 2457 867 2510 quo
896 2442 1077 2506 pretio,
1104 2439 1456 2496 Barrabanum
1483 2448 1785 2493 nocturnum
1811 2436 1964 2490 habui
1993 2451 2188 2505 praece-

609 2530 846 2599 ptorem?
890 2529 1116 2583 Timebat
1155 2531 1287 2583 enint
1325 2530 1568 2592 Iudaeos,
1615 2539 1663 2583 et
1719 2529 1933 2582 alterum
1983 2527 2108 2580 mihi
2137 2543 2191 2580 se

608 2618 830 2673 exhibuit
872 2617 1228 2674 Nicodamum.
1271 2617 1404 2674 Item
1431 2619 1498 2671 ad
1543 2618 1802 2673 Rusticum
1843 2617 2189 2670 monachum:

610 2707 747 2762 Dum
771 2725 928 2763 essent
939 2709 1163 2779 juvenis,
1193 2719 1241 2762 et
1268 2708 1558 2764 solitudinis
1575 2724 1652 2761 me
1681 2709 1877 2761 deserta
1920 2707 2188 2773 vallarent,

608 2800 858 2854 incentiva
895 2801 1132 2854 vitiarunt
1177 2801 1511 2869 ardoremque
1537 2809 1733 2854 natura!
1761 2799 1895 2869 ferre
1922 2816 2022 2854 non
2051 2809 2193 2869 pote-

608 2905 720 2944 rant
747 2906 766 2943 :
790 2907 936 2959 quem
959 2907 1072 2944 cum
1101 2892 1286 2945 crebris
1300 2891 1514 2959 jejuniis
1539 2895 1846 2962 frangerent,
1870 2905 2008 2943 mens
2024 2899 2190 2946 tamen

610 2983 998 3054 cogitationibus
1023 2985 1282 3038 cestuabat.
1308 2983 1388 3036 Ad
1415 2999 1564 3053 quam
1592 2982 1964 3048 edomandam,
1987 2983 2191 3036 cuidam

611 3073 762 3145 fratri
782 3075 868 3144 qui
891 3091 954 3128 ea:
985 3072 1212 3130 llebrteis
1250 3075 1573 3141 crediderat,
1606 3089 1685 3127 me
1708 3073 1824 3128 dedi
1869 3074 1921 3128 in
1950 3073 2186 3144 discipli-

611 3179 729 3216 nam
761 3178 780 3216 :
812 3172 867 3216 ut
901 3173 1014 3235 post
1053 3165 1358 3228 Quintiliani
1386 3165 1620 3218 acumina
1641 3205 1655 3230 ,
1685 3163 1940 3218 Ciceronis
1966 3165 2148 3234 ﬂuvios
2168 3205 2184 3231 ,

612 3256 1003 3325 gravitatemque
1031 3253 1326 3321 Frontonis,
1366 3263 1411 3308 et
1438 3255 1696 3309 lenitatem
1725 3252 1916 3318 Plinii,
1944 3255 2188 3323 alphabe-

613 3351 720 3397 tum
757 3344 997 3398 discerem
1040 3361 1059 3398 :
1084 3355 1132 3400 et
1176 3345 1461 3409 stridentia,
1510 3347 1900 3414 anhelantiaque
1946 3345 2092 3399 verba
2123 3345 2193 3416 (e)

616 3434 904 3486 meditarer.
932 3434 1070 3501 Quid
1085 3433 1152 3487 ibi
1179 3435 1365 3488 laboris
1387 3436 1761 3504 insumpserim,
1789 3434 1914 3506 quid
1940 3435 2195 3489 sustinue-

622 3523 720 3576 rint
751 3523 1063 3594 diﬂicultatis
1093 3539 1113 3577 :
1133 3524 1323 3593 quoties
1353 3524 1740 3593 desperaverim,
1770 3525 2060 3594 quotiesque
2089 3540 2195 3578 ces-

619 3615 832 3668 saverim
889 3629 908 3668 :
937 3623 987 3669 et
1039 3614 1351 3669 contentione
1395 3614 1619 3666 discendi
1671 3629 1845 3666 rursus
1886 3615 2196 3683 incceperim,

620 3703 759 3758 testis
787 3712 860 3757 est
887 3705 1186 3759 conscientia
1211 3745 1226 3771 ,
1257 3715 1360 3758 tam
1392 3721 1502 3758 utea
1541 3704 1628 3773 qui
1665 3720 1844 3773 passus
1874 3721 2006 3770 sunt,
2047 3721 2200 3776 quant

621 3811 795 3848 eorum
822 3795 910 3866 qui
940 3781 1133 3850 mecum
1159 3796 1313 3850 vitam
1342 3795 1614 3850 duxerunt.
1650 3793 1714 3847 Et
1746 3795 1934 3865 gratias
1961 3811 2057 3866 ago
2086 3794 2196 3848 Do-

620 3886 777 3951 mino,
808 3885 946 3956 quod
985 3885 1049 3940 de
1071 3903 1247 3941 amaro
1276 3887 1463 3940 semine
1486 3886 1766 3939 litterarum
1805 3884 1975 3938 dulces
2005 3886 2202 3956 [ructus

619 3993 796 4049 carpo.
829 3975 896 4032 Et
920 3978 974 4031 in
1014 3979 1224 4049 prologo
1263 3978 1377 4031 libri
1401 3977 1500 4037 Job
1525 4017 1539 4041 ,
1575 3993 1722 4046 quem
1759 3976 1987 4030 videlicet
2017 3977 2200 4030 librum

621 4069 732 4142 ejus
779 4069 947 4121 studio
992 4067 1179 4122 Latina
1236 4070 1411 4140 lingua
1465 4070 1765 4123 translatunt
1822 4071 2203 4138 expositumque

623 4158 902 4229 promeruit
927 4175 946 4224 ,°
978 4157 1189 4213 Memini
1213 4177 1311 4226 me,
1338 4159 1526 4230 inquit,
1559 4159 1618 4213 ob
1644 4159 2024 4230 intelligentiant
2049 4160 2202 4230 hujus

623 4249 894 4306 voluminis
935 4248 1005 4324 (ί)
1037 4250 1285 4306 Liddeum
1331 4251 1594 4323 quemdem
1632 4251 1684 4305 in
1710 4262 2092 4322 praceptorem,
2114 4251 2203 4322 qui

577 4329 591 4417 3
652 4441 662 4445 _
692 4380 758 4445 lu)
797 4381 1140 4433 Ambrosianus
1155 4382 1246 4432 Ms.
1275 4384 1528 4445 vetustior,
1561 4399 1583 4429 ι
1603 4381 1894 4445 Hebraicam
1919 4381 2099 4432 habeat
2121 4395 2205 4432 ve-

623 4441 916 4506 ritatem,_et
955 4445 1268 4506 quorumdam
1291 4441 1568 4506 Graecorum
1603 4443 1964 4506 certitudinem.
1989 4459 2013 4506 ρ

700 4500 762 4577 (ὑ)
804 4503 956 4577 Idem,
971 4500 1010 4549 ἰ
1031 4505 1320 4577 gregarium
1345 4505 1942 4577 Nazianzenum,'ut‘ider_n
1975 4505 2033 4577 in
2045 4506 2205 4577 tertio

625 4559 1027 4626 Explanation'um
1053 4559 1190 4615 Isaiae
1213 4563 1339 4614 libro
1360 4567 1612 4626 meminit,
1648 4559 1731 4614 uhi
1773 4565 2019 4626 Pmpheta
2045 4565 2205 4615 Deum

625 4635 686 4674 δυ
709 4624 891 4689 vidisse
916 4631 1156 4689 testatur,
1183 4628 1256 4676 sic
1279 4627 1508 4689 inquiens
1527 4665 1538 4684 ,
1565 4625 1750 4689 Debac
1772 4624 1974 4676 Visione
1997 4640 2110 4689 cum
2132 4641 2208 4677 es-

624 4696 732 4749 sem
754 4685 1181 4749 Constantinopoli,
1205 4695 1257 4737 et
1277 4685 1403 4749 apud
1429 4688 1583 4735 virum
1609 4686 2059 4748 eloquentissimum
2083 4688 2208 4737 Gre-

565 4771 574 4780 -
624 4747 816 4857 ﬁorium
841 4747 1187 4799 Nazianzenum
1212 4747 1562 4811 praeceptorem
1597 4747 1778 4806 meum,
1802 4764 1825 4792 ι
1858 4756 1955 4798 etc.
1980 4755 2035 4798 ut
2055 4751 2205 4800 videri

661 4821 733 4857 ωε
755 4808 898 4857 facile
923 4810 1126 4857 nossint.
1150 4811 1213 4857 ob
1232 4810 1452 4857 eiusdem
1477 4807 1909 4857 nominisGreaorii
1925 4810 2205 4857 Nazianzem‘

661 4821 733 4857 ωε
755 4808 898 4859 facile
922 4810 1126 4872 possint,
1150 4807 1452 4872 ob'ejusdem
1466 4809 1684 4872 nominis
1693 4807 1909 4872 Gregorii
1925 4810 2209 4862 Nazianzeni

626 4881 883 4934 [animum
905 4869 1126 4934 {saepius
1141 4869 1290 4934 obvio
1313 4869 1614 4934 librariorum
1645 4869 1811 4931 lalisu',
1859 4873 2203 4934 pratermissa.

626 4929 862 4995 Segitur
905 4929 1079 4995 iisdem
1111 4932 1392 4995 Hieronymi
1431 4932 1624 4995 verbis,
1657 4929 1818 4980 «tunc
1851 4929 2082 4995 ejusdem
2125 4947 2208 4982 ur-

629 4945 862 5042 aquttur
905 4945 1079 4983 "808m
1111 4945 1392 4995 Hieronymi
1431 4945 1624 4991 verbis,
1657 4949 1680 4977 ι
1706 4945 1818 4980 tunc
1863 4945 2082 4993 ejusuem
2125 4947 2205 4982 ur-

771 4996 994 5066 pisqopus
1030 4993 1313 5066 Sanctarum
1354 4993 1706 5066 Scripturaru'm
1751 4993 1921 5066 studiis
1945 4994 2169 5066 erudircr
2191 5033 2205 5056 ,

627 5055 733 5102 scio
753 5054 834 5105 me
858 5054 1062 5106 beevetn
1083 5057 1398 5118 subitumque
1420 5054 1630 5104 dictasse
1653 5054 1949 5104 Tractatum.
1975 5056 2099 5114 Quid
2125 5054 2210 5106 vei-

627 5123 892 5166 tonetc.

715 5175 762 5240 ο)
801 5177 858 5240 [ιι
882 5179 1056 5229 eodem
1074 5176 1523 5240 Machaldaaosque
1543 5177 1594 5227 in
1615 5175 1846 5240 discendo
1866 5176 2049 5236 habuit,
2075 5184 2172 5228 etc.

807 5237 1128 5302 Restituimus
1160 5255 1223 5302 ex
1258 5237 1554 5302 eodem'Ms.
1593 5239 1822 5302 decebat,
1856 5252 1944 5301 pro
1973 5253 2070 5302 quo
2103 5247 2210 5302 erat

835 5335 849 5349 .
896 5301 1032 5363 Idem
1065 5299 1208 5362 paulo
1244 5309 1352 5363 post
1378 5301 1637 5351 Baraniam
1677 5301 1825 5350 habet
1856 5299 1945 5363 pro
1969 5299 2210 5350 Barruba-

622 5372 763 5424 sunt.
798 5361 1090 5424 parasitum
1111 5361 1318 5424 Sanctus
1348 5363 1455 5424 ipse
1477 5363 1627 5424 Pater
1651 5368 1806 5410 vocat.

698 5422 760 5495 (ei
798 5421 918 5471 Plus
954 5421 1086 5495 idem
1108 5423 1289 5495 habet}
1331 5421 1485 5494 f’erba
1631 5423 1941 5495 nteditaren;
1961 5421 2170 5495 tumilla
2192 5457 2206 5481 ,

627 5482 1208 5556 quotiesquecessaverim
1223 5521 1238 5543 ,
1263 5483 1378 5532 beic
1399 5484 1722 5546 praetermissa
1737 5518 1751 5543 ,
1773 5483 1938 5532 subdit
1960 5483 2038 5532 his
2057 5521 2071 5542 ,
2095 5497 2208 5532 rur-

627 5557 716 5595 sus
737 5556 1038 5606 mmpersm.

695 5604 752 5668 (ῃ
791 5605 953 5667 Atque
975 5601 1090 5668 beic
1124 5614 1187 5652 ex
1218 5603 1508 5668 eodemMs.
1532 5604 1836 5668 restituimus
1859 5602 2090 5668 Liddeum
2121 5619 2208 5668 pro

791 5619 953 5667 Aulue
977 5619 1090 5650 neu:
1124 5619 1187 5652 ΘΧ
1220 5619 1394 5654 θοαθπι
1419 5619 1508 5653 IIS.
1532 5619 1630 5652 I'CSl
1640 5619 1836 5652 “Ulmus
1859 5619 2090 5653 uaaemn
2139 5620 2208 5655 ‘J'O

774 5676 854 5715 unt
871 5699 885 5728 ,
907 5661 1043 5728 quod
1068 5672 1192 5715 erat.
1217 5663 1324 5714 Mox
1361 5665 1490 5715 idem
1523 5662 1748 5714 tlebrtvos
1779 5677 1867 5726 pro
1897 5664 2092 5715 Judteos
2121 5619 2210 5716 La-

1874 237 1933 291 S.
1978 228 2354 289 lllliBONYMl
2397 227 2576 283 VITA.

3779 227 3912 283 188

2285 345 2426 415 apud
2451 343 2661 398 Iudicas
2697 344 2886 413 peritus
2913 339 3208 410 habebatur,
3251 357 3356 397 non
3391 342 3566 410 parvis
3601 345 3910 401 redemisse

2287 435 2524 490 nummis.
2567 435 2733 488 Porro
2783 432 2849 488 ad
2893 433 3173 488 scientiam
3214 433 3410 504 lingua:
3436 433 3746 490 Chaldaica:
3774 452 3906 506 quo

2287 527 2471 583 labore
2520 525 2856 596 pervenerit,
2897 525 3036 581 idem
3084 525 3153 580 de
3189 541 3249 581 se
3293 526 3652 597 Hieronymus
3699 528 3776 582 ita
3833 529 3900 584 in

2287 617 2510 688 prologo
2557 617 2790 671 Danielis
2831 626 3047 671 enarrat
3093 634 3108 671 :
3149 616 3262 687 Ego
3311 618 3721 674 adolescentulus
3766 630 3905 687 post

2293 705 2598 772 Quintiliani
2619 716 2663 760 et
2689 705 2850 760 Tullii
2885 707 3147 760 lectionem
3163 723 3225 760 ac
3249 709 3399 776 ﬂores
3427 709 3726 772 rhetoricos.
3765 728 3904 765 cum

2287 797 2339 851 in
2360 798 2548 868 lingua:
2577 797 2730 866 huius
2760 799 3027 867 pistrinum
3052 814 3130 852 me
3156 799 3492 862 reclusissem.
3521 813 3570 853 et
3598 801 3766 854 multo
3791 817 3899 855 su-

2289 889 2411 942 dore
2435 888 2693 957 multoque
2708 897 2928 958 tempore
2951 889 3037 942 via:
3055 889 3316 957 cepissem
3335 889 3630 944 anhelantia
3651 893 3899 946 striden-

2289 979 2455 1046 tiaque
2483 977 2628 1030 verba
2654 994 2890 1032 resonare
2915 993 2934 1032 :
2961 987 3010 1033 et
3031 979 3177 1047 quasi
3204 994 3294 1046 per
3321 987 3551 1050 cryptam
3576 981 3892 1046 ambulans.

2287 1068 2364 1136 (g)
2392 1083 2568 1120 rarum
2594 1067 2812 1138 desuper
2847 1066 3016 1122 lumen
3056 1069 3356 1138 aspicerem,
3383 1071 3572 1141 impegi
3599 1071 3895 1125 novissime

2287 1157 2342 1210 in
2369 1156 2632 1216 Danielem
2659 1173 2679 1212 :
2707 1169 2754 1213 et
2791 1168 2932 1212 tanto
2958 1159 3114 1212 tedio
3138 1157 3352 1226 affectus
3376 1176 3510 1227 sum,
3543 1171 3597 1214 ut
3625 1161 3894 1231 despera-

2290 1251 2423 1305 tione
2451 1261 2652 1322 sumpta
2675 1294 2690 1317 ,
2731 1269 2930 1306 onmem
2972 1262 3184 1307 veterem
3225 1253 3446 1308 laborem
3473 1253 3714 1308 voluerim
3743 1271 3889 1310 coss-

2288 1349 2523 1397 temnere.
2583 1342 2765 1398 Verum
2810 1344 3111 1398 adhortante
3141 1361 3220 1399 me
3253 1343 3490 1408 Hebrceo,
3540 1355 3588 1400 et
3615 1345 3754 1400 illud
3775 1362 3886 1400 sua

2288 1433 2462 1503 lingua
2481 1435 2702 1488 crebrius
2721 1435 2975 1506 ingerente
2989 1451 3008 1488 :
3028 1433 3197 1489 Labor
3213 1435 3469 1505 improbus
3485 1437 3656 1490 omnia
3675 1436 3839 1490 vincis
3860 1451 3890 1491 :

2289 1532 2336 1576 et
2362 1525 2450 1594 qui
2473 1525 2598 1579 mihi
2623 1526 2828 1580 videbar
2841 1527 3048 1594 sciolus,
3071 1528 3202 1581 inter
3224 1526 3465 1582 Hebrum
3491 1568 3506 1592 ,
3534 1527 3664 1598 οωρὶ
3689 1544 3885 1583 rursus

2289 1611 2569 1683 discipulus
2593 1630 2697 1668 esse
2720 1614 3050 1670 Chaldaicus.
3078 1615 3145 1670 Et
3166 1627 3219 1671 ut
3237 1617 3399 1672 verius
3423 1621 3607 1688 fatear,
3636 1634 3792 1688 usque
3817 1619 3884 1673 its

2290 1713 2587 1770 prazsentem
2611 1705 2744 1758 diem
2784 1707 2943 1777 magis
2969 1722 3175 1777 possunt
3215 1724 3495 1762 sermonem
3529 1707 3878 1764 Chaldaicum

2291 1792 2473 1864 legere,
2505 1796 2586 1865 (h)
2607 1806 2654 1851 et
2681 1797 2978 1868 intelligere,
3007 1815 3159 1868 quant
3177 1816 3380 1855 sonare.

2363 1887 2567 1941 Interea
2599 1888 2770 1957 pergit
2812 1890 2862 1943 in
2905 1887 3137 1960 Syriam,
3169 1900 3222 1945 et
3249 1891 3374 1945 dum
3425 1891 3477 1946 in
3524 1891 3884 1963 possessione

2293 1977 2504 2047 Evagrii
2552 1977 2857 2049 Presbyteri
2904 1990 3226 2044 moraretur,
3254 1980 3519 2036 Malchum
3545 1982 3878 2038 monachum

2292 2081 2347 2127 et
2361 2069 2650 2140 aliquando
2667 2072 2937 2141 captivum
2956 2073 3189 2142 reperit:
3214 2083 3698 2145 percunctatusque
3719 2090 3877 2141 etun,

2292 2161 2536 2216 ordinem
2557 2175 2770 2217 omnem
2797 2163 3125 2232 captivitatis
3163 2164 3282 2234 ejus
3306 2165 3537 2235 accepit,
3571 2174 3628 2220 et
3656 2167 3881 2237 scripsit

2293 2253 2590 2316 historiam.
2615 2255 2856 2326 Cumque
2896 2264 3112 2312 sanctos
3150 2257 3442 2312 monachos
3485 2268 3540 2313 et
3581 2257 3876 2328 Eremitas,

2292 2357 2584 2414 eorumque
2610 2345 2832 2400 humilia
2872 2361 3164 2417 peragrans
3191 2345 3493 2401 habitacula
3529 2349 3876 2418 contempla-

2295 2445 2416 2502 tur,
2453 2438 2511 2506 (i)
2539 2438 2875 2494 orationibus
2900 2439 3017 2494 sine
3050 2439 3447 2495 intermissione
3471 2441 3743 2507 insistens,
3774 2456 3879 2495 vo-

2296 2528 2660 2601 luptatemque
2688 2533 2866 2587 carnis
2888 2531 3204 2602 quotidiana
3231 2531 3416 2587 labore
3437 2532 3751 2602 jejunioque
3781 2547 3879 2586 rc-

2295 2619 2534 2688 irenans,
2551 2621 2835 2692 plerosque
2855 2624 3120 2678 bonorum
3145 2623 3394 2680 meliores
3424 2624 3558 2690 fore,
3575 2625 3882 2680 suoducuit

2295 2710 2558 2766 instituto.
2576 2713 2706 2768 Dum
2731 2714 2908 2784 itaque
2925 2713 3007 2768 his
3026 2714 3184 2769 bonis
3196 2714 3330 2770 adeo
3350 2715 3639 2779 insisteret,
3658 2727 3716 2770 ut
3735 2717 3878 2771 scri-

2295 2801 2456 2858 bendi
2494 2805 2655 2859 etiam
2695 2805 2932 2860 studium
2959 2805 3377 2873 intermitteret;
3420 2806 3680 2861 Damasus
3713 2805 3880 2863 Urbis

2297 2895 2596 2964 Episcopus
2646 2910 2742 2965 pro
2791 2896 3047 2952 Ecclesiae
3096 2897 3326 2952 'utilitate
3373 2897 3654 2962 sollicitus,
3701 2906 3759 2952 ut
3803 2899 3884 2953 ab

2296 2985 2514 3040 assiduo
2540 2986 2809 3042 scribendi
2833 3003 2998 3058 opere
3024 3002 3130 3042 non
3157 2987 3468 3055 desisteret,
3501 2987 3881 3058 hujuscemodi

2297 3093 2422 3134 eum
2452 3078 2770 3133 exhortatus
2796 3087 2881 3134 est
2909 3079 3126 3148 scriptis
3158 3097 3173 3133 :
3209 3079 3571 3135 Dilectissimo
3611 3079 3721 3135 tilia
3747 3080 3881 3136 Hie-

2300 3185 2527 3241 ronymo
2563 3171 2839 3225 Damasus.
2871 3169 3214 3224 Dormientem
3253 3178 3322 3238 te,
3353 3180 3402 3225 et
3426 3169 3577 3241 longo
3612 3172 3723 3242 jam
3753 3178 3884 3223 tem-

2302 3279 2423 3334 pore
2469 3264 2711 3333 legentent
2758 3263 2926 3332 potius
2975 3278 3126 3332 quam
3155 3262 3475 3324 scribentem,
3502 3261 3883 3331 quaestiunculis

2301 3357 2368 3410 ad
2397 3365 2443 3408 te
2470 3355 2635 3409 missis
2664 3355 2884 3408 excitare
2909 3354 3157 3424 disposui.
3189 3353 3313 3409 Non
3338 3354 3475 3426 quod
3517 3363 3564 3409 et
3587 3355 3751 3426 legere
3775 3370 3881 3408 non

2303 3447 2503 3513 debeas,
2542 3447 2636 3500 hoc
2678 3447 2808 3500 enint
2849 3446 2994 3516 quasi
3023 3446 3319 3516 quotidiana
3353 3447 3464 3500 cibo
3501 3446 3658 3500 alitur
3682 3456 3730 3500 et
3759 3447 3880 3514 pin-

2303 3539 2492 3611 guescit
2533 3538 2742 3593 oratio:
2783 3539 2870 3592 sed
2907 3538 3040 3610 quod
3085 3539 3316 3593 lectionis
3363 3543 3557 3610 fructus
3594 3539 3656 3594 sit
3693 3539 3806 3606 iste,
3834 3541 3882 3593 si

2303 3629 2511 3685 scribas.
2545 3629 2723 3697 Itaque
2746 3632 2982 3700 quoniam
3010 3629 3265 3700 pollicitus
3286 3645 3339 3683 es
3365 3639 3412 3684 te
3437 3630 3635 3702 furtivis
3660 3630 3888 3684 noctium

2305 3722 2470 3790 operis
2511 3721 2684 3790 aliqua
2708 3722 2754 3775 si
2791 3721 2967 3776 vellem
3007 3738 3156 3790 posse
3179 3722 3372 3776 dictare
3397 3739 3416 3777 :
3443 3723 3654 3777 libenter
3681 3723 3884 3792 accipio

2305 3815 2370 3868 ab
2389 3812 2646 3881 offerente,
2668 3814 2801 3884 quod
2822 3829 3002 3885 rogare
3029 3814 3313 3882 volueram,
3355 3815 3398 3870 si
3424 3832 3677 3887 negasses.
3703 3814 3888 3884 Neque

2306 3919 2422 3958 vero
2449 3905 2606 3958 ullam
2641 3916 2764 3975 puto
2792 3904 3077 3975 digniorem
3103 3904 3464 3975 disputationis
3500 3915 3683 3960 nostra
3705 3908 3888 3977 confa-

2309 3996 2612 4051 bulatiouem
2639 3999 2768 4068 fore,
2791 4013 2943 4064 quam
2980 3997 3024 4050 si
3063 3997 3126 4050 de
3164 3996 3445 4068 Scripturis
3496 3999 3890 4052 sermocinemur

2307 4088 2440 4142 inter
2483 4104 2576 4142 nos
2606 4103 2625 4142 :
2665 4087 2722 4141 id
2750 4096 2844 4153 est,
2877 4098 2932 4141 ut
2958 4104 3051 4159 ego
3092 4089 3412 4161 interrogem,
3457 4100 3511 4143 tu
3558 4091 3888 4160 respondeas.

2313 4179 2426 4246 Qua
2449 4180 2571 4245 vita,
2599 4181 2653 4233 in
2680 4179 2775 4234 hac
2804 4180 2919 4233 luce
2941 4181 3072 4234 nihil
3096 4190 3218 4252 puto
3234 4181 3555 4252 jucundius;
3581 4198 3680 4250 quo
3702 4183 3891 4236 animus

2309 4271 2493 4341 pabulo
2531 4270 2702 4325 omnia
2736 4271 2889 4324 mella
2915 4280 3235 4340 superantur.
3280 4271 3447 4339 Quam
3491 4271 3688 4336 dulcia,
3729 4271 3893 4342 inquit

2309 4359 2592 4431 Pmpheta,
2615 4362 2816 4432 gutturi
2855 4376 2977 4416 meo
3016 4361 3226 4432 eloquia
3279 4363 3404 4417 tua!
3453 4361 3627 4431 Super
3671 4361 3778 4416 mel
3807 4364 3892 4418 uri

2309 4469 2451 4508 meo.
2487 4452 2784 4522 Prwcipuus
2811 4463 3004 4520 orator,
3043 4454 3212 4525 inquit
3239 4469 3258 4509 :
3289 4453 3418 4510 Cum
3445 4453 3637 4529 ideirco
3662 4453 3893 4508 homines

2309 4562 2342 4598 a
2368 4545 2535 4600 bestiis
2562 4543 2877 4612 differamus,
2905 4545 3041 4616 quod
3081 4546 3220 4616 loqui
3244 4562 3514 4617 pessumus
3545 4561 3564 4601 :
3610 4562 3712 4618 qua
3741 4545 3895 4602 laude

2311 4637 2494 4708 dignus
2513 4646 2604 4705 est,
2625 4638 2714 4708 qui
2736 4638 2789 4691 in
2818 4654 2878 4692 ea
2903 4654 2960 4693 re
2979 4647 3182 4693 caunas
3213 4649 3440 4710 superat,
3464 4641 3522 4695 in
3538 4656 3639 4710 qua
3663 4639 3896 4696 homines

2312 4814 2668 4928 ᾓῖἱὶῇξιεῖἓιο
2701 4825 2808 4880 post
2828 4816 2926 4867 duo
2958 4817 3038 4868 illa
3060 4817 3209 4869 verba
3235 4819 3601 4882 praetermittit,
3641 4825 3741 4882 Ego
3770 4818 3897 4870 ado-

2381 4934 2447 5004 (g)
2465 4938 2649 5010 Linque
2672 4939 2785 5010 beic
2805 4952 2972 4990 rarum
3004 4953 3066 4990 ex
3090 4940 3265 4992 eodem
3289 4940 3382 4992 Ms.
3415 4939 3785 4993 emendavimus
3806 4955 3899 5006 pro

2311 5007 2605 5063 quo_vtti_ose
2628 5008 2733 5050 erat
2752 5013 2938 5063 earum.

2386 5057 2452 5127 (h)
2493 5059 2602 5127 Quo
2625 5062 2776 5112 verba
2800 5067 2845 5111 et
2865 5060 3132 5127 intelligere
3158 5062 3248 5112 Ms.
3275 5063 3298 5114 Ι
3321 5063 3485 5114 littera
3508 5062 3769 5114 denotatus
3798 5077 3900 5116 non

2313 5121 2478 5188 habet.
2521 5121 2645 5188 'l_'um
2668 5136 2788 5188 vero
2809 5124 2930 5171 satis
2950 5121 3426 5188 longam‘pericOpcn
3444 5161 3458 5184 ,
3482 5136 3594 5188 quae
3632 5131 3891 5188 utramque

2312 5182 2421 5246 fere
2440 5182 2614 5246 implet
2637 5183 2906 5246 columnam
2931 5182 3118 5246 paginae
3139 5182 3250 5234 (Μ.
3276 5182 3371 5234 huc
3386 5182 3642 5246 trau'slert,
3663 5201 3689 5234 a
3714 5182 3894 5237 verbis.

2314 5242 2668 5307 Plenitudincnt
2687 5243 2849 5306 itaque
2874 5242 3148 5307 sapiEntite,
3172 5252 3218 5307 et
3239 5245 3507 5307 sanctitatis
3545 5242 3636 5307 (al.
3661 5247 3896 5306 scientiis,

2313 5317 2470 5373 usque
2496 5305 2554 5353 ad
2583 5304 2984 5373 ill_a_pro}_)attile_nt_
3008 5319 3111 5357 esse
3146 5305 3391 5358 evidenter
3413 5304 3664 5373 insinuat).
3689 5308 3768 5359 De
3791 5304 3898 5372 qui;

2313 5367 2406 5414 bus
2425 5371 2527 5414 tum
2552 5366 2732 5416 redibit
2753 5367 2944 5417 dicendi
2971 5367 3123 5417 locus.

2382 5423 2744 5492 (ilAdditidem
2767 5428 2858 5483 Ms.
2885 5428 3036 5492 «ipse
3051 5441 3248 5490 quoque
3273 5442 3442 5479 eorum
3456 5431 3680 5481 habitum
3699 5429 3899 5481 factum

2314 5489 2654 5548 que'imitatus
2675 5497 2778 5547 est,
2805 5489 3103 5552 orationibus
3126 5489 3334 5552 namque
3366 5494 3477 5542 sine
3501 5493 3897 5552 intermissione,

2316 5547 2413 5615 etc.
2449 5566 2476 5615 ξ
2521 5557 2591 5615 De
2632 5547 2986 5615 Monac-harum
3009 5550 3136 5610 facto
3184 5547 3402 5615 dix'itnus
3435 5553 3493 5602 ad
3535 5547 3898 5615 "secedentem

2317 5609 2511 5718 Ρδρυιέἓ
2546 5609 2782 5660 Gcnnadii
2825 5610 3134 5672 scriptionem
3155 5646 3170 5673 ,
3215 5612 3346 5663 unde
3392 5613 3498 5666 haec
3535 5609 3768 5666 "videntur
3807 5615 3896 5666 de-

2317 5684 2454 5718 b‘llullt
2479 5687 2490 5698 '
2511 5705 2524 5718 .

2317 5684 2524 5735 b‘llltlltla.
