4050 6188
30 306 203 379 ‘t89

90 435 291 490 bestias
324 440 689 496 antecellunt!
714 443 985 516 Accingere
1008 445 1181 517 igitur,
1213 454 1258 500 et
1288 446 1413 500 mihi
1452 463 1566 515 qua:
1583 448 1704 501 sub-

79 529 232 598 jecta
271 540 403 583 sunt
430 531 674 588 edissere.
712 534 847 601 Quid
871 536 965 589 sibi
984 538 1087 590 vult
1116 538 1251 603 quod
1275 537 1326 590 in
1363 536 1547 592 Genesi
1583 539 1709 591 scri-

90 630 247 691 ptum
300 631 379 675 est
413 637 435 686 ;
473 621 662 679 Omnis
687 627 778 695 qui
809 628 1071 683 occiderit
1112 628 1263 695 Cain,
1295 639 1500 699 septem
1530 630 1705 684 vindi-

104 723 213 770 ctas
245 714 527 771 exsolvet.
559 716 622 772 Si
659 719 828 772 omnia
873 721 987 790 fecit
1018 719 1153 773 Deus
1192 720 1320 773 bona
1360 721 1527 784 valde,
1555 737 1709 789 quare

109 807 214 861 Noe
242 807 322 860 de
347 808 553 863 mundis
583 819 628 863 et
653 812 924 865 immundis
952 813 1225 881 prlecepit;
1253 829 1365 865 cum
1392 811 1707 865 immundum

108 898 230 951 nihil
248 897 451 951 bonum
469 916 575 955 esse
597 902 752 969 possit
774 901 799 953 .’
821 899 924 957 Cur
941 901 1080 955 Deus
1101 903 1323 973 loquitur
1341 903 1409 955 ad
1424 901 1701 968 Abraham,

106 991 235 1059 quod
262 1000 463 1060 quarta
488 995 726 1064 progenie
762 1004 926 1048 essent
957 995 1051 1063 ﬁlii
1077 993 1242 1048 Israel
1266 995 1329 1048 de
1353 994 1585 1065 1Egypto
1620 1011 1704 1048 re-

105 1084 329 1149 sersuri,
358 1094 411 1137 et
441 1096 617 1153 postea
645 1085 850 1157 Moyses
887 1087 1057 1141 scribit
1083 1104 1101 1141 :
1128 1087 1321 1154 Quinta
1357 1097 1534 1142 autem
1576 1102 1704 1156 pro-

105 1174 257 1244 genie
312 1175 571 1231 exierunt
628 1177 721 1232 lilii
773 1176 934 1233 lsrael
996 1177 1065 1233 de
1114 1188 1258 1232 terra
1300 1176 1555 1248 Egypti?
1601 1177 1707 1230 Cur

107 1265 374 1318 Abraham
412 1267 536 1333 ﬁdei
562 1283 667 1321 stuc
691 1268 892 1338 signum
920 1269 1300 1322 circumcisione
1338 1270 1573 1339 accepit?
1603 1268 1707 1323 Cur

103 1356 247 1410 Isaac
272 1358 362 1409 vir
380 1359 560 1425 justus
579 1375 678 1412 non
704 1361 781 1413 illi
802 1360 881 1412 cui
901 1359 1079 1424 voluit,
1105 1361 1351 1414 benedixit
1371 1363 1396 1415 ?
1427 1363 1499 1416 De
1514 1361 1707 1430 quibus

104 1447 367 1502 omnibus
396 1448 587 1503 beatus
612 1449 970 1522 llieronymus
999 1452 1308 1520 plenissime
1332 1452 1621 1508 satisfecit:
1653 1463 1707 1509 ct

103 1554 211 1606 qua:
241 1538 626 1593 subnotamur
672 1557 769 1609 per
792 1542 1003 1596 diversa
1032 1542 1147 1611 ejus
1193 1552 1431 1611 tempora
1476 1543 1705 1599 Damaso

105 1628 257 1696 Papae
286 1629 593 1698 inscripsit.
627 1630 883 1686 llomilias
910 1632 1113 1687 scilicet
1144 1634 1194 1686 in
1224 1632 1497 1688 Canticum
1524 1635 1703 1688 Canti-

104 1736 297 1775 corum
326 1719 431 1793 (a).
477 1721 551 1775 De
577 1719 831 1788 Osianna,
866 1724 1023 1793 vulgo
1047 1723 1257 1779 Osanna
1285 1724 1477 1779 librum
1511 1741 1696 1780 unum.

108 1812 173 1866 De
200 1821 394 1866 morte
419 1810 585 1879 Olim,
613 1822 667 1867 et
712 1811 778 1868 de
819 1813 1100 1882 Seraphim
1127 1822 1183 1868 ct
1208 1814 1413 1869 calculo
1436 1814 1698 1869 candente

107 1901 309 1957 librum
340 1917 549 1967 unum;
592 1902 659 1957 de
704 1904 926 1974 prodigo
958 1904 1085 1966 lilio,
1132 1904 1321 1959 librum
1376 1920 1576 1967 unum;
1627 1905 1695 1960 de

106 1991 309 2062 Spiritu
340 2002 555 2057 saneto,
580 1992 772 2047 librum
804 2010 986 2048 unum.
1021 1994 1245 2048 Textum
1272 2004 1499 2064 quatuor
1522 1996 1694 2050 Evan-

108 2082 409 2151 geliorum.
467 2080 796 2151 Scriptorum
852 2085 1002 2153 culpa
1052 2082 1355 2151 confusum,
1410 2084 1694 2154 diligenter

109 2173 368 2227 correxit.
410 2172 516 2229 Sed
565 2183 618 2227 et
648 2174 962 2229 Psalterium
1012 2176 1305 2230 secundum
1353 2177 1575 2246 vestigia
1606 2192 1693 2232 se-

112 2265 387 2334 ptuaginta
428 2264 779 2335 interpretum
806 2265 875 2320 de
908 2264 1097 2320 Grzeeo
1125 2268 1399 2321 transtulit
1443 2268 1495 2321 in
1544 2268 1691 2322 Lati-

112 2372 252 2421 num,
285 2355 341 2410 id
384 2356 526 2426 quod
569 2358 731 2410 etiam
771 2357 932 2411 Paula
962 2366 1016 2412 et
1059 2357 1353 2412 Eustochio
1391 2359 1693 2428 petentibus

114 2445 437 2501 emendavit.
489 2446 713 2502 Demum
744 2457 923 2503 autem
972 2464 1002 2502 a
1044 2447 1351 2518 Suphronio
1392 2450 1691 2520 postulatus

112 2539 172 2593 de
200 2539 436 2594 Hebraeo
466 2541 751 2609 expressit,
781 2556 1013 2611 etuuque
1039 2542 1273 2597 breviter
1299 2542 1491 2596 librum
1521 2541 1689 2596 disse-

114 2632 235 2694 mit,
266 2642 325 2686 et
376 2632 722 2687 Enchiridion
774 2633 1081 2704 appellavit.
1137 2633 1241 2689 Per
1287 2632 1427 2688 idem
1480 2644 1689 2703 tempus

112 2723 317 2793 scripsit
343 2724 512 2778 vitam
546 2723 698 2779 Pauli
726 2726 996 2792 monachi,
1021 2734 1075 2780 et
1102 2725 1263 2780 vitam
1290 2726 1430 2780 beati
1462 2725 1688 2781 Hilario.

112 2815 184 2868 nis
210 2831 225 2867 :
260 2813 689 2871 exhortatoriam
720 2816 785 2871 ad
814 2825 1178 2888 contemptum
1207 2818 1389 2873 mundi
1413 2817 1478 2872 ad
1508 2818 1686 2874 Helio—

108 2906 289 2962 dorum
321 2908 646 2984 Epistolatn,
674 2918 730 2964 et
754 2909 820 2963 ad
847 2909 1199 2979 Nepotianum
1225 2909 1293 2964 de
1321 2910 1426 2964 vita
1453 2909 1687 2965 Clerico-

108 3014 235 3053 rum.
268 2998 604 3055 Chronicum
648 3016 858 3071 quoque
883 3000 1207 3055 omnimodae
1249 3000 1509 3063 historia),
1542 3000 1683 3053 mul-

106 3098 287 3160 tasque
317 3092 455 3145 alias
497 3090 565 3145 ad
596 3090 838 3146 diversos
887 3091 1179 3162 Epistolas.
1237 3091 1405 3145 Porro
1465 3089 1683 3143 humani

100 3181 317 3249 generis
351 3180 623 3245 inimicus,
652 3182 742 3248 qui
771 3196 892 3236 eum
924 3181 1108 3236 Romm
1138 3196 1232 3249 per
1257 3196 1382 3235 suos
1409 3181 1684 3234 ministros

44 3278 45 3281 ‘
100 3272 269 3325 fuerat
314 3274 858 3340 persecutus:etiam
903 3273 954 3326 in
999 3272 1308 3335 solitudine,
1357 3272 1587 3326 Arianos
1634 3272 1682 3326 ei

38 3344 43 3439 β
96 3361 438 3415 adversarios
465 3361 742 3415 suscitavit
768 3379 782 3416 :
810 3362 876 3416 de
896 3362 1087 3431 quibus
1114 3362 1269 3415 beato
1300 3362 1526 3417 Damaso
1546 3364 1681 3418 scri-

36 3462 37 3469 ‘
95 3451 249 3518 hens,
298 3452 373 3505 ita
401 3453 780 3522 conqueritur:
809 3452 918 3522 Ego
943 3452 1130 3507 Christi
1160 3464 1338 3508 vestem
1364 3455 1416 3507 in
1448 3453 1681 3509 Romana

32 3548 42 3577 -'
93 3543 217 3595 urbe
264 3543 572 3611 suscipiens,
619 3560 751 3595 nunc
793 3542 1021 3597 Barbara
1069 3544 1239 3614 Syria:
1281 3545 1440 3598 limite
1487 3555 1676 3599 teneor.

102 3633 319 3699 Verum,
360 3645 419 3687 ut
445 3634 518 3687 ait
557 3634 771 3703 gentilis
823 3646 976 3702 poeta
1009 3651 1022 3687 :
1074 3634 1265 3688 Caelum
1307 3652 1406 3689 non
1453 3636 1679 3688 anintum

96 3734 278 3789 mutat,
312 3724 403 3795 qui
432 3733 573 3777 trans
597 3741 735 3779 mare
755 3726 933 3780 currit.
966 3724 1047 3778 Ita
1073 3742 1151 3779 me
1177 3727 1538 3781 incessabiliter
1578 3728 1679 3781 ini-

98 3818 256 3869 micus
293 3824 408 3885 post
437 3826 631 3887 tergum
672 3826 956 3886 persecutus
984 3825 1077 3883 est,
1107 3826 1162 3870 ut
1196 3819 1395 3887 majora
1420 3821 1472 3871 in
1499 3818 1678 3872 solitu-

101 3907 213 3959 dine
240 3907 375 3960 bella
404 3922 538 3959 nunc
567 3908 754 3976 patiar.
785 3904 884 3958 Hic
905 3906 1036 3959 enim
1063 3908 1315 3975 prtesidiis
1344 3909 1475 3977 fulta
1500 3909 1679 3962 mundi

101 4001 259 4054 rabies
290 3999 485 4053 Ariona
516 3998 704 4068 fremit.
733 3996 905 4049 Hicin
929 4007 1026 4049 tres
1057 4007 1225 4065 partes
1261 4000 1418 4052 scissa
1450 3998 1677 4053 Ecclesia

25 4144 34 4162 ,
103 4094 165 4144 ad
185 4109 238 4146 se
256 4107 438 4161 rapere
461 4090 689 4159 festinat,
710 4087 1068 4140 monachorum
1093 4086 1167 4158 (b)
1196 4089 1329 4140 circa
1355 4104 1676 4144 commonen-

26 4174 27 4181 “
108 4183 221 4235 tium
263 4184 479 4250 antiqua
528 4180 582 4232 in
630 4194 708 4231 me
745 4178 907 4248 surgit
966 4179 1258 4231 auctoritas.
1314 4176 1428 4248 Ego
1476 4178 1677 4233 interim

106 4272 337 4325 demito:
364 4271 408 4325 si
434 4269 550 4336 quis
589 4266 857 4323 Cat/cedro:
902 4265 1041 4320 Petri
1070 4267 1331 4337 jungitur,
1361 4283 1550 4320 mecum
1581 4278 1674 4321 est.

108 4359 358 4426 Heluius,
392 4360 573 4414 Vitatis
603 4370 752 4429 atque
768 4356 1024 4412 Paulinus
1054 4358 1144 4411 tibi
1174 4359 1365 4412 hwrere
1387 4374 1441 4412 se
1469 4359 1678 4413 dicunt:

108 4468 295 4519 possem
319 4451 521 4505 credere
550 4450 594 4505 si
622 4451 716 4503 hoc
745 4465 880 4502 unus
906 4457 1151 4502 assereret
1176 4466 1194 4504 :
1222 4464 1357 4501 nunc
1386 4458 1551 4502 autem
1573 4450 1676 4503 duo

106 4545 427 4606 mentiuntur,
460 4548 545 4593 aut
586 4556 778 4593 omnes.
829 4539 904 4593 De
929 4538 995 4592 iis
1018 4541 1177 4592 etiam
1207 4538 1676 4608 persecutionibus

109 4633 355 4701 litoreo.)
380 4632 587 4686 Maleho
621 4630 870 4685 Chalcide
896 4629 1198 4684 reverenda
1226 4631 1340 4684 viro
1365 4631 1417 4684 in
1446 4630 1673 4703 quadam

32 4700 35 4729 Ὗ
109 4700 425 4793 Epistolalc)
449 4721 806 4791 proloquitur:
829 4719 889 4774 Si
911 4719 1308 4788 persecutoribus
1334 4700 1669 4790 meis‘plucet,

113 4813 391 4868 hcreticum
421 4828 498 4864 me
526 4828 636 4865 cum
657 4811 930 4875 occidente,
955 4811 1245 4865 haereticum
1269 4828 1385 4865 cum
1411 4810 1666 4883 ngypto,

40 4912 45 4947 ‘r
116 4905 194 4958 hoc
217 4915 309 4971 est,
345 4919 461 4956 cum
488 4902 708 4956 Damaso
749 4901 1000 4972 Petroque
1044 4904 1395 4958 condemnent.
1443 4905 1505 4960 Si
1532 4907 1671 4961 rivus

118 4996 309 5049 tenuiter
319 4992 504 5052 currit,
520 5008 618 5044 non
632 5002 702 5045 est
719 4994 846 5046 alvei
859 4994 1032 5058 culpa,
1048 4994 1139 5047 sed
1154 4994 1327 5064 fontis.
1347 4993 1495 5049 Nihil
1513 4997 1671 5051 alicui

122 5086 360 5158 proripui,
376 5081 513 5137 nihil
526 5082 713 5135 otiosus
731 5085 920 5151 accipio
940 5100 959 5138 :
979 5101 1131 5138 manu
1152 5087 1373 5152 quotidie
1393 5097 1437 5140 et
1464 5091 1671 5158 proprio

124 5177 281 5232 sudore
306 5173 582 5246 quaerimus
611 5171 794 5239 cibum,
823 5174 1029 5229 scientes
1060 5176 1122 5229 ab
1150 5176 1393 5246 Apostolo
1418 5180 1663 5249 scriptum

332 5418 529 5489 absque,
544 5414 851 5489 intermediis
870 5412 1010 5478 vulgo
1031 5424 1249 5475 Osanna,
1272 5418 1402 5479 quod
1424 5412 1669 5479 glossema

67 5516 71 5543 ,
129 5476 471 5542 nepetam
509 5476 653 5536 sapit-
951 5476 969 5478 ‘
1270 5476 1306 5548 .'
1430 5476 1449 5479 '

66 5544 67 5547 η
120 5543 125 5577 :
179 5539 232 5608 (ι)
263 5538 637 5608 Emendavintus
656 5549 719 5608 ex
744 5536 918 5608 eodem
957 5535 1049 5608 Ms.
1086 5536 1200 5608 hgic
1235 5548 1403 5595 Circa,
1445 5548 1670 5608 magno

128 5595 380 5661 erit'certa:
404 5605 512 5649 tum
530 5595 722 5647 clamito
740 5609 827 5661 pro
847 5596 1081 5647 clamabo.
1107 5598 1205 5646 Pro
1224 5610 1409 5648 mecum
1426 5595 1513 5660 est,
1541 5595 1670 5648 idcm

128 5660 626 5728 mancum.
691 5718 701 5728 .

170 5724 229 5792 (τι
260 5724 341 5779 ιε,
373 5721 450 5777 sic
473 5721 789 5783 prosequitur.

64 5342 65 5345 η
179 5353 192 5419 l
256 5355 431 5407 Denuo
445 5352 580 5427 idem
601 5352 880 5427 additduas,
895 5362 1053 5404 recte.
1070 5353 1193 5403 Tum
1214 5354 1281 5404 de
1296 5362 1453 5405 Osana
1468 5356 1665 5417 librum,

64 5476 71 5542 γι
127 5353 851 5542 ιπ-ιὲεὲῐέιιᾷῃὲιθ
870 5412 1010 5478 vulgo
1031 5424 1249 5475 Osanna,
1272 5418 1402 5479 quod
1424 5417 1665 5479 glossema

1404 334 1458 389 S.
1504 333 1880 391 lllERllNYMI
1916 335 2092 395 VITA.

3290 350 3395 414 I90

1821 466 1927 506 esse
1956 466 1975 504 :
2002 452 2102 519 Qui
2134 468 2239 509 non
2265 466 2539 525 operatur,
2568 475 2675 516 non
2707 464 3010 522 manducet.
3040 468 3219 525 Placet
3242 474 3314 528 eis
3340 484 3396 529 ut

1819 540 1938 593 hinc
1973 544 2225 610 recedant,
2246 547 2470 616 jamiam
2508 552 2721 606 recedo:
2750 555 3073 623 arripuerunt
3100 563 3232 615 enim
3259 581 3292 617 a
3316 583 3397 621 me

1819 643 2013 699 partem
2036 636 2222 690 animae
2259 655 2383 692 mea:
2411 642 2731 697 charissimos
2761 648 2962 715 fratres.
2987 648 3121 705 Ecce
3145 654 3396 714 discedere

1816 724 2026 791 cupiunt
2057 742 2076 779 :
2120 728 2222 782 imo
2270 731 2554 797 discedunt,
2603 737 2784 791 melius
2834 755 2941 793 esse
2998 743 3232 799 ducentes
3269 750 3396 803 inter

1817 816 1953 881 feras
1978 816 2226 885 habitare,
2253 838 2405 890 quam
2438 840 2551 877 cum
2594 827 2777 883 talibus
2819 831 3137 890 Christianis.
3180 839 3258 893 Ad
3296 840 3394 894 dc-

1814 915 1955 959 serta
1979 907 2175 965 deinde
2192 911 2308 966 loca
2333 915 2411 969 sic
2436 915 2587 972 ltetus
2608 920 2988 993 accinctusque
3008 927 3092 996 (ά)
3110 932 3390 998 successit,

1813 1004 1873 1047 ut
1901 998 2110 1053 volasse
2138 1001 2287 1056 illum
2315 1006 2481 1075 magis
2502 1008 2777 1077 crederes,
2802 1027 2961 1082 quam
2992 1031 3220 1074 measse.
3252 1022 3396 1088 Qua-

1814 1083 1940 1141 liter
1965 1098 2141 1143 autem
2189 1107 2249 1148 se
2287 1094 2573 1165 aﬂligendo
2601 1102 2788 1157 noxias
2813 1105 2972 1160 etiam
3020 1108 3071 1162 in
3102 1124 3161 1164 se
3187 1083 3392 1182 cogita-

1815 1178 1988 1233 tiones
2029 1185 2339 1252 extinxerit,
2371 1191 2605 1258 qualiter
2647 1210 2860 1265 quoque
2899 1178 3393 1262 visitationcm'Do-

1812 1268 1940 1366 mini
1966 1274 2253 1330 meruerit:
2274 1277 2343 1331 ita
2363 1288 2422 1333 ut
2447 1295 2590 1351 smpe
2605 1284 2785 1341 choris
2808 1288 3091 1348 interesset
3111 1298 3386 1366 angelicis,

1815 1357 2095 1453 ipsiusmet
2125 1364 2433 1439 Hieronymi
2483 1372 2548 1427 ad
2578 1374 2923 1435 Eustochium
2954 1385 3153 1453 scripta
3182 1357 3387 1445 tvestan:

1813 1454 1918 1545 tur.
1946 1450 2180 1545 Epistula
2211 1455 2289 1510 sic
2316 1458 2521 1529 incipit,
2540 1462 2675 1517 Audi
2689 1467 2861 1530 ﬁliaet
2887 1471 3015 1525 vide.
3037 1450 3092 1528 In
3121 1490 3223 1545 qua
3248 1478 3388 1535 inter

1810 1538 1911 1631 alia
1942 1542 2019 1594 sic
2046 1542 2216 1598 dixit:
2248 1546 2383 1611 Quia
2423 1550 2732 1620 impossibile
2759 1568 2850 1621 est,
2880 1560 3072 1631 inquit,
3185 1583 3387 1623 sensum

1808 1627 2026 1703 hominis
2070 1648 2169 1685 non
2210 1636 2404 1692 irruere
2443 1651 2653 1709 motum,
2685 1656 2732 1699 et
2757 1627 3098 1706 medullarum
3140 1658 3380 1726 calorem,

1804 1717 1891 1771 ille
1935 1729 2101 1815 tamen
2128 1725 2390 1794 laudatur,
2421 1731 2513 1785 ille
2537 1738 2849 1803 prtedicatur
2873 1742 3063 1810 beatus,
3087 1748 3175 1815 qui
3213 1717 3382 1805 statim

1803 1818 1858 1859 ut
1885 1814 2088 1879 coeperit
2114 1819 2356 1886 cogitare,
2383 1821 2624 1893 interﬁcit
2652 1830 2898 1899 cogitatus
2924 1843 2972 1888 et
3000 1814 3168 1892 allidit
3200 1857 3284 1895 eos
3312 1846 3382 1897 ad

1800 1909 2037 1968 petram:
2061 1916 2203 1972 petra
2230 1920 2398 1965 autem
2429 1924 2500 1968 est
2522 1916 2772 1975 Christus.
2820 1924 3029 1989 Quoties
3057 1947 3148 2001 ego
3191 1933 3299 2001 ipse
3325 1937 3379 1991 in

1800 2005 1965 2090 eremo
1990 1999 2311 2067 constitutus,
2333 2013 2379 2055 et
2402 2006 2453 2057 in
2476 2006 2569 2060 illa
2590 2021 2733 2064 vasta
2757 2013 3046 2085 solitudine,
3068 1999 3182 2090 qua:
3202 1999 3379 2081 exusta

1798 2082 1921 2177 solis
1950 2086 2240 2155 ardoribus,
2273 2094 2539 2148 horridum
2585 2105 2845 2159 monachis
2888 2082 3093 2177 praestai
3119 2114 3379 2171 habitacu-

1798 2171 1921 2237 lnnt,
1957 2177 2195 2243 putabam
2223 2198 2303 2236 me
2338 2184 2584 2241 Romanis
2611 2192 2847 2249 interesse
2876 2171 3089 2255 deliciis.
3129 2204 3377 2262 Sedebam

1796 2263 1957 2329 solus,
1985 2268 2105 2335 quia
2134 2274 2477 2330 amaritudine
2504 2279 2686 2347 plenus
2712 2299 2850 2338 eram
2880 2302 2900 2340 :
2930 2288 3200 2347 horrebant
3223 2314 3373 2352 sacco

1796 2354 2019 2454 membra
2046 2358 2315 2428 deformia,
2339 2374 2387 2418 et
2411 2369 2645 2436 squalida
2689 2374 2817 2429 cutis
2858 2378 3010 2432 situm
3058 2381 3377 2454 [Ethiopian

1795 2446 1965 2545 carnis
2003 2450 2299 2545 obduxerat.
2325 2455 2563 2521 Quotidie
2590 2461 2849 2533 lacrymte,
2878 2470 3100 2537 quotidie
3122 2446 3372 2545 gemitus;

1794 2536 1909 2590 etsi
1935 2540 2140 2607 quando
2181 2559 2546 2615 repugnantem
2595 2569 2673 2606 me
2716 2536 2923 2611 somnus
2950 2536 3232 2620 imminens
3278 2536 3371 2639 op:

1793 2629 2087 2697 pressisset,
2137 2636 2276 2688 nuda
2340 2638 2495 2694 humo
2553 2643 2636 2697 via:
2702 2662 2817 2701 ossa
2867 2650 3109 2709 haerentia
3156 2629 3369 2715 collide-

1791 2717 1925 2774 bam.
1982 2720 2058 2777 De
2084 2724 2210 2780 cibis
2259 2742 2375 2783 vero
2418 2740 2466 2785 et
2513 2745 2635 2803 potu
2685 2746 2845 2808 taceo,
2896 2757 3010 2796 cum
3060 2748 3213 2801 etiam
3254 2751 3367 2805 lan-

1788 2822 1996 2880 guentes
2037 2818 2275 2870 monachi
2301 2820 2399 2874 cibi
2424 2838 2556 2891 aqua
2606 2827 2799 2898 frigida
2840 2842 3067 2899 utantur,
3100 2846 3145 2890 et
3171 2851 3366 2894 coctum

1789 2900 1984 2997 aliquid
2014 2902 2085 2973 (e)
2117 2909 2391 2976 accepisse,
2420 2909 2625 2967 luxuria
2668 2917 2752 2969 sit.
2796 2916 2899 2972 Ille
2941 2922 3097 2991 igitur
3142 2942 3235 2995 ego
3280 2930 3368 2997 qui

1788 2991 1851 3047 ob
1883 2995 2124 3061 gehennte
2159 3010 2344 3053 metum
2384 3004 2475 3056 tali
2518 3020 2597 3059 me
2626 3022 2826 3063 carcere
2850 3010 2959 3079 ipse
2986 2991 3363 3085 danmairerain,

1787 3084 2108 3152 scorpionum
2129 3096 2325 3141 tantum
2352 3092 2517 3145 socius
2542 3104 2590 3147 et
2614 3100 2860 3164 ferarum,
2886 3116 3021 3171 saepe
3047 3104 3213 3158 choris
3233 3084 3364 3162 inte;-

1786 3187 1952 3226 reram
1974 3175 2276 3241 puellarum.
2310 3177 2579 3236 Pallebant
2604 3200 2694 3238 ora
2712 3188 2926 3256 jejuniis
2946 3232 2959 3257 ,
2988 3203 3035 3246 et
3062 3210 3199 3250 mens
3227 3199 3366 3254 desi-

1788 3262 1942 3319 deriis
1987 3270 2232 3323 aestuabat
2277 3271 2330 3325 in
2375 3276 2564 3343 frigido
2605 3294 2834 3349 corpore,
2872 3292 2918 3337 et
2957 3297 3074 3340 ante
3114 3291 3364 3348 hominem

1784 3355 1919 3411 sicca
1953 3359 2066 3428 jam
2104 3376 2257 3415 carne
2297 3377 2656 3432 praemortuum
2694 3372 2805 3426 sola
2842 3375 3104 3432 libidinum
3133 3381 3365 3438 incendia

1784 3445 2076 3543 bulliebant.
2109 3449 2292 3522 Itaque
2311 3456 2449 3508 omni
2466 3459 2659 3514 auxilio
2677 3462 2965 3533 destitutus,
2986 3470 3057 3522 ad
3076 3468 3199 3526 Jesu
3217 3478 3365 3543 jace-

1784 3534 1898 3589 bam
1923 3539 2102 3607 pedes,
2132 3542 2358 3612 rigabam
2395 3548 2631 3617 lacrymis
2650 3592 2666 3617 ,
2701 3554 2841 3609 crine
2878 3560 3148 3626 tergebam.
3185 3534 3250 3617 bit
3278 3583 3365 3620 re-

1783 3642 2087 3725 pugnantem
2120 3650 2322 3690 carnem
2360 3638 2785 3699 hebdomadarum
2814 3647 2983 3703 inedia
3008 3655 3358 3725 snbjugabam.

1785 3719 1907 3776 Non
1947 3724 2234 3793 depudesco
2273 3729 2588 3798 infelicitatis
2616 3752 2742 3791 mea:
2767 3754 2787 3792 :
2812 3742 2935 3809 quin
2975 3719 3362 3821 potius'plango

1781 3827 1861 3865 me
1879 3829 1979 3868 non
2008 3831 2114 3870 esse
2135 3818 2270 3884 quod
2295 3821 2501 3889 fuerim.
2536 3824 2749 3880 Memini
2776 3846 2855 3884 me
2877 3832 3199 3903 clamantem,
3229 3818 3361 3896 diem

1781 3903 1954 3959 crebro
1968 3906 2207 3973 junxisse
2224 3928 2338 3965 cum
2363 3926 2507 3969 nocte
2531 3932 2549 3968 :
2571 3933 2661 3971 nec
2689 3921 2831 3989 prius
2853 3939 2885 3975 a
2909 3930 3124 3992 pectoris
3144 3945 3363 3987 cessasse

1780 3996 2081 4092 uerberibus,
2105 4016 2276 4069 quam,
2296 4002 2518 4061 Domino
2541 4010 2842 4079 imperante,
2864 4017 3051 4072 rediret
3070 4025 3359 4092 tranquilli-

1782 4094 1881 4141 tas.
1910 4086 2086 4159 Ipsam
2120 4109 2319 4166 quoque
2348 4100 2584 4154 cellulam
2622 4120 2783 4159 meum
2821 4111 2966 4177 quasi
3001 4086 3360 4183 cogitationum

1782 4195 2009 4234 mearum
2030 4185 2280 4239 consciam
2310 4191 2734 4256 pertimescebam.
2775 4195 2844 4251 Et
2877 4201 3101 4257 mihimet
3126 4207 3283 4262 iratus
3311 4222 3360 4266 et

1780 4271 1995 4342 rigidus,
2034 4274 2173 4329 solus
2210 4276 2407 4332 deserta
2444 4284 2765 4349 penetrabam
2788 4302 2807 4340 :
2826 4288 2986 4343 sicubi
3012 4308 3232 4350 concaua
3252 4301 3361 4353 val-

1784 4366 1928 4433 lium,
1952 4383 2134 4437 aspera
2162 4372 2426 4436 montium,
2450 4375 2653 4443 rupium
2675 4390 2933 4449 prterupta
2957 4385 3217 4441 cernebam
3243 4405 3262 4444 :
3289 4393 3359 4447 ibi

1781 4471 1906 4510 mete
1951 4459 2194 4514 orationis
2240 4471 2346 4515 erat
2390 4463 2550 4530 locus,
2580 4466 2650 4519 ibi
2685 4469 2816 4523 illud
2854 4472 3151 4532 miserrimis
3190 4485 3358 4539 carnis

1782 4552 2093 4619 ergastulum
2117 4551 2185 4625 (f)
2210 4554 2542 4611 collocabant.
2590 4558 2660 4613 Et
2697 4561 2776 4629 (ut
2802 4564 2929 4617 mihi
2966 4569 3103 4623 testis
3135 4581 3208 4626 est
3250 4574 3360 4644 ipse

1781 4641 1941 4715 Deus)
1969 4654 2079 4713 post
2098 4647 2285 4699 multas
2321 4647 2603 4719 lacrymas,
2632 4665 2742 4723 post
2767 4656 2892 4710 caelo
2913 4660 3086 4716 oculos
3107 4641 3360 4719 inhteren-

1780 4740 1872 4798 tes,
1896 4750 2253 4805 nonnunquam
2274 4738 2476 4793 videbar
2494 4742 2619 4795 mihi
2639 4745 2874 4802 interesse
2894 4752 3176 4818 agminibus
3203 4771 3359 4826 ange-

1780 4823 1961 4889 lorum,
1996 4834 2041 4878 et
2084 4826 2231 4881 laztus
2255 4828 2505 4898 gaudens,
2534 4834 2798 4888 cantabam
2831 4851 2851 4891 :
2880 4836 3007 4892 Post
3036 4852 3109 4906 te,
3141 4840 3192 4893 in
3221 4823 3357 4898 odo-

1777 4932 1890 4971 rem
1921 4928 2309 4988 unguentorum
2341 4930 2549 4977 tuorum
2576 4929 2857 4981 currimus.
2881 4928 3225 4994 Quadriennii
3258 4934 3357 4988 ita-

1777 5025 1880 5081 que
1924 5019 2162 5081 tempore
2202 5013 2282 5067 sic
2322 5023 2511 5070 exacto
2536 5015 2588 5070 in
2616 5017 2834 5085 praefata
2862 5029 3009 5074 vasta
3033 5020 3352 5092 solitudine,

1845 5168 1927 5236 (d)_
1942 5168 2105 5236 Atque
2124 5167 2218 5216 hoc
2239 5169 2423 5236 rectius
2444 5168 2573 5217 idem
2590 5166 2681 5216 Ms.
2705 5169 2856 5236 habet
3110 5173 3362 5236 Ignorant

1775 5228 2101 5299 νεέοζίεμιέεον
2112 5241 2222 5299 que.
2237 5228 2835 5299 διεδεθίιιδμιιιυτιφιαιίκν
2849 5243 3034 5299 ρυρσυς
3045 5228 3359 5299 Micionem

1777 5287 2261 5358 meruerit:
2286 5293 2389 5357 tum
2409 5287 2809 5358 illa-paulo_post.,
3075 5293 3145 5343 sic
3166 5293 3357 5358 incipit.

1775 5350 1922 5411 Audi,
1946 5348 2068 5411 ﬁlia.
2087 5354 2133 5398 et
2154 5346 2282 5411 vide,
2305 5347 2357 5396 in
2378 5360 2475 5411 qua
2492 5346 2618 5396 inter
2631 5346 2731 5398 alia
2751 5346 2822 5399 sic
2844 5346 2992 5401 dixit.

1847 5406 1919 5483 (ξῖ
1946 5406 2035 5483 Μετ
2077 5406 2359 5483 ωηιξαίρδες
2379 5406 2509 5483 ντὲοὲ
2534 5412 2734 5483 εἷ’ἶδεῐιδ
2754 5411 3000 5470 (παίεσθαι
3027 5415 3212 5483 absque
3236 5416 3360 5483 ἀρεί-

1776 5468 1928 5524 ιιείίίε
1963 5479 2123 5543 φυηρ
2154 5468 2273 5541 ίιευα
2542 5481 2644 5543 ,ενα
2669 5469 2958 5543 meum:
2982 5468 3069 5543 ρτρ
3090 5468 3221 5543 sese
3246 5468 3358 5540 ius

1775 5547 1940 5602 “’7'”!
1967 5541 2061 5583 ⁸⁸⁸·
2082 5530 2311 5602 θεθυίίιυὲθ
2333 5542 2429 5600 "0".
2446 5528 2682 5602 854M691
2695 5530 2910 5597 εοηβιενέ
2929 5528 3223 5600 inlelicitatis
3237 5528 3360 5594 vitae

1776 5591 1996 5657 miserias
2014 5607 2102 5657 pro
2116 5591 2388 5657 depudesco
2408 5591 2704 5657 infelicitatis
2715 5591 2862 5657 metu.

1844 5654 1906 5722 (ε)
1945 5652 2101 5704 Abest
2123 5652 2327 5702 verbum
2344 5652 2635 5725 collo'cabam
2657 5668 2686 5705 a
2714 5655 2804 5708 Ms.
2820 5666 2918 5710 tum
2931 5659 3012 5712 illa
3022 5674 3218 5729 quoque
3240 5676 3357 5716 mox

1783 5718 1971 5780 absunt,
1993 5715 2042 5767 in
2064 5720 2271 5780 prie/uta
2294 5721 2424 5765 easta
2462 5715 2736 5771 solitudine.

1954 5750 1971 5781 ’
1994 5750 2041 5767 ιη
2066 5750 2270 5780 ,ιιμιιιινω
2296 5750 2423 5765 υνυπὶ
2462 5750 2736 5771 συσσιιιυυιυο
