4050 6188
628 276 718 331 191
1893 261 1948 318 S-
1988 258 2363 317 ΗΕΖηοῖξῖΜί
2405 258 2558 313 τίΤᾹ
2571 296 2585 312 .

622 390 861 446 sentiens
886 389 937 442 in
963 402 1024 441 se
1050 385 1238 440 beatus
1265 380 1624 450 ﬂicmuyms
1659 390 1878 433 omnem
1900 377 2078 430 (nmis
2103 389 2200 428 vo-

626 483 884 550 luptatem
916 485 1184 537 unum,
1220 471 1459 540 nihilque
1485 471 1535 523 in
1563 485 1623 523 ea
1652 483 1791 533 esse,
1821 466 1961 535 quod
1991 463 2200 535 Spiritui

625 575 940 639 repugnaret
977 585 992 618 :
1032 563 1315 617 revertitur
1357 561 1744 629 Jerosolymam
1771 597 1789 624 ,
1837 567 1895 612 ut
1937 557 2204 611 derivaret

627 664 797 716 fomes
838 672 963 712 suos
1003 655 1166 719 foras,
1199 665 1254 710 et
1298 656 1349 708 in
1395 656 1582 723 pl-iteis
1622 667 1788 724 aquas
1827 651 2063 706 scientiae
2091 665 2203 704 suae

623 750 884 806 divideret
917 767 928 801 :
959 757 1015 802 ut
1041 748 1108 802 de
1137 757 1370 802 torrente
1391 748 1580 816 lingua:
1601 746 1718 816 ejus
1740 746 1888 798 multi
1913 745 2031 797 vina
2060 743 2206 796 hibe-

624 851 777 912 rent,
807 841 897 911 qui
933 840 1074 894 lumc
1102 840 1152 894 in
1180 839 1394 894 deserto
1421 850 1473 894 et
1500 840 1549 893 in
1581 839 1722 892 invio
1751 847 1804 892 et
1831 838 2088 906 inaquoso
2118 851 2202 888 re.

625 935 803 1004 perire
828 933 912 986 vix
945 940 1184 1001 possent.
1223 932 1498 985 Accedens
1527 930 1683 999 igitur
1707 929 1772 982 ad
1803 927 2041 996 ejusdem
2072 927 2205 979 civi-

626 1026 748 1078 tatis
793 1024 1112 1093 EpiscOpum
1155 1021 1410 1092 Cyrillum
1457 1021 1694 1083 nomine,
1731 1019 1882 1088 petiit
1924 1019 1992 1071 ab
2031 1031 2118 1080 eo,
2149 1024 2206 1068 ut

625 1116 932 1178 Bethleem,
963 1130 1084 1184 qua:
1111 1114 1160 1166 in
1189 1122 1340 1167 sexto
1371 1113 1467 1165 sita
1488 1121 1570 1166 est
1595 1126 1624 1164 a
1651 1107 1984 1179 Jerosolyma
2015 1107 2206 1160 millia-

626 1213 727 1274 rio,
757 1218 940 1263 contra
969 1205 1316 1260 meridianam
1342 1204 1570 1273 plagam,
1607 1203 1778 1255 locum
1807 1200 1904 1253 sibi
1935 1195 2203 1252 habitandi

627 1301 885 1354 tribueret
917 1314 930 1351 :
961 1305 1152 1366 optans
1173 1295 1394 1360 scilicet,
1425 1303 1480 1347 ut
1509 1292 1738 1362 prudens
1763 1290 1977 1353 animal,
2011 1302 2208 1357 priuso-

628 1391 714 1460 pio
757 1388 962 1443 Domini
993 1388 1072 1441 sui
1099 1387 1293 1456 jngiter
1326 1384 1625 1438 adhictere.
1671 1382 1764 1436 Cui
1795 1395 1918 1434 mox
1942 1377 2082 1448 quod
2110 1376 2207 1431 de-

627 1489 749 1534 vnle
779 1478 1020 1548 paposcit
1051 1476 1208 1546 digne
1238 1489 1554 1529 concessum
1583 1481 1686 1526 est.
1717 1475 1786 1525 At
1817 1471 1927 1540 ipse
1951 1511 1966 1535 ,
1999 1468 2208 1521 favente

632 1569 876 1634 Domino,
899 1567 974 1639 (a)
996 1567 1370 1622 monasterium
1396 1563 1711 1628 construxit,
1738 1571 1797 1615 ut
1819 1562 1933 1630 ipse
1957 1560 2125 1628 inquit
2153 1558 2208 1612 in

630 1659 864 1727 Epistola
891 1658 955 1710 ad
992 1656 1384 1711 Pammachium
1407 1695 1422 1719 ,
1454 1655 1523 1708 de
1551 1661 1724 1706 morte
1764 1651 1995 1706 Paulina:
2027 1648 2208 1702 uxoris

629 1748 728 1801 Sub
755 1748 912 1801 linem
934 1785 951 1810 ,
987 1746 1039 1799 in
1070 1744 1184 1798 hate
1215 1745 1372 1799 verba
1407 1760 1420 1795 :
1453 1742 1542 1797 Sic
1568 1752 1722 1795 etuas
1752 1741 1802 1793 in
1830 1741 1926 1792 ista
1951 1737 2208 1806 provincia

629 1839 879 1906 a‘di/icato
905 1848 950 1891 et
981 1838 1303 1901 monasterio,
1336 1845 1381 1888 et
1406 1835 1678 1888 diversorio
1706 1845 1909 1902 prapter
1933 1841 2206 1894 exstructo,

630 1946 692 1982 ne
719 1931 849 2000 forte
875 1937 923 1981 et
950 1927 1098 1994 modo
1133 1926 1325 1996 Ioseph
1364 1942 1477 1978 cum
1521 1924 1688 1977 Maria
1727 1923 1982 1976 Bethleem
2011 1923 2208 1975 veniens

629 2037 729 2073 non
751 2020 968 2072 inveniat
993 2020 1284 2088 hospitium,
1311 2018 1462 2071 tantis
1487 2017 1549 2070 de
1577 2026 1678 2069 toto
1703 2016 1822 2068 orbe
1846 2015 2208 2084 confluentibus

629 2111 786 2164 turbis
813 2109 1068 2163 obruimur
1095 2108 1456 2163 monachorum
1482 2148 1497 2173 ,
1531 2117 1584 2160 ut
1607 2123 1695 2160 nec
1723 2115 1939 2175 emptum
1964 2122 2091 2174 opus
2117 2107 2208 2158 (le-

626 2218 808 2267 serere,
835 2216 923 2254 nec
947 2217 1100 2270 supra
1127 2201 1251 2252 vires
1275 2201 1404 2268 ferre
1437 2198 1713 2251 valeamus.
1751 2196 1897 2251 Unde
1929 2197 2047 2268 quia
2085 2213 2211 2266 pene

629 2294 768 2346 nobis
808 2292 938 2346 illud
979 2294 1041 2346 de
1087 2291 1365 2361 Evangelia
1392 2291 1619 2361 conligit,
1643 2299 1696 2343 ut
1725 2291 1913 2359 futura:
1933 2291 2084 2342 turris
2109 2306 2210 2342 non

628 2396 745 2437 ante
773 2395 1173 2454 computaremus
1210 2399 1486 2452 expensas,
1520 2381 1771 2448 compulsi
1801 2396 1975 2434 sumus
2005 2384 2212 2450 fratrem

633 2475 998 2528 Paulinianum
1023 2475 1090 2526 ad
1114 2475 1330 2544 patriam
1359 2474 1570 2536 mittere,
1601 2482 1654 2525 ut
1685 2472 1950 2525 semirutas
1972 2471 2172 2524 villulas
2192 2506 2207 2535 ,

630 2581 742 2634 qua:
765 2565 1092 2618 barbarorum
1115 2580 1293 2616 manus
1313 2562 1617 2632 e/fugertml,
1640 2574 1683 2614 et
1707 2571 1970 2630 parentum
1989 2577 2212 2614 comnm-

633 2659 770 2711 nium
813 2673 990 2709 census
1029 2656 1260 2709 venderet
1287 2671 1305 2708 :
1332 2671 1394 2709 ne
1421 2664 1635 2722 emptum
1663 2664 1959 2706 sanctorum
1985 2654 2210 2716 ministe-

632 2749 762 2802 riunt
785 2748 1085 2812 deserentes,
1113 2747 1270 2799 risum
1296 2743 1555 2798 maledicis
1584 2754 1629 2797 et
1654 2745 1850 2798 tantulis
1875 2743 2208 2813 praebeamus.

630 2839 686 2893 ln
727 2853 834 2908 quo
871 2839 1085 2908 quidem
1127 2837 1450 2891 tnunasterio
1491 2837 1589 2891 sub
1631 2845 1826 2890 statuta
1854 2837 1921 2890 ab
1947 2836 2212 2905 ApOstolis

629 2931 832 3002 degens
860 2929 1034 2999 regula
1065 2929 1244 2998 cmpit,
1267 2938 1322 2980 ut
1349 2927 1571 2981 multum
1591 2927 1849 2997 eupierat,
1873 2941 1992 2980 cum
2019 2926 2212 2980 illustri

629 3027 748 3079 viro
777 3021 1008 3078 Eusebio
1033 3021 1401 3086 Cremonensi,
1430 3029 1630 3074 etcum
1660 3020 1777 3072 aliis
1806 3018 2005 3073 sanctis
2031 3018 2212 3072 fratri-

631 3116 729 3170 bus
760 3115 1019 3169 habitare.
1043 3115 1084 3168 Α
1113 3114 1306 3182 quibus
1334 3112 1533 3166 scilicet
1562 3110 1742 3164 divino
1768 3109 2060 3163 ministerio
2075 3109 2216 3178 jugi-

632 3216 714 3262 ter
741 3206 1109 3262 insudantibus
1145 3205 1247 3258 hoc
1289 3202 1601 3257 matutinale
1633 3200 1868 3255 ofﬁcium
1901 3199 2042 3269 quod
2075 3215 2215 3254 nunc

632 3300 948 3354 observatur
974 3297 1026 3350 in
1053 3295 1289 3350 occiduis
1327 3294 1564 3348 maxime
1594 3291 1898 3361 regionibus
1917 3333 1932 3357 ,
1959 3290 2213 3346 canonica

636 3389 968 3443 institutione
999 3386 1245 3455 primitus
1280 3385 1579 3438 institutum
1609 3393 1712 3437 est.
1743 3382 1894 3449 Quod
1921 3390 1974 3435 et
2001 3381 2215 3436 Cassia-

635 3499 736 3537 nus
781 3488 1003 3537 testatur
1046 3479 1230 3533 dicens
1258 3495 1270 3532 :
1301 3477 1574 3531 Matutinus
1603 3474 1956 3530 salemnitalis
1982 3473 2213 3528 ofﬁcium

638 3587 777 3636 novo
826 3568 1000 3626 adlmc
1053 3578 1294 3638 tempore
1339 3568 1684 3622 constitutum
1737 3575 1820 3620 est
1866 3564 2110 3634 primitus
2163 3564 2216 3618 in

636 3662 1039 3734 Betlileemitico
1071 3658 1394 3714 monasterio
1414 3698 1428 3723 ,
1456 3657 1544 3710 tibi
1573 3657 1825 3711 Dominus
1851 3666 2032 3710 noster
2061 3655 2216 3710 Jesus

635 3755 881 3821 Christus
912 3768 1007 3822 pro
1029 3750 1395 3820 redemptione
1421 3747 1637 3802 humani
1668 3747 1898 3817 generis,
1920 3761 1986 3800 ex
2014 3747 2218 3816 virgine

637 3845 781 3902 nasci
828 3845 1077 3914 dignatus
1121 3851 1224 3898 est.
1272 3841 1466 3911 Sicque
1507 3854 1571 3894 ex
1622 3837 1714 3891 illo
1765 3852 1860 3907 per
1909 3836 2216 3891 universum

637 3939 888 3994 mundum
910 3933 1240 3990 consuetudo
1257 3930 1591 3988 celebranda:
1619 3929 1770 3984 istius
1800 3928 2070 3982 matutina:
2099 3926 2218 3981 fun-

635 4030 829 4086 ctionis
872 4027 1112 4082 invaluit.
1154 4025 1270 4091 Quo
1309 4023 1522 4093 quidem
1571 4031 1808 4090 tempore
1847 4020 2033 4074 beatus
2077 4019 2216 4088 Papa

641 4122 920 4186 Damasus,
947 4119 1104 4174 beato
1132 4117 1452 4187 llieronymo
1480 4115 1529 4169 id
1559 4113 1718 4169 oflicii
1737 4121 2112 4183 compouente,
2144 4113 2217 4184 (b)

635 4210 942 4274 constituit,
981 4217 1039 4262 ut
1075 4207 1263 4278 psalmi
1295 4205 1384 4261 die
1412 4217 1674 4274 noetuque
1701 4221 1796 4275 per
1821 4219 2006 4260 omnes
2031 4219 2217 4258 cana-

636 4315 820 4371 rentur
865 4301 1170 4356 Ecclesias:
1201 4309 1256 4354 et
1279 4300 1679 4354 subneCIcretur
1721 4298 1771 4352 in
1815 4299 1919 4352 ﬁne
1962 4298 2216 4352 uniuscu-

633 4397 824 4463 jusque
855 4392 941 4446 hic
969 4391 1196 4460 hymnus
1227 4406 1242 4442 :
1275 4389 1453 4444 Gloria
1484 4387 1664 4453 Patri,
1697 4396 1752 4442 et
1777 4387 1932 4452 Filio,
1960 4396 2016 4442 et
2043 4386 2216 4456 Spiri-

641 4485 712 4538 tui
753 4485 970 4538 Sancto.
999 4483 1143 4537 Sicut
1172 4488 1286 4534 erat
1316 4482 1367 4534 in
1398 4480 1655 4550 principio
1680 4489 1734 4535 et
1757 4496 1898 4534 nunc
1921 4489 1976 4535 et
2005 4495 2218 4550 semper

637 4583 689 4628 et
720 4573 772 4626 in
803 4572 992 4624 sa-cula
1019 4569 1358 4634 s:.r¢nlorum,
1381 4583 1560 4624 amen.
1589 4570 1777 4624 Plures
1798 4570 1973 4638 itaque
1999 4571 2064 4623 ad
2093 4585 2215 4624 cum

639 4662 1027 4731 religiosorum,
1052 4660 1242 4728 quibus
1265 4660 1386 4712 vita:
1409 4667 1463 4712 et
1485 4659 1722 4712 scientia:
1752 4660 1867 4727 ejus
1899 4661 2033 4712 fama
2065 4660 2218 4712 inuo-

639 4763 810 4809 tuerat
834 4793 849 4819 ,
882 4749 1222 4826 conﬂuebant
1253 4767 1266 4802 :
1299 4749 1602 4817 bonmnque
1647 4747 1917 4802 doctorem
1964 4750 2086 4802 boni
2131 4751 2216 4804 di-

635 4845 825 4915 scipuli
864 4843 1258 4913 frcqucntantes
1289 4842 1341 4895 in
1371 4840 1628 4896 doctrina:
1671 4843 1812 4896 illius
1847 4843 2082 4898 efﬁcacia
2113 4845 2214 4898 mi-

637 4939 909 5014 rabantur.
947 4937 1074 4990 Erat
1099 4935 1240 5002 enim
1266 4935 1402 4990 adeo
1421 4934 1670 5004 capiosus
1690 4936 1742 4988 in
1771 4937 1973 4990 ratione
1995 4937 2214 4992 redden-

635 5029 740 5092 da,
784 5039 839 5082 ut
891 5028 1258 5097 undecumque
1302 5028 1656 5095 interrogatus
1703 5027 1928 5094 fuisset,
1975 5038 2214 5097 paratum

637 5119 892 5186 haberet,
949 5130 1000 5175 et
1052 5127 1360 5190 competens
1415 5119 1533 5172 sine
1577 5117 1831 5173 dilatione
1874 5133 2212 5188 responsum.

703 5315 768 5380 la}
796 5316 1009 5379 Longam
1025 5329 1136 5380 qum
1151 5317 1264 5367 hinc
1284 5318 1600 5380 subsequitur
1614 5318 1963 5380 septemdecim
1981 5331 2210 5368 versuum

636 5377 926 5440 perieopt-n{
942 5380 1005 5425 ab
1026 5377 1102 5425 his
1123 5380 1288 5440 verbis
1310 5377 1493 5440 favente
1520 5377 1717 5427 nomina
1739 5379 1797 5427 ad
1832 5379 1918 5427 sub
1941 5386 2116 5428 statuta
2154 5382 2214 5430 ab

638 5437 868 5506 ’Apostolis
890 5438 1066 5506 {legens
1090 5437 1274 5506 regula,
1296 5437 1539 5506 lucinius.
1577 5442 1921 5506 prajt._erutittit,
1949 5452 2133 5506 errore,
2159 5449 2214 5491 ut

637 5498 846 5550 videtur,
876 5499 1141 5556 Antiquarii
1158 5531 1171 5554 ,
1190 5502 1267 5545 cui
1293 5499 1446 5547 fraudi
1491 5498 1638 5547 fuerit
1663 5501 1791 5547 idem
1824 5500 2098 5549 .ttanasteril
2123 5515 2213 5550 no-

640 5568 775 5610 men,
800 5571 897 5610 qtto
923 5565 973 5603 et
992 5557 1240 5606 inchoatur
1262 5559 1342 5605 illa
1367 5565 1419 5606 ct
1443 5557 1759 5607 concluditur.

635 5613 772 5724 gela}
813 5613 942 5726 ωιῧὲ
968 5615 1056 5664 Ms.
1108 5624 1249 5666 Beata
1273 5619 1558 5680 Hieronymo
1579 5625 1872 5683 suggerente,
1900 5631 1987 5680 pro
2003 5620 2049 5668 id
2072 5620 2218 5685 ofﬁcii

693 5689 876 5726 ηιυωιει
941 5710 956 5726 .

639 5685 956 5738 ςοηιμλιιειιιε.

2325 5317 2419 5367 lilii
2443 5317 2804 5424 Presbgteratus
2843 5317 2895 5362 in
2918 5317 3132 5363 Ecclesia
3151 5317 3340 5362 Sanctia
3362 5317 3600 5363 anastass'a

2325 5376 2582 5442 quiat-ead
2617 5388 2679 5423 uc
2700 5388 2842 5424 manu
2867 5374 3090 5442 videntur
3116 5374 3162 5421 in
3187 5379 3378 5442 textum
3401 5374 3600 5442 intrusa.

3790 266 3900 328 {99

2311 372 2469 427 Modo
2507 372 2796 428 humilibus
2838 374 3071 429 suaviter
3103 373 3409 444 blandiens,
3443 377 3604 434 modo
3631 386 3899 452 superbo-

2308 480 2426 519 rum
2479 467 2614 521 colla
2673 466 3053 538 confringens,
3114 470 3274 523 modo
3327 471 3731 542 derogatoribus
3780 481 3897 534 suis

2308 555 2476 610 vicem
2506 556 2807 611 necessaria
2846 557 3192 613 mordaeitate
3232 561 3564 628 rependens,
3597 566 3755 618 modo
3781 571 3896 622 vir-

2307 649 2586 717 ginitatem
2620 649 2940 718 praedicans,
2975 651 3135 704 modo
3165 653 3501 708 matrimonia
3529 665 3673 709 casta
3702 656 3898 712 defen-

2309 738 2463 802 dens,
2493 742 2654 794 modo
2681 741 2931 794 virtutum
2959 742 3251 796 certamina
3290 743 3518 813 gloriosa
3560 747 3898 814 collaudans,

2310 831 2471 884 modo
2511 832 2691 900 lapsus
2741 833 2794 886 in
2838 833 3052 888 clericis
3090 835 3201 888 sive
3251 837 3528 890 monachis
3548 837 3904 896 vehementer

2310 936 2586 976 accusans.
2626 924 2726 991 Qui
2765 925 2924 979 etiam
2964 925 3089 979 dum
3124 925 3298 980 adhuc
3342 927 3526 982 Roma:
3565 945 3718 984 suum
3767 933 3903 987 titu-

2312 1013 2418 1067 lmn
2447 1014 2516 1086 (ε)
2546 1010 2870 1070 Cardinalitii
2914 1019 3310 1089 presbyteratus
3343 1020 3394 1073 in
3427 1019 3662 1076 Ecclesia
3690 1034 3899 1080 sanctze

2311 1105 2606 1160 Anastasize
2634 1107 2976 1177 gubernaret.
3003 1118 3110 1163 tres
3137 1109 3360 1163 clericos
3400 1111 3546 1165 nttlla
3584 1113 3686 1167 alia
3732 1127 3903 1170 causa

2311 1197 2635 1265 culpabiles,
2667 1199 2768 1253 nisi
2797 1201 2919 1269 quia
2952 1200 3252 1254 inordinate
3281 1209 3336 1254 et
3366 1202 3718 1272 incomposite
3745 1207 3905 1260 ince-

2311 1287 2528 1350 debant,
2557 1290 2625 1344 ab
2659 1301 2878 1359 aspectu
2903 1305 3001 1344 suo
3028 1306 3090 1346 ac
3113 1307 3294 1346 mensa
3323 1295 3577 1348 continuo
3607 1299 3902 1365 separavit.

2312 1379 2556 1434 lncessus
2604 1382 2745 1435 enim
2797 1383 3214 1450 incompositus,
3256 1385 3479 1438 evidens
3519 1388 3724 1456 signmn
3771 1402 3851 1443 εει
3885 1431 3900 1452 ,

2317 1474 2562 1541 quoniam
2592 1482 2764 1528 status
2785 1475 3053 1529 interioris
3083 1477 3310 1530 hominis
3333 1479 3471 1532 male
3491 1489 3570 1533 est
3595 1480 3903 1534 ordinatus.

2317 1562 2471 1619 Unde
2515 1563 2654 1618 idem
2697 1565 2749 1618 in
2777 1567 2881 1619 vita
2926 1575 3123 1621 sancta:
3173 1567 3349 1620 Paula:
3382 1587 3394 1621 :
3423 1569 3521 1623 Per
3551 1572 3903 1635 exteriorem,

2315 1654 2506 1724 inquit,
2540 1655 2808 1710 hominem
2831 1697 2846 1722 ,
2886 1665 2941 1710 et
2981 1657 3249 1711 interioris
3280 1657 3511 1713 hominis
3540 1663 3642 1714 vita
3674 1660 3907 1715 demon-

2316 1753 2532 1799 stratur.
2567 1745 2831 1800 Praeterea
2858 1755 3000 1800 tanta
3031 1749 3324 1817 linguarum
3355 1750 3538 1818 peritia
3561 1759 3675 1804 erat
3708 1752 3907 1820 praedi-

2319 1845 2424 1901 tus,
2466 1844 2522 1890 ut
2567 1852 2928 1908 quoscumque
2972 1839 3128 1894 unius
3169 1840 3361 1910 lingua:
3402 1841 3565 1896 libros
3605 1841 3657 1896 in
3709 1859 3908 1898 manus

2317 1927 2582 1995 acciperet
2611 1944 2624 1979 :
2655 1927 2752 1982 hos
2794 1929 2844 1981 in
2888 1928 3044 1982 aliam
3075 1929 3302 1999 linguam
3346 1931 3477 1984 nihil
3505 1941 3787 1988 cunctatus
3823 1934 3911 2006 (rt)

2320 2017 2716 2082 transcriberet,
2746 2017 2881 2072 adeo
2912 2029 2971 2072 ut
2989 2020 3236 2074 crederes
3260 2035 3382 2075 esse
3411 2022 3487 2076 sic
3516 2023 3794 2091 scriptum,
3835 2026 3910 2079 ita

2320 2107 2418 2162 hos
2461 2108 2577 2176 ejus
2619 2109 2879 2164 inoffensa
2909 2110 3164 2164 velocitas
3205 2111 3537 2166 refundebat.
3583 2112 3735 2168 Unde
3765 2124 3819 2168 et
3857 2116 3911 2169 in

2317 2200 2716 2270 derogationem
2731 2202 3044 2255 aemulorum
3063 2216 3278 2255 suorum
3301 2203 3582 2268 quamdam
3605 2204 3909 2274 Epistulam

2319 2291 2398 2346 sic
2437 2291 2741 2345 conclusit:
2777 2290 2887 2345 Nec
2917 2292 3354 2346 lucubratiuncula
3393 2292 3499 2347 [nec
3544 2303 3685 2346 tanta
3726 2303 3798 2347 est
3841 2295 3913 2346 ad

2321 2383 2538 2438 lucerna
2575 2384 2742 2438 lumen
2766 2425 2782 2451 ,
2825 2384 3054 2438 claritate
3101 2389 3309 2455 perfusa
3335 2401 3354 2438 :
3379 2395 3433 2437 ut
3474 2387 3546 2439 vel
3586 2389 3911 2440 notariorum

2319 2491 2501 2528 manus
2528 2476 2703 2546 lingua
2728 2485 3078 2547 praecurreret.
3110 2476 3211 2530 Per
3239 2477 3376 2530 idem
3397 2487 3602 2548 tempus
3625 2478 3692 2533 ad
3719 2479 3912 2534 Pauli-

2321 2582 2445 2620 num
2468 2581 2531 2620 ex
2565 2573 2810 2621 senatore
2839 2565 3204 2638 presbyterum
3237 2567 3514 2622 miriﬁcam
3556 2568 3914 2638 pra-destina-

2321 2659 2397 2712 vit
2425 2657 2737 2726 Epistolam.
2781 2657 2836 2712 In
2864 2673 2965 2729 qua
2992 2659 3307 2730 mysterium
3339 2661 3754 2732 uniuscujusque
3778 2661 3910 2718 libri

2323 2759 2427 2804 tam
2453 2751 2668 2812 veteris,
2699 2765 2856 2818 quam
2885 2752 3007 2805 novi
3027 2750 3351 2806 Testamenti
3377 2752 3630 2818 breviter,
3658 2767 3909 2809 summa-

2323 2841 2522 2908 timquc
2551 2841 2878 2910 perstrinxit.
2924 2841 3060 2910 Quid
3088 2843 3227 2897 enim
3254 2858 3360 2897 non
3388 2843 3560 2899 solum
3591 2845 3641 2898 in
3667 2844 3872 2899 divinis
3894 2888 3911 2912 ,

2323 2929 2415 2984 sed
2432 2931 2588 2984 etiam
2617 2929 2669 2983 in
2696 2931 2978 2986 mundanis
3005 2932 3194 2987 litteris
3219 2932 3528 3005 Hieronymi
3555 2936 3911 3004 sagacitatem

2323 3021 2488 3076 latere
2527 3021 2732 3090 potuit?
2777 3021 2855 3076 Ex
2894 3023 3085 3093 quibus
3113 3024 3318 3080 scilicet
3355 3026 3635 3080 mundanis
3670 3028 3917 3082 necessi-

2324 3119 2431 3166 tate
2457 3112 2775 3182 quandoque
2804 3114 3122 3184 cogebatur,
3164 3115 3406 3170 nonnihil
3449 3117 3560 3172 suis
3603 3117 3916 3173 immiscere

2323 3203 2664 3259 Tractatibus
2693 3223 2706 3258 :
2744 3214 2800 3260 ut
2828 3207 3078 3275 probaret
3105 3222 3167 3262 ea
3197 3223 3316 3278 qua:
3339 3221 3369 3262 a
3395 3209 3594 3263 sanctis
3625 3208 3918 3279 Prophetis

2324 3305 2448 3350 ante
2469 3296 2659 3350 smcula
2693 3297 2943 3366 praedicta
2965 3307 3110 3362 sunt,
3133 3306 3240 3352 tam
3276 3299 3582 3354 Graecorum
3611 3315 3769 3370 quam
3805 3300 3919 3355 La-

2327 3387 2555 3440 tinorum
2599 3395 2653 3440 et
2691 3387 2914 3442 aliarum
2957 3388 3193 3458 gentiqu
3226 3390 3417 3444 litteris
3457 3391 3741 3446 contineri.
3789 3391 3919 3445 Non

2325 3477 2466 3531 enim
2492 3475 2816 3532 credendum
2847 3487 2930 3532 est
2958 3478 3008 3532 id
3039 3492 3108 3534 eo
3133 3478 3368 3546 factum,-
3401 3480 3543 3550 quod
3571 3480 3688 3535 libri
3714 3478 3919 3536 Genti-

2328 3565 2453 3620 lium
2489 3574 2762 3634 tantopere
2784 3566 2925 3622 illius
2951 3567 3282 3623 oblectarent
3309 3579 3542 3624 mentem
3563 3610 3578 3634 ,
3605 3584 3729 3625 cum
3758 3570 3920 3640 prius

2326 3657 2594 3726 aliquanto
2624 3657 2689 3712 ad
2716 3658 2934 3714 cmleste
2962 3667 3224 3714 retractus
3250 3675 3495 3728 examen,
3521 3675 3618 3732 pro
3642 3662 3921 3729 ejusmrdi

2329 3747 2556 3803 lectione
2586 3761 2772 3817 pinnas
2807 3748 2995 3804 luisset
3030 3749 3211 3804 divino
3237 3764 3300 3805 ac
3325 3750 3543 3806 salutari
3573 3751 3801 3806 verbere
3831 3768 3928 3806 ca-

2327 3841 2571 3909 stigatus.
2600 3840 2752 3906 Quod
2782 3842 3012 3910 qualiter
3049 3852 3223 3896 actum
3255 3843 3344 3910 sit,
3388 3843 3441 3897 in
3481 3844 3734 3914 praedicta
3781 3844 3927 3914 Epi-

2328 3931 2463 3986 stola
2501 3931 2566 3986 ad
2605 3931 2954 3988 Eustochium
3002 3933 3193 4003 legitur
3233 3934 3422 3990 eodem
3465 3935 3795 4005 Hieronymo
3845 3938 3930 3991 sic

2329 4024 2466 4078 inter
2504 4022 2607 4076 alia
2647 4022 2910 4078 referente
2937 4039 2950 4076 :
2982 4023 3117 4076 Dum
3147 4033 3265 4078 ante
3299 4025 3448 4078 etiam
3481 4041 3639 4079 annos
3663 4027 3932 4094 plurimos

2327 4113 2500 4180 domo,
2533 4114 2858 4184 parentibus,
2895 4115 3120 4185 cognatis
3159 4124 3204 4168 et
3242 4116 3377 4185 quod
3420 4117 3498 4171 his
3539 4116 3797 4186 diﬁcilius
3827 4131 3929 4186 est,

2328 4207 2684 4260 consuetudine
2707 4207 2935 4260 lautioris
2956 4207 3051 4260 cibi
3072 4216 3276 4279 prapler
3297 4209 3532 4264 calorum
3555 4227 3633 4264 me
3649 4225 3817 4282 regna
3840 4231 3935 4267 ca-

2327 4307 2584 4363 strassem,
2607 4307 2652 4350 et
2676 4296 3085 4368 Hierosolymam
3106 4300 3409 4354 militaturus
3434 4317 3710 4371 pergerem,
3733 4302 3937 4360 biblio-

2329 4390 2471 4443 theca
2489 4405 2640 4459 quam
2666 4389 2791 4442 mihi
2821 4389 2995 4444 Roma:
3014 4406 3210 4444 summa
3227 4393 3394 4446 studio
3411 4409 3469 4444 ac
3491 4392 3659 4446 labare
3673 4397 3938 4464 confece-

2327 4498 2458 4548 ram,
2482 4498 2652 4536 carere
2670 4498 2771 4535 nan
2793 4491 3036 4550 poteram.
3059 4481 3242 4554 Itaque
3261 4484 3410 4537 miser
3429 4500 3519 4554 ego
3541 4485 3765 4539 lecturus
3784 4486 3877 4542 Tu
3889 4492 3937 4543 ι-

2329 4577 2452 4630 llum
2473 4616 2487 4639 ,
2509 4574 2807 4645 jejunabam
2836 4588 2856 4628 :
2885 4583 2996 4646 post
3036 4576 3257 4628 noctium
3291 4575 3488 4628 crebras
3525 4576 3724 4650 vigilias
3745 4619 3763 4644 ,
3814 4594 3942 4649 post

2329 4668 2602 4737 lacrymas,
2637 4681 2750 4736 quae
2775 4666 2898 4719 mihi
2943 4666 3310 4735 prreteritarum
3333 4677 3550 4736 peccata!
3565 4681 3649 4723 um
3673 4674 3944 4724 recorda-

2329 4760 2463 4812 tione
2495 4773 2558 4811 επ
2595 4757 2782 4810 intimis
2809 4756 3075 4810 visceribus
3093 4755 3316 4826 ﬂuebant
3335 4797 3348 4819 ,
3372 4755 3526 4810 Plato
3547 4757 3855 4814 sumebatur
3883 4763 3941 4814 in

2328 4846 2578 4901 manibus.
2613 4847 2672 4902 St
2691 4847 2893 4917 quando
2915 4847 2966 4900 in
2989 4847 3276 4916 memetipso
3297 4860 3518 4898 reversus
3538 4844 3846 4912 Praphetas
3873 4855 3942 4904 le-

2326 4955 2443 5010 gere
2471 4940 2745 5008 cwpissem,
2772 4954 2934 4992 sermo
2958 4939 3190 4992 horrebat
3217 4937 3455 4990 incultus.
3497 4935 3564 4990 Et
3591 4937 3714 5006 quia
3744 4941 3940 4996 lumen

2327 5032 2472 5084 catcis
2488 5029 2648 5084 oculis
2663 5045 2763 5082 non
2782 5028 3007 5082 videbam
3021 5045 3040 5082 :
3056 5044 3156 5082 non
3170 5025 3428 5080 oculorum
3452 5027 3689 5096 putabam
3707 5031 3941 5095 culpam

2325 5137 2454 5187 esse,
2481 5123 2573 5175 sed
2597 5120 2740 5174 salis.
2773 5117 3008 5187 Dumque
3032 5119 3103 5172 ita
3128 5135 3208 5172 me
3233 5119 3468 5186 antiquus
3493 5133 3702 5186 serpens
3729 5119 3942 5176 illude-

2396 5253 2457 5319 (ε)
2487 5253 2650 5319 Atque
2671 5252 2778 5301 haec
2801 5253 2999 5319 penitus
3019 5254 3209 5319 ignorat
3233 5250 3364 5319 idem
3387 5250 3476 5300 Ms.
3499 5251 3653 5319 verba
3673 5254 3942 5307 cardina-

2446 5266 2457 5319 )
2487 5266 2650 5364 usque
2672 5266 2778 5301 meo
2801 5266 2999 5314 penitus
3020 5266 3209 5322 ignorat
3233 5266 3364 5299 idem
3387 5266 3476 5300 ns.
3501 5266 3653 5322 verna
3673 5266 3942 5307 cardina-

2443 5324 2536 5366 Pre
2569 5376 2577 5378 _
2588 5319 2804 5378 yteratus
2843 5313 3132 5378 in‘ecclessa
3151 5316 3340 5362 Sanctia
3362 5318 3642 5378 Αῃαειααω,
3682 5327 3804 5378 qua
3843 5332 3942 5368 se-

2479 5424 2594 5503 :Ms.
2613 5443 2981 5503 transcurreret.
2995 5434 3095 5482 Nos
3113 5433 3239 5503 quod
3252 5435 3571 5503 subsequitur
3581 5424 3827 5503 velocitas
3849 5453 3941 5491 re-

2350 5493 2575 5563 irridebat,
2601 5493 3340 5563 emendavimuspro‘vetocitate
3357 5493 3605 5556 fundebat.
3628 5496 3790 5563 Paulo
3815 5510 3945 5563 post

2326 5501 2575 5610 Pudebat,
2601 5501 2965 5565 emendavimus
2987 5509 3075 5557 pro
3095 5501 3340 5563 velocitate
3357 5501 3605 5556 fundebat.
3628 5501 3790 5548 Paulo
3815 5510 3945 5563 post

2345 5563 2457 5610 dem
2470 5560 2559 5608 Ms.
2567 5558 2816 5621 conclusa.
2834 5564 2948 5621 Il_a:c
2959 5555 3370 5621 lucubratumcula
3380 5563 3510 5621 tanta
3519 5564 3590 5608 est
3602 5559 3679 5621 ad
3703 5553 3945 5621 lucerna:

2329 5621 2486 5670 lumen
2503 5617 2745 5683 celeritate
2767 5616 2980 5680 perfusa,
2991 5616 3393 5679 quemadmodum
3413 5620 3567 5670 satius
3588 5616 3770 5683 utique
3789 5633 3945 5676 esset

2329 5675 2779 5741 locumreligere.’
2854 5675 2864 5679 '
2964 5675 3023 5679 "
3561 5735 3567 5740 _
