4050 6188
140 297 236 350 193

135 422 231 474 ret,
261 412 312 464 ia
335 410 504 465 media
527 415 688 484 ferme
699 407 1080 484 quadragesima
1101 412 1334 466 medullis
1356 414 1526 484 infusa
1543 414 1720 482 febris,

137 513 325 571 corpus
371 504 557 557 invasit
595 505 944 560 exhaustum:
965 515 1011 558 et
1054 506 1162 558 sine
1194 507 1301 558 ulla
1343 507 1532 575 requie,
1589 507 1722 574 quod

139 595 281 645 dictu
304 609 504 662 quoque
531 594 858 660 incredibile,
900 596 972 648 sic
998 594 1224 663 infelicia
1254 595 1476 649 membra
1509 595 1722 663 depasta

135 696 232 746 est,
259 697 311 738 ut
336 690 421 740 via:
445 689 642 742 ossibus
674 689 875 742 interim
904 689 1213 756 parabantur
1238 689 1461 758 acequite
1487 697 1534 741 et
1561 687 1725 742 vitalis

139 776 330 829 animi):
356 779 518 842 calor,
546 788 651 832 toto
674 780 783 849 jam
811 779 1109 848 frigescente
1132 795 1364 845 corpore,
1397 779 1448 832 in
1477 779 1587 832 solo
1613 788 1726 832 tan-

139 879 249 918 tum
291 879 491 934 repente
518 870 811 938 pectusculo
850 870 1148 938 palpitabat.
1181 869 1320 922 Tunc
1357 870 1523 922 subito
1548 878 1726 938 raptus

136 958 186 1008 in
234 958 444 1025 spiritu,
488 959 557 1012 ad
598 959 820 1012 tribunal
851 960 1044 1028 judicis
1074 961 1339 1030 pertrahor
1365 974 1385 1012 :
1410 958 1494 1012 ubi
1529 968 1725 1012 tantunt

137 1049 347 1100 lutninis
391 1061 500 1103 erat
539 1067 604 1104 ea:
632 1051 1062 1104 circumstantium
1101 1051 1354 1116 claritate,
1387 1052 1619 1122 fulgoris,
1670 1059 1724 1102 ut

136 1141 398 1208 profectus
426 1141 482 1194 in
510 1150 696 1194 terram
725 1156 924 1194 sursum
954 1143 1178 1210 aspicere
1209 1157 1312 1195 non
1339 1142 1595 1195 auderem.
1627 1141 1725 1193 ln-

135 1241 428 1300 terrogatus
457 1233 816 1296 conditionem,
845 1231 1184 1284 Christianum
1224 1249 1304 1285 me
1330 1248 1436 1286 esse
1470 1231 1724 1299 respondi.

137 1320 198 1373 Et
220 1320 319 1373 ille
346 1324 436 1389 qui
463 1322 764 1388 prasidebat
793 1337 811 1374 :
844 1320 1098 1383 Mentiris,
1141 1323 1214 1375 ait
1233 1336 1251 1374 :
1273 1321 1628 1375 Ciceronianus
1653 1337 1725 1385 es,

137 1427 236 1464 non
272 1411 629 1464 Christianus.
661 1410 758 1465 Ubi
781 1411 912 1463 enim
939 1421 1010 1463 est
1040 1413 1306 1464 thesaurus
1334 1421 1467 1475 tuus,
1496 1410 1562 1463 ibi
1589 1419 1663 1463 est
1685 1421 1728 1463 et

135 1519 223 1556 cor
245 1515 418 1555 tuum.
452 1501 606 1556 Illico
625 1503 868 1565 obmutui,
893 1512 940 1556 et
965 1504 1093 1555 inter
1118 1503 1319 1555 verbera
1348 1503 1487 1570 (nam
1509 1502 1635 1555 credi
1653 1518 1730 1555 me

135 1591 387 1665 iusserat)
431 1609 524 1663 ego
550 1595 868 1648 conscientice
905 1595 1068 1665 magis
1107 1597 1224 1664 igne
1268 1593 1552 1664 torquebar,
1582 1593 1728 1646 illum

133 1700 336 1738 mecum
385 1685 687 1738 versiculum
730 1695 956 1753 repetens
984 1699 1004 1736 :
1033 1685 1089 1738 in
1134 1683 1344 1738 inferno
1383 1692 1558 1737 autem
1609 1684 1727 1751 quis

133 1777 484 1832 confitebitur
523 1776 656 1831 tibi?
699 1778 920 1829 clamare
969 1785 1074 1828 tum
1117 1777 1264 1843 ccepi.
1303 1783 1350 1829 et
1395 1775 1594 1845 ejulans
1638 1776 1723 1827 di-

134 1885 248 1922 cere
271 1884 292 1921 :
322 1867 566 1921 Miserere
606 1867 702 1919 mei
747 1865 984 1922 Domine.
1026 1867 1259 1919 miserere
1297 1867 1415 1920 mei.
1459 1865 1587 1919 Hau:
1627 1879 1726 1919 vox

135 1963 267 2013 inter
289 1958 498 2030 ﬂagella
522 1959 708 2027 saepius
743 1949 1032 2011 resonabat.
1061 1956 1286 2011 Tandem
1307 1957 1375 2010 ad
1405 1957 1722 2026 praesidentis

137 2068 308 2122 genua
335 2050 605 2121 provoluti,
637 2049 722 2120 qui
760 2049 1042 2113 astiterant,
1086 2048 1420 2118 precabantur
1443 2057 1498 2100 ut
1524 2049 1721 2101 veniam

138 2142 380 2194 tribueret
404 2140 773 2203 adolescentiae,
795 2148 842 2192 et
867 2141 1026 2191 errori
1054 2140 1219 2192 locum
1253 2139 1558 2207 paenitentiae
1581 2153 1724 2190 com-

139 2230 674 2294 modaret,exacturus
697 2229 876 2282 deinde
900 2229 1204 2293 cruciatum,
1232 2229 1275 2281 si
1299 2229 1562 2298 gentilium
1591 2229 1723 2282 litte-

136 2338 314 2374 rarum
344 2321 614 2390 aliquando
642 2321 794 2374 libros
818 2321 1066 2390 legissent.
1102 2318 1211 2389 Ego
1235 2321 1318 2389 qui
1346 2329 1486 2373 tanto
1511 2320 1726 2374 constri-

136 2422 248 2465 ctus
275 2411 510 2476 articulo,
543 2412 720 2465 vellem
751 2412 903 2464 etiam
941 2411 1139 2479 majora
1162 2412 1467 2479 promittere,
1499 2412 1726 2480 dejerare

138 2505 288 2573 carpi,
313 2513 360 2556 et
381 2519 559 2557 nomen
579 2505 688 2570 ejus
703 2502 955 2556 obtestans
969 2503 1134 2554 dicere
1156 2499 1423 2566 :Domine,
1437 2505 1479 2556 si
1501 2514 1724 2572 unquam

138 2597 365 2650 habuero
405 2595 605 2649 codices
643 2595 935 2659 steculare‘s,
981 2604 1068 2648 aut
1104 2595 1147 2648 si
1192 2594 1378 2664 legero,
1428 2605 1474 2648 te
1525 2596 1720 2665 negavi.

138 2685 288 2739 Inter
317 2690 426 2740 haec
468 2685 771 2739 sacramenti
798 2685 946 2738 verba
974 2685 1232 2752 dimissus,
1258 2697 1483 2739 revertor
1513 2702 1545 2738 a
1578 2703 1725 2756 supe-

137 2777 208 2829 ris
231 2793 254 2830 :
290 2785 340 2829 et
383 2775 683 2829 mirantibus
726 2775 919 2830 cunctis
953 2775 1126 2828 oculos
1155 2775 1347 2844 aperio,
1380 2784 1518 2829 tanto
1557 2776 1724 2845 lacry-

138 2883 341 2919 marum
368 2867 528 2920 imbre
552 2867 806 2936 perfusos,
837 2875 894 2918 ut
922 2865 1073 2918 etiam
1105 2865 1378 2919 incredulis
1402 2865 1554 2933 ﬁdem
1583 2868 1723 2936 face-

136 2973 243 3010 rent
274 2972 340 3010 ex
381 2956 576 3011 dolore.
613 2954 724 3009 Nec
751 2971 866 3009 vero
913 2971 1067 3026 sopor
1098 2955 1187 3009 ille
1224 2959 1410 3024 fuerat,
1463 2965 1551 3008 aut
1594 2971 1724 3010 vana

137 3047 361 3110 somnia,
379 3046 556 3115 quibus
577 3061 712 3115 stepe
730 3045 1034 3098 deludimur.
1062 3043 1206 3098 Teste
1230 3055 1303 3098 est
1323 3044 1549 3098 tribunal
1567 3044 1718 3108 illud,

137 3147 256 3191 ante
281 3136 420 3204 quod
435 3136 600 3207 jacui.
631 3135 894 3189 Judicium
932 3145 1054 3189 teste
1082 3145 1174 3196 est,
1217 3136 1352 3200 quod
1378 3137 1542 3188 timui.
1575 3134 1726 3189 Ultra

139 3229 268 3282 mihi
296 3244 552 3299 nunquam
581 3228 838 3296 contingat
861 3227 914 3279 in
944 3225 1098 3279 talem
1134 3225 1353 3278 incidere
1373 3226 1720 3294 qutestionem.

140 3320 280 3373 Nam
310 3320 476 3388 fateor
513 3318 800 3372 vulneribus
843 3315 1078 3370 habuisse
1124 3331 1202 3369 me
1242 3316 1418 3384 plenas
1462 3317 1720 3386 scapulas,

137 3415 320 3486 plagas
363 3414 575 3467 sensisse
614 3423 725 3482 post
762 3411 1032 3474 somnium,
1075 3418 1124 3462 et
1160 3417 1300 3463 tanto
1336 3409 1518 3463 dehinc
1553 3409 1723 3464 studio

137 3507 310 3559 divina
337 3505 534 3575 legisse,
558 3513 745 3573 quanto
773 3519 874 3556 non
917 3512 1034 3555 ante
1068 3503 1304 3555 mortalia
1329 3503 1566 3572 legeram.
1593 3502 1724 3559 Post

137 3599 255 3652 lucc
297 3599 478 3667 itaque
525 3611 644 3651 cum
677 3594 902 3664 quadam
937 3593 1024 3649 die
1069 3607 1249 3648 sacras
1277 3593 1582 3664 Scripturas
1607 3595 1720 3650 fra-

137 3691 308 3744 tribus
345 3704 408 3743 ει
439 3703 590 3742 more
618 3687 928 3750 dissereret,
976 3685 1154 3740 subito
1185 3685 1355 3740 tribus
1388 3685 1716 3753 claudicans,

136 3791 330 3851 quarto
375 3791 637 3848 suspenso
672 3776 807 3846 pede
854 3776 1084 3830 claustra
1124 3775 1355 3831 ccenobii
1399 3775 1487 3831 leo
1531 3775 1719 3846 ingens

137 3872 454 3942 ingreditur.
501 3869 744 3938 Cumque
790 3867 984 3922 fratres
1030 3867 1198 3922 territi
1237 3867 1416 3938 fugam
1464 3868 1718 3938 arripuis-

137 3975 276 4030 sent,
315 3963 401 4018 vir
444 3962 540 4016 Dei
565 3961 730 4015 veluti
761 3960 956 4028 hospiti
983 3958 1291 4013 adventanti
1322 3973 1383 4013 se
1412 3960 1640 4014 obtulit:
1665 3969 1719 4015 et

140 4059 444 4130 intelligens
468 4056 703 4125 plantam
729 4054 846 4122 ejus
871 4068 899 4106 a
943 4052 1182 4107 sentibus
1201 4053 1552 4122 vulneratam,
1583 4071 1719 4125 pra:-

140 4151 276 4222 eepit
327 4146 608 4212 fratribus,
664 4154 722 4200 ut
764 4153 972 4199 terrore
1013 4142 1276 4212 deposito,
1317 4159 1498 4199 curam
1552 4148 1718 4215 ipsius

140 4254 410 4314 gererent.
439 4238 593 4308 Quod
623 4253 745 4294 eum
793 4235 1021 4292 sollicite
1050 4235 1222 4301 fieret,
1261 4237 1405 4290 omni
1442 4236 1718 4294 ferocitate

140 4336 400 4406 deposita,
448 4333 519 4386 ita
551 4331 636 4386 leo
677 4338 988 4385 mansuetus
1044 4325 1297 4392 efﬁcitur,
1346 4335 1405 4382 ut
1443 4328 1491 4382 ei
1525 4328 1717 4384 fratres

134 4426 285 4496 jussu
325 4425 462 4480 beati
503 4423 811 4494 Hieronymi
849 4421 1057 4476 asinum
1085 4419 1371 4490 quemdam
1415 4421 1716 4476 committe-

143 4525 278 4585 rent,
304 4535 460 4589 quem
487 4519 553 4573 ab
579 4532 744 4589 opere
784 4515 1098 4571 redeuntem
1137 4513 1191 4568 in
1233 4513 1446 4584 pascuis
1472 4513 1714 4569 custodi-

141 4619 238 4665 ret.
288 4609 496 4664 Accidit
539 4611 742 4664 interea
770 4621 872 4662 una
904 4605 1134 4670 dierum,
1173 4613 1231 4659 ut
1271 4613 1524 4674 soporato
1559 4605 1714 4660 leone

141 4699 495 4770 negotiatores
524 4699 734 4768 quidam
763 4699 851 4767 qui
885 4685 1172 4766 IEgypmm
1201 4694 1438 4760 adibant,
1470 4695 1712 4751 videntes

141 4791 342 4844 asinum
380 4789 670 4858 solivagum
703 4787 1057 4852 incedentem,
1099 4785 1389 4854 cupiditate
1419 4786 1566 4852 victi,
1612 4801 1710 4841 suo

139 4895 252 4934 eum
295 4878 565 4932 comitatui
608 4885 1041 4948 aggregaverant.
1082 4875 1494 4946 Expergefactus
1533 4885 1709 4931 autem

140 4970 236 5036 leo,
271 4982 394 5021 eum
421 4967 750 5021 commissam
779 4967 874 5022 sibi
906 4967 1129 5022 bestiam
1152 4967 1372 5021 minime
1401 4967 1705 5036 reperisset,

141 5058 388 5115 confusus
413 5053 480 5108 ad
504 5056 872 5110 monasterium
903 5055 1058 5111 rediit
1086 5073 1100 5111 :
1124 5066 1177 5110 et
1205 5056 1352 5126 quasi
1377 5058 1544 5126 culpa:
1573 5073 1704 5111 con-

141 5151 290 5216 scius,
316 5161 609 5203 commune
644 5150 1029 5216 receptaculum
1061 5149 1209 5204 solus
1247 5149 1452 5219 ingredi
1479 5165 1584 5204 non
1613 5161 1708 5203 au-

140 5240 304 5295 debat.
338 5235 493 5304 Quod
535 5235 726 5292 fratres
752 5251 852 5291 una
891 5253 1011 5292 cum
1049 5240 1204 5294 beato
1232 5238 1557 5310 Hieronymo
1585 5253 1706 5308 per-

142 5329 437 5399 pendentes,
465 5326 738 5383 absentem
764 5328 970 5383 asiuum
1001 5329 1068 5384 ab
1097 5330 1187 5382 illo
1211 5329 1518 5384 existimant
1542 5328 1704 5383 devo-

141 5429 317 5474 ratum.
362 5417 618 5473 Nolentes
661 5425 838 5475 tamen
865 5435 986 5474 eum
1029 5434 1376 5490 exasperare,
1408 5419 1622 5474 abducti
1653 5420 1702 5474 ei

139 5511 364 5566 animalis
397 5523 534 5580 opus
559 5509 840 5581 injungunt
873 5529 886 5566 :
921 5519 981 5567 ut
1020 5513 1225 5568 scilicet
1251 5526 1316 5567 ea
1344 5511 1510 5567 ferret
1536 5525 1700 5565 onera

137 5623 235 5678 qua:
272 5611 422 5679 prius
459 5606 641 5660 asinus
679 5615 892 5676 gestare
937 5613 1309 5662 consueverat.
1359 5604 1469 5660 Nec
1505 5604 1700 5658 mirum

136 5699 362 5758 fratribus
408 5697 723 5753 innocenter
765 5687 1086 5763 viventibus,
1132 5698 1342 5754 leonem
1383 5694 1696 5766 obsequium

1410 303 1470 356 S.
1514 300 1882 359 IIIERUNYMI
1923 304 2102 360 VITA.

3317 334 3418 390 θοι

1840 417 2151 485 praebuisse,
2180 434 2302 475 cum
2338 422 2390 476 in
2422 424 2782 482 testimonium
2810 433 2992 499 primm
3031 443 3316 502 creationis
3341 447 3419 503 le-

1835 522 2025 575 gamus
2062 508 2190 564 viris
2237 513 2436 566 sanctis
2479 514 2590 569 Deo
2637 515 2908 576 humiliter
2948 525 3328 591 famulantibus.
3363 550 3417 594 et

1834 597 2016 651 leones
2043 608 2098 653 et
2135 600 2369 656 volatilia
2401 605 2750 673 ministrasse,
2784 620 2838 666 et
2863 612 2996 668 ictus
3025 593 3252 681 cessisse
3275 593 3417 686 fera;

1833 701 1972 777 rum,
2003 699 2056 744 et
2094 706 2363 749 venenum
2409 711 2514 751 non
2559 702 2808 758 nocuisse
2837 719 3166 775 serpentum.
3195 716 3267 770 Ita
3292 735 3413 777 eum

1833 776 1920 880 leo
1976 779 2270 880 injunctum
2327 785 2429 841 sibi
2490 803 2625 857 opus
2689 793 3058 854 indesinenter
3116 810 3413 880 exequitur,

1832 868 2173 969 diequad-atn
2196 874 2264 929 de
2283 876 2500 933 sublimi
2526 883 2858 951 prospiciens
2887 889 3140 957 pra-latos
3164 868 3414 969 viatores,

1833 961 1961 1015 vidit
1987 965 2201 1020 eminus
2227 969 2520 1035 venientes,
2553 982 2608 1027 et
2634 989 2754 1028 cum
2785 981 3007 1034 camelis
3033 997 3222 1042 eorum.
3264 961 3416 1046 suum

1833 1049 1982 1147 illum
2036 1056 2309 1110 comitem.
2368 1060 2486 1114 Mox
2529 1065 2682 1132 quasi
2733 1066 3081 1137 deprehensis
3127 1075 3416 1147 host-ibus,

1833 1139 2066 1237 immane
2095 1147 2311 1237 rugiens
2338 1158 2392 1203 et
2432 1163 2617 1207 contra
2661 1171 2756 1210 eos
2783 1158 3128 1220 vehementer
3150 1139 3414 1237 insiliens,

1833 1227 2077 1287 homines
2101 1233 2155 1288 in
2183 1235 2391 1292 diversa
2419 1240 2690 1310 dispersit.
2719 1246 2965 1306 Camelos
2991 1265 3169 1312 autem
3195 1227 3416 1320 onustos

1967 1336 2086 1421 cum
2126 1327 2279 1382 asino
2305 1343 2520 1400 cogens,
2559 1335 2624 1388 ad
2655 1338 2868 1396 claustri
2911 1357 3114 1413 portam
3147 1353 3411 1421 perduxit.

1833 1409 2225 1516 bliratilratres
2253 1433 2372 1474 cum
2399 1422 2513 1478 haec
2539 1430 2842 1486 retulissent
2881 1409 3036 1492 beato
3064 1409 3411 1516 ilidronymo,

1828 1500 1989 1602 jussit
2018 1505 2110 1560 ille
2129 1507 2384 1576 depositis
2409 1519 2682 1582 oneribus,
2707 1525 3030 1583 camelorum
3062 1535 3220 1601 pedes
3246 1500 3410 1602 ablui:

1831 1593 2230 1696 eisquepabula
2261 1606 2474 1696 apponi,
2505 1617 2664 1678 atque
2681 1593 3092 1677 adventantibus
3117 1593 3415 1695 ImSpitibus

1829 1695 2464 1786 conviviumﬁpmparari.
2495 1697 2562 1751 Et
2588 1714 2713 1754 ecce
2740 1704 2815 1756 illi
2836 1711 3091 1766 continuo
3114 1718 3408 1786 venientes,

1827 1769 1896 1867 ad
1935 1777 2102 1867 sancti
2129 1777 2301 1835 Patris
2341 1786 2559 1855 vestigia
2608 1805 2668 1845 se
2693 1807 3113 1867 promraverunt,
3156 1807 3224 1860 de
3263 1769 3413 1864 com:

1829 1865 2176 1968 misso-furto
2220 1874 2428 1928 veniam
2484 1881 2832 1946 postulantes.
2889 1889 2988 1957 Qui
3034 1865 3128 1949 eos
3181 1897 3412 1970 benigne

1827 1956 2140 2053 suscipiens,
2169 1961 2235 2016 ad
2259 1965 2449 2020 cellam
2477 1969 2745 2040 hospitum
2777 1991 3112 2053 cummagna
3137 1956 3411 2048 ltilariiate

1827 2043 2066 2150 deduxit.
2085 2049 2338 2109 Videntes
2359 2056 2432 2110 illi
2462 2060 2514 2114 in
2535 2075 2694 2119 servo
2712 2065 2801 2121 Dei
2827 2043 3406 2150 tantamVeIementiam,

1829 2137 2061 2231 medium
2095 2142 2200 2198 olei
2225 2148 2366 2215 quod
2388 2149 2454 2205 de
2483 2152 2716 2225 Egypto
2749 2164 3055 2231 attulerant,
3087 2137 3412 2230 monastcrn;

1829 2225 2154 2334 obtulerunt.
2200 2234 2455 2334 Quodque
2494 2243 2712 2313 singulis
2755 2252 2907 2306 annis
2950 2225 3205 2328 tant-ipsi,

1829 2329 2015 2411 eorum
2038 2319 2289 2411 hatredes
2318 2329 2528 2397 plenam
2561 2335 2665 2389 olei
2707 2335 2949 2409 hydriam
2993 2347 3045 2400 in
3083 2319 3412 2411 eodem-cm;

1829 2407 1990 2462 nobio
2019 2409 2360 2472 devotissime
2386 2407 2804 2490 spoponderunt.
2833 2431 2979 2498 Quos
3001 2435 3184 2495 beatus
3215 2407 3408 2499 Hiere-

1831 2514 2020 2603 tiyntus
2047 2502 2272 2603 benigna
2316 2518 2731 2574 eommonitione
2773 2523 3022 2594 refectos,
3055 2541 3109 2586 et
3145 2534 3406 2603 spirituali

1828 2588 2200 2689 benedictione
2255 2601 2584 2673 roboratus,"
2627 2611 2680 2666 in
2738 2629 2868 2684 pace
2921 2588 3144 2680 dimisit.

1829 2687 2148 2792 vqnerabilis
2177 2691 2358 2760 Paula,
2402 2701 2553 2767 cujus
2597 2716 2753 2773 supra
2787 2708 3008 2767 fecimus
3056 2687 3405 2792 mentionem,

1827 2773 2440 2886 admirans-religiosam
2468 2793 2626 2848 vitam
2666 2805 3076 2862 reverendorum
3118 2773 3408 2886 Episcopo:

1828 2878 1964 2966 rum,
1990 2868 2194 2966 l’aulini
2215 2877 2420 2933 scilicet
2445 2884 2781 2958 Antiocheni,
2805 2906 2858 2946 et
2880 2868 3408 2966 EpiphaniiISalatlni-

1827 2969 1910 3057 note
1936 2955 2033 3057 (tt),
2061 2975 2196 3028 quos
2233 2967 2389 3021 sedes
2416 2971 2719 3041 Apostolica
2750 2955 2844 3048 pro
2869 2955 3406 3053 quibusdam

1827 3050 2058 3105 siasticis
2085 3057 2312 3147 negotiis
2340 3059 2612 3118 detinebat
2642 3083 2657 3132 ;
2684 3083 2869 3126 eorum
2888 3050 3067 3146 atque
3096 3050 3406 3147 llieronvmi

1826 3149 2052 3244 accensa
2083 3143 2384 3213 virtutibus,
2429 3153 2612 3208 urbem
2644 3156 2866 3216 Romam
2914 3143 3022 3220 imo
3058 3143 3405 3244 Babyloniam

1827 3227 2398 3333 deserere-cogitabat.
2425 3242 2532 3298 illis
2560 3247 2736 3318 itaque
2774 3252 2840 3307 ad
2881 3257 3038 3312 sedes
3066 3227 3408 3333 propria—isse

1827 3322 2222 3416 recipientibus,
2271 3329 2384 3386 b:ec
2424 3337 2624 3393 relictis
2666 3341 2808 3409 filiis,
2844 3322 3083 3406 Toxotio.
3107 3322 3310 3413 scilicet

1828 3412 2075 3508 Ruftina,
2129 3419 2572 3498 facultatibusque
2621 3432 2894 3504 desertis,
2951 3443 3064 3498 sola
3117 3412 3406 3508 Eustochio

1824 3502 2134 3612 comitante,
2167 3519 2278 3567 toto
2311 3529 2430 3570 cum
2458 3519 2535 3576 eis
2559 3521 2825 3580 desiderio
2853 3502 3139 3602 navigavit.
3171 3502 3405 3612 Denique

1825 3604 1946 3700 post
1983 3600 2147 3700 multa
2190 3605 2444 3672 pericula,
2492 3610 2887 3687 immensosque
2928 3600 3137 3680 labores
3166 3600 3403 3700 ingressa

1822 3685 2262 3762 Hierosolymam,
2295 3711 2414 3752 cum
2441 3713 2622 3757 sancta
2653 3707 2767 3762 loca
2799 3711 3196 3774 studiosissime
3221 3685 3402 3791 perlu-

1822 3787 2063 3875 strasset,
2099 3799 2312 3840 reversa
2341 3787 2614 3846 Bethleem
2640 3794 2972 3855 diversorum
2999 3787 3403 3875 peregrinorum

1821 3869 2040 3962 cellulas
2066 3877 2492 3948 monasteriaque
2519 3887 2819 3941 construxit
2847 3904 2861 3942 :
2888 3889 2958 3945 de
3001 3869 3195 3962 quibus
3221 3913 3406 3954 mona-

1821 3959 2032 4025 steriis,
2083 3962 2238 4019 beato
2282 3965 2600 4034 disponente
2645 3959 3035 4048 Hieronymo;
3061 3997 3223 4040 unum
3276 3991 3404 4044 viris

1822 4050 2034 4105 tradidit
2052 4055 2475 4122 gubernandum.
2505 4062 2749 4135 Virgines
2769 4085 2900 4138 quas
2926 4075 3004 4128 de'
3021 4075 3246 4133 diversis
3269 4094 3401 4136 con-

1818 4145 2056 4236 gregavit
2081 4147 2230 4211 locis,
2261 4148 2312 4202 in
2359 4159 2468 4206 tres
2502 4162 2703 4211 turmas
2731 4167 3160 4236 monasteriaque
3198 4169 3398 4228 divisit.

1819 4230 1964 4332 Inter
1990 4249 2121 4302 quas
2160 4245 2302 4292 tanta
2333 4255 2390 4294 se
2418 4241 2716 4300 humilitate
2739 4247 2952 4315 dejecit,
2986 4265 3042 4307 ut
3062 4230 3149 4325 qui
3175 4273 3290 4314 eam
3325 4262 3399 4332 (1))

1820 4325 2077 4393 audisset,
2101 4338 2394 4386 extremam
2417 4335 2662 4391 crederet
2681 4340 3013 4400 ancillarum.
3044 4347 3168 4405 Hice
3189 4325 3400 4411 intuens

1819 4427 2034 4474 sorores
2074 4436 2198 4476 suas
2236 4423 2374 4478 circa
2410 4428 2609 4482 cultum
2647 4441 2845 4489 sancta:
2885 4436 2976 4493 Dei
3016 4442 3288 4509 genitricis
3337 4462 3400 4502 ae

1820 4511 2036 4582 virginis
2059 4513 2447 4583 devotissimus,
2472 4519 2626 4576 beato
2653 4522 2972 4598 Hieronymo
3003 4547 3106 4587 una
3133 4547 3254 4589 cum
3285 4537 3394 4592 lilia

1819 4605 2151 4676 supplicavit,
2182 4617 2238 4662 ttt
2265 4609 2353 4665 de'
2379 4613 2543 4681 ipsius
2572 4617 2951 4688 Assumptioue
2981 4639 3280 4681 sermonem
3316 4631 3396 4682 [ι-

1817 4705 1982 4764 cerel,
2016 4699 2244 4756 mirifica
2273 4703 2510 4772 ejusdem
2553 4705 2785 4779 Virginis
2815 4715 3076 4782 prmconia
3117 4718 3397 4772 continen-

1815 4795 1943 4843 tem.
1975 4791 2206 4867 Quarum
2253 4795 2391 4863 piam
2433 4798 2739 4865 petitionem
2781 4803 2894 4872 ipse
2932 4807 3128 4873 pariter
3171 4805 3396 4861 devotus

1814 4878 2120 4949 admittens,
2174 4899 2293 4939 cum
2337 4903 2544 4943 summa
2586 4890 2857 4960 diligentia
2902 4892 3042 4961 quod
3087 4894 3390 4962 rogabatur,

1813 4967 2070 5040 implevit.
2118 4973 2193 5028 De
2233 4975 2384 5044 cujus
2427 4987 2609 5033 sancta
2653 4981 2776 5042 vita,
2821 4989 2875 5033 et
2921 4980 3036 5048 ejus
3076 4981 3315 5037 discessu
3362 5003 3391 5040 a
3433 4988 3438 4992 ’

1812 5060 2001 5129 Roma,
2030 5073 2083 5117 et
2106 5080 2388 5134 progressu
2415 5081 2511 5136 per
2541 5067 2700 5132 viam,
2729 5075 2784 5121 et
2810 5081 3025 5121 accessu
3051 5068 3118 5121 ad
3144 5069 3394 5126 Hieroso-

1813 5151 2006 5222 lymam
2035 5155 2386 5224 omnibusque
2415 5155 2696 5224 prmdietis,
2729 5155 2866 5209 idem
2897 5156 3251 5228 Hieronymus
3286 5161 3392 5217 late

1812 5250 2000 5296 tractat
2029 5250 2186 5311 atque
2208 5243 2444 5297 declarat
2470 5245 2522 5297 in
2552 5244 2798 5299 Tractatu
2822 5251 2979 5314 qnem
3008 5247 3133 5303 fecit
3153 5249 3228 5304 de
3242 5251 3389 5308 obitu

1877 5397 1941 5464 (α)
1971 5396 2165 5464 Addunt
2187 5398 2302 5448 Mss.
2320 5400 2498 5464 quibus
2518 5401 2717 5464 utimur,
2733 5410 2880 5463 cypr.
2908 5417 2921 5452 :
2949 5411 3114 5455 contra
3135 5419 3252 5456 mox
3266 5409 3389 5458 reti-

1806 5460 2076 5532 cent’atque
2099 5460 2378 5531 Hieronymi
2401 5473 2430 5532 ε.
2446 5461 2660 5532 denique
2681 5460 2864 5513 habent
2900 5464 2973 5517 ad.
3002 5467 3140 5520 sedes
3160 5469 3387 5532 proprias

1808 5521 2260 5594 remeantibus,_pro
2277 5521 2630 5594 recipientibus.

1841 5644 1854 5654 ‘
1875 5584 1940 5655 (lg)
1980 5583 2131 5656 Iidem
2152 5583 2263 5656 libri
2286 5583 2388 5635 vidi
2420 5592 2466 5656 et
2483 5591 2565 5634 :et
2588 5583 2730 5647 paulo
2754 5595 2878 5656 post,
2899 5602 3020 5653 quas
3036 5591 3143 5655 pias
3164 5591 3386 5656 petitione

1808 5645 2138 5716 vir'ipse,_ete.
2151 5645 2547 5716 Subsequeatem
2561 5645 2682 5696 vero
2700 5645 2949 5716 periodum
2972 5645 3224 5716 tot'am,be
3246 5654 3386 5715 cujus

1811 5706 1977 5758 sancta
1994 5707 2106 5769 vita,
2132 5721 2289 5772 usque
2318 5706 2498 5768 i’aulte,
2517 5706 2716 5770 prorsus
2736 5709 2974 5771 ignorant.
3125 5706 3150 5716 ”
