4050 6188
493 420 795 486 ettransitu
822 409 1032 476 saan
1053 395 1266 469 Paula:
1286 395 1429 462 Sane
1456 403 1597 458 inter
1622 400 1933 455 innumeros
1961 403 2073 448 tra-

498 528 694 583 elatus,
719 527 854 586 quos
872 509 937 563 ad
960 506 1203 561 diversos
1226 497 1392 562 misit,
1416 495 1483 549 ad
1505 491 1792 586 quamdam
1815 487 2073 557 virginem

498 581 755 668 Asellam-
778 599 992 658 nomine
1049 590 1263 661 scripsit
1315 585 1657 657 Epistolam:
1699 581 1753 636 in
1818 593 1921 649 qua
1978 589 2076 668 pro

499 666 678 753 officio
697 689 795 746 sibi
816 687 885 742 ab
907 697 971 739 ea
999 680 1257 742 exhibito,
1286 676 1482 746 gratias
1501 673 1550 729 ei
1578 671 1760 733 refert,
1792 668 1930 724 etab
1947 666 2074 720 olim

501 781 749 854 imposito
774 775 873 833 sibi
891 773 1117 830 crimine
1137 771 1474 826 innocentem
1492 780 1552 820 se
1569 774 1833 854 astruens,
1860 758 2079 814 aemulo-

502 852 619 933 rum
647 883 864 928 suorum
892 864 1141 922 invidiam
1167 862 1426 929 increpat.
1451 857 1595 924 Quos
1618 856 1778 910 etiam
1799 852 1852 906 in
1881 857 2080 906 sancte

503 963 684 1024 Paula
716 961 957 1018 discessu
996 967 1303 1011 susurrasse
1343 955 1643 1018 acceperat.
1689 944 1857 1014 llujus
1902 951 2078 998 autem

502 1058 626 1115 talis
658 1063 742 1112 est
769 1060 948 1109 textus
971 1047 1048 1121 (ιι)
1093 1043 1342 1117 Epistolas
1367 1058 1383 1096 :
1413 1041 1476 1097 Si
1503 1039 1592 1093 tibi
1629 1047 1798 1108 putem
1831 1035 2023 1106 gratias
2050 1048 2083 1084 a

504 1167 586 1206 me
620 1146 799 1219 referri
836 1158 1002 1215 posse,
1031 1156 1133 1194 non
1174 1138 1371 1206 sapiam
1397 1149 1416 1188 :
1441 1143 1617 1204 potens
1658 1139 1731 1184 est
1757 1128 1896 1182 Deus
1933 1141 2085 1219 super

508 1217 776 1315 personam
817 1237 1004 1290 animle
1051 1241 1152 1286 tua:
1184 1229 1464 1290 restituere,
1505 1222 1641 1293 quod
1686 1231 1924 1315 meretur.
1975 1217 2085 1288 Ego

511 1311 643 1387 enim
669 1327 908 1398 indignus
942 1338 1032 1377 nec
1055 1320 1304 1375 cstimare
1325 1330 1550 1383 unquam
1576 1311 1741 1382 potui,
1771 1325 1862 1364 nec
1887 1317 2081 1398 optare,

512 1430 569 1476 ut
595 1418 718 1473 mihi
743 1397 940 1469 tantum
967 1413 1022 1466 in
1056 1409 1256 1464 Christo
1294 1404 1555 1475 largireris
1585 1401 1842 1467 affectum.
1879 1397 1947 1451 Et
1974 1397 2090 1450 licet

515 1526 596 1564 me
616 1507 912 1563 sceleratum
936 1501 1142 1573 quidam
1170 1505 1363 1567 putent,
1391 1503 1436 1547 et
1461 1491 1669 1562 ﬂagitiis
1689 1489 1810 1543 meis
1832 1487 2090 1548 obrutum,

517 1609 564 1655 et
598 1615 692 1668 pro
724 1594 940 1668 peccatis
966 1591 1089 1645 meis
1128 1589 1279 1642 etiam
1317 1586 1424 1640 hazc
1454 1599 1611 1653 parva
1650 1589 1765 1634 sunt
1787 1594 1805 1633 :
1826 1590 1995 1631 tamen
2037 1585 2092 1629 tu

519 1692 642 1746 bene
661 1689 810 1759 facis,
837 1683 974 1756 quod
999 1698 1063 1737 ea:
1081 1691 1168 1734 tua
1196 1687 1358 1732 mente
1376 1677 1528 1729 etiam
1547 1673 1727 1734 malos,
1751 1671 1905 1724 bonos
1929 1675 2092 1738 putes.

522 1779 873 1836 Periculosum
900 1774 1089 1844 quippe
1130 1779 1202 1824 est
1239 1768 1304 1822 de
1329 1783 1474 1820 servo
1517 1764 1730 1817 alterius
1745 1761 2002 1831 judicare,
2048 1765 2096 1812 et

524 1885 627 1925 non
657 1865 824 1939 facilis
858 1863 1003 1918 venia
1031 1875 1188 1932 prava
1210 1858 1399 1911 dixisse
1429 1855 1493 1909 de
1511 1855 1678 1908 rectis.
1722 1851 1913 1913 Veniet,
1939 1849 2098 1904 ueniet

523 1961 617 2015 illa
639 1960 747 2014 dies
771 1964 821 2012 et
847 1970 1042 2009 mecum
1071 1949 1262 2006 dolebis
1290 1949 1473 2002 ardore
1499 1963 1599 1999 non
1626 1959 1806 2014 pauco.
1840 1941 1950 2013 Ego
1975 1955 2100 2009 pre-

523 2052 724 2116 brosus,
751 2063 843 2118 ego
869 2042 1143 2114 eersipellis
1162 2049 1207 2095 et
1227 2039 1467 2103 lubricus,
1495 2051 1585 2106 ego
1611 2032 1848 2096 mendax,
1874 2040 1923 2084 et
1947 2030 2103 2085 Sata-

525 2156 609 2196 me
643 2148 752 2192 arte
788 2134 1066 2204 decipiens.
1105 2129 1230 2196 Quis
1268 2129 1390 2182 istas
1425 2126 1656 2191 astutias,
1698 2122 1793 2176 hoc
1819 2119 1899 2175 uel
1933 2118 2102 2173 credi-

527 2228 682 2289 disse.
703 2227 779 2280 uel
805 2223 882 2294 (b)
911 2221 1125 2276 sensisse
1153 2218 1216 2272 de
1243 2216 1542 2278 insontibus,
1576 2229 1644 2266 an
1669 2212 1821 2266 etiam
1842 2210 1906 2264 de
1936 2208 2104 2262 noxiis

527 2317 730 2374 credere
756 2311 1033 2369 voluisset?
1065 2307 1436 2366 Oseulabantur
1462 2305 1587 2358 mihi
1605 2303 1810 2373 quidam
1836 2317 2036 2363 manus,
2060 2309 2105 2353 et

530 2425 618 2464 ore
645 2409 842 2478 uipereo
871 2401 1197 2457 detrahebant
1224 2415 1244 2454 :
1271 2397 1506 2451 dolebant
1537 2394 1706 2460 labiis,
1737 2391 1890 2447 corde
1913 2389 2106 2460 gaude-

536 2498 677 2552 bant.
714 2494 925 2549 Videbat
953 2491 1221 2554 Dominus,
1253 2497 1299 2542 et
1327 2485 1667 2541 subsannabat
1705 2484 1819 2537 illos
1844 2498 1862 2535 :
1883 2491 1930 2535 et
1959 2481 2108 2532 mise-

534 2602 650 2641 rum
675 2600 754 2638 me
781 2598 978 2638 seruum
1005 2596 1152 2636 suum
1173 2579 1344 2647 futuro
1361 2593 1475 2630 cum
1501 2575 1570 2629 eis
1587 2573 1786 2645 judicio
1806 2569 2103 2626 remeabat.

537 2675 684 2731 Alius
728 2674 979 2727 incessum
1027 2685 1191 2724 meum
1241 2665 1643 2722 calumniabatur
1691 2674 1738 2717 et
1787 2664 1963 2717 risum.
2011 2659 2113 2715 Ille

537 2763 697 2820 vultui
717 2761 1032 2827 detrahebat,
1054 2761 1134 2814 hic
1151 2759 1205 2812 in
1228 2757 1551 2827 simplicitate
1573 2755 1716 2809 aliud
1737 2753 2110 2824 suspicabatur.

539 2854 680 2911 Pene
707 2853 923 2909 triennio
950 2869 1067 2906 cum
1093 2851 1166 2905 eis
1193 2849 1297 2904 nixi
1323 2865 1344 2902 :
1369 2847 1528 2901 multa
1553 2863 1630 2900 me
1666 2846 1916 2916 virginum
1943 2845 2114 2898 crebro

540 2945 689 3001 turba
724 2943 1098 3000 circumdedit:
1119 2941 1313 2995 divinos
1353 2938 1506 2993 libros
1545 2947 1600 2991 ut
1648 2937 1808 3006 potui,
1859 2933 2116 2989 nonnullis

539 3055 674 3110 sape
696 3036 930 3093 disserui.
957 3033 1132 3090 Lectio
1161 3031 1530 3090 assiduitatem,
1555 3027 1825 3083 assiduitas
1845 3025 2117 3096 familiari-

542 3141 716 3196 tatem,
741 3127 1062 3199 familiaritas
1106 3124 1348 3195 fiduciam
1389 3121 1594 3192 fecerat.
1638 3117 1823 3172 Dicant
1868 3117 1991 3185 quid
2025 3131 2120 3168 un-

542 3237 694 3292 quam
738 3219 792 3273 in
832 3233 911 3272 me
937 3216 1082 3270 aliter
1127 3213 1390 3278 senserint,
1419 3227 1570 3281 quam
1609 3207 1743 3279 quod
1777 3205 2120 3262 Christianum

546 3311 770 3368 decebat.
799 3308 1004 3374 Dicant,
1030 3307 1074 3360 si
1099 3305 1363 3376 pecuniam
1387 3305 1684 3372 cujusquam
1709 3299 1879 3368 accepi
1902 3313 1922 3352 :
1949 3299 1992 3352 si
2011 3314 2124 3350 mu-

549 3419 674 3460 nera
703 3415 860 3469 parua
900 3398 976 3452 vel
1018 3411 1202 3466 magna
1244 3410 1347 3448 non
1392 3393 1577 3460 sprevi.
1607 3390 1674 3444 In
1712 3406 1867 3443 manu
1897 3405 2007 3442 mea
2052 3403 2122 3441 ws

553 3492 776 3561 alicujus
805 3488 874 3560 (ε)
909 3487 1049 3556 fuit?
1079 3484 1226 3539 Nihil
1253 3484 1378 3537 mihi
1412 3482 1554 3535 aliud
1581 3481 1814 3552 objicitur
1851 3480 1950 3534 nisi
1975 3496 2124 3534 sexus

554 3600 696 3639 meus
729 3591 816 3636 :et
845 3581 938 3634 hoc
981 3592 1234 3648 nunquam
1277 3575 1530 3646 objicitur,
1577 3574 1675 3627 nisi
1719 3589 1831 3626 cum
1860 3571 2031 3626 Paula
2077 3582 2124 3626 et

555 3672 783 3730 Melania
807 3669 1215 3739 Hierosolymam
1245 3666 1654 3736 proficiscuntur.
1686 3661 1782 3716 Isti
1805 3662 2126 3717 crediderunt

551 3763 842 3827 mentienti;
885 3777 976 3814 cur
1016 3775 1115 3813 non
1159 3757 1369 3811 credunt
1415 3753 1656 3826 neganti?
1691 3751 1840 3807 Idem
1875 3762 1947 3807 est
1977 3753 2126 3807 homo

562 3857 692 3927 ipse,
719 3855 804 3923 qui
831 3855 996 3924 fuerat
1021 3866 1040 3904 :
1067 3850 1254 3919 fatetur
1283 3847 1549 3912 insontem,
1575 3845 1660 3914 qui
1694 3841 1886 3896 dudum
1919 3844 2128 3896 noxium

556 3944 880 4018 prcdicebat.
926 3940 995 3995 Et
1037 3949 1167 3994 certe
1203 3939 1460 3991 veritatem
1502 3936 1661 4003 magis
1697 3934 1986 4004 exprimunt
2031 3942 2130 3987 toro

553 4044 746 4099 menta,
767 4045 922 4101 quam
944 4030 1076 4082 risus
1100 4043 1120 4082 :
1148 4027 1246 4081 nisi
1265 4027 1384 4095 quia
1410 4025 1614 4097 facilius
1645 4024 1886 4090 creditur,
1911 4035 1999 4076 aut
2027 4038 2130 4076 non

556 4124 734 4193 ﬁctum
763 4129 818 4174 ut
844 4118 906 4188 (l.
942 4116 1186 4189 tingatur)
1221 4117 1464 4186 fingatur,
1507 4115 1807 4182 impellitur.
1849 4115 2130 4183 Antequam

554 4213 761 4268 domum
790 4218 978 4264 sancite
1002 4205 1187 4262 Paula:
1201 4223 1416 4272 nossem,
1443 4205 1496 4258 in
1526 4220 1604 4258 me
1631 4203 1783 4260 Urbis
1821 4204 1988 4258 studia
2009 4219 2133 4257 con-

553 4301 820 4356 sonabant.
854 4299 1093 4354 Omnium
1118 4314 1243 4368 pene
1249 4297 1452 4368 judicio
1477 4296 1662 4367 dignus
1679 4312 1872 4352 summo
1896 4295 2134 4350 sacerdo-

557 4391 628 4445 tio
653 4389 972 4444 decernebar.
1008 4387 1181 4442 Beata
1214 4388 1468 4442 memoria:
1490 4385 1769 4452 Damasus,
1800 4401 1964 4440 sermo
1993 4401 2132 4439 meus

561 4488 668 4535 erat
695 4495 714 4533 :
739 4481 940 4534 dicebar
989 4487 1229 4545 sanctus,
1274 4478 1477 4532 dicebar
1517 4478 1722 4532 humilis
1767 4488 1814 4532 et
1864 4478 2130 4532 discretus.

565 4569 846 4642 Nunquam
885 4570 1090 4624 domum
1125 4571 1345 4642 alicujus
1385 4568 1661 4624 laseivioris
1700 4570 1956 4640 ingressus
1997 4585 2130 4622 sum.

563 4659 844 4732 Nunquam
895 4675 973 4712 me
1019 4668 1172 4714 uestes
1204 4659 1407 4722 serica,
1463 4659 1673 4712 nitentes
1722 4673 1950 4728 gemune,
1999 4659 2135 4728 picta

559 4753 735 4825 facies,
756 4749 872 4804 auri
887 4749 1060 4820 rapuit
1087 4749 1313 4802 ambitio.
1335 4747 1497 4802 Nulla
1527 4748 1622 4817 fuit
1646 4748 1919 4817 aliquando
1946 4759 2135 4802 matro-

559 4858 742 4897 narum
768 4838 968 4904 Romc,
995 4853 1111 4907 quin
1129 4854 1290 4892 meam
1320 4846 1484 4908 posset
1509 4836 1744 4891 edomare
1772 4847 2006 4903 mentem,
2035 4841 2132 4894 nisi

562 4932 738 5002 lugens
765 4939 914 5000 atque
936 4930 1173 5000 jejunans
1199 4928 1388 4992 Paula,
1410 4928 1643 5000 squalens
1661 4929 1914 4994 sordibus,
1931 4931 2134 4999 fletibus

561 5038 688 5094 ραν
710 5031 897 5074 carata
927 5036 946 5075 :
971 5037 1122 5090 quam
1161 5021 1410 5075 continuis
1439 5019 1664 5074 noctibus
1692 5018 1903 5074 Domini
1932 5022 2134 5077 miseri-

559 5113 785 5168 cordiam
809 5123 1158 5184 deprecantem
1183 5115 1264 5168 sol
1299 5129 1432 5184 saepe
1457 5113 1802 5184 deprehendit.
1835 5112 1990 5184 Cujus
2014 5131 2137 5168 can-

560 5201 735 5269 ticum,
767 5203 952 5274 psalmi
972 5220 992 5260 :
1017 5219 1203 5268 sermo,
1227 5202 1559 5275 Evangelium
1588 5219 1608 5258 :
1633 5203 1848 5270 deliciae,
1873 5206 2137 5259 continen-

643 5333 691 5402 α)
731 5333 826 5402 Is.
843 5339 1084 5402 vetustior
1113 5339 1258 5388 tacito
1292 5337 1514 5402 Epistolc
1534 5341 1751 5402 nomine,
1773 5340 2136 5402 inscriptionem

560 5397 829 5464 Iujtsmodj
851 5397 1170 5464 deridiculum
1191 5397 1442 5461 praeponit,
1461 5400 1637 5452 nobilis
1658 5397 1880 5450 Dalmata
1902 5397 2136 5464 hierony-

562 5455 864 5516 mus/sella
893 5457 1077 5516 Virgini
1096 5455 1315 5508 salutent.

629 5512 703 5638 θινὶ
736 5514 888 5576 idem,
915 5509 1207 5587 vel'ﬁuxisse
1229 5519 1290 5569 de
1311 5518 1588 5590 insontibus.

653 5586 684 5638 ε
717 5572 851 5638 ﬁsa.
889 5583 1049 5625 sonuit
1093 5589 1110 5626 :
1145 5587 1244 5627 tum
1274 5598 1297 5625 ι
1331 5582 1421 5638 nisi
1461 5594 1568 5628 cum

738 5572 851 5640 Mss.
875 5572 1049 5625 'sonu'it
1093 5589 1110 5626 :
1145 5587 1244 5627 tum
1274 5598 1297 5625 ι
1331 5582 1421 5640 nisi
1461 5594 1568 5640 cum
1600 5579 1949 5640 Jerosoiymam
1983 5579 2135 5630 Paula

565 5632 901 5692 proﬁciscitur,
920 5651 944 5679 ι
973 5641 1296 5697 pretcrmissa
1319 5637 1522 5704 yelgnia
1537 5676 1554 5704 ε
1566 5655 1686 5704 quae
1711 5640 1770 5686 ad
1795 5632 2137 5704 itmctempora

571 5706 869 5759 sequuguarn
890 5705 1096 5759 spectat,
1115 5706 1168 5749 et
1189 5712 1298 5749 cum
1319 5698 1507 5749 numno
1527 5698 1609 5751 diu
1634 5707 1781 5750 antca
1807 5698 2138 5760 navigaverat.

1753 283 1806 342 5.
1845 275 2224 338 lllERONYMI
2267 274 2442 330 VITA.

3652 264 3758 324 £96

2189 390 2262 443 tia
2288 404 2306 442 :
2329 390 2452 454 vita,
2493 384 2770 457 jejunium.
2810 381 2974 437 Nulla
3005 398 3087 436 me
3113 381 3276 453 potuit
3309 381 3585 453 aliquando
3619 383 3762 439 dele-

2181 490 2338 545 ctare,
2360 481 2457 534 nisi
2482 479 2595 544 illa,
2623 493 2773 546 quam
2808 476 3195 528 manducantem
3219 491 3474 546 nunquam
3497 476 3620 529 uidi.
3651 476 3761 532 Sed

2182 581 2447 640 postquam
2502 583 2614 621 eam
2659 582 2752 635 pro
2808 580 2917 619 sure
2967 565 3146 617 merito
3194 566 3440 618 castitatis
3494 567 3723 620 uenerari
3743 606 3762 631 ,

2181 658 2346 712 colere
2368 673 2430 709 ac
2461 657 2714 724 suscipere
2741 656 2867 722 coepi
2897 669 2916 707 :
2938 671 3107 708 omnes
3142 654 3281 707 illico
3309 654 3572 708 deseruere
3595 655 3763 708 uirtu-

2183 759 2274 802 tes.
2311 748 2356 800 0
2380 747 2570 802 invidia
2597 748 2816 814 primum
2846 746 3062 799 mordax
3083 747 3177 811 tui,
3204 762 3236 799 ο
3269 746 3480 800 Satance
3508 748 3769 801 calliditas

2184 855 2380 908 semper
2403 849 2576 893 sancta
2604 837 2940 909 persequens?
2962 836 3166 890 Gratias
3185 849 3352 890 autem
3378 853 3475 908 ago
3504 837 3606 892 Deo
3627 855 3764 902 nam,

2185 932 2320 999 quod
2357 930 2542 999 dignus
2579 931 2673 983 sim
2707 945 2856 992 quem
2893 927 3110 980 nmudus
3150 927 3311 980 oderit
3339 929 3440 997 (ά).
3471 927 3770 996 Maleﬁcum

2186 1022 2392 1093 quidam
2429 1037 2508 1073 me
2530 1020 2760 1091 garriunt
2782 1035 2802 1071 :
2821 1019 3020 1071 titulum
3049 1018 3166 1086 ﬁdei
3196 1034 3369 1071 servus
3392 1034 3630 1088 agnosco.
3656 1018 3773 1072 Ha-

2188 1128 2309 1182 gum
2352 1120 2529 1163 uocant
2569 1119 2620 1163 et
2663 1109 2835 1163 Judwi
2885 1108 3157 1162 Dominum
3195 1124 3390 1162 suum:
3417 1109 3670 1174 seductor,
3720 1119 3772 1162 ct

2190 1200 2464 1269 Apostolus
2489 1199 2653 1254 dictus
2687 1210 2781 1253 est.
2814 1198 3048 1252 Tentatio
3084 1214 3162 1252 me
3185 1215 3290 1252 non
3313 1200 3646 1268 apprehendit
3670 1199 3774 1252 nisi

2192 1290 2431 1342 humana.
2477 1289 2691 1354 Quotam
2733 1299 2926 1356 partem
2968 1289 3319 1358 angustiarum
3355 1304 3618 1357 perpessus
3655 1304 3770 1342 sunt

2191 1381 2279 1449 qui
2302 1380 2439 1434 cruci
2464 1379 2664 1433 milito?
2684 1379 2963 1449 Infamiam
2991 1379 3110 1450 falsi
3139 1380 3365 1434 criminis
3386 1381 3731 1448 importarunt
3755 1395 3775 1434 :

2193 1469 2282 1522 sed
2301 1470 2404 1522 scio
2434 1485 2523 1538 per
2547 1471 2728 1521 bonum
2750 1472 2939 1540 famam
2966 1479 3012 1521 et
3035 1468 3224 1522 malum
3246 1469 3493 1538 perveniri
3523 1471 3592 1522 ad
3620 1486 3778 1540 regna

2198 1559 2459 1612 cmlorum.
2490 1558 2880 1613 Pleuitudincm
2910 1559 3087 1628 itaque
3115 1559 3390 1627 sapientia:
3417 1568 3468 1614 et
3495 1559 3570 1630 (e)
3597 1561 3777 1614 scien-

2199 1649 2285 1703 tia:
2313 1648 2557 1718 adeptus,
2592 1647 2737 1702 dedit
2768 1657 2824 1702 ut
2859 1647 3083 1718 abyssus
3111 1663 3298 1702 vocem
3324 1665 3473 1704 suam
3504 1669 3519 1704 ε
3545 1660 3599 1704 et
3624 1663 3779 1719 aqua

2202 1739 2478 1795 Hebraicze
2522 1740 2894 1794 amaritudinis
2936 1739 3004 1794 ad
3061 1740 3280 1794 verbum
3327 1743 3444 1808 ejus
3489 1740 3780 1796 dulcorata:

2201 1841 2342 1894 sunt,
2371 1839 2425 1886 et
2449 1830 2680 1885 revelata
2705 1839 2829 1885 sunt
2851 1829 3157 1884 abscondita
3183 1845 3212 1884 a
3242 1831 3453 1886 szeculis
3480 1842 3531 1886 et
3555 1846 3785 1901 genera-

2203 1921 2459 1976 tionibus.
2501 1921 2700 1976 Cuncta
2742 1920 2884 1975 enim
2925 1919 3194 1974 volumina
3224 1921 3418 1975 veteris
3452 1919 3782 1975 Tcstamenti

2205 2014 2352 2082 prius
2395 2012 2463 2066 de
2490 2011 2700 2074 Grarco,
2750 2019 2936 2079 postea
2979 2025 3105 2065 vero
3131 2011 3388 2064 veraciori
3435 2009 3669 2065 editione
3714 2011 3786 2064 de

2205 2100 2469 2157 Ilebraico
2487 2100 2756 2154 transtulit
2771 2099 2824 2153 in
2847 2099 3118 2154 Latinum.
3143 2098 3449 2168 Eodemque
3469 2097 3579 2153 fere
3602 2098 3786 2153 omnia

2207 2193 2400 2262 spiritu
2429 2193 2723 2258 revelante,
2754 2191 2905 2261 cujus
2928 2192 3191 2247 instructu
3220 2199 3345 2245 sunt
3367 2191 3529 2257 edita,
3554 2190 3788 2261 diligen-

2211 2294 2292 2340 ter
2314 2284 2576 2354 exposuit.
2603 2284 2822 2353 Scripsit
2844 2283 2988 2338 enim
3014 2284 3067 2338 in
3096 2283 3344 2339 Gcnesim
3374 2282 3567 2336 librum
3595 2297 3786 2349 unum,

2210 2377 2412 2445 absque
2453 2375 2750 2430 subnotatis
2779 2375 2845 2428 ad
2887 2374 3170 2430 Damasum
3199 2374 3580 2444 quaestionibus
3609 2391 3622 2427 :
3651 2388 3791 2428 cun-

2213 2476 2431 2536 ctasquc
2457 2465 2712 2520 Homilias
2735 2465 2980 2535 Origenis
3009 2465 3061 2520 in
3093 2464 3512 2520 Pentateuchum
3535 2478 3566 2519 e
3598 2462 3794 2519 Graeco

2215 2573 2462 2612 scrtnone
2491 2557 2758 2612 transtulit
2784 2557 2834 2610 in
2860 2555 3128 2610 Latinum.
3153 2555 3358 2626 Regum
3382 2570 3536 2622 vero,
3562 2571 3658 2609 seu
3683 2555 3798 2609 Pa-

2217 2651 2581 2720 ralipomenon
2626 2648 2972 2718 qumstioncs,
3017 2663 3138 2718 quae
3185 2656 3442 2701 vocantur
3490 2646 3794 2710 ilebraicm,

2219 2741 2425 2796 duobus
2449 2739 2598 2794 libris
2629 2739 2921 2810 prudenter
2961 2739 3260 2810 explicavit,
3292 2746 3486 2808 praeter
3521 2737 3640 2792 illas
3683 2745 3798 2792 tres

2219 2832 2646 2895 obscurissimas,
2673 2846 2808 2901 quas
2825 2831 3066 2885 scribens
3086 2829 3438 2885 abundantius
3452 2840 3794 2900 exposuerat.

2220 2921 2456 2988 Quarum
2491 2921 2660 2990 prima
2689 2929 2773 2975 cst
2801 2939 2815 2973 :
2846 2920 2954 2975 Cur
2985 2920 3147 2974 David
3188 2935 3309 2975 cum
3337 2919 3499 2974 Acbis
3529 2919 3592 2973 ad
3624 2935 3799 2987 expu-

2222 3010 2492 3080 gnandum
2544 3009 2671 3065 Saul
2730 3011 3006 3065 ultroneus
3049 3011 3329 3073 veniebat;
3375 3009 3637 3073 Secunda,
3686 3007 3804 3064 Cur

2224 3099 2390 3154 David
2442 3100 2678 3154 moriens
2724 3101 2976 3168 praecepit
3023 3099 3159 3164 lilio,
3211 3110 3265 3152 ut
3303 3099 3440 3154 Joab
3485 3100 3800 3168 magistrum

2226 3188 2430 3243 militia:
2459 3188 2803 3243 interficeret.
2835 3187 3014 3242 Tertia
3053 3197 3135 3243 est
3175 3189 3242 3242 de
3280 3188 3478 3252 Sentei,
3511 3191 3601 3259 qui
3635 3187 3803 3242 David

2228 3276 2445 3346 fugienti
2465 3276 2851 3332 maledictionis
2868 3276 3087 3346 injurias
3102 3277 3371 3346 irrogavit.
3396 3277 3564 3331 Aliam
3587 3292 3807 3346 quoque

2227 3368 2552 3436 propositam
2589 3367 2655 3422 de
2685 3367 2885 3421 eisdem
2927 3367 3077 3421 libris
3119 3367 3407 3436 explicavit
3432 3369 3805 3436 questionem.

2228 3457 2507 3524 Quomodo
2561 3444 2764 3512 scilicet
2803 3457 3053 3512 Salomon
3097 3469 3151 3512 et
3201 3457 3378 3512 Achas
3425 3458 3476 3511 in
3520 3456 3806 3512 duodecim

2230 3551 2386 3606 annis
2413 3550 2548 3604 lilios
2573 3549 2873 3619 genuerint.
2902 3549 3069 3604 Porro
3099 3548 3284 3603 lsaiam
3308 3557 3694 3604 commentatus
3720 3559 3812 3604 est

2233 3643 2380 3698 libris
2391 3642 2574 3697 decem
2587 3649 2788 3696 etocto.
2802 3640 3088 3696 Jeremiam
3099 3641 3246 3695 libris
3259 3642 3458 3712 viginti.
3474 3625 3813 3696 Esccltielctn

2233 3733 2384 3788 libris
2403 3732 2823 3802 quatuordecim.
2853 3733 3122 3786 Daniclern
3139 3733 3290 3788 libris
3313 3733 3500 3787 tribus.
3525 3731 3814 3787 Etduode-

2233 3827 2337 3881 cim
2363 3824 2662 3894 Prophetas
2683 3824 2831 3879 libris
2851 3823 3054 3894 viginti.
3080 3823 3155 3878 De
3181 3823 3395 3894 quibus,
3420 3834 3476 3877 ut
3499 3823 3626 3878 nihil
3645 3823 3815 3877 relin-

2235 3927 2491 3990 queretur
2511 3917 2752 3982 dubium,
2782 3917 2994 3972 nomina
3020 3931 3231 3986 quoque
3252 3931 3437 3970 eorum
3457 3915 3815 3986 quemadmo-

2235 4009 2361 4065 dum
2389 4007 2608 4077 intelligi
2631 4007 2876 4073 debeant,
2931 4006 3283 4079 Etymologiis
3311 4007 3540 4077 propriis
3561 4005 3820 4076 pulcher-

2237 4100 2375 4156 rimo
2414 4099 2659 4168 patefecit
2705 4098 2922 4154 decore.
2965 4098 3020 4152 In
3064 4097 3324 4168 quosdam
3373 4098 3607 4168 psalmos
3646 4097 3824 4153 edidit

2239 4191 2516 4246 Tractatus
2542 4191 2857 4256 luculentos,
2893 4199 2949 4246 et
2990 4191 3042 4244 in
3079 4189 3434 4246 Ecclesiasten
3465 4190 3822 4246 Commenta-

2237 4284 2368 4349 rios,
2409 4294 2569 4352 atquc
2598 4283 2648 4337 in
2677 4282 2955 4337 Canticum
2986 4280 3324 4338 Canticorum
3364 4284 3496 4338 duas
3524 4284 3589 4338 ad
3618 4283 3821 4337 Dama-

2239 4389 2357 4430 sum
2385 4374 2660 4430 llomilias.
2683 4373 2885 4427 Novum
2913 4383 3169 4442 praeterea
3198 4373 3594 4428 Testamentum
3611 4371 3826 4429 Graecae

2242 4467 2364 4522 fidei
2386 4465 2635 4522 reddidit.
2667 4465 2743 4520 Ex
2771 4482 2876 4534 quo
2896 4465 3199 4520 Mattheum
3225 4474 3281 4521 et
3309 4465 3540 4521 Marcum
3561 4479 3828 4533 compen-

2240 4558 2388 4614 diosa
2439 4559 2616 4628 potius
2662 4572 2820 4626 quam
2873 4556 3146 4612 fastidiosa
3193 4559 3525 4626 expositione
3563 4556 3828 4612 studiosis

2242 4649 2532 4704 lectoribus
2575 4647 2876 4716 explicavit.
2916 4647 3022 4702 Sed
3052 4656 3107 4701 et
3139 4647 3192 4702 in
3224 4646 3424 4702 Lucam
3455 4646 3710 4702 liomilias
3741 4646 3828 4700 vi-

2241 4726 2372 4808 ginti
2399 4752 2587 4793 novem
2618 4739 2685 4792 ab
2713 4735 2940 4806 Origene
2979 4737 3147 4791 editas
3194 4738 3249 4792 in
3277 4736 3521 4792 Latinum
3550 4737 3732 4802 vertit,
3764 4747 3830 4792 et

2242 4830 2524 4900 plerasque
2541 4827 2780 4897 Apostoii
2809 4828 3088 4898 Epistolas,
3113 4843 3177 4884 ac
3193 4828 3414 4885 Joannis
3437 4828 3827 4898 Apocalypsim

2243 4921 2545 4977 edisseruit.
2578 4921 2858 4976 Postremo
2895 4935 3201 4990 praecavens
3241 4922 3294 4977 in
3340 4920 3573 4975 futurum
3613 4922 3660 4976 si
3689 4922 3830 4988 quid

2245 5011 2382 5067 forte
2408 5012 2460 5066 in
2504 5025 2643 5065 novo
2671 5009 3015 5065 Testamento
3056 5011 3142 5066 vel
3175 5011 3341 5067 veteri
3378 5008 3665 5079 aliquando
3698 5024 3834 5073 cor-

2245 5101 2416 5171 rumpi
2457 5100 2810 5168 contingeret,
2840 5113 2943 5168 qua
2971 5115 3097 5154 cura
3122 5098 3316 5156 debeat
3344 5098 3645 5165 reformari,
3687 5100 3833 5152 scri-

2248 5193 2380 5248 bens
2403 5191 2470 5246 ad
2499 5190 2756 5246 Lucinum
2788 5189 3043 5255 insinuat,
3071 5199 3130 5244 ut
3153 5201 3413 5257 veterum,
3442 5190 3628 5261 inquit,
3658 5189 3834 5244 libro-

2244 5297 2362 5336 rum
2388 5279 2520 5334 ﬁdes
2549 5294 2616 5334 ex
2643 5278 2879 5334 Hebrmis
2915 5279 3268 5334 voluminibus
3305 5280 3654 5335 examinanda
3689 5291 3776 5335 est
3805 5297 3841 5337 :»

2244 5369 2316 5423 ita
2335 5384 2580 5424 novorum
2605 5384 2799 5440 quoque
2825 5368 2989 5424 (ἐτωεὲ
3011 5371 3256 5424 sermonis
3279 5386 3512 5424 normam
3544 5369 3828 5427 desiderat.

2312 5524 2404 5591 (d)_
2421 5521 2744 5591 Reposuimus
2762 5522 3165 5591 heic_Maleﬁezrm
3189 5537 3250 5574 cx
3276 5525 3448 5575 iisdem
3471 5525 3586 5576 Mss.
3613 5539 3704 5589 pro
3727 5541 3832 5591 quo

2247 5582 2355 5634 erat
2373 5582 2568 5631 duobus
2581 5584 2772 5643 verbis,
2799 5582 2920 5633 Male
2943 5582 3070 5634 cum.
3101 5593 3194 5634 etc.

2311 5645 2380 5702 (e)
2405 5643 2502 5714 Ι]νο
2522 5641 3034 5714 κξρηιίτς.⁷ι›ι·ωῇε[ιιηῐ
3055 5644 3473 5714 MssLsanctitatis.
3492 5649 3710 5714 Quorum
3734 5663 3834 5714 apo

2249 5710 2301 5752 ct
2322 5701 2469 5765 paulo
2491 5708 2598 5765 post
2621 5701 2822 5752 verbum
2859 5701 3072 5754 Editione
3094 5705 3398 5769 suifecimus,
3425 5701 3554 5772 quod
3578 5701 3774 5762 deerat:
