4050 6188
191 262 294 320 ibi

200 373 418 445 Denique
460 383 507 426 et
547 386 638 441 ego
669 371 821 443 hujus
854 370 1062 425 monitis
1106 368 1452 441 adquiescens,
1483 383 1599 422 cum
1636 369 1769 419 inter

190 464 436 518 discordia
464 464 640 517 ceteris
670 462 971 517 Testamenti
996 461 1182 515 Latina
1206 459 1516 531 exemplaria
1543 460 1766 529 ﬂuctua—

190 570 311 619 rem,
352 555 418 606 ad
450 552 753 607 Hebraicam
773 554 1049 619 veritatem,
1080 552 1144 606 de
1180 553 1329 619 cuius
1360 554 1499 622 fonte
1532 559 1766 621 gustave-

189 663 317 711 ram,
340 662 597 700 recursum
619 645 770 699 habui
797 662 818 699 :
845 653 892 699 et
926 645 1056 697 inter
1085 652 1327 710 corrupta
1358 652 1406 695 et
1442 642 1761 709 incorrupta,

187 738 291 806 ejus
314 737 595 791 testimonio
623 737 855 802 discrevi,
886 753 948 791 ac
973 736 1273 791 sententiam
1298 736 1414 789 tuli.
1443 732 1667 803 Cumque
1690 733 1763 785 sic

184 828 622 896 deprehendissem
646 829 965 881 zizaniorum
984 828 1212 898 germina
1231 826 1363 878 inter
1382 823 1604 877 triticum
1630 822 1762 875 diri-

182 934 360 970 norum
381 919 662 988 pullulasse
680 918 1016 983 voluminum,
1034 934 1095 971 ea
1114 916 1286 971 studui
1311 915 1374 968 ab
1394 914 1564 968 radice
1582 920 1763 966 cuncta

179 1006 415 1063 revellere
442 1025 462 1064 :
492 1010 799 1080 consignans
827 1009 980 1062 etiam
1006 1025 1096 1079 per
1121 1006 1276 1062 libros
1297 1007 1409 1060 loca
1435 1005 1504 1058 ad
1527 1019 1762 1058 corrum-

175 1100 398 1167 pendum
437 1100 705 1172 proclivia,
748 1112 794 1155 et
823 1102 959 1155 brevi
986 1101 1233 1171 opusculo
1266 1100 1556 1169 explicans,
1582 1096 1764 1167 quibus

172 1190 400 1244 maxime
448 1191 797 1244 occasionibus
852 1190 1048 1244 soleant
1094 1187 1422 1259 exemplaria
1470 1186 1760 1256 depravari.

168 1279 319 1334 Sane
346 1280 589 1334 Romana
618 1280 879 1345 Ecclesia,
914 1280 1066 1350 cujus
1091 1280 1316 1334 arbitrio
1340 1279 1620 1347 subjacent
1644 1277 1765 1330 uni-

166 1385 358 1437 versa,
387 1372 698 1440 peritissimi
725 1372 822 1426 viri
845 1387 950 1426 non
982 1372 1232 1442 ignorans
1261 1371 1555 1441 ingenium,
1602 1378 1768 1424 trans-

167 1461 437 1517 lationem
490 1463 611 1531 ejus
666 1479 824 1533 quam
866 1463 999 1518 vidit
1048 1463 1168 1517 aliis
1201 1466 1502 1528 veriorem,
1549 1469 1655 1515 tam
1712 1461 1765 1514 iu

165 1552 433 1607 Ecclesiis
457 1552 754 1623 legendam,
779 1568 941 1624 quam
963 1554 1123 1609 etiam
1143 1552 1517 1623 exponendam
1542 1552 1759 1621 recepit.

167 1645 242 1700 De
274 1660 381 1714 qua
415 1644 603 1700 beatus
634 1645 924 1716 Gregorius
951 1647 1004 1701 in
1041 1647 1179 1701 libro
1215 1660 1433 1701 suorum
1459 1646 1757 1711 Moralium,

168 1747 389 1801 novam,
419 1734 610 1805 inquit,
636 1737 1037 1790 translationem
1059 1736 1287 1790 dissero.
1312 1737 1377 1790 Et
1403 1736 1454 1789 in
1479 1735 1759 1790 Ezechiele

166 1839 447 1895 exponens
492 1826 619 1880 illud
648 1826 790 1896 quod
833 1826 900 1882 de
941 1826 1262 1881 animalibus
1300 1826 1515 1888 dicitur.
1548 1826 1754 1883 Unum-

167 1916 421 1986 quodque
442 1916 650 1970 duahus
677 1917 777 1971 alis
801 1916 1011 1972 velabat
1036 1932 1230 1986 corpus
1256 1932 1447 1983 suum;
1477 1932 1599 1972 cum
1624 1918 1754 1972 sub-
1788 1906 1791 1907 ⁷

162 2007 470 2077 jtmxissct:
505 2006 572 2060 Et
610 2007 834 2062 alterum
879 2007 1125 2063 similiter
1168 2007 1465 2072 velabatur,
1512 2010 1754 2078 protinus

167 2099 345 2152 intulit
400 2115 415 2151 :
456 2097 881 2153 Translationem
949 2098 1294 2169 Septuaginta
1348 2098 1705 2169 lnterpretum
1733 2138 1750 2165 ,

166 2187 395 2257 Aquilae,
425 2196 482 2243 et
509 2187 912 2256 Theodotionis,
942 2197 998 2244 et
1040 2188 1349 2260 Symmachi
1385 2190 1612 2245 sollicite
1634 2206 1753 2259 per-

164 2286 488 2343 scrutantes,
522 2277 653 2332 nihil
681 2292 749 2333 ex
793 2277 878 2333 his
910 2279 1089 2333 verbis
1118 2279 1419 2335 invenimus
1451 2297 1464 2333 :
1491 2280 1585 2335 sed
1610 2280 1750 2334 beati

164 2367 478 2439 Hieronymi
518 2369 718 2437 scripta
747 2369 1049 2439 relegentes
1075 2370 1419 2440 agnovimus,
1459 2370 1582 2439 quia
1618 2370 1753 2423 hanc

163 2458 484 2513 sententiam
507 2458 560 2513 in
587 2458 847 2514 Hebraica
868 2460 1091 2514 veritate
1117 2461 1188 2514 ita
1210 2461 1382 2530 posita
1407 2475 1513 2516 non
1535 2462 1749 2531 quidem

160 2551 307 2620 juxta
334 2551 582 2618 verbum,
601 2551 695 2607 sed
720 2551 876 2621 juxta
900 2566 1116 2607 sensum
1143 2553 1425 2608 invenerit.
1454 2553 1584 2609 Nam
1610 2555 1750 2625 peri-

163 2651 245 2696 tus
262 2641 556 2711 interpres,
578 2652 637 2696 ut
654 2643 876 2696 omnino
896 2642 971 2696 nil
995 2643 1441 2712 praetermitteret,
1464 2644 1749 2713 aliquando

162 2732 387 2787 verbum
416 2732 486 2788 de
519 2733 704 2800 verbo,
736 2733 1025 2803 aliquando
1050 2749 1171 2788 cum
1202 2734 1399 2804 linguae
1428 2745 1747 2805 repugnaret

162 2823 439 2881 barbaries
466 2866 483 2892 ,
547 2840 762 2881 sensum
816 2826 989 2881 solum
1042 2827 1377 2897 exprimebat
1427 2827 1495 2882 de
1546 2829 1743 2883 verbis.

160 2914 330 2982 Quem
357 2915 542 2986 utique
580 2915 933 2971 transferendi
970 2917 1183 2971 modum
1222 2917 1361 2972 idem
1390 2918 1746 2990 Hieronymus

159 3008 211 3060 ia
237 3006 379 3061 libro
400 3021 562 3077 quem
588 3005 655 3061 de
688 3008 890 3076 optimo
914 3022 1111 3077 genere
1140 3010 1525 3077 interpretandi
1553 3012 1741 3075 edidit,

157 3098 492 3167 probabilem
518 3114 639 3155 esse
660 3100 939 3155 evidenter
962 3101 1215 3155 insinuat.
1239 3101 1463 3171 Scripsit
1486 3114 1741 3171 praeterea

155 3188 416 3244 adversus
468 3188 805 3245 Jovinianum
834 3190 947 3260 (α),
994 3199 1050 3245 et
1098 3200 1283 3245 contra
1330 3191 1630 3249 Helvidium
1671 3195 1741 3250 de

155 3280 324 3335 beatae
346 3280 529 3337 Mariae
557 3283 861 3353 virginitate
887 3292 1140 3352 perpetua
1165 3282 1355 3338 librum
1390 3300 1572 3340 unum.
1598 3286 1744 3353 Quo-

155 3387 272 3427 rum
301 3374 539 3443 priorem
564 3385 893 3429 asserentem
924 3374 1128 3428 nullam
1150 3374 1202 3428 in
1230 3375 1405 3430 luturo
1427 3377 1739 3432 meritorum

155 3479 273 3520 esse
307 3465 640 3530 distantiam,
682 3475 735 3521 et
765 3467 906 3522 hunc
932 3467 1187 3537 voluptati
1216 3468 1395 3522 carnis
1418 3469 1617 3539 jugiter
1640 3471 1742 3525 mi-

156 3558 493 3623 nistrantem,
511 3557 817 3613 hmreticum
832 3568 990 3630 atque
1005 3559 1293 3629 Epicurum
1310 3560 1735 3617 Christianorum

155 3649 363 3718 probat.
402 3650 703 3705 Helvidium
748 3666 873 3707 vero
909 3652 998 3721 qui
1041 3667 1105 3707 ex
1147 3653 1436 3722 Scripturis
1472 3655 1739 3709 nitebatur

154 3739 436 3794 ostendere
451 3741 697 3795 intactam
716 3742 806 3797 Dei
826 3752 1047 3797 matrem
1061 3742 1196 3797 alios
1214 3743 1351 3798 Iilios
1364 3743 1630 3809 habuisse,
1650 3760 1740 3800 ve-

156 3830 227 3883 lut
240 3831 480 3894 idiotam,
501 3831 863 3899 etScripturas
879 3833 1085 3901 penitus
1101 3833 1427 3902 ignorantem
1444 3834 1733 3906 redarguit.

156 3918 493 3975 Porroalium
508 3921 790 3990 quemdam
805 3922 1245 3983 hmi-eticummon
1258 3923 1625 3990 describendo,
1641 3925 1735 3980 sed

156 4011 511 4081 colloquendo
528 4011 765 4065 confudit
785 4029 798 4064 :
816 4012 905 4080 qui
926 4012 993 4065 de
1012 4014 1399 4069 resurrectione
1414 4017 1590 4070 carnis
1608 4032 1738 4072 con-

157 4110 230 4155 tra
262 4103 420 4158 (idem
452 4100 768 4161 catholicam
797 4103 1052 4166 sentiens,
1084 4104 1407 4172 quaastiones
1434 4106 1735 4176 hujusmodi

157 4194 501 4262 proponebat.
531 4192 587 4246 In
611 4206 713 4262 qua
734 4201 892 4247 aetate
914 4194 1205 4248 surrecturi
1228 4208 1411 4250 sumus
1432 4196 1454 4249 ?
1473 4197 1528 4252 Si
1554 4198 1606 4252 in
1624 4199 1737 4268 ipsa

157 4283 208 4338 in
244 4300 350 4356 qua
393 4285 675 4351 morimur,
718 4299 846 4355 ergo
884 4293 941 4339 et
977 4285 1273 4342 nutricibus
1301 4297 1421 4357 post
1466 4304 1739 4347 resurrec-

157 4374 352 4429 tionem
390 4389 526 4445 opus
552 4376 675 4430 erit.
715 4375 772 4431 Si
802 4376 855 4430 in
881 4375 1084 4443 altera,
1126 4391 1458 4448 nequaquam
1505 4381 1608 4435 erit
1648 4396 1737 4436 re-

157 4469 417 4523 surrectio
446 4479 794 4536 mortuorum,
829 4467 923 4523 sed
943 4466 1020 4541 (b)
1048 4469 1353 4525 relormatio
1385 4471 1437 4526 in
1458 4473 1613 4530 alios.
1650 4474 1737 4528 Di-

160 4562 380 4616 versitas
405 4576 617 4633 quoque
642 4576 802 4616 sexus
826 4561 990 4616 maris
1018 4570 1073 4617 et
1101 4562 1314 4618 feminae
1365 4564 1496 4631 erit,
1529 4579 1597 4619 an
1625 4580 1732 4620 non

116 4656 127 4662 ‘
155 4653 295 4706 erit?
325 4649 381 4708 Si
423 4652 561 4717 erit,
593 4662 884 4724 sequentur
921 4663 975 4708 et
1017 4653 1216 4723 nuptize
1247 4664 1302 4709 et
1338 4656 1655 4712 concubitus
1681 4666 1738 4712 et

158 4744 454 4813 generatio.
486 4744 543 4799 Si
586 4760 691 4799 non
736 4745 842 4799 erit
874 4763 887 4800 :
918 4744 1127 4800 sublata
1174 4745 1483 4802 diversitate
1528 4762 1690 4803 sexus
1715 4790 1730 4815 ,

160 4836 346 4889 eadem
376 4850 601 4905 corpora
629 4852 735 4891 non
757 4846 1060 4907 resurgent,
1083 4830 1183 4893 sed.
1200 4838 1380 4894 tenuia
1405 4848 1460 4895 et
1483 4841 1736 4912 spiritua-

158 4925 243 4980 lia.
273 4926 347 4980 Et
372 4924 489 4980 haec
512 4927 737 4995 probare
760 4928 994 4995 volebat,
1019 4928 1275 4984 inducens
1299 4930 1429 4985 illud
1448 4932 1690 5001 Apostoli
1713 4949 1728 4986 :

158 5016 469 5071 Seminatnr
493 5028 686 5084 corpus
709 5019 960 5085 animale,
989 5027 1177 5090 surget
1202 5034 1399 5090 corpus
1427 5023 1730 5091 spirituale.

160 5107 235 5161 Ad
280 5103 427 5177 quod
479 5105 555 5159 ait
596 5104 783 5161 beatus
824 5108 1217 5179 Hieronymus:
1250 5110 1382 5165 Cum
1431 5112 1731 5179 audissem,

160 5198 390 5269 mihique
430 5196 764 5251 incubuisset
802 5199 1124 5266 necessitas,
1153 5201 1495 5271 nequissima:
1534 5203 1733 5273 viperae

162 5296 424 5359 respondi,
452 5299 507 5343 et
533 5288 649 5343 sola
671 5304 793 5344 eum
820 5290 1231 5361 interrogatione
1254 5292 1501 5347 conveni.
1536 5293 1733 5358 Credis,

164 5379 391 5451 inquam,
422 5384 832 5436 resurrectionem
854 5398 1185 5449 mortuorum,
1219 5401 1284 5438 an
1307 5386 1454 5438 non?
1485 5386 1586 5452 Qui
1617 5402 1733 5438 cum

164 5486 210 5524 se
222 5473 421 5526 credere
435 5474 769 5543 respondisset
783 5491 802 5540 ;
815 5476 964 5530 intuli
980 5492 997 5530 :
1011 5475 1207 5530 Eadem
1224 5484 1481 5545 resurgant
1493 5491 1732 5545 corpora,

219 5649 283 5704 (al
320 5650 517 5699 Addunt
539 5647 653 5695 Mss.
683 5647 827 5699 libros
848 5652 986 5701 duos.

224 5709 283 5775 go)
322 5711 478 5761 Iidem
502 5709 704 5767 habent,
731 5712 817 5760 sed
840 5712 1199 5775 transformatio
1220 5713 1270 5763 in
1293 5712 1430 5764 alios.

523 5789 586 5850 Β.
635 5786 998 5853 Hmaoxvm
1045 5796 1095 5856 I.

1460 248 1519 304 S.
1562 241 1945 301 HIERONYMI
1983 241 2164 299 VITA.

3360 256 3461 310 198

1874 376 1941 413 an
1988 360 2136 413 alia?
2176 359 2277 424 Qui
2323 376 2436 412 eum
2479 360 2722 427 dixisset,
2751 363 2921 415 eadem
2951 381 2968 418 :
2997 366 3280 421 sciscitatus
3311 384 3457 435 sum,

1876 453 1942 507 In
1970 452 2142 508 eodem
2172 470 2316 519 sexu,
2350 469 2415 506 an
2444 455 2496 506 in
2529 454 2732 507 altera?
2760 454 2836 507 Ad
2864 456 3167 527 interrogata
3191 461 3419 515 reticenti
3439 478 3459 516 :

1873 553 1923 597 et
1949 544 2113 598 instar
2136 543 2337 598 colubri
2360 545 2457 598 huc
2492 553 2640 611 atque
2674 545 2798 598 illuc
2834 549 3153 617 transferenti
3179 564 3361 623 caput,
3395 571 3459 609 ne

1873 635 2110 704 feriretur
2128 651 2148 689 :
2171 636 2325 703 Quia,
2355 636 2591 704 inquam,
2616 645 2768 701 taces,
2799 653 2888 707 ego
2912 639 3035 690 mihi
3057 657 3149 707 pro
3174 652 3219 694 te
3244 661 3455 713 Περση-

1872 726 2019 795 debo,
2049 736 2099 782 et
2125 729 2532 799 consequentiam
2559 728 2795 799 inferam.
2823 730 2885 784 Si
2912 747 3013 783 non
3039 743 3259 802 resurget
3280 738 3459 789 mulier

1874 839 1963 878 nec
1989 823 2267 888 masculus,
2296 839 2400 877 non
2424 824 2519 877 erit
2541 823 2615 893 (c)
2643 824 2941 877 resurrectio
2962 835 3279 878 mortuorum
3302 842 3320 879 :
3338 830 3456 896 quia

1871 931 1986 969 cum
2012 933 2161 971 sexus
2190 916 2416 972 membra
2444 917 2661 984 habeat,
2695 918 2919 971 membra
2949 927 3108 972 totum
3148 935 3332 988 corpus
3358 923 3457 990 eﬁi.

1854 1008 2031 1083 .ciunt.
2062 1009 2126 1063 Si
2157 1020 2323 1063 autent
2350 1026 2501 1064 sexus
2534 1018 2581 1063 et
2608 1010 2831 1065 membra
2868 1027 2967 1065 non
2993 1011 3214 1081 fuerint,
3252 1012 3337 1066 ubi
3368 1016 3462 1066 erit

1871 1100 2171 1154 resurrectio
2200 1100 2558 1154 mortuorum?
2599 1100 2707 1154 Sed
2735 1112 2781 1154 et
2810 1101 2970 1166 illud,
3005 1101 3142 1170 quod
3180 1102 3244 1155 de
3268 1105 3460 1171 nuptiis

1872 1188 2049 1259 sbjicis
2070 1204 2091 1243 :
2110 1190 2154 1243 si
2178 1192 2353 1243 eadem
2374 1192 2595 1244 membra
2625 1191 2832 1261 fuerint,
2859 1192 2995 1262 sequi
3022 1194 3245 1262 nuptias,
3273 1211 3305 1247 a
3329 1193 3458 1250 Sal-

1872 1287 2045 1332 vatore
2063 1279 2375 1333 dissolvitur.
2401 1281 2595 1334 Errant
2617 1282 2915 1337 nescientes
2938 1280 3258 1353 Scripturas,
3285 1298 3459 1353 neque

1874 1368 2144 1423 virtutem.
2175 1368 2231 1424 In
2274 1372 2669 1426 resurrectione
2706 1373 2846 1426 enim
2888 1388 2994 1426 non
3040 1374 3238 1429 nubent
3281 1390 3458 1443 neque

1873 1460 2140 1515 nubentur
2171 1480 2185 1516 :
2213 1461 2307 1517 sed
2335 1471 2496 1516 erunt
2519 1463 2725 1537 similes
2744 1465 2967 1534 angelis.
2997 1464 3095 1519 Ubi
3121 1466 3324 1532 dicitur,
3350 1483 3457 1521 non

1873 1550 2073 1605 nubent
2105 1566 2280 1622 neque
2322 1553 2587 1607 nubentur
2618 1570 2630 1605 :
2660 1570 2870 1607 sexuum
2907 1556 3168 1608 diversitas
3205 1565 3458 1608 monstra-

1868 1650 1968 1695 tur.
2001 1641 2166 1696 Nemo
2193 1642 2329 1697 enim
2369 1643 2433 1697 de
2474 1644 2646 1713 lapide
2685 1654 2731 1698 et
2762 1646 2900 1715 ligno
2941 1647 3095 1711 dicit,
3130 1663 3230 1699 non
3267 1647 3456 1700 nubent

1864 1746 2020 1799 neque
2043 1731 2311 1797 nubentur,
2336 1733 2457 1802 quia
2486 1742 2723 1786 naturam
2750 1735 2972 1787 nubendi
2995 1752 3095 1788 non
3126 1735 3305 1788 habent
3328 1752 3347 1789 .'
3364 1737 3453 1789 sed

1862 1819 1925 1873 de
1948 1820 2029 1873 liis
2065 1837 2179 1891 quia
2201 1832 2407 1892 possent
2442 1823 2625 1876 nubere
2648 1864 2663 1888 ,
2693 1832 2740 1876 et
2778 1823 2965 1877 Christi
3001 1825 3168 1894 gratia
3200 1834 3245 1879 et
3272 1826 3454 1880 virtute

1860 1928 1961 1965 non
1986 1912 2255 1967 nubentur.
2290 1914 2441 1980 Quod
2470 1916 2512 1968 si
2540 1915 2839 1985 apposueris
2862 1957 2878 1981 ,
2916 1917 3182 1982 Quomodo
3212 1934 3331 1988 ergo
3350 1919 3452 1972 cri-

1860 2018 1972 2055 mus
2003 2003 2194 2057 similes
2228 2004 2563 2075 angelorum,
2587 2021 2703 2057 cum
2737 2006 2870 2059 inter
2898 2008 3105 2077 angelos
3131 2024 3230 2061 nor.
3252 2010 3315 2063 sit
3340 2025 3452 2063 ma-

1856 2094 2028 2147 sculus
2072 2104 2160 2148 aut
2192 2096 2429 2164 femina?
2460 2096 2671 2149 breviter
2720 2097 2952 2150 ausculta
2980 2114 3081 2150 non
3115 2098 3451 2152 substantiam

1858 2186 2154 2253 angelorum
2182 2224 2197 2249 ,
2230 2186 2319 2239 sed
2345 2187 2771 2239 conservationem
2800 2198 2845 2239 et
2876 2188 3235 2242 beatitudinem
3268 2206 3447 2258 repro-

1860 2274 2009 2325 mitti.
2044 2274 2343 2328 Similitudo
2374 2275 2709 2343 promittitur,
2743 2292 2844 2328 non
2874 2286 3057 2330 natura
3093 2276 3170 2349 (ά)
3201 2289 3444 2333 mutatur.

1860 2362 2027 2417 Porro
2052 2365 2097 2417 si
2118 2367 2305 2435 quieris
2333 2366 2385 2418 in
2412 2382 2511 2437 qua
2536 2375 2684 2420 astate
2708 2369 3036 2422 resurrecturi
3061 2386 3251 2423 sumus.
3286 2370 3448 2425 Juxta

1856 2451 2206 2508 Ecclesiarum
2250 2456 2579 2523 traditiones,
2612 2467 2658 2511 et
2689 2458 2984 2527 Apostolum
3032 2459 3289 2526 Paulum;
3317 2463 3446 2516 illud

1856 2554 1928 2598 est
1953 2545 2359 2614 respondendum
2382 2562 2400 2600 :
2421 2548 2557 2616 quod
2582 2548 2634 2601 in
2654 2550 2815 2601 virum
2835 2554 3132 2621 perfectum,
3153 2561 3199 2605 et
3220 2553 3270 2605 in
3298 2569 3440 2606 men—

1852 2653 2025 2691 suram
2050 2637 2214 2691 tetatis
2241 2638 2571 2707 plenitudinis
2592 2638 2780 2694 Christi
2799 2643 3130 2695 resurrecturi
3156 2659 3349 2697 sumus.
3374 2642 3443 2697 In

1851 2747 1951 2799 qua
1977 2740 2125 2785 atate
2150 2732 2411 2785 conditum
2440 2732 2605 2785 Adam
2635 2731 2809 2786 Judwi
2836 2744 3102 2787 autumant
3130 2750 3148 2787 :
3174 2744 3221 2788 et
3252 2735 3440 2789 Salva-

1850 2832 2008 2875 torem
2034 2821 2308 2876 Dominum
2332 2822 2545 2892 legimus
2571 2824 2924 2877 resurrexisse.
2955 2823 3022 2876 Et
3052 2824 3211 2877 multa
3243 2826 3436 2896 inquit,

1850 2915 1955 2968 alia
1992 2916 2055 2968 de
2093 2924 2301 2983 utroque
2341 2914 2658 2968 Testamento
2702 2916 2755 2968 in
2793 2913 3178 2980 su/focationem
3217 2918 3439 2972 heretici

1852 3009 2060 3076 protuli.
2081 3009 2184 3063 Sed
2208 3010 2464 3078 numquid
2487 3009 2569 3062 his
2593 3017 2793 3061 tantum
2819 3008 3111 3063 hazresibus
3132 3012 3437 3080 repurgavit

1851 3098 2186 3154 Ecclesium?
2214 3100 2369 3154 Nulla
2400 3115 2633 3168 unquam
2659 3100 2878 3153 bteresis
2904 3100 3021 3169 ejus
3048 3109 3288 3171 tempore
3315 3106 3431 3172 pul-

1851 3190 2036 3244 lulavit
2058 3231 2073 3253 ,
2105 3206 2264 3259 quam
2296 3190 2409 3260 ipse
2439 3189 2577 3245 falce
2604 3204 2715 3244 sua:
2767 3190 3085 3259 eloquentia:
3118 3207 3222 3245 non
3253 3196 3433 3248 succi-

1848 3283 2006 3337 derit.
2034 3281 2314 3353 Nunquam
2344 3283 2485 3338 enim
2516 3282 2754 3353 pepercit
2788 3283 3086 3348 hmreticis,
3119 3286 3256 3340 sicut
3288 3287 3431 3356 ipse-

1847 3383 1957 3428 met
1982 3373 2176 3429 asserit
2199 3391 2211 3426 :
2236 3374 2330 3428 sed
2352 3375 2497 3428 omni
2521 3374 2628 3444 egit
2648 3373 2845 3436 studio,
2873 3385 2927 3427 ut
2950 3374 3131 3429 hostes
3154 3376 3428 3443 Ecclesia-,

1844 3467 1961 3533 ejus
2002 3482 2214 3536 quoque
2255 3466 2436 3521 hostes
2466 3467 2542 3536 (e)
2573 3466 2784 3521 tierent.
2828 3466 2961 3521 Nam
3009 3477 3064 3523 et
3099 3467 3296 3523 Bullini
3327 3472 3429 3525 viri

1844 3556 2231 3625 eruditissimi,
2264 3558 2453 3628 suique
2492 3558 2712 3629 collega:
2743 3574 2864 3614 cum
2893 3574 3000 3629 quo
3030 3562 3186 3617 mella
3218 3556 3431 3617 sancta-

1847 3664 1961 3702 rum
1987 3646 2383 3717 Scripturarum
2416 3661 2772 3705 consueverat
2796 3650 3033 3707 lambere
3052 3692 3068 3717 ,
3094 3653 3212 3707 ideo
3236 3654 3430 3709 dicitur

1846 3741 2150 3796 inimicitias
2178 3742 2466 3796 incurrisse
2490 3783 2505 3807 ,
2534 3742 2655 3811 quia
2683 3756 2803 3795 eum
2832 3741 2899 3795 de
2941 3742 3146 3815 arbitrii
3184 3744 3429 3800 libertate

1844 3849 2005 3901 prave
2035 3834 2357 3889 sentientem
2385 3833 2731 3887 vehementer
2758 3834 2993 3887 correxit
3020 3850 3033 3886 :
3063 3834 3214 3904 cujus
3254 3837 3425 3890 zelum

1846 3937 1942 3992 pro
1972 3924 2096 3978 lidei
2129 3925 2452 3979 rectitudine
2491 3923 2732 3978 Romana
2768 3922 3004 3977 Ecclesia
3050 3924 3347 3993 approbat:
3373 3937 3431 3980 ut

1846 4015 2034 4068 beatus
2065 4015 2204 4083 Papa
2233 4015 2479 4070 Gelasius
2509 4014 2904 4083 Scripturarum
2936 4016 3311 4085 sagacissimus
3341 4018 3425 4071 in-

1843 4107 2065 4176 dagator
2086 4104 2324 4174 ejusdem
2351 4105 2545 4159 Bullini
2573 4106 2737 4160 libros
2760 4108 2881 4161 licet
2903 4108 3157 4175 praeclaro
3180 4123 3430 4165 sermone

1843 4197 2015 4251 editos
2041 4196 2323 4262 repudiare
2349 4194 2590 4249 videatur
2615 4236 2629 4260 ,
2659 4194 2764 4250 hoc
2794 4197 2846 4248 in
2874 4197 2985 4249 suis
3013 4196 3246 4253 decretis
3276 4214 3427 4253 man-

1843 4288 1979 4343 dans
2009 4306 2021 4340 :
2054 4286 2303 4342 Bullinus
2332 4288 2413 4340 vir
2454 4286 2738 4355 religiosus
2768 4286 3026 4355 plurimos
3066 4288 3427 4345 Ecclesiastici

1843 4381 2023 4451 operis
2049 4379 2217 4435 edidit
2255 4379 2421 4433 libros
2452 4396 2466 4433 :
2499 4378 2778 4432 nonnullas
2818 4379 2977 4431 etiam
3010 4379 3313 4450 Scripturas
3343 4383 3428 4436 in-

1844 4478 2166 4539 terpretatus
2192 4476 2275 4522 est
2293 4483 2306 4521 :
2327 4467 2419 4523 sed
2442 4468 2693 4537 quoniam
2716 4466 3052 4523 beatissimus
3074 4470 3430 4543 Hieronymus

1846 4560 1898 4613 in
1941 4558 2208 4630 aliquibus
2249 4574 2370 4614 eum
2416 4558 2487 4613 de
2524 4558 2727 4613 arbitrii
2774 4558 3018 4615 libertate
3061 4562 3308 4617 notavit:
3341 4564 3429 4617 illa

1844 4650 2140 4714 sentimus,
2171 4665 2289 4719 qua:
2335 4648 2648 4719 prtedictum
2697 4651 2897 4705 sentire
2941 4654 3332 4723 cognoscimus.
3364 4652 3432 4706 Et

1844 4754 1949 4795 non
1979 4739 2151 4794 solum
2178 4738 2246 4795 de
2276 4739 2491 4795 Rullino
2512 4780 2526 4804 ,
2559 4738 2651 4795 sed
2681 4741 2841 4795 etiam
2872 4739 2940 4795 de
2967 4742 3263 4805 universis,
3296 4755 3433 4809 quos

1844 4835 1923 4889 vir
1961 4833 2156 4900 saepius
2196 4844 2522 4890 memoratus
2548 4834 2666 4888 zelo
2694 4834 2789 4889 Dei
2817 4842 2871 4888 et
2899 4833 3022 4888 lidei
3049 4833 3310 4902 religione
3347 4848 3433 4885 re-

1844 4924 2144 4996 prehendit.
2186 4925 2329 4980 Idem
2356 4965 2371 4992 ,
2403 4924 2647 4995 Origenis
2690 4922 2942 4977 nonnulla
2977 4921 3231 4991 opuscula
3257 4962 3271 4987 ,
3301 4936 3421 4990 qum

1917 5166 1974 5229 (cf)
2015 5166 2193 5213 Locum
2220 5165 2360 5225 paulo
2383 5162 2529 5229 aliter
2550 5164 2662 5213 Mss.
2695 5165 2929 5223 recitant,
2965 5182 2987 5209 κ
3011 5178 3105 5214 non
3130 5172 3225 5217 erit
3260 5181 3431 5219 resur-

1846 5226 2002 5276 rectio
2024 5238 2279 5284 corporum
2294 5261 2307 5282 ,
2332 5238 2443 5285 qtna
2467 5226 2573 5272 sine
2597 5237 2723 5272 sexu
2745 5238 2839 5271 non
2860 5234 3048 5275 constat
3072 5233 3125 5275 et
3148 5230 3388 5279 membris
3430 5248 3446 5281 ι

1846 5288 1997 5336 Porro
2020 5288 2058 5332 si
2096 5297 2350 5350 corporum
2388 5297 2483 5331 non
2509 5285 2605 5350 erit
2629 5286 2953 5350 resurrectio,
2993 5300 3297 5350 nequaquam
3338 5294 3409 5339 eri
3436 5302 3447 5340 ι

1848 5342 2481 5406 resurrectiomortuorum.
2503 5360 2526 5406 ιο
2554 5342 2729 5394 (letifer
2753 5344 3019 5406 Epistolam
3052 5342 3100 5397 in
3140 5342 3434 5400 recensione
3494 5346 3499 5351 ’

1849 5417 2009 5472 nostra
2035 5404 2200 5455 CVIII.
2225 5404 2282 5451 ad
2320 5403 2631 5453 Eustochium
2656 5403 2893 5455 nuntii”).
2924 5422 2985 5457 ex
3010 5423 3108 5472 quo
3133 5410 3301 5461 isthmc
3323 5411 3429 5461 Iau-

1848 5470 2005 5517 datur.

1919 5527 1985 5591 (il)
2024 5527 2342 5576 Restituimus
2363 5533 2573 5598 mutatur
2596 5542 2655 5598 ex
2682 5528 2851 5579 iisdem
2882 5529 2995 5581 Mss.
3022 5533 3226 5598 ipsoque
3244 5534 3436 5597 Episto-

1850 5590 2091 5647 ltetextu,
2120 5600 2323 5650 proque
2346 5598 2467 5650 erat,
2494 5590 2719 5639 nutritur.

1920 5650 1977 5713 (ε)
2019 5652 2181 5719 Atque
2208 5649 2317 5719 heic
2348 5649 2514 5713 fierent
2541 5653 2821 5705 earumdem
2844 5651 3075 5705 librorum
3098 5670 3193 5718 ope
3216 5656 3431 5706 restitui-

1920 5665 1977 5713 te)
2019 5665 2095 5699 Αι(
2118 5665 2181 5698 ue
2208 5665 2317 5697 neu:

1854 5723 1961 5759 mus
1983 5726 2069 5773 pro
2090 5665 2270 5773 θηρήια
2304 5722 2318 5755 .'

2850 5798 3073 5879 (Sept
