4050 6188
610 259 716 318 199

603 377 689 433 vir
719 373 1272 441 beatusllieronyums
1297 379 1400 419 non
1425 362 1685 432 repudiat,
1711 359 1930 431 legenda
1961 361 2186 431 suscipi-

605 484 758 523 mus:
779 468 978 536 reliqua
1008 475 1133 516 vero
1159 457 1332 512 omnia
1364 469 1486 508 cum
1518 453 1592 522 (a)
1622 453 1940 508 auctoritate
1977 466 2074 506 sua
2100 451 2186 507 di-

603 558 776 612 cimus
801 569 919 611 esse
948 547 1238 605 renuendo.
1271 545 1411 598 Inter
1441 543 1694 613 prmelara
1726 557 1856 598 vero
1883 542 2181 597 studiorum

600 662 818 704 suorum
845 640 1098 713 opuscula
1128 636 1340 708 scripsit
1368 636 1559 692 librum
1588 634 1655 690 de
1683 634 1983 690 lllustribus
2013 634 2175 700 Viris,

597 757 627 793 a
655 737 850 793 sanctis
879 730 1152 812 Apostolis
1181 745 1349 800 usque
1388 728 1454 783 ad
1499 743 1648 784 suam
1694 736 1904 784 (etatem
1943 728 2180 783 imitatus

593 826 984 900 Tranquillum,
1017 825 1372 894 Grzceumque
1398 823 1766 893 Apollonium,
1797 831 1853 878 et
1879 832 1999 893 post
2028 833 2175 877 cata.

585 920 771 990 legum
817 916 1207 988 plurimorum,
1255 929 1312 969 se
1354 929 1565 984 quoque
1609 914 1660 968 in
1702 913 1849 969 calce
1892 912 2176 968 voluminis

589 1009 739 1080 quasi
770 1007 1070 1063 abortivum
1095 1014 1148 1061 et
1173 1004 1453 1059 minimum
1480 1004 1718 1059 omnium
1745 1003 2171 1059 Christianorum

587 1101 804 1172 posuit:
828 1098 918 1155 ubi
947 1097 1049 1154 sibi
1077 1110 1299 1154 necesse
1330 1096 1428 1151 fuit
1457 1110 1625 1164 usque
1655 1095 1720 1150 ad
1747 1096 1987 1166 quintum
2015 1094 2088 1165 (b)
2119 1105 2173 1148 et

586 1195 852 1251 decimum
882 1207 1078 1247 annum
1100 1189 1386 1246 Theodosii
1417 1189 1693 1259 principis,
1723 1189 1767 1243 si
1795 1203 1913 1258 qua:
1935 1188 2168 1256 scripse-

578 1294 704 1348 rat,
736 1282 979 1340 breviter
1003 1292 1281 1337 annotare.
1315 1280 1758 1337 Commemorans
1790 1280 1928 1334 inter
1949 1287 2167 1345 cmtera,

583 1394 704 1450 quae
729 1377 925 1450 passim
956 1390 1116 1447 supra
1147 1385 1326 1430 notata
1348 1382 1502 1428 sunt:
1523 1371 1664 1444 quod
1695 1373 1984 1441 scripserat
2007 1372 2168 1426 alter-

581 1472 846 1527 cationem
892 1468 1210 1524 Lueiferiani
1232 1509 1247 1531 ,
1277 1475 1332 1522 et
1359 1465 1677 1521 Orthodoxi.
1710 1465 1784 1519 De
1810 1464 1944 1518 locis
1970 1463 2165 1517 librum

581 1578 746 1617 unum
778 1580 790 1614 :
819 1561 887 1616 de
923 1560 1158 1615 essentia
1193 1558 1284 1613 Dei
1317 1557 1508 1611 librum
1540 1570 1702 1609 unum
1739 1573 1752 1609 :
1782 1554 2164 1609 llebraicorum

583 1655 857 1708 nominum
889 1652 1083 1706 librum
1113 1666 1299 1704 unum.
1330 1648 1689 1716 Epistolarum
1734 1646 1799 1701 ad
1831 1646 2068 1702 diversos
2098 1647 2163 1702 li-

577 1747 733 1800 brum
758 1759 943 1798 unum.
968 1742 1049 1797 Ad
1065 1741 1364 1796 Marcellam
1387 1739 1742 1808 Epistolarum
1764 1738 1955 1793 librum
1974 1754 2158 1793 unum.

578 1837 660 1890 Ad
690 1834 908 1890 Paulam
936 1875 949 1897 ,
995 1831 1183 1903 inquit,
1229 1840 1283 1886 et
1331 1831 1712 1897 Eustochium,
1758 1830 1880 1901 quia
1928 1831 2162 1900 quotidie

574 1926 902 1991 scribuntur,
923 1925 1177 1978 incertus.
1196 1921 1327 1991 Quis
1343 1932 1583 1978 nostrum
1603 1930 1748 1975 tanta
1770 1929 1943 1990 potest
1959 1922 2154 1990 legere,

570 2028 770 2090 quanta
814 2018 1031 2089 scripsit
1069 2018 1170 2072 iste
1207 2018 1291 2072 vir
1337 2015 1528 2070 beatus
1576 2015 1982 2085 Hieronymus?
2026 2014 2155 2082 Quis

572 2113 718 2166 hunc
745 2110 1020 2165 ardentem
1058 2109 1114 2164 in
1153 2107 1447 2176 Scripturis
1474 2106 1709 2160 animum
1734 2145 1749 2170 ,
1779 2113 1832 2159 et
1860 2104 2150 2159 ferventem

571 2205 624 2258 in
671 2203 762 2259 Dei
792 2202 1012 2258 servitio
1033 2242 1049 2268 ,
1080 2214 1186 2255 non
1218 2199 1480 2262 miretur;
1512 2197 1642 2263 Quis
1681 2212 1804 2253 eum
1833 2211 1939 2251 non
1976 2197 2154 2266 potius

566 2295 849 2365 angelum,
877 2307 1036 2363 quam
1083 2290 1354 2346 hominem
1383 2289 1577 2344 dixerit
1613 2306 1626 2343 :
1656 2288 1782 2342 dum
1816 2288 1946 2342 nulli
1981 2289 2148 2358 magis

563 2385 814 2455 congruit
857 2382 983 2437 illud
1032 2381 1404 2451 Propheticum
1439 2397 1452 2434 :
1489 2376 1647 2431 Labia
1675 2376 1950 2432 sacerdotis
1978 2387 2144 2432 custo-

563 2476 710 2527 diunt
749 2473 1042 2538 scientiam,
1075 2480 1120 2525 et
1158 2472 1314 2541 legem
1357 2471 1614 2540 requirunt
1642 2485 1704 2521 ea:
1732 2485 1817 2521 ore
1854 2469 1962 2537 ejus
1985 2511 1996 2531 ,
2029 2469 2146 2535 quia

562 2563 772 2635 angelus
803 2561 1012 2617 Domini
1056 2561 1364 2615 exercituum
1400 2561 1514 2613 est?
1542 2559 1702 2614 Certe
1738 2560 1783 2614 si
1824 2575 2046 2614 manens
2090 2560 2143 2614 in

560 2669 723 2710 carne
751 2695 767 2720 ,
798 2653 1092 2710 secundum
1123 2651 1392 2706 hominem
1424 2649 1747 2706 ambulasset
1777 2668 1792 2704 :
1825 2651 1892 2706 ad
1940 2660 2140 2706 tantum

559 2748 771 2803 culmen
816 2746 1052 2801 scienti:e
1095 2744 1397 2798 nullatenus
1445 2741 1766 2812 pertigisset.
1818 2741 1922 2796 Sed
1968 2757 2141 2813 neque

556 2845 775 2904 cuperet
817 2836 1034 2890 dissolvi
1069 2849 1187 2888 cum
1222 2833 1386 2887 Paulo
1417 2831 1492 2904 (c)
1523 2873 1536 2897 ,
1572 2847 1672 2888 nec
1695 2847 1817 2887 cum
1844 2831 2058 2888 Christo
2082 2849 2141 2890 se

555 2929 848 2984 confideret
877 2929 1013 2982 inter
1040 2926 1260 2997 angelos
1294 2933 1658 2995 regnaturum.
1695 2926 1890 2980 Verum
1922 2927 2043 2996 quia
2071 2927 2141 2982 de

556 3020 755 3075 mundo
784 3021 1222 3089 triumphaverat,
1257 3016 1404 3086 quasi
1449 3014 1516 3070 de
1554 3014 1753 3070 laboris
1781 3018 2002 3085 prmmio
2025 3017 2135 3087 jam

550 3127 775 3166 securus
792 3109 856 3164 ad
876 3108 1219 3164 lleliodornm
1243 3107 1561 3177 loquebatur
1581 3124 1595 3163 :
1614 3105 1774 3162 Crede
1796 3108 1941 3171 mihi,
1969 3109 2135 3163 nescio

548 3202 671 3267 quid
701 3202 816 3271 plus
851 3201 980 3254 lucis
1002 3200 1193 3267 aspicio
1221 3215 1240 3253 :
1269 3197 1386 3251 libet
1415 3200 1616 3252 sarcina
1644 3199 1869 3268 corporis
1907 3199 2131 3269 objecta,

548 3296 616 3346 ad
645 3310 826 3361 purum
847 3292 1046 3347 a'theris
1076 3291 1271 3345 evolare
1297 3289 1568 3360 fulgorem.
1593 3289 1759 3343 Tanta
1787 3290 2000 3344 demum
2031 3291 2136 3346 las~

548 3383 782 3436 situdine
811 3381 1062 3450 fatigatus
1096 3388 1179 3434 est
1203 3421 1218 3443 ,
1253 3388 1308 3432 ut
1347 3379 1505 3433 etiam
1544 3379 1595 3432 in
1625 3389 1792 3433 stratu
1823 3397 1921 3434 suo
1947 3381 2132 3450 jacens

549 3471 789 3526 funiculo
816 3512 829 3534 ,
862 3485 1018 3540 quem
1051 3469 1102 3523 in
1137 3468 1338 3523 trabem
1370 3468 1742 3537 suspenderat,
1776 3471 1996 3539 supinus
2023 3487 2130 3524 ma-

548 3563 704 3616 nibus
751 3559 1092 3629 apprehenso
1131 3558 1445 3629 erigeretur.
1494 3557 1560 3612 Ut
1604 3558 1854 3614 videlicet
1897 3559 2128 3616 officium

545 3651 890 3715 IIII'lIaSlelâ€˜li,
941 3659 1097 3720 prout
1143 3659 1391 3720 poterat,
1439 3651 1735 3706 exhiberet.
1769 3650 1911 3705 Nihil
1951 3661 2128 3708 tamen

546 3746 721 3799 minus
764 3758 956 3799 sensus
1001 3743 1310 3797 sinceritate
1345 3742 1558 3812 vigebat
1599 3742 1665 3798 ad
1707 3743 1970 3799 rationem
2007 3743 2129 3799 red-

542 3836 807 3901 dendam,
843 3835 1220 3904 undecumque
1270 3834 1626 3903 interrogatus
1668 3833 1874 3889 fuisset.
1915 3833 2046 3889 Nam
2073 3847 2129 3892 et

545 3927 701 3981 beato
722 3925 1018 3997 Augustino
1039 3924 1363 3994 llipponensi
1395 3923 1679 3994 Episcopo,
1702 3925 1815 3978 suis
1837 3940 1957 3980 eum
1981 3942 2124 3996 qua:-

541 4018 805 4073 stionibus
849 4015 1196 4088 provocanti,
1230 4014 1410 4068 verius
1439 4014 1633 4086 abysso
1677 4015 1928 4086 abyssum
1975 4019 2124 4073 invo-

540 4111 680 4166 eauti
727 4109 1035 4180 plenissime
1075 4107 1332 4163 satisfecit
1355 4125 1368 4161 :
1391 4118 1445 4162 et
1479 4123 1538 4163 se
1566 4109 1711 4164 velut
1734 4111 2011 4166 emeritum
2041 4111 2122 4185 (á½±)

536 4201 803 4268 judicans,
833 4198 916 4254 his
943 4214 1063 4253 eum
1093 4197 1271 4253 verbis
1291 4212 1320 4252 a
1343 4198 1424 4252 sui
1450 4198 1827 4268 provocatione
1847 4199 2119 4257 deterret:

544 4292 656 4344 Nos
689 4301 859 4345 nostra
886 4291 1152 4346 [tabuimus
1191 4300 1436 4362 tempora,
1469 4301 1515 4344 et
1540 4293 1853 4347 cucurriutus
1875 4305 2121 4363 quantum

539 4383 813 4453 potuimus,
841 4399 974 4437 nunc
995 4393 1042 4436 te
1066 4392 1299 4436 currente
1317 4393 1364 4436 ct
1387 4383 1541 4454 longa
1570 4384 1733 4455 spatia
1759 4393 2116 4454 transmeaute,

539 4474 680 4527 nobis
724 4473 868 4525 detur
894 4474 1070 4525 otium.
1104 4471 1401 4540 Simulque,
1433 4482 1488 4526 ut
1531 4490 1643 4528 cum
1670 4475 1814 4529 venia
1847 4486 1894 4530 et
1933 4478 2120 4532 honore

538 4575 624 4619 tuo
650 4563 887 4628 dixerim,
917 4579 978 4615 ne
997 4564 1132 4615 solus
1155 4562 1277 4615 mihi
1301 4563 1363 4616 de
1385 4561 1557 4617 Poetis
1584 4567 1904 4636 proposuisse
1923 4569 2118 4638 aliquid

535 4657 753 4710 videaris
771 4695 786 4720 ,
825 4661 1070 4707 memento
1113 4651 1310 4707 Daretis
1339 4663 1385 4708 et
1417 4651 1612 4708 Eutelli
1629 4695 1642 4719 ,
1668 4663 1713 4709 et
1741 4657 1966 4728 vulgaris
1993 4676 2115 4728 pro-

532 4747 684 4802 oerbii
709 4747 732 4814 ,â€˜
752 4746 887 4818 quod
921 4743 1011 4798 bos
1052 4743 1216 4798 lassus
1256 4746 1450 4815 fortiter
1489 4743 1664 4814 pedem
1689 4745 1834 4816 ï¬gat.
1861 4747 1943 4802 Ad
1973 4751 2112 4819 quod

534 4839 720 4894 beatus
751 4834 1078 4908 Augustinus
1119 4834 1433 4903 suppliciter
1471 4834 1804 4905 respondens
1826 4877 1841 4905 ,
1873 4837 1946 4892 ait
1971 4856 1984 4894 :
2007 4840 2114 4894 Cur

533 4930 710 4998 itaque
733 4942 899 4981 conor
923 4935 1108 4980 contra
1136 4916 1470 4979 contraham
1499 4924 1748 4992 ï¬‚uminis,
1777 4937 1830 4982 et
1857 4942 1964 4983 non
1996 4930 2112 4999 pius

530 5019 791 5087 deprecor
817 5015 1063 5071 veniam?
1091 5013 1330 5079 Obsecro
1355 5055 1369 5081 ,
1401 5024 1460 5070 ut
1500 5016 1544 5070 si
1590 5025 1641 5071 te
1684 5016 1795 5073 laesi
1817 5058 1832 5084 ,
1872 5017 2110 5076 dimittas

533 5110 660 5164 mihi
684 5126 698 5162 :
720 5117 775 5164 et
801 5108 845 5162 si
876 5107 971 5163 bos
1003 5118 1060 5162 ut
1086 5108 1177 5163 tibi
1209 5107 1432 5175 videris,
1461 5107 1636 5164 lassus
1665 5120 1940 5167 senectute
1973 5111 2109 5168 forte

529 5201 790 5272 corporis,
819 5214 926 5253 non
949 5200 1132 5269 vigore
1161 5201 1324 5254 animi
1359 5217 1373 5254 :
1403 5209 1580 5256 tamen
1608 5203 1657 5257 in
1685 5218 1808 5259 area
1839 5203 2106 5261 dominica

529 5292 800 5345 fructuosa
829 5288 1010 5343 labore
1031 5289 1330 5344 desudans:
1351 5306 1477 5345 ecce
1503 5307 1641 5356 sum,
1668 5292 1712 5346 si
1737 5294 1883 5360 quid,
1913 5310 2106 5364 perpe-

702 5444 856 5508 iidem
877 5442 992 5491 Mss.
1018 5458 1125 5508 cum
1149 5455 1341 5508 auctore
1364 5459 1466 5502 suo,
1493 5446 1708 5508 Origene
1731 5446 1934 5495 scilicet.

595 5445 641 5492 â€˜a
702 5444 856 5493 lidem
877 5444 992 5491 Mss.
1018 5458 1125 5494 cum
1149 5455 1341 5495 auctore
1364 5459 1466 5502 suo,
1493 5446 1708 5508 Origene
1731 5446 1934 5495 scilicet.

533 5516 550 5568 '_
699 5503 906 5550 Rectius
935 5516 1043 5568 cu_t_n_
1075 5507 1177 5568 ipso
1201 5507 1493 5568 Hieronymo
1517 5507 1630 5554 Mss.
1657 5509 1806 5556 nostri
1840 5525 1860 5553 Î¹
1881 5516 2103 5568 quartum

522 5561 769 5614 decimum
791 5575 968 5608 annum
989 5561 1245 5612 'lâ€˜he'mlosai
1272 5586 1290 5607 Ï…
1325 5561 1596 5613 munerant.

591 5627 649 5688 (Ï„)
695 5624 810 5688 Mss.
843 5637 865 5665 Î¹
888 5633 995 5668 cum
1017 5623 1182 5688 Paulo,
1209 5629 1295 5672 nisi
1329 5640 1382 5672 se
1407 5640 1514 5673 eum
1552 5625 1757 5684 Christo,
1775 5640 1800 5669 Î¹
1825 5635 1920 5674 etc.

589 5683 659 5736 id]
706 5684 858 5733 tidem
880 5683 1125 5733 emeritum
1150 5686 1382 5736 indu-am.

1877 253 1932 303 S.
1979 238 2358 303 lllERONHll
2404 240 2578 297 VITA.

2297 377 2410 415 ram
2448 363 2562 416 dixi
2590 403 2604 427 ,
2639 363 2826 416 fortius
2869 365 2966 433 ligo
3007 365 3214 433 pedem.
3264 367 3375 422 Non
3419 370 3544 424 mihi
3592 371 3868 430 molestum

2294 471 2414 512 esse
2443 457 2603 512 debet
2638 458 2844 528 poodus
2881 460 3054 512 aetatis
3085 469 3209 522 tuze,
3247 462 3536 516 dummodo
3565 476 3867 522 conteratur

2294 547 2440 614 palea
2464 547 2636 616 culpa:
2657 563 2811 602 mem.
2837 548 3102 602 Pra-terea
3130 549 3182 602 in
3207 550 3341 604 libro
3364 567 3524 620 quem
3551 554 3665 622 ipse
3693 558 3864 626 Augu-

2288 635 2461 691 stinus
2488 647 2674 691 contra
2701 637 3151 692 erroremJuliani
3177 639 3247 710 (Îµ)
3267 640 3540 710 Pelagiani
3566 643 3865 716 descripsit,

2286 727 2374 797 qui
2400 728 2610 796 nuptias
2641 731 2893 783 censebat
2922 728 3275 794 damnabiles,
3289 731 3430 802 quod
3447 732 3658 790 nihilex
3678 737 3756 790 eis
3777 754 3866 792 na-

2285 829 2529 873 sceretur
2564 822 2633 874 ab
2671 820 2816 874 omni
2853 820 3079 876 liberum
3107 821 3426 892 obligatione
3467 827 3669 894 peccati
3699 845 3714 882 :
3741 827 3861 884 dum

2285 910 2463 978 plures
2484 921 2671 965 contra
2692 911 2810 981 ejus
2837 911 3145 980 pestiferum
3166 913 3357 982 dogma
3379 917 3672 972 catholicos
3707 928 3864 975 testes

2283 1001 2684 1068 introduxisset,
2710 1004 2778 1056 ita
2797 1004 3042 1059 eumdem
3067 1005 3357 1074 praeferens
3381 1007 3760 1080 Hieronymum
3781 1011 3863 1068 in-

2282 1093 2422 1147 tulit.
2441 1093 2550 1150 Nec
2565 1103 2805 1149 sanctum
2827 1095 3208 1166 Hieronymum
3227 1098 3596 1168 presbyterum
3618 1111 3858 1158 contem-

2281 1184 2516 1239 nendum
2559 1185 2876 1253 arbitreris,
2918 1187 3007 1256 qui
3048 1186 3238 1242 Grmeo
3277 1196 3334 1242 et
3371 1188 3598 1254 Latino,
3646 1191 3858 1262 insuper

2278 1276 2504 1332 Hebraeo
2523 1278 2764 1332 eruditus
2783 1279 3017 1348 eloquio,
3037 1295 3102 1335 ex
3127 1281 3438 1336 occidentali
3461 1283 3524 1337 ad
3546 1283 3854 1341 orientalem

2277 1368 2540 1423 transiens
2567 1369 2882 1433 Eeclesiam,
2908 1371 2960 1424 in
2986 1370 3118 1425 locis
3146 1374 3365 1435 sanctis,
3398 1384 3557 1443 atque
3585 1375 3639 1430 in
3665 1376 3854 1432 litteris

2275 1457 2442 1512 sacris
2467 1474 2634 1529 usque
2661 1459 2728 1513 ad
2759 1459 3084 1529 decrepitam
3108 1462 3239 1515 visit
3261 1472 3494 1518 aetatem.
3519 1463 3683 1535 Cujus
3703 1467 3857 1523 nobis

2272 1553 2540 1622 eloquium
2558 1555 2625 1609 ab
2643 1552 2860 1610 Oriente
2881 1555 2933 1608 in
2951 1553 3320 1623 Occidentem,
3342 1556 3409 1610 ad
3428 1557 3596 1612 instar
3615 1558 3742 1614 solis
3767 1575 3854 1615 re-

2271 1644 2554 1714 splenduit.
2589 1645 2774 1701 Omnis
2805 1647 3037 1716 denique
3062 1647 3152 1716 qui
3188 1657 3313 1702 ante
3359 1647 3505 1702 illum
3545 1649 3746 1718 aliquid
3781 1665 3850 1706 ex

2271 1738 2523 1807 ntraqne(
2543 1748 2654 1792 ant.
2682 1740 2855 1807 urbis)
2883 1741 3029 1793 orbis
3058 1751 3206 1808 parte
3231 1740 3299 1794 de
3327 1739 3565 1795 doctrina
3595 1741 3848 1798 Ecclesia:

2269 1827 2411 1896 legit,
2431 1843 2530 1883 nec
2545 1829 2642 1882 alia
2663 1830 2729 1882 de
2747 1845 2803 1884 re
2823 1829 2957 1883 hanc
2974 1845 3130 1899 quam
3150 1830 3390 1899 prsedixi,
3405 1833 3573 1886 tenuit
3590 1832 3650 1901 (Î™.
3675 1849 3845 1902 prom-

2265 1917 2485 1988 psitque)
2512 1920 2864 1989 promisitque
2891 1922 3231 1974 sententiam.
3256 1920 3418 1990 Igitur
3441 1922 3631 1977 beatus
3655 1923 3845 1979 lliero~

2263 2024 2454 2079 nymus
2496 2021 2776 2081 postquam
2815 2012 3127 2066 exuberanti
3159 2013 3478 2081 scriptorum
3506 2028 3721 2068 suorum
3751 2031 3843 2070 co-

2260 2101 2366 2170 pia,
2397 2101 2861 2171 inexpugnabilem
2905 2103 3158 2157 Ecclesia:
3197 2103 3398 2158 Christi
3438 2106 3621 2160 turrim
3654 2118 3840 2162 contra

2255 2191 2430 2259 jacula
2475 2193 2848 2249 htereticorum
2892 2198 3128 2250 coerexit
3153 2215 3166 2251 :
3195 2196 3264 2267 (Î™)
3296 2199 3641 2268 nonagesimo
3668 2202 3845 2254 mtatis

2258 2299 2368 2339 sua:
2409 2299 2587 2352 anno,
2617 2286 2824 2355 imperii
2855 2298 3032 2342 autem
3063 2288 3349 2343 Theodosii
3385 2289 3739 2351 duodecimo.
3785 2295 3838 2345 in

2253 2384 2531 2432 senectute
2555 2377 2696 2432 bona
2723 2379 2967 2448 migravit
2990 2379 3054 2434 ad
3091 2379 3392 2446 Dominum,
3427 2381 3678 2438 videlicet
3707 2383 3839 2438 ulti-

2253 2483 2338 2521 ma
2369 2468 2722 2539 Septembris,
2754 2478 2809 2524 et
2833 2470 3073 2538 ejusdem
3101 2470 3206 2526 diei
3236 2471 3365 2526 hora
3395 2472 3581 2528 ultima
3605 2488 3725 2528 cum
3754 2477 3838 2529 sol

2249 2560 2536 2615 occideret.
2555 2560 2765 2616 Sancta:
2785 2569 2961 2616 autem
2983 2577 3046 2616 ac
3064 2564 3396 2619 venerabiles
3438 2565 3647 2620 femina:
3668 2565 3836 2622 Paula

2248 2653 2450 2707 srilieet
2467 2661 2518 2707 et
2543 2652 2910 2718 Eustochium,
2945 2654 3192 2723 exemplo
3211 2666 3264 2709 et
3281 2655 3694 2710 eommonitione
3713 2655 3834 2725 eius

2247 2742 2425 2797 sarenli
2453 2744 2866 2813 contemptrices
2885 2785 2900 2809 ,
2933 2752 2986 2798 et
3014 2745 3191 2799 crucis
3213 2743 3413 2799 Christi
3442 2745 3633 2815 bajula:
3656 2786 3673 2811 ,
3703 2755 3834 2801 ante

2245 2834 2362 2902 ejus
2385 2833 2587 2887 obitum
2609 2844 2836 2888 vocante
2853 2849 3050 2902 sponso
3072 2835 3416 2905 emigmrant.
3444 2835 3612 2892 Porro
3639 2836 3831 2892 beatus

2246 2924 2600 2996 llieronymus
2628 2925 2755 2980 dum
2783 2925 2958 2980 adhuc
2983 2927 3216 2994 viveret,
3244 2928 3530 2996 sealpendo
3553 2943 3740 2984 saxum
3769 2930 3832 2986 in

2244 3017 2484 3084 ingressu
2547 3017 2816 3086 speluncae
2864 3017 3114 3073 dominici
3170 3021 3468 3090 praesepis,
3521 3023 3826 3092 sepulcrum

2242 3107 2343 3162 sibi
2389 3109 2587 3163 fecerat
2617 3122 2723 3162 non
2768 3110 2926 3178 longe
2960 3124 2988 3162 a
3020 3111 3267 3179 sepulcro
3303 3111 3671 3181 praedictarum
3699 3127 3827 3168 san-

2240 3207 2466 3253 ctarum.
2496 3198 2594 3254 Ubi
2623 3199 2801 3254 saeculi
2829 3200 3182 3269 perversitate
3210 3199 3438 3264 devicta,
3467 3202 3710 3272 sepultus
3739 3213 3829 3258 est

2242 3291 2412 3360 pridie
2438 3290 2659 3345 Calend.
2687 3289 2954 3346 Octobris.
2979 3290 3253 3346 Mirabitur
3273 3291 3451 3346 forsan
3477 3292 3684 3357 Lector,
3712 3301 3825 3348 tam

2239 3388 2449 3435 sanctas
2479 3394 2737 3448 personas
2761 3381 2960 3435 habere
2987 3380 3194 3436 invidos
3224 3385 3480 3452 potuisse.
3514 3383 3822 3439 Mirandum

2238 3487 2364 3526 vero
2392 3486 2496 3524 non
2527 3481 2608 3525 est
2633 3488 2647 3524 :
2671 3486 2885 3541 semper
2912 3473 3055 3526 enim
3088 3473 3312 3528 virtutes
3355 3474 3690 3544 persequitur
3735 3475 3824 3530 in-

2238 3563 2396 3628 vidia,
2424 3563 2724 3632 feriuntque
2744 3578 2982 3618 summos
3006 3564 3225 3630 fulmina
3250 3575 3478 3620 montes.
3497 3566 3606 3622 Nec
3623 3567 3825 3623 mirum

2237 3655 2403 3710 videri
2432 3654 2612 3719 debet,
2636 3653 2748 3708 haec
2779 3654 2853 3726 (g)
2884 3653 3041 3710 bonis
3069 3656 3397 3725 contingere,
3425 3672 3546 3711 cum
3575 3659 3686 3728 ipse
3713 3657 3825 3711 Do-

2237 3746 2408 3800 minus
2436 3745 2823 3800 Pltarismorum
2847 3746 2964 3801 zelo
2991 3747 3062 3801 sit
3084 3749 3391 3812 crucifixus,
3418 3757 3469 3803 et
3493 3763 3681 3804 omnes
3701 3763 3826 3804 san-

2233 3836 2304 3890 cti
2350 3837 2573 3890 mutulos
2619 3836 2938 3892 habuerunt.
2974 3838 3112 3892 Esau
3163 3839 3584 3909 persequebatur
3624 3839 3820 3896 laeob.

2233 3924 2359 3980 Sani
2388 3926 2660 3995 qumrebat
2681 3926 2912 3981 animam
2945 3927 3130 3994 David,
3160 3938 3213 3984 et
3238 3929 3509 3984 Salotnoni
3541 3931 3824 3988 suscitavit

2233 4018 2347 4085 ipse
2374 4015 2630 4072 Dominus
2657 4017 2806 4072 Adad
2835 4017 3146 4074 ldnmmum.
3193 4020 3404 4076 .lezabel
3444 4022 3604 4076 etiam
3634 4035 3822 4078 sacer-

2230 4106 2383 4164 dotes
2412 4106 2594 4178 fugere
2621 4108 2878 4180 compulit
2906 4127 2918 4163 :
2948 4120 3002 4164 et
3026 4125 3215 4165 omnes
3242 4111 3535 4181 Prophetas
3564 4127 3823 4181 persecuo

2232 4209 2315 4256 tns
2343 4209 2424 4256 est
2455 4201 2678 4270 populus
2705 4200 3034 4256 Judteornm.
3065 4202 3261 4258 Paulus
3291 4205 3580 4273 Apostolus
3602 4205 3672 4260 de
3699 4205 3820 4259 fra-

2231 4292 2400 4346 tribus
2440 4290 2592 4346 falsis
2629 4293 2995 4362 eonqueritur,
3025 4303 3077 4348 et
3121 4310 3214 4363 per
3244 4309 3458 4349 murum
3484 4295 3818 4363 demittitur,

2230 4396 2295 4436 ne
2321 4380 2389 4436 ab
2418 4380 2658 4436 hosubus
2687 4382 2947 4452 capiatur.
2981 4384 3058 4436 Ae
3085 4385 3398 4440 multimoda
3425 4399 3684 4440 enarrans
3715 4401 3817 4455 pe-

2228 4471 2500 4536 ricula,de
2523 4486 2584 4527 se
2611 4473 2824 4542 suisque
2854 4472 3115 4528 similibus
3142 4474 3373 4544 loquitur
3398 4493 3410 4529 :
3438 4475 3816 4546 Spectaculum

2225 4563 2347 4633 facti
2373 4578 2546 4616 sumus
2577 4562 2693 4616 huic
2722 4563 2912 4617 mundo
2931 4604 2948 4631 ,
2977 4573 3023 4618 et
3051 4566 3247 4635 angelis
3277 4574 3321 4619 et
3360 4565 3668 4622 hominibus.
3699 4567 3773 4622 Et
3797 4610 3818 4634 ,

2227 4651 2338 4707 Nos
2361 4652 2502 4707 stulti
2527 4662 2735 4724 propter
2756 4653 3033 4708 Christum.
3059 4654 3149 4722 Et,
3177 4655 3329 4721 Quod
3346 4657 3561 4711 stultum
3582 4667 3652 4711 est
3670 4656 3811 4723 Deo,

2221 4743 2499 4813 sapientius
2524 4753 2598 4798 est
2623 4744 2930 4799 hominibus.
2954 4742 3106 4800 Unde
3132 4756 3182 4799 et
3209 4744 3456 4802 Salvator
3481 4747 3716 4815 loquitur
3736 4749 3818 4802 Ï‰

2225 4835 2434 4889 Patrem
2459 4852 2472 4888 ;
2499 4834 2575 4889 Tu
2611 4823 2712 4891 scis
2750 4836 3094 4906 insipientiam
3121 4853 3314 4903 meam;
3340 4853 3496 4907 quem
3528 4838 3584 4892 in
3611 4839 3804 4895 Evan-

2221 4925 2358 4994 gelio
2400 4926 2678 4996 prepinqui
2720 4926 2872 4997 quasi
2911 4927 3108 4981 mentis
3149 4928 3400 4997 impotem
3428 4927 3813 4996 aestimabant,

2221 5025 2274 5068 ct
2313 5013 2603 5071 adversarii
2647 5017 3143 5084 calumniabantur,
3176 5019 3413 5075 dicentes
3441 5038 3452 5074 :
3479 5017 3822 5077 Demoniuns

2247 5223 2250 5226 â€™
2288 5204 2346 5270 (e)
2371 5205 2652 5277 Perperna}
2677 5207 2724 5277 i_n
2749 5208 3193 5277 uno_Amb_rosi_ano
3216 5210 3306 5261 lis.
3345 5210 3601 5277 umricluri
3624 5213 3820 5277 legitur

2240 5265 2305 5316 iro
2332 5265 2594 5336 Pelagiani.
2620 5268 2948 5336 Subsequitur
2973 5272 3155 5336 ibilalio
3178 5285 3326 5320 sensu
3346 5306 3361 5331 ,
3395 5291 3418 5319 Î¹
3443 5275 3643 5336 Nuptias
3671 5265 3820 5325 Î¾Ï…Î¹Ï…-

2215 5281 2305 5376 pro
2332 5281 2594 5331 Pelagium.
2620 5281 2948 5330 Situsequuur
2973 5281 3155 5331 lbilalto
3178 5285 3326 5320 sensu
3346 5306 3361 5331 ,
3395 5291 3418 5319 Î¹
3443 5281 3643 5336 Nuptias
3671 5281 3811 5325 Vole-

2251 5338 2299 5376 at
2320 5330 2565 5392 damnari;
2598 5329 2725 5391 quod
2753 5342 2868 5378 vero
2893 5344 2954 5378 ex
2990 5333 3064 5379 eis
3087 5341 3369 5382 nasceretur
3388 5368 3402 5392 ,
3429 5336 3492 5383 ab
3513 5337 3640 5384 omni
3676 5336 3811 5385 libe-

2218 5386 2643 5451 rnntoldigatlone
2669 5393 2869 5451 peccati.
2896 5407 2920 5436 Î¹

2286 5448 2341 5512 (n
2384 5448 2988 5518 Exaggeratâ€˜adhucidem
3028 5452 3114 5518 his.
3136 5453 3452 5518 nonagesimo
3475 5461 3609 5518 sexto
3628 5456 3817 5516 Motis,

2220 5519 2443 5579 etc-stum
2467 5511 2612 5559 habet
2643 5511 3176 5579 s'lâ€˜bemlosijjunioris
3194 5511 3500 5579 duodecimo.
3524 5534 3545 5560 Î¹
3574 5511 3818 5579 Î¸ÎµÎ·á½·Î·Î¹Î¹á½¸

2219 5571 2750 5640 istbmepraetermtttit,
2777 5588 2798 5615 Î¹
2817 5571 3046 5640 videlicet
3069 5573 3234 5640 ultima
3258 5575 3583 5639 Septembris,
3611 5586 3663 5627 et
3679 5571 3818 5640 ejusÂ»

2216 5631 2330 5678 dum
2354 5629 2454 5678 diei
2480 5630 2593 5677 hora
2618 5629 2802 5684 ultima,
2827 5643 2936 5679 cum
2959 5633 3029 5680 sol
3053 5629 3364 5682 occidereth

2285 5688 2351 5752 lg)
2394 5689 2523 5738 Idem
2549 5689 2636 5738 Ms.
2670 5708 2692 5736 Î¹
2711 5691 2815 5740 lucc
2838 5691 3108 5742 hominibus
3128 5695 3434 5767 contingere.
3455 5713 3478 5744 Î¹
