4050 6188
189 220 281 283 ποι

152 363 160 369 -
191 335 341 395 habet.
384 334 455 391 Et
495 328 852 393 Samaritanus
875 342 969 390 est.
997 332 1105 398 Et,
1132 332 1199 387 In
1226 330 1482 387 Belzebub
1509 330 1743 403 principe

193 428 541 484 damoniorum
577 427 713 499 ejicit
757 427 1030 482 daemonia.
1082 424 1188 481 Sed
1230 425 1421 480 beatus
1447 425 1540 494 qui
1566 423 1752 481 dicere

190 527 348 590 potest
373 533 493 573 cum
523 519 781 589 Apostolo
807 536 821 572 :
847 518 1028 574 Gloria
1055 526 1231 572 nostra
1259 517 1366 572 lucc
1391 525 1495 581 est,
1522 517 1750 571 testiino-

190 612 314 665 nium
339 611 657 665 conscientia:
677 621 900 676 nostrae;
928 611 1170 681 quoniam
1197 611 1251 664 in
1280 609 1548 663 sanctitate
1571 616 1618 662 et
1643 609 1754 663 sin-

187 705 407 767 ceritate,
439 714 488 758 et
516 702 590 777 (α)
619 704 784 776 gloria
812 704 908 758 Dei
931 703 1213 758 conversati
1234 717 1409 756 sumus
1444 701 1498 755 in
1540 699 1749 754 mundo.

188 794 406 849 Audiens
426 795 650 863 proinde
674 794 957 849 Dominum
974 792 1239 847 dicentem
1257 811 1270 846 :
1285 790 1413 845 Ideo
1430 788 1647 843 mundus
1664 803 1753 843 vos

185 887 311 951 odit,
352 887 473 957 quia
515 903 618 941 non
659 888 779 942 estis
818 887 887 942 de
927 886 1137 941 mundo.
1185 885 1250 941 Si
1297 884 1431 938 enim
1472 882 1647 937 essetis
1690 880 1756 935 de

182 977 380 1041 mundo,
411 977 634 1033 mundus
658 979 795 1048 quod
822 994 974 1033 suam
1002 985 1142 1043 erat,
1175 976 1427 1047 diligeret.
1476 973 1754 1030 Periculo-

180 1081 283 1122 sum
312 1078 400 1124 est
422 1071 628 1125 malum
657 1069 861 1127 dixisse
884 1069 954 1126 de
978 1070 1154 1125 bonis.
1180 1068 1313 1123 Nam
1342 1068 1483 1124 sicut
1511 1064 1753 1137 probatis

247 1202 565 1326 ﬁgitﬁgit:
600 1204 949 1255 Ambrosianus
975 1205 1129 1255 codex
1160 1222 1185 1252 ι
1207 1212 1259 1255 et
1284 1203 1451 1255 ‘Gratia
1484 1202 1643 1263 Dei,s
1671 1213 1760 1264 pro

407 1281 432 1311 ι
549 1300 565 1313 ο
1624 1282 1632 1291 ⁸

172 1280 383 1313 ικιοτιι.
407 1281 432 1311 ι
464 1280 565 1313 etc.
1624 1282 1632 1291 ’

2204 1400 3057 1413 ..-η--Ἦῆρ
3079 1404 3407 1415 Ψ

170 1394 3444 1453 m

1501 1438 2204 1639 ὧῖτῖιιῗ

1434 218 1492 273 S.
1534 214 1916 275 lllERONYlﬂ
1956 216 2139 276 VITA.

3335 227 3443 286 ΞΜ

1851 333 1920 409 ad
1947 348 2225 402 coronam,
2255 336 2327 391 ita
2352 335 2804 406 exprobrantibus
2827 343 2893 397 ad
2915 344 3274 399 damnationis
3299 348 3437 418 (ant.

1855 424 2127 496 tumulum)
2152 427 2424 481 cumulum
2446 427 2608 483 cedit.
2638 428 2787 496 Quod
2812 443 2867 486 et
2889 435 3077 492 beatus
3102 438 3431 509 Augustinus

1857 526 2102 587 testatur,
2130 519 2314 574 dicens
2344 537 2357 573 :
2386 518 2559 576 Nemo
2588 520 2784 578 laceret
2807 538 2997 580 servos
3027 529 3142 595 Dei,
3171 533 3293 602 quia
3325 548 3432 590 non

1855 609 2072 679 expedit
2100 609 2480 667 lacerantibus.
2509 611 2688 667 Servis
2712 612 2926 682 quidem
2956 616 3050 670 Dei
3080 618 3226 675 falsis
3249 623 3433 679 detra-

1852 699 2123 756 ctionibus
2147 702 2342 757 crescit
2364 715 2577 758 merces
2596 744 2613 771 ,
2644 702 2741 759 sed
2768 712 2824 759 et
2855 719 3014 774 paena
3042 711 3233 764 crescit
3256 713 3438 767 detra-

1857 789 2128 847 hentibus.
2171 791 2306 848 Nam
2336 809 2443 849 non
2473 795 2591 850 sine
2615 808 2775 849 causa
2802 795 3007 851 dictum
3046 806 3131 853 est
3156 815 3169 852 :
3196 800 3322 855 Cum
3353 819 3439 859 vos

1858 881 2057 937 oderint
2080 883 2309 938 homines
2334 895 2381 939 et
2410 886 2848 955 exprobraverint,
2877 889 3175 944 mentientes
3196 906 3215 944 :
3235 894 3447 962 gaudete

1858 982 1905 1027 et
1931 972 2175 1040 exultate,
2204 976 2324 1041 quia
2350 992 2538 1031 merces
2564 987 2728 1031 ucstra
2746 979 2962 1047 copiosa
2986 989 3063 1034 est
3089 980 3141 1035 in
3167 983 3325 1039 curiis.
3353 984 3449 1041 lla-

1860 1082 1966 1135 que
1988 1069 2336 1125 consolemur
2360 1070 2587 1126 invicem
2615 1070 2670 1125 in
2695 1071 2878 1127 verbis
2903 1071 3042 1138 istis,
3073 1073 3451 1134 benedicentes

1863 1158 2146 1215 Dominum
2173 1161 2226 1215 in
2256 1162 2507 1217 omnibus
2536 1162 2635 1217 viis
2664 1163 2797 1217 suis.
2826 1163 2926 1231 Qui
2950 1165 3079 1221 vivit
3103 1174 3160 1222 et
3182 1180 3370 1240 regnat
3396 1170 3450 1226 in

1861 1251 2056 1306 saecula
2086 1253 2430 1306 surculorum.
2460 1255 2653 1308 Amen.

1056 1764 1450 1898 DIVI
1551 1765 2586 1897 HIERONYMI

1241 2007 1714 2081 INCEBTO
1769 2007 2304 2081 AUCTORE.

1649 2184 1967 2238 εθςωοςαθι

235 2304 533 2380 Plerosque
555 2306 805 2362 nimirum
829 2303 1110 2360 illustrium
1143 2303 1385 2358 virorum
1409 2316 1514 2356 non
1537 2300 1751 2369 ambigo

168 2418 351 2467 nosse,
393 2417 507 2472 quo
552 2409 730 2462 natus,
778 2397 1074 2467 quibusque
1122 2393 1450 2459 doctoribus,
1493 2391 1752 2463 quibusve

164 2494 395 2549 eruditus
444 2492 519 2547 sit
563 2489 779 2555 litteris,
820 2501 928 2558 quo
972 2485 1204 2556 denique
1249 2487 1489 2556 quiescat
1535 2491 1751 2538 sanctus

175 2583 523 2654 Hieronymus
565 2580 706 2635 loco.
741 2577 1122 2634 Verumtamen
1167 2576 1361 2646 quibus
1406 2590 1511 2631 non
1562 2585 1748 2639 vacat,

171 2672 244 2726 vel
265 2672 443 2742 legere
468 2670 757 2739 plurimum
782 2683 887 2722 non
910 2667 1108 2734 valent,
1133 2666 1235 2721 hoc
1257 2666 1303 2721 si
1323 2666 1589 2721 voluerint
1611 2680 1746 2736 opus

168 2762 545 2831 compendiosa
573 2760 832 2815 brevitate
859 2767 1111 2828 poterunt
1135 2758 1295 2813 scire.

229 2854 420 2908 Beatus
474 2853 635 2923 igitur
683 2851 1074 2922 Hieronymus,
1106 2849 1272 2905 nobili
1317 2864 1517 2920 genere
1556 2857 1746 2903 ortus:

168 2954 309 3013 patre
336 2958 478 3001 vero
506 2943 741 2999 Eusebio
771 2944 986 2998 nomine
1009 2959 1022 2997 :
1048 2942 1242 3013 oppido
1268 2938 1538 2998 Stridouis
1559 2982 1576 3008 ,
1608 2938 1750 3011 quod

168 3052 195 3090 a
222 3036 404 3092 Gelliis
434 3049 716 3098 eversum,
747 3033 1024 3088 Dalmatia:
1057 3033 1325 3103 quondam
1352 3031 1749 3100 Pannoniazque

165 3129 454 3181 confinium
501 3126 617 3179 fuit.
669 3125 912 3195 Congrue
954 3124 1162 3179 scilicet
1205 3123 1434 3178 Eusebio
1462 3131 1752 3193 generatus

168 3227 240 3271 est
263 3227 438 3288 patre.
494 3215 754 3271 Eusebius
780 3230 1010 3285 namque
1035 3215 1208 3268 Attice
1229 3256 1244 3281 ,
1274 3214 1515 3269 Romane
1558 3213 1752 3268 dicitur

168 3309 289 3374 pius.
344 3308 714 3378 Hieronymus
760 3321 971 3376 quoque
1010 3302 1253 3370 Eolice,
1299 3303 1486 3359 Latine
1532 3304 1752 3358 omnino

167 3415 300 3453 sacra
331 3399 415 3453 lea:
453 3397 785 3468 intelligitur.
815 3398 943 3454 Jure
972 3396 1130 3466 igitur
1161 3395 1539 3468 Hieronymus,
1562 3394 1615 3450 id
1644 3406 1746 3461 est,

165 3502 304 3543 sacra
333 3490 459 3554 lex,
488 3488 555 3543 de
587 3488 674 3557 pio
701 3488 931 3561 gignitur
960 3495 1113 3556 patre
1136 3504 1152 3545 ;
1178 3496 1233 3540 ut
1256 3486 1496 3542 studioso
1523 3485 1640 3556 ejus
1673 3485 1752 3539 la-

169 3579 284 3635 bere
303 3596 368 3636 ex
390 3580 441 3634 ll
454 3578 750 3633 chrazorum
768 3578 979 3647 scriptis
995 3577 1196 3647 absque
1214 3575 1286 3650 (ὁ)
1312 3576 1745 3646 scrupulositato,

164 3670 288 3725 alma
309 3680 437 3741 pate
454 3679 534 3724 ret
557 3668 691 3734 Lex,
712 3683 829 3738 qua:
853 3669 1082 3722 humano
1101 3668 1305 3738 generi,
1326 3683 1420 3722 sua
1443 3669 1750 3722 austeritate

164 3771 353 3819 remota
377 3805 393 3829 ,
426 3761 587 3833 pium
614 3775 676 3815 ac
705 3775 912 3814 sacrum
935 3800 949 3824 ,
984 3758 1494 3829 misericordemque
1541 3770 1749 3828 patrem

172 3857 427 3911 nuntiaret
461 3862 767 3909 venturum.
792 3852 891 3919 Qui
921 3866 1042 3905 cum
1075 3851 1275 3905 dudum
1303 3852 1443 3906 inter
1469 3851 1751 3920 pueritiam

171 3944 694 4012 adolescentiamque
722 3941 992 3996 incederet
1020 3940 1228 3995 medius
1249 3982 1265 4006 ,
1296 3942 1549 3995 instinctu
1578 3949 1751 3996 tactus

171 4034 388 4102 scelesti,
415 4032 682 4091 afﬁnibus
705 4029 910 4085 cunctis
931 4069 947 4093 ,
976 4043 1247 4098 censuque
1278 4040 1500 4099 paterno
1528 4032 1749 4098 relictis,

173 4132 221 4176 ut
243 4124 522 4194 perlectus
549 4120 829 4191 Evangelii
858 4119 1096 4174 imitator
1119 4121 1374 4190 quivisset
1398 4121 1648 4189 existere,
1672 4123 1755 4176 in-

171 4228 374 4281 gressus
404 4228 631 4279 navem,
660 4226 789 4265 aura
820 4209 986 4266 ﬂante
1012 4210 1265 4274 secunda,
1291 4210 1359 4265 ad
1384 4211 1565 4267 limina
1592 4213 1754 4267 subli-

170 4305 323 4360 mium
348 4303 738 4375 Apostolorum
769 4301 913 4357 Petri
932 4310 987 4356 et
1014 4300 1186 4369 Pauli,
1209 4300 1386 4355 divina
1408 4300 1754 4372 dispensante

171 4396 472 4460 clementia,
495 4396 788 4450 Romanam
814 4392 887 4467 (c)
912 4392 1044 4448 adiit
1067 4392 1275 4448 urbem.
1295 4391 1352 4447 lu
1382 4408 1485 4463 qua
1510 4392 1757 4449 videlicet

168 4482 352 4542 litteris
375 4486 583 4543 Grmcis
610 4496 664 4540 et
685 4484 887 4539 Latinis
913 4483 1198 4554 diligenter
1222 4484 1464 4555 apprime
1492 4482 1755 4554 eruditus,

228 4713 293 4780 (ai
334 4716 482 4780 Hanc
514 4729 709 4780 quoque
736 4718 933 4780 tertiam
963 4716 1026 4766 ab
1048 4718 1217 4780 inepto
1252 4719 1640 4769 oonsarcinatore
1667 4720 1754 4769 de-

168 4776 396 4843 scripttun
438 4776 492 4843 S_.
519 4776 820 4843 Hieronymi
839 4778 999 4843 Vitam
1029 4776 1303 4843 adteﬁximus
1321 4814 1356 4843 ,4
1376 4786 1439 4843 ut
1464 4795 1529 4843 ne
1552 4781 1668 4843 quid
1691 4794 1757 4832 cx

167 4838 663 4902 suntquisejusmodt
696 4838 1005 4902 monimentis
1039 4839 1187 4897 desit,
1230 4839 1360 4902 quod
1398 4840 1479 4891 alii
1512 4838 1628 4891 au'te
1668 4856 1758 4891 nos

167 4897 492 4963 slender-int.
509 4899 634 4963 Quin
656 4907 709 4948 et
730 4898 911 4951 laboris
932 4900 1137 4962 improbi
1161 4897 1404 4963 patientes
1420 4904 1545 4953 adeo
1562 4903 1757 4963 fuimus,

166 4962 303 5008 utad
329 4956 873 5024 codices_._u_uum
911 4956 1181 5022 praisertini
1214 4962 1417 5024 Regium
1453 4956 1756 5023 Succorum,

166 5014 962 5094 W_iq_¥ﬂl9§2§ibﬂ_oth€éa
994 5034 1202 5094 numero
1235 5014 1551 5094 luéuotatum
1587 5026 1696 5074 439.
1731 5014 1760 5075 ἆ

166 5081 349 5186 (ἔρξω,
374 5083 439 5126 ut
463 5080 620 5146 aiunt.
642 5080 700 5126 ad
922 5080 1257 5154 exigeremus'.
1288 5084 1424 5136 Vere
1445 5094 1611 5136 autem
1635 5098 1762 5148 prte-

171 5204 181 5210 ‘
210 5148 287 5210 tus
312 5145 407 5210 est.
423 5134 547 5187 olim
566 5138 795 5210 Erasmus
810 5177 823 5193 .
847 5141 1093 5210 historiam
1115 5145 1247 5210 hanc
1260 5160 1427 5210 parum
1455 5148 1762 5210 respondere

169 5202 285 5250 tanti
309 5201 411 5275 viri
435 5201 668 5275 tuleritis,
692 5213 786 5275 nec
807 5204 1004 5275 omnino
1021 5208 1204 5275 uenias
1236 5201 1507 5275 huiusmodi
1523 5201 1760 5275 ,_'ve_rius,

320 5260 489 5332 libros
509 5261 660 5311 fuisse
674 5262 937 5332 editurum,
960 5266 1049 5332 nisi
1070 5260 1324 5332 dea-etum
1335 5260 1544 5332 jam_sib'i

118 5338 128 5346 ε
168 5322 574 5432 iegignilmo'r'r:itstere,
600 5322 727 5385 quod
752 5322 830 5373 vel
856 5322 1077 5376 eruditus
1095 5322 1406 5379 desideraret
1441 5328 1618 5379 Lector
1635 5364 1650 5390 ,
1680 5322 1763 5378 vel

385 5398 418 5431 υ
454 5418 469 5431 .

168 5392 469 5431 meruduus.

233 5461 296 5527 (is)
338 5463 469 5514 Plus
511 5464 899 5534 habet-Reginis
941 5467 1034 5519 Ms.
1080 5468 1263 5534 absque
1291 5470 1433 5534 omni
1456 5470 1765 5534 scrupulosi;

345 5524 635 5596 tumuﬁeret
671 5525 752 5576 lea;
774 5524 872 5588 'pro
924 5535 1126 5591 pateret.
1158 5524 1336 5596 ﬂenda
1379 5544 1490 5596 quae
1523 5524 1651 5585 inter
1684 5547 1767 5585 va-

173 5584 359 5636 riantes
378 5585 648 5647 lectiones,
671 5584 945 5649 occurrunt,
970 5584 1403 5651 prauermittimus.‘

235 5664 300 5735 (c)
337 5667 518 5733 Mum
536 5666 650 5718 bsic
670 5669 919 5721 interserit
948 5669 1078 5720 idem
1102 5671 1190 5721 Ms.
1215 5686 1495 5738 properans.

1856 2303 1910 2349 et
1938 2293 2134 2349 Christi
2171 2305 2372 2353 vestem
2401 2298 2731 2367 suscipiens,
2760 2300 3045 2374 presbyter
3065 2320 3282 2378 quoque
3308 2309 3444 2366 Car-

1857 2385 2054 2440 dinalis
2086 2386 2281 2441 ibidem
2307 2397 2389 2442 est
2415 2388 2713 2444 ord'natus.

1926 2476 2060 2531 Nam
2109 2486 2165 2532 ut
2208 2476 2674 2548 inexpugnabilem
2721 2496 2835 2537 sua:
2881 2482 3141 2541 Ecclesia:
3188 2488 3444 2549 Dominus
3519 2540 3528 2549 .

1854 2581 2065 2620 murum
2094 2576 2284 2622 contra
2319 2567 2553 2637 perfidos
2575 2569 2961 2643 dementesque
3002 2573 3287 2634 luereticos
3330 2582 3442 2635 eri-

1853 2666 2033 2727 geret;
2060 2656 2181 2713 buic
2208 2658 2323 2713 viro
2354 2659 2404 2713 in
2441 2659 2735 2716 litterarum
2766 2664 2958 2720 studiis
2984 2666 3224 2738 plerique
3261 2670 3443 2740 (καθη-

1853 2746 2024 2818 νήτας)
2052 2747 2368 2818 αιΙιτιςεῑω,
2396 2748 2449 2804 id
2475 2762 2576 2816 est,
2608 2763 2964 2824 prareeptores
2989 2755 3160 2813 fuere.
3206 2758 3444 2817 Donatus

1852 2854 2048 2910 nempe
2085 2840 2481 2912 artbigrapbus,
2505 2842 2761 2898 Romanis
2783 2860 2906 2899 cum
2937 2847 3182 2903 imbuens
3211 2849 3445 2905 elemen.

1856 2932 1944 2995 tis,
1975 2932 2382 3002 liberaliumqne
2411 2930 2490 3004 (tl)
2510 2937 2704 2988 artium
2750 2951 2942 3004 sapore
2978 2939 3309 2996 sufﬁcienter
3347 2960 3441 2999 re-

1857 3020 2009 3089 plens
2035 3022 2285 3091 magister
2310 3023 2481 3076 extitit
2505 3023 2580 3077 illi
2603 3063 2620 3089 ,
2649 3025 2788 3078 sicut
2817 3026 2931 3096 ipse
2962 3029 3012 3083 iu
3043 3030 3311 3088 Chronica
3339 3049 3434 3091 sua

1857 3111 2120 3176 meminit,
2144 3112 2329 3167 dicens
2353 3128 2367 3165 :
2405 3111 2695 3168 Victorinus
2720 3116 2908 3185 rhetor,
2942 3130 2988 3173 et
3021 3121 3249 3177 Donatus
3268 3142 3446 3195 gram-

1857 3205 2071 3256 maticus
2094 3201 2183 3275 (e),
2200 3204 2429 3274 magistri
2445 3214 2493 3259 et
2519 3217 2854 3277 praeceptores
2878 3211 2996 3277 mei,
3021 3197 3200 3267 Romae
3218 3214 3442 3287 insignes

1857 3294 2185 3349 habebantur.
2202 3295 2520 3367 Gregorium
2540 3313 2768 3368 namque
2785 3300 3173 3358 Nazianzenum
3197 3305 3281 3375 (ut
3298 3306 3441 3363 idem

1857 3386 1910 3439 in
1944 3387 2103 3440 tertio
2131 3387 2569 3454 explauatiouum
2602 3389 2747 3445 Isaiae
2777 3390 2941 3446 refert
2970 3394 3148 3465 libro)
3197 3396 3444 3452 didasca-

1855 3476 1986 3539 lum,
2022 3476 2071 3531 id
2120 3486 2220 3537 est,
2254 3479 2563 3548 magistrum
2608 3496 2763 3537 suum
2809 3482 2974 3540 fuisse
3020 3493 3264 3542 testatur.
3305 3487 3440 3543 Nam

1857 3580 1976 3620 cum
2011 3566 2061 3618 in
2094 3566 2350 3635 pra~dicto
2374 3567 2642 3637 Propheta
2664 3570 2729 3624 ad
2757 3587 2877 3627 cum
2902 3575 3137 3631 venisset
3162 3576 3360 3643 locum,
3387 3580 3439 3633 in

1856 3671 1963 3725 quo
2003 3655 2070 3711 de
2114 3657 2393 3727 Seraphim
2438 3659 2688 3728 quiddam
2729 3662 3001 3719 debuisset
3025 3681 3334 3736 exponere,
3368 3670 3439 3724 ita

1858 3745 2067 3813 intulit,
2100 3747 2285 3802 dicens
2316 3765 2330 3802 :
2360 3747 2432 3802 De
2457 3749 2554 3802 Imc
2583 3751 2769 3805 visione
2791 3762 2909 3806 ante
2935 3770 3098 3809 annos
3122 3757 3322 3810 circiter
3347 3761 3442 3823 trie

1856 3837 2017 3909 ginta,
2046 3856 2160 3892 cum
2188 3857 2344 3894 essem
2374 3839 2847 3913 Constantinopoli,
2879 3854 2926 3899 et
2951 3846 3094 3914 apud
3134 3846 3299 3901 virum
3334 3850 3444 3904 elo~

1857 3929 2237 3995 queutissimum
2288 3930 2589 4002 Gregorium
2638 3929 3028 3989 Naeiansenum
3083 3948 3443 4008 prmeeptorem

1859 4034 2046 4085 meum,
2080 4030 2199 4072 tunc
2225 4021 2449 4089 ejusdem
2477 4023 2614 4077 urbis
2641 4021 2974 4095 Episcopum,
3005 4043 3269 4083 sacrarum
3300 4030 3445 4085 Scri-

1860 4116 2126 4176 pturarum
2171 4109 2356 4163 studiis
2406 4111 2670 4179 erudirer,
2713 4115 2818 4168 scio
2863 4132 2941 4169 me
2984 4117 3179 4171 brevem
3221 4120 3445 4176 dictasse

1858 4196 2177 4267 subitumque
2205 4208 2511 4265 tractatum,
2543 4211 2597 4254 ut
2616 4204 3014 4269 experimentum
3040 4222 3270 4276 caperem
3300 4210 3441 4283 inge-

1860 4288 1987 4341 nioli
2016 4288 2133 4355 mei,
2163 4297 2209 4342 et
2234 4289 2411 4342 amicis
2429 4288 2723 4360 jubentibus
2752 4292 2915 4349 obec’i:
2928 4310 3025 4350 em.
3066 4292 3072 4299 ’

1930 4379 2067 4447 Quid
2113 4394 2241 4434 vero
2266 4380 2334 4435 de
2372 4380 2527 4450 hujus
2569 4382 2669 4436 viri
2693 4384 2923 4455 eleganti
2968 4387 3247 4456 industria,
3275 4408 3440 4463 quam

1860 4485 1984 4541 erga
2025 4469 2279 4537 Latinos,
2327 4480 2380 4526 et
2407 4471 2656 4542 Graecos,
2704 4474 2991 4544 Hebraeos,
3041 4490 3097 4534 et
3143 4483 3441 4551 Arabicos,

1860 4559 2244 4633 Chaldaeosque
2264 4562 2316 4617 iu
2337 4562 2593 4619 discendo
2622 4566 3008 4623 elementorum
3033 4572 3211 4641 apices
3233 4572 3441 4641 habuit,
3504 4576 3529 4597 '

1862 4654 2209 4721 praestantius
2225 4653 2330 4710 dici
2354 4664 2548 4726 potest,
2577 4672 2733 4727 quam
2757 4659 2923 4731 ipsius
2944 4661 3009 4716 ad
3040 4662 3441 4719 Pammacliium

1862 4753 1916 4799 et
1941 4744 2210 4826 oceanum
2254 4747 2415 4802 missa
2449 4746 2767 4819 profitentur
2794 4751 2954 4807 verba
2992 4751 3222 4807 dicentis
3254 4770 3268 4804 :
3306 4751 3445 4807 Dum

1862 4851 2036 4903 essem,
2057 4838 2126 4907 (f)
2154 4838 2346 4908 inquit,
2363 4839 2588 4909 juvenis,
2607 4841 2734 4894 miro
2760 4842 2983 4895 discendi
3001 4840 3200 4910 ferebar
3217 4841 3402 4896 ardore
3426 4860 3445 4897 :

1861 4941 1953 4981 nec
1974 4928 2128 4998 juxta
2164 4930 2498 5000 quorumdam
2546 4932 2985 4999 pratsumptionem
3024 4930 3134 4999 ipse
3158 4946 3238 4985 me
3270 4932 3435 4989 docui.

1863 5016 2230 5085 Apollinarium
2256 5018 2428 5071 audivi
2455 5018 2736 5073 Antiochia
2758 5022 3059 5090 frequenter,
3087 5029 3134 5073 et
3152 5020 3308 5088 colui,
3331 5023 3444 5092 jam

1865 5115 1981 5159 tunc
2003 5123 2116 5160 cum
2146 5123 2223 5181 me
2246 5108 2298 5160 in
2329 5106 2611 5176 Scripturis
2648 5110 2835 5163 sanctis
2859 5108 3099 5178 erudlret,
3127 5114 3268 5169 canis
3292 5132 3442 5184 spar-

1865 5194 2071 5264 gebatur
2095 5205 2286 5264 caput:
2315 5207 2364 5250 et
2405 5198 2699 5267 ntqistrum
2746 5198 2913 5268 potius
2944 5215 3098 5270 quam
3140 5202 3449 5273 discipulum

1953 5439 1988 5489 d
2043 5404 2167 5488 lleic
2186 5449 2348 5489 autem
2371 5439 2469 5490 duo
2494 5442 2640 5491 verba
2662 5435 2839 5495 artum:
2865 5456 3055 5507 sapore,
3081 5452 3230 5497 tacet.

1937 5437 2006 5566 te?
2037 5499 2211 5550 Minori
2233 5513 2455 5564 numero,
2482 5509 2536 5566 et
2570 5504 2735 5566 verius
2771 5503 2903 5556 idem
2940 5509 3108 5566 habet,
3132 5520 3230 5566 mag

2755 5499 3113 5587 finierit».
3132 5512 3361 5587 ειιαριςιεν
3404 5514 3455 5559 ει

2313 5561 3175 5693 tam:
3210 5616 3457 5693 Terrebant
