4050 6188
569 265 675 319 203

568 384 793 438 decebat.
821 379 1032 437 Perrexi
1050 391 1212 436 tamen
1234 375 1610 439 Alexandriam,
1636 372 1804 426 audivi
1833 369 2108 440 Didymum
2133 385 2151 423 :

568 478 623 530 in
654 475 826 530 multis
867 475 912 528 ei
953 475 1146 544 gratias
1183 485 1297 539 ago.
1349 465 1498 532 Quod
1536 465 1754 528 nescivi,
1797 461 2152 532 didiei:quod

568 568 808 630 sciebam,
849 565 938 617 illo
979 565 1206 624 docente,
1254 575 1353 611 non
1393 557 1608 627 perdidi.
1657 555 1909 609 Putabant
1940 570 2018 607 me
2061 552 2152 605 Ιιο-

570 660 730 710 mines
754 656 905 723 ﬁnem
927 651 1108 722 fecisse
1127 649 1376 702 discendi.
1410 647 1536 702 Veni
1561 663 1764 701 rursum
1776 645 2153 715 Jerosolgmam

568 759 615 801 et
660 745 914 800 Bethleem
942 757 962 794 :
1000 757 1098 811 quo
1141 741 1302 812 pretio
1321 755 1464 810 ,~quo
1495 739 1666 792 labore
1694 738 1773 808 (α)
1800 736 2152 791 Barrabanum

573 835 840 890 llebrtzum
903 839 1208 886 nocturnum
1270 829 1424 883 habui
1478 827 1882 899 praeceptorem?
1929 823 2156 879 Timebat

567 926 700 977 cnim
739 921 948 976 Judteos
976 936 996 974 :
1039 930 1084 976 et
1102 921 1238 974 mihi
1265 921 1480 974 alterum
1510 919 1770 974 exhibebat
1800 916 2152 970 Nicodemum.

569 1013 694 1068 lla'c
713 1012 906 1082 itaque
931 1009 1133 1066 contuli
1160 1027 1172 1063 :
1200 1018 1256 1064 ut
1283 1010 1371 1079 qui
1400 1010 1540 1064 scire
1566 1009 1807 1078 cupiunt,
1840 1020 2001 1082 nosse
2027 1020 2158 1075 que-

567 1113 680 1166 ant,
712 1103 852 1156 sicut
884 1099 1103 1169 praedixi
1127 1141 1145 1162 ,
1175 1114 1280 1168 quo
1299 1108 1463 1152 natus
1502 1099 1654 1165 loco,
1687 1097 1950 1168 quibusve
1981 1103 2158 1150 tantus

570 1194 652 1245 vir
677 1190 952 1262 magistris
977 1189 1134 1244 fuerit
1158 1188 1494 1243 informatus.

641 1283 992 1338 Comumrans
1052 1281 1227 1350 itaque
1271 1280 1628 1351 Hieronymus
1691 1280 1906 1344 Romus,
1965 1279 2160 1333 mentis

570 1373 921 1443 corporisque
951 1373 1330 1442 virginitatem,
1363 1380 1416 1425 et
1441 1371 1758 1424 delictorum
1790 1368 2155 1439 pcenitentiam

575 1463 924 1530 custodiens,
994 1463 1238 1517 ﬁdelibus
1296 1461 1638 1532 pra-dicabat.
1695 1460 1961 1528 Multaque
2010 1458 2160 1529 juxta

572 1555 918 1624 Septuaginta
970 1554 1224 1608 librorum
1288 1552 1555 1606 volumina
1623 1559 1783 1619 atque
1848 1549 2160 1619 psalterium

573 1647 901 1713 mnendavit,
935 1646 1257 1715 Apostolicre
1287 1644 1402 1699 sedi
1433 1643 1646 1698 Liberio
1678 1642 1995 1712 [irazsidenle
2027 1657 2162 1710 pon-

577 1740 736 1792 tiﬁce.
767 1738 840 1791 Ea
855 1735 1213 1806 .proculdubio
1236 1743 1551 1803 tempestate
1583 1735 1878 1788 Romanum
1907 1733 2162 1803 populum

579 1845 674 1897 per
702 1827 1071 1882 Cottstantium
1109 1828 1400 1895 Augustum
1433 1825 1628 1880 Ariaua
1662 1824 1886 1879 hzrresis
1932 1825 2166 1878 macula-

581 1920 690 1972 liat.
713 1917 916 1973 Idcirco
945 1931 1075 1987 ergo
1103 1916 1387 1986 prmdictus
1410 1916 1512 1979 vir,
1539 1915 1818 1969 occasione
1847 1929 2004 1985 quam
2034 1929 2169 1968 sem-

582 2025 678 2078 per
702 2017 977 2080 optaverat
1004 2017 1244 2077 accepta,
1275 2017 1332 2061 ut
1359 2007 1605 2077 superius
1629 2017 1708 2061 est
1731 2006 1952 2069 dictum,
1983 2006 2167 2060 relicta

581 2105 775 2164 domo,
821 2100 1162 2171 parentibus,
1210 2113 1431 2162 sorore,
1480 2098 1752 2167 cognatis,
1801 2107 1853 2150 et
1883 2096 2077 2167 inclyta
2107 2111 2169 2150 ac

580 2191 964 2261 gloriosissima
1012 2189 1153 2243 Petri
1191 2189 1264 2260 (b)
1295 2188 1426 2242 urbe
1458 2204 1472 2239 :
1511 2203 1704 2256 corpus
1743 2195 1798 2241 et
1823 2186 1936 2241 sola
1965 2195 2168 2240 tantum

585 2283 760 2337 ferens
784 2295 905 2351 qua:
933 2280 1112 2334 itineri
1137 2278 1283 2332 utilia
1311 2292 1434 2333 esse
1459 2278 1692 2339 valuere,
1721 2292 1820 2330 una
1849 2292 1969 2332 cum
1992 2276 2173 2331 biblio-

589 2373 742 2428 thcca
789 2387 950 2442 quam
1001 2385 1214 2426 summo
1258 2368 1438 2423 studio
1489 2369 1540 2422 in
1599 2366 1812 2438 praelata
1867 2366 2173 2422 confecerat

587 2462 741 2527 urbe,
772 2462 1160 2533 Jerosolymam
1188 2470 1404 2530 propter
1442 2473 1662 2529 regnum
1685 2457 1943 2512 cmlorum
1962 2456 2173 2527 juvenis

590 2553 914 2607 militaturus
943 2551 1180 2606 advenit.

663 2645 950 2712 Postquam
978 2658 1105 2698 vero
1127 2656 1286 2696 omne
1317 2641 1703 2695 mundanarum
1729 2641 2024 2694 litterarum
2060 2648 2172 2694 stu-

591 2736 741 2789 dium
767 2734 992 2803 adeptus
1037 2743 1152 2798 est,
1199 2732 1692 2803 probatissimorum
1731 2747 1945 2802 quoque
1990 2747 2175 2786 mona-

590 2827 813 2881 chorum
861 2825 1096 2880 habitum
1128 2825 1428 2894 factumque
1450 2824 1687 2878 imitatus
1707 2823 2176 2893 cst.Cupiditatcm

591 2917 853 2989 siquidem
886 2915 1054 2970 animi
1079 2915 1191 2985 jugi
1220 2913 1527 2969 sinceritate
1554 2913 1790 2976 calcans,
1818 2913 2180 2983 voluptatem-

591 3023 696 3077 que
746 3007 991 3077 corporis
1043 3005 1265 3077 perenni
1313 3004 1565 3075 frangens
1609 3005 1848 3072 jejunio,
1901 3005 2180 3075 plerosque

593 3103 856 3156 bonorum
886 3098 1259 3170 religiosorum
1281 3137 1297 3163 ,
1323 3097 1578 3152 meliores
1608 3095 1720 3151 fore
1746 3110 1845 3151 suo
1881 3095 2064 3150 docuit
2096 3097 2180 3150 iu-

592 3193 797 3247 stituto.
835 3191 1076 3258 Quodam
1113 3190 1273 3259 igitur
1299 3197 1573 3258 tempore,
1603 3201 1722 3242 cum
1750 3202 1817 3241 ex
1861 3202 2010 3241 more
2037 3187 2178 3242 idem

595 3285 970 3354 Hieronymus,
998 3281 1176 3336 divina
1201 3278 1578 3350 adlegandum
1607 3278 1864 3348 panderet
1891 3278 2179 3341 volumina,

595 3387 651 3431 et
671 3375 1030 3431 immortalem
1059 3371 1397 3427 bibliothecm
1437 3384 1547 3424 sua:
1573 3379 1843 3425 auctorem
1875 3369 2184 3424 recordare-

598 3476 686 3520 tur
713 3466 974 3526 Tullium,
999 3477 1120 3516 mox
1161 3461 1370 3515 caelitus
1392 3475 1456 3512 ne
1485 3458 1556 3528 (c)
1585 3459 1719 3513 tales
1745 3459 2062 3528 quandoque
2093 3473 2182 3512 re-

599 3557 838 3610 volveret
868 3554 1035 3608 libros
1078 3550 1357 3606 salutifero
1382 3549 1672 3618 casrigatus
1709 3556 1793 3602 est
1832 3548 2074 3602 verbere.
2109 3547 2182 3602 Ita

601 3649 743 3703 enim
776 3648 890 3716 ipse
915 3646 982 3700 de
1011 3659 1068 3698 se
1101 3643 1166 3697 ad
1192 3637 1539 3696 Eustochium
1568 3639 1809 3694 scribens
1836 3641 2050 3694 asserit.

672 3739 796 3794 Cum
823 3747 940 3791 ante
963 3751 1124 3789 annos
1151 3734 1415 3804 plurimos.
1448 3731 1619 3794 domo,
1648 3730 1960 3800 parentibus,
1989 3746 2182 3796 sorore,

600 3831 863 3902 cognatis,
902 3837 948 3881 et
989 3824 1125 3898 quod
1167 3824 1246 3878 his
1273 3822 1524 3893 difﬁcilius
1569 3831 1662 3886 est,
1692 3820 2052 3874 consuetudine
2077 3821 2190 3874 lau-

601 3921 744 3975 tioris
787 3919 884 3972 cibi
927 3925 1133 3988 prapter
1174 3915 1414 3968 caelorum
1455 3928 1534 3966 me
1570 3928 1727 3983 regna
1763 3921 2060 3966 castrassem
2093 3926 2113 3966 :
2141 3921 2188 3966 et

599 4011 977 4080 Jerosolymam
1014 4007 1322 4060 militaturus
1367 4019 1656 4075 pergerem,
1699 4001 1994 4056 bibliotheca
2035 4019 2188 4074 quam

603 4103 727 4156 mitti
758 4101 932 4154 Romae
954 4113 1151 4152 summo
1175 4095 1340 4150 studio
1364 4111 1424 4147 ac
1468 4095 1637 4148 labare
1663 4097 1996 4165 confeceram,
2019 4109 2192 4148 carere

605 4212 706 4250 non
729 4202 972 4264 poteram.
997 4189 1178 4262 Itaque
1202 4192 1350 4243 miser
1373 4204 1462 4260 ego
1488 4188 1705 4242 lecturus
1733 4184 1958 4241 Tullium
1976 4188 2189 4257 jejuna-

607 4289 740 4340 bam.
785 4282 910 4338 Post
964 4283 1183 4336 noctium
1227 4281 1425 4334 crebras
1467 4279 1700 4350 vigilias.
1749 4289 1861 4349 post
1900 4280 2187 4349 lacrymas,

607 4392 732 4448 quas
756 4376 880 4428 mihi
901 4374 1267 4445 prwteritorum
1293 4371 1575 4424 recordatio
1615 4380 1954 4441 peccatorum.
1985 4385 2048 4423 ea:
2075 4369 2188 4422 imis

607 4469 874 4523 uisceribus
919 4469 1154 4533 eruebat,
1211 4464 1423 4519 Plautus
1460 4463 1748 4517 sumebatur
1787 4462 1838 4516 in
1881 4477 2080 4516 manus.
2129 4461 2191 4516 Si

695 4586 741 4645 τι)
787 4587 925 4637 Idem
967 4584 1256 4635 aaraninam
1300 4581 1513 4645 praefert.

696 4643 740 4708 bl
782 4650 871 4700 Ms.
905 4665 928 4695 ι
975 4643 1342 4708 religiosissima
1379 4644 1516 4692 Petri
1539 4654 1746 4708 tmpore
1768 4643 1912 4704 urbe,
1937 4655 2114 4706 corpus
2139 4649 2190 4694 et

610 4703 711 4761 sol'a
728 4703 930 4761 'tantum
953 4703 1164 4771 quaeriue
1195 4708 1243 4754 in
1267 4707 1449 4771 itinere
1472 4714 1587 4752 esse
1605 4703 1745 4771 milia
1764 4738 1790 4771 ,_
1803 4703 1903 4751 una
1922 4703 2062 4761 cum',
2088 4711 2188 4754 etc.

613 4782 712 4822 tum
755 4762 1034 4822 confecerat
1077 4762 1260 4826 Rome,
1302 4765 1562 4827 conferens
1599 4762 1948 4827 Jerosolyutam
1991 4775 2190 4827 propter

610 4847 764 4896 regna
787 4833 1022 4896 emlorurn
1048 4823 1256 4891 juvenis
1271 4825 1574 4896 militaturus
1613 4823 1825 4896 adventi.
1850 4823 2191 4896 Cumque'gn-

609 4884 803 4957 quantis
845 4884 1065 4957 peractis
1088 4887 1318 4940 morando
1358 4886 1536 4957 diebus
1564 4884 1874 4957 cognovisset
1891 4884 2058 4957 ,_qu:od
2081 4889 2190 4938 abs.

610 4944 708 5018 (ine
747 4944 1136 5018 animmdamno
1170 4963 1286 5018 nou_
1308 4944 1542 5016 valuisset
1562 4944 1752 5018 five-re
1777 4983 1790 5004 ,
1813 4944 1963 4995 mute
1989 4948 2039 5018 in
2073 4961 2194 5010 prae-

609 5005 732 5078 s'epe
756 5016 1036 5078 Βοιῃὶθίοοῖ
1073 5020 1132 5078 ut
1167 5005 1576 5078 prudensanimal
1601 5005 1754 5078 vellet
1777 5005 2187 5078 essecontiguus,

610 5067 737 5140 qu'od
758 5077 822 5126 ab
849 5067 1558 5140 Jerorplymis'seimillibns,»
1589 5075 1686 5140 etc.
1711 5067 1996 5140 quiealtera
2017 5067 2081 5119 ab
2102 5067 2192 5140 hac

610 5129 929 5202 pagina,sive
952 5129 1172 5202 columna
1201 5135 1296 5202 2J3
1327 5135 1709 5202 sttbsequuntur.
1733 5129 1874 5179 "fota
1905 5137 2070 5202 autem
2117 5133 2188 5202 iuo

611 5193 853 5249 ieFmedia
876 5199 1078 5246 historia
1102 5209 1190 5258 per
1214 5195 1320 5258 fere
1342 5195 1774 5258 ducentos_versus
1795 5193 1991 5239 omnino
2013 5193 2186 5250 abest,

608 5272 720 5321 quae
742 5272 863 5308 sane
901 5264 986 5306 aut
1007 5253 1120 5321 casu
1144 5253 1690 5321 excisa,_aut_sequiore
1712 5264 1856 5300 manu
1883 5260 2099 5300 truncata
2124 5265 2189 5321 ex

609 5315 808 5382 antiquo
838 5315 1107 5382 exemplari
1139 5318 1295 5382 videri
1334 5315 1461 5382 haud
1503 5321 1696 5382 potest,
1730 5325 1839 5360 cum
1881 5325 1910 5361 e
1935 5315 2191 5382 con-trario

608 5373 851 5442 nunq'uam
898 5373 1150 5442 extitisse,
1201 5373 1567 5442 macerationis
1587 5381 1848 5442 contextus
1874 5373 2188 5442 subiudiceth,

611 5441 700 5487 sed
723 5432 788 5488 de
811 5432 1206 5500 praecedentibus
1221 5432 1352 5500 Vitis
1388 5435 1483 5483 huc
1507 5438 1738 5500 intrusam
1761 5432 1908 5481 fuisse
1933 5443 2080 5500 atque
2103 5434 2189 5481 ad-

606 5507 780 5557 sutam,
807 5493 864 5545 ut
903 5501 958 5557 et.
993 5493 1229 5557 pleraque
1251 5496 1344 5544 alia
1367 5507 1476 5556 quae
1502 5493 1800 5555 potissimum
1825 5506 1890 5542 ex
1936 5494 2190 5554 ipsiusmet

606 5508 780 5555 sutam,
807 5508 864 5545 ut
903 5508 958 5541 ct
991 5508 1229 5596 pleraque
1251 5508 1344 5544 alia
1367 5508 1476 5556 quae
1502 5508 1725 5555 pOLlSSlml

605 5555 898 5628 ιιίςφοιτῐῖί.
917 5552 1144 5628 timetis
1161 5562 1428 5628 smeret.
1439 5560 1725 5628 990952999

599 5616 742 5728 “uel?
791 5611 932 5663 Satts
961 5611 1131 5670 supino
1153 5626 1320 5662 errore
1335 5611 1518 5662 lectum
1542 5617 1686 5660 antea
1709 5619 1785 5662 est
1807 5625 1903 5661 uno
1927 5613 2080 5662 verbo
2101 5627 2189 5664 na-

1838 256 1894 310 S.
1936 249 2316 308 HIERONYMI
2362 251 2539 308 VI'IA.

3733 250 3850 312 20b

2259 371 2464 438 quando
2488 371 2542 424 in
2568 379 2746 424 memet
2773 385 3000 424 reversus
3029 367 3314 439 Prophetas
3345 367 3507 440 legere
3534 369 3800 441 carpissem'
3829 382 3854 428 ε

2259 476 2424 513 sermo
2465 459 2698 514 horrebat
2743 461 2981 515 incultus.
3016 459 3086 514 Et
3125 461 3242 531 quia
3285 461 3451 516 lumen
3497 460 3644 517 caecis
3687 463 3853 520 ocuiis

2261 568 2360 606 non
2385 552 2613 606 videbam
2633 568 2655 606 :
2675 569 2778 607 non
2804 553 3066 606 oculorum
3087 552 3323 621 putabam
3358 554 3562 622 culpam
3585 569 3724 619 esse,
3759 555 3854 608 sed

2260 643 2401 695 solis.
2428 641 2566 696 Dum
2593 643 2664 696 ita
2697 660 2776 696 me
2797 643 3030 712 antiquus
3058 659 3262 710 serpens
3291 643 3525 696 illuderet
3545 685 3561 709 ,
3593 643 3648 698 in
3679 643 3854 699 media

2263 735 2421 803 ferme
2465 733 2895 804 Quadragesima,
2939 733 3175 786 medullis
3220 734 3392 804 infusa
3436 733 3589 803 febris
3613 774 3629 799 ,
3663 750 3854 805 corpus

2262 825 2444 879 invasit
2464 825 2782 890 exhaustum,
2806 835 2851 878 et
2871 825 2980 879 sine
3006 824 3112 878 ulla
3133 825 3322 893 requie,
3341 825 3477 893 quod
3500 827 3636 878 dictu
3657 843 3861 897 quoque
3914 880 3921 885 ,

2262 916 2555 970 incredibile
2593 926 2702 980 est,
2752 917 2826 969 sic
2869 916 3095 986 infelicia
3141 915 3363 968 membra
3408 916 3616 986 depasta
3644 926 3750 984 est,
3800 928 3858 971 ut

2264 1008 2456 1063 ossibus
2502 1009 2586 1062 aia:
2626 1008 2891 1062 haererent.
2941 1005 3156 1060 Interim
3203 1007 3516 1076 parabantur
3555 1009 3781 1080 exequ‘itz
3807 1018 3859 1063 et

2265 1099 2432 1154 vitalis
2446 1103 2630 1153 animi:
2644 1099 2806 1161 calor,
2833 1108 2938 1151 toto
2965 1099 3261 1168 frigescente
3279 1097 3395 1166 jam
3418 1114 3649 1168 corpore,
3671 1100 3724 1152 in
3745 1100 3858 1153 solo

2266 1199 2460 1242 tantum
2499 1198 2691 1257 tepente
2719 1187 3008 1257 pectusculo
3053 1186 3334 1256 palpitabat
3367 1204 3381 1240 :
3425 1204 3541 1242 cum
3581 1189 3742 1242 subita
3771 1206 3863 1242 ra-

2267 1291 2380 1350 pIus
2405 1279 2458 1333 in
2487 1279 2688 1349 spiritu,
2719 1278 2788 1331 ad
2830 1276 3054 1331 tribunal
3072 1277 3267 1345 judicis
3294 1279 3562 1346 pertrahor
3581 1319 3596 1345 ,
3625 1280 3709 1332 ubi
3741 1288 3860 1333 tan-

2269 1382 2371 1425 tum
2396 1371 2622 1434 luminis,
2653 1380 2699 1424 et
2719 1379 2916 1422 tantum
2945 1378 3053 1424 erat
3081 1386 3144 1424 ex
3163 1368 3599 1423 circumstantium
3626 1369 3862 1424 claritate

2269 1463 2482 1533 fulgoris
2511 1477 2529 1514 :
2554 1471 2610 1514 ut
2642 1464 2896 1531 projectus
2921 1462 2974 1515 in
3000 1471 3188 1515 terram
3206 1502 3222 1526 ,
3263 1477 3467 1515 sursum
3504 1463 3733 1530 aspicere
3756 1479 3862 1516 non

2269 1554 2524 1606 auderem.
2556 1550 2907 1622 Interrogatus
2949 1551 3012 1605 de
3054 1551 3376 1617 conditione,
3410 1552 3752 1607 Christianum
3780 1571 3863 1608 me

2270 1663 2375 1701 esse
2415 1646 2674 1716 respondi.
2722 1644 2788 1698 Et
2829 1646 2917 1700 ille
2955 1647 3042 1714 qui
3069 1644 3368 1714 prasidebat
3395 1663 3414 1699 :
3463 1645 3696 1700 Mentiris
3737 1648 3857 1701 ait:

2271 1739 2630 1794 Ciceronianus
2666 1755 2717 1792 es
2740 1779 2756 1804 ,
2782 1754 2882 1792 non
2911 1735 3250 1793 Christianus.
3297 1737 3396 1792 Ubi
3421 1739 3554 1792 enim
3595 1739 3863 1793 thesaurus

2272 1841 2407 1896 tuus,
2444 1829 2513 1884 ibi
2547 1839 2618 1884 est
2647 1839 2692 1883 et
2718 1846 2805 1883 cor
2838 1839 2997 1882 tuum.
3034 1829 3184 1883 Illico
3212 1827 3441 1882 obmutui
3467 1847 3486 1883 :
3513 1839 3558 1883 et
3588 1828 3718 1882 inter
3744 1845 3861 1882 ver-

2275 1925 2390 1977 bera
2437 1924 2581 1991 (nam
2626 1939 2704 1976 me
2744 1923 2871 1977 credi
2905 1923 3154 1992 jusserat)
3193 1923 3512 1977 conscientia:
3555 1923 3717 1992 magis
3746 1923 3869 1993 igne

2275 2016 2540 2088 torquebar
2568 2030 2587 2069 :
2627 2016 2774 2069 illum
2813 2030 3007 2068 mecum
3046 2013 3346 2068 uersiculum
3370 2023 3608 2080 reputans
3632 2011 3731 2067 :ln
3774 2013 3862 2066 iu-

2276 2105 2426 2160 feruo
2471 2113 2649 2160 autem
2694 2105 2816 2174 quis
2861 2103 3202 2158 conﬁtebitur
3249 2103 3386 2157 tibi:
3429 2103 3660 2158 Clamare
3694 2114 3866 2158 autem

2274 2197 2420 2260 ccepi,
2454 2204 2500 2248 et
2529 2194 2729 2263 ejulans
2757 2195 2922 2248 dicere
2945 2210 2965 2247 :
2994 2194 3245 2249 Miserere
3274 2194 3380 2248 mei
3406 2195 3628 2249 Domine
3657 2211 3672 2248 :
3699 2195 3867 2250 mise-

2277 2301 2396 2339 rere
2423 2283 2547 2339 mei.
2577 2283 2702 2338 Hac
2721 2300 2818 2338 vox
2844 2284 2976 2338 inter
2999 2283 3206 2354 ﬂagella
3229 2283 3524 2338 resonabat.
3543 2281 3775 2337 Tondeat
3795 2284 3867 2336 ad

2277 2373 2592 2444 prtesidentis
2612 2390 2776 2445 genua
2799 2373 3053 2444 provoluti
3075 2375 3162 2445 qui
3188 2375 3475 2440 astiterant,
3502 2375 3864 2443 precabantur,

2277 2477 2333 2521 ut
2354 2467 2544 2521 veniam
2573 2465 2806 2521 tribueret
2833 2465 3208 2533 adolescentiae,
3238 2476 3286 2520 et
3314 2467 3481 2521 errori
3509 2467 3673 2520 locum
3699 2468 3868 2531 pteni-

2281 2557 2447 2611 tentia:
2491 2555 2833 2611 commodaret
2864 2571 2884 2610 :
2924 2568 3197 2611 exacturus
3246 2556 3429 2610 deinde
3469 2557 3745 2610 cruciatum
3767 2596 3782 2620 ,
3823 2556 3870 2610 si

2281 2651 2546 2721 gentilium
2574 2650 2854 2704 litterarum
2887 2649 3040 2703 libros
3065 2650 3339 2717 aliquando
3363 2648 3611 2718 legissem.
3640 2646 3751 2719 Ego
3778 2651 3869 2718 qui

2280 2742 2331 2794 in
2359 2751 2500 2795 tanta
2540 2741 2836 2795 constrictus
2863 2740 3078 2793 articulo
3095 2781 3114 2806 ,
3142 2739 3319 2792 vellem
3344 2739 3493 2792 etiam
3523 2740 3721 2808 majora
3749 2753 3872 2807 pro-

2282 2831 2494 2897 mittere,
2521 2831 2748 2901 dejerare
2768 2830 2898 2901 carpi
2918 2846 2937 2883 :
2967 2838 3014 2883 et
3041 2845 3222 2882 nomen
3254 2830 3365 2898 ejus
3391 2827 3640 2881 obtestans
3659 2829 3828 2882 dicere
3847 2843 3870 2881 :

2286 2922 2534 2989 Domine,
2569 2922 2614 2976 si
2642 2938 2859 2992 unquam
2899 2923 3119 2976 habuero
3143 2922 3340 2976 codices
3379 2921 3654 2975 saeculares
3681 2935 3700 2975 :
3723 2921 3766 2975 si
3793 2921 3872 2975 ιε.

2283 3029 2429 3085 gero,
2460 3021 2508 3067 te
2536 3016 2732 3085 negavi.
2784 3011 2854 3067 In
2904 3013 3011 3067 haec
3055 3014 3360 3066 sacramenti
3404 3011 3554 3066 verba
3593 3012 3832 3066 dimissus
3851 3052 3867 3076 ,

2284 3116 2504 3160 revertor
2555 3105 2623 3157 ad
2665 3119 2911 3174 superos,
2963 3113 3010 3158 et
3057 3103 3354 3157 mirantibus
3415 3110 3643 3163 cunctis.
3695 3101 3872 3155 oculos

2285 3195 2506 3264 aperui:
2541 3203 2681 3247 tanto
2733 3192 3072 3263 lacrymarum
3115 3191 3272 3246 imbre
3309 3192 3575 3260 perfusos,
3617 3199 3670 3244 ut
3718 3194 3872 3244 etiam

2285 3285 2564 3339 incredulis
2595 3284 2747 3353 ﬁdem
2774 3287 2994 3354 facerem
3015 3299 3080 3336 ea:
3107 3283 3299 3336 dolore.
3334 3281 3443 3335 Nec
3469 3298 3584 3335 vero
3610 3298 3761 3351 sopor
3785 3282 3875 3336 ille

2287 3379 2474 3444 fuerat,
2496 3385 2581 3428 aut
2608 3390 2739 3429 vana
2762 3375 2978 3437 somnia,
3009 3374 3186 3444 quibus
3211 3388 3345 3443 stupe
3367 3371 3680 3427 deludimur.
3709 3369 3874 3426 Testis

2288 3475 2360 3520 est
2385 3467 2603 3520 tribunal
2623 3467 2752 3520 illud
2773 3478 2889 3520 ante
2906 3465 3043 3536 quod
3059 3466 3222 3535 jacui.
3248 3463 3412 3518 Testis
3429 3465 3570 3518 triste
3593 3464 3872 3534 iudicium,

2288 3560 2420 3628 quod
2457 3558 2620 3612 timui.
2665 3555 2750 3611 Ita
2794 3558 2917 3611 mihi
2954 3573 3212 3628 nunquam
3250 3557 3509 3626 contingat
3547 3554 3699 3609 talem
3742 3556 3876 3609 inci-

2289 3651 2407 3704 dere
2419 3649 2760 3718 quastionem.
2780 3647 3042 3702 Livoribus
3063 3649 3295 3703 habuisse
3316 3665 3393 3701 me
3409 3649 3591 3720 plenas
3609 3649 3874 3715 scapulas,

2291 3744 2469 3814 plagas
2506 3742 2718 3797 sensisse
2769 3758 2857 3812 per
2892 3742 3148 3795 somnium
3179 3757 3198 3796 :
3239 3751 3286 3794 et
3315 3751 3453 3794 tanto
3484 3741 3665 3794 dehinc
3705 3740 3878 3794 studia

2292 3836 2463 3889 divina
2498 3833 2695 3904 legisse,
2725 3843 2915 3900 quanto
2944 3833 3181 3886 mortalia
3201 3843 3317 3886 ante
3345 3833 3670 3903 perlegeram.

2362 3925 2505 3980 ldent
2536 3924 2693 3994 igitur
2721 3923 3076 3994 Hieronymus
3098 3964 3113 3988 ,
3159 3923 3298 3992 quod
3325 3923 3838 3991 prastermiseramus
3857 3963 3875 3987 ,

2292 4015 2416 4070 dum
2446 4016 2497 4069 in
2530 4015 2766 4069 Romana
2791 4013 2968 4068 adhuc
2988 4023 3129 4068 esset
3161 4012 3324 4076 urbe,
3351 4028 3414 4066 os
3453 4013 3660 4067 Damasi
3693 4013 3876 4080 νίψω,

2293 4117 2346 4160 et
2371 4121 2535 4160 sacra:
2574 4103 2912 4158 biblimheca:
2942 4111 3242 4166 scrutator,
3286 4101 3588 4155 divinorum
3616 4101 3880 4156 dissertor

2296 4183 2659 4251 voluminumi
2692 4197 2820 4249 dum
2853 4209 2947 4264 per
2971 4193 3252 4247 triennium
3285 4192 3630 4256 continuum,
3658 4191 3876 4251 cbarus.

2293 4296 2650 4357 acceptusque
2695 4285 3039 4355 popularibus
3085 4292 3431 4338 veneraretur
3472 4300 3485 4335 :
3532 4281 3882 4350 omniumque

2291 4377 2490 4446 judicio
2517 4377 2824 4445 pontiﬁcatu
2873 4376 3065 4446 dignus
3102 4375 3527 4430 decerneretur:
3573 4372 3883 4426 ordinatus-

2294 4484 2398 4538 que
2422 4483 2452 4522 a
2481 4467 2702 4538 praefato
2732 4471 2872 4538 Papa
2895 4467 3176 4538 presbyter
3203 4465 3524 4532 Cardinalis,
3551 4472 3610 4518 ut
3629 4465 3886 4533 superius

2295 4561 2547 4631 scriptum
2582 4567 2700 4625 est,
2731 4559 2916 4613 fuisset
2945 4557 3196 4628 :quidam
3227 4572 3290 4612 es
3320 4556 3662 4619 clericorum,
3686 4569 3882 4607 mona-

2296 4653 2625 4723 chorumque
2643 4650 2940 4714 ordinibus,
2966 4665 3062 4720 pro
3082 4649 3391 4720 petulantia,
3411 4646 3748 4717 ingluvieque
3761 4643 3884 4698 dis-

2295 4752 2572 4796 cursantes
2614 4741 2681 4795 ad
2719 4740 3059 4810 ell‘ugandum
3087 4739 3156 4793 de
3186 4739 3317 4794 urbe
3341 4737 3588 4793 eumdem
3616 4733 3886 4805 Hierony-

2297 4846 2471 4895 mum,
2522 4830 2611 4900 qui
2659 4820 3005 4900 utrorumq‘ue
3049 4844 3235 4884 eorum
3285 4827 3525 4883 scribens
3570 4825 3736 4890 vitia,
3783 4837 3886 4879 eos

2296 4919 2734 4990 reprehenderat,
2763 4920 2983 4974 insidias
3007 4926 3352 4989 paraverunt.

2363 5028 2563 5086 Verum
2591 5030 2734 5086 enim
2778 5045 2906 5085 vero
2931 5029 3073 5084 hunc
3100 5044 3201 5099 ego
3231 5027 3438 5085 felicem
3463 5025 3690 5082 dixerim
3721 5044 3735 5080 :
3776 5025 3882 5082 hu-

2290 5121 2379 5190 jus
2403 5120 2538 5191 fugre
2567 5129 2850 5186 eventum,
2895 5121 3216 5189 corrigentis
3235 5119 3436 5174 Christi
3470 5117 3676 5188 judicio
3701 5119 3886 5187 potius
3944 5123 3952 5128 '

2293 5213 2654 5282 dispensatum
2677 5251 2693 5279 ,
2723 5227 2881 5280 quam
2920 5227 3203 5282 pravorum
3232 5211 3505 5264 hominum
3544 5209 3884 5278 persecutio-

2297 5305 2452 5358 uibus
2503 5314 2743 5373 paratum
2791 5303 2906 5358 fore
2955 5305 3232 5365 existimo,
3279 5301 3487 5356 scilicet
3536 5311 3595 5355 ut
3638 5299 3885 5355 Romana

2295 5395 2529 5453 Ecclesia
2579 5396 2720 5450 Petri
2769 5398 3006 5451 instituta
3056 5395 3352 5465 regimine,
3399 5393 3638 5447 omnium
3682 5392 3889 5447 veteris

2294 5487 2620 5542 Testamenti
2653 5487 2910 5541 librorum
2935 5485 3152 5540 Christo
3183 5485 3292 5539 Deo
3323 5483 3542 5538 volente
3562 5525 3579 5550 ,
3607 5492 3664 5538 et
3689 5482 3888 5536 Hiero-

2297 5591 2460 5649 nymo
2486 5576 2745 5646 spirituali
2769 5575 2949 5631 studio
2973 5575 3290 5641 desudante,
3322 5573 3640 5629 llebraicam
3665 5587 3884 5642 quoque

2301 5665 2521 5722 haberet
2539 5665 2838 5732 veritatem,
2870 5674 2924 5721 et
2948 5663 3254 5719 Graecorum
3281 5660 3638 5732 quorumdam
3669 5661 3884 5738 tritas,
