4050 6188
201 326 313 387 εοε

204 461 327 516 qua:
353 446 456 502 sibi
478 462 510 502 a
541 446 650 504 Deo
676 463 862 508 omnes
896 450 1186 520 scripturas
1212 451 1468 509 divinitus
1489 456 1777 525 inspiratas

200 541 475 609 accepisse
491 541 793 610 plaudebat,
811 541 1140 612 eoshabere,
1162 545 1315 616 quod
1331 546 1444 616 ipsa
1471 564 1575 602 non
1598 548 1778 616 habet,

197 640 565 699 recognoscat.

264 722 431 792 Igitur
481 723 873 795 Hieronymus,
928 736 988 782 ut
1035 727 1146 798 jam
1200 727 1401 784 dictum
1446 737 1557 795 est,
1609 729 1776 784 Roma

191 828 477 882 egressus,
526 816 593 869 ad
637 817 914 873 Orientem
952 821 1213 887 tendens,
1263 821 1535 891 prolectus
1581 831 1663 877 est
1708 821 1776 876 ad

189 904 510 973 Gregorium
537 906 954 977 Nazianzenum,
1000 912 1600 981 Constantinopolitante
1629 912 1776 966 urbis

188 996 514 1067 Episcopum
550 1016 562 1057 ;
591 998 681 1053 ubi
721 1000 795 1054 ita
842 1001 1102 1071 prolicere
1129 1001 1352 1068 studuit,
1380 1010 1437 1056 ut
1466 1011 1772 1055 sanctarum

180 1087 586 1157 Scripturarum
630 1090 821 1145 studiis
848 1092 1149 1147 erudiretur
1184 1110 1199 1145 :
1238 1103 1290 1147 et
1317 1094 1535 1162 supplex
1564 1134 1580 1157 ,
1624 1092 1772 1147 doci-

175 1180 353 1248 lisque
406 1182 734 1250 discipulus,
782 1183 913 1237 adiit
958 1194 1343 1253 prteceptorem
1385 1202 1399 1238 :
1442 1198 1673 1253 eumque
1717 1183 1770 1237 in

170 1270 776 1341 Constantinopolitana
796 1273 929 1327 urbe
958 1275 1293 1328 observabat.
1318 1275 1429 1329 Hoc
1452 1274 1770 1342 diseipulatu

168 1359 547 1431 Hieronymus
585 1370 800 1429 peracto
819 1402 833 1425 ,
860 1362 913 1415 in
940 1361 1149 1433 Syriam
1180 1363 1447 1430 perrexit;
1475 1372 1527 1417 et
1558 1362 1685 1415 dum
1716 1362 1767 1416 in

166 1451 530 1517 possessione
568 1451 779 1522 Evagrii
803 1452 1100 1523 presbyteri
1123 1461 1455 1517 moraretur,
1505 1450 1767 1505 Malchum

166 1538 505 1593 monachum
545 1540 833 1608 aliquando
870 1542 1139 1611 captivum
1181 1543 1379 1612 reperit
1410 1562 1423 1597 :
1454 1550 1769 1610 percuncta-

167 1639 365 1697 trisque
411 1644 564 1693 eum,
615 1644 828 1684 omnem
865 1631 983 1697 ejus
1027 1632 1345 1702 captivitatis
1383 1632 1567 1686 didicit
1595 1632 1762 1687 histo-

170 1720 329 1785 riam,
358 1734 524 1788 quam
550 1728 735 1789 postea
757 1719 944 1785 edidit,
972 1722 1328 1790 scriptumque
1353 1721 1607 1775 Romanis
1634 1721 1763 1776 lide-

167 1812 303 1866 libus
333 1811 487 1866 misit
512 1829 525 1863 :
554 1811 669 1866 lucc
696 1812 750 1866 in
779 1812 931 1866 istius
961 1812 1198 1867 historice
1232 1814 1473 1867 inserens
1497 1813 1753 1884 prologo:

172 1904 422 1966 Scribere.
458 1905 661 1975 inquit,
692 1906 941 1975 disposui,
984 1907 1028 1959 si
1064 1914 1229 1959 tamen
1258 1904 1395 1959 Deus
1423 1906 1575 1959 vitam
1603 1906 1754 1961 dede-

173 1998 232 2049 rit
265 2012 281 2049 :
332 2007 383 2051 et
426 1998 473 2050 si
510 1997 871 2065 vituperatores
912 1996 1010 2050 mei
1054 1996 1231 2050 saltem
1257 1995 1533 2067 fugientem
1568 2012 1679 2064 me,
1706 2006 1753 2051 et

170 2087 395 2143 cluusum
426 2089 658 2157 persequi
678 2088 934 2143 desierint.

234 2182 312 2237 Ad
340 2182 559 2236 deserta
598 2180 793 2237 deinde
819 2181 934 2236 loca
953 2223 969 2248 ,
995 2180 1067 2235 ad
1090 2196 1208 2252 quae
1227 2181 1356 2237 olim
1390 2182 1460 2236 ob
1488 2182 1749 2252 agendam

171 2272 288 2327 inibi
318 2273 695 2344 paenitentiam
742 2288 1029 2343 properare
1058 2273 1304 2342 cupiebat
1328 2314 1343 2338 ,
1373 2274 1442 2328 ita
1476 2274 1629 2328 laetus
1656 2289 1749 2328 ac-

167 2364 476 2432 cinctusque
533 2364 787 2426 accessit,
818 2371 876 2417 ut
921 2363 1131 2417 volasse
1180 2378 1302 2418 eum
1357 2364 1559 2433 magis,
1588 2379 1747 2433 quam

167 2466 364 2507 measse
401 2452 681 2508 crederes.
709 2453 993 2521 Quomodo
1033 2469 1160 2508 vero
1201 2469 1299 2524 per
1335 2453 1746 2524 quadriennium

164 2544 401 2599 continue
478 2543 672 2599 Christi
728 2544 905 2615 potius
954 2545 1160 2599 auxilio
1212 2545 1560 2613 ptenituerit;
1606 2544 1743 2601 idem

167 2632 514 2707 Hieronymus
544 2675 559 2699 ,
612 2650 732 2706 qua:
800 2644 992 2705 sponte
1064 2634 1332 2704 pertulerit
1405 2634 1570 2704 ipsius
1650 2634 1741 2690 Dei

162 2726 368 2795 gratiam
407 2726 669 2792 all‘uisse,
700 2726 1002 2796 huiusmodi
1048 2727 1224 2782 verbis
1276 2726 1569 2782 indicavit:
1603 2727 1744 2795 Quo-

163 2816 241 2869 ties
271 2817 322 2871 in
360 2833 536 2873 eremo
578 2818 875 2871 constitutus
922 2818 975 2871 in
1017 2817 1107 2871 illa
1145 2826 1284 2870 vasta
1304 2817 1604 2883 solitudine,
1627 2835 1741 2889 qua:

163 2919 318 2965 exusta
343 2912 476 2965 solis
504 2910 769 2964 ardoribus
784 2909 1043 2963 horridum
1072 2909 1330 2964 monachis
1355 2912 1625 2980 praestabat
1644 2911 1739 2965 Ita-

161 2999 408 3055 bitaculum
436 3020 454 3054 :
479 3002 649 3072 putavi
677 3018 771 3064 me,
792 3001 979 3070 inquit,
1000 3000 1243 3057 Romanis
1265 3002 1499 3057 interesse
1522 3003 1731 3059 deliciis.

161 3090 386 3146 Sedebam
449 3094 587 3146 solus
606 3135 621 3158 ,
652 3093 770 3162 quia
793 3094 1132 3148 amaritudine
1159 3095 1378 3162 repletus
1405 3111 1544 3149 eram
1564 3110 1584 3151 :
1616 3095 1733 3149 hor-

158 3182 309 3237 rebant
347 3200 507 3240 sacco
532 3186 753 3239 membra
788 3186 1036 3256 deformia
1055 3227 1068 3247 .
1101 3197 1148 3241 et
1174 3187 1409 3259 squalida
1432 3190 1559 3242 cutis
1582 3190 1733 3244 situnt

162 3271 457 3347 Ethiopian
480 3278 652 3331 carnis
682 3278 958 3333 obduxerat
990 3296 1009 3334 :
1034 3280 1256 3349 quotidie
1280 3280 1533 3350 lacrymae,
1562 3284 1731 3353 quoti-

163 3368 232 3423 die
252 3371 455 3439 gemitus
487 3385 510 3425 :
535 3379 581 3423 et
609 3370 653 3424 si
687 3372 889 3441 quando
918 3382 1278 3442 repugnantem
1320 3390 1525 3428 somnus
1557 3375 1727 3429 immi-

164 3474 266 3513 nens
293 3462 659 3530 oppressisset,
690 3463 827 3515 nuda
874 3464 1026 3517 humo
1068 3465 1150 3517 via:
1203 3480 1317 3518 ossa
1351 3466 1593 3520 haarentia
1617 3468 1725 3522 col-

164 3549 372 3607 lidebam.
402 3553 484 3607 De
527 3554 649 3607 cibis
688 3568 801 3607 vero
842 3562 889 3607 et
932 3565 1052 3623 potu
1096 3566 1271 3611 taceo:
1298 3572 1411 3609 cum
1440 3558 1588 3611 etiam
1612 3558 1727 3612 lan-

161 3652 337 3709 guentes
358 3644 594 3699 monachi
622 3660 753 3714 aqua
778 3646 965 3716 frigida
990 3648 1232 3704 utantur:
1255 3656 1299 3701 et
1314 3658 1508 3702 coctum
1532 3651 1726 3721 aliquid

161 3734 381 3801 accepisse
404 3776 418 3797 ,
448 3736 659 3789 luxuria
684 3736 766 3788 sit.
798 3735 898 3790 Ille
948 3736 1102 3807 igitur
1148 3754 1237 3809 ego
1268 3740 1352 3808 qui
1389 3739 1449 3793 ob
1484 3741 1726 3811 gehennte

162 3832 319 3876 metum
345 3826 432 3878 tali
455 3841 539 3878 me
551 3842 721 3880 carere
745 3826 852 3895 ipse
872 3827 1246 3894 damnaveram,
1272 3832 1592 3900 scorpionum
1608 3842 1722 3886 tan-

161 3921 247 3963 tum
265 3916 419 3967 socius
434 3925 483 3969 et
502 3918 749 3986 ferarum,
774 3933 907 3987 stupe
920 3917 1088 3971 choris
1105 3920 1369 3972 intererant
1393 3922 1674 3990 puellarum
1698 3940 1719 3980 .'

161 4006 382 4068 pallebant
424 4025 519 4063 ora
549 4009 782 4079 jejuniis.
812 4022 858 4065 et
886 4028 1024 4065 mens
1046 4013 1307 4068 desideriis
1336 4017 1600 4071 wstuabat.
1648 4017 1718 4074 In

160 4093 319 4163 frigido
344 4114 556 4169 corpore
579 4110 626 4151 et
652 4110 767 4153 ante
792 4102 1044 4154 hominem
1070 4120 1214 4156 suum
1247 4106 1362 4174 jam
1406 4124 1558 4162 carne
1586 4126 1719 4179 pra:-

158 4198 345 4252 rnortua.
373 4192 485 4245 sola
509 4191 772 4247 libidinum
798 4196 1028 4249 incendia
1054 4197 1344 4252 bulliebant.
1372 4198 1553 4271 Itaque
1580 4205 1713 4259 omni

158 4279 319 4332 auxilio
342 4283 628 4349 destitutus,
656 4285 725 4337 ad
743 4284 867 4338 Iesu
894 4286 1127 4355 jacebant
1158 4288 1307 4357 pedes
1332 4306 1351 4345 :
1383 4291 1608 4362 rigabant
1637 4294 1714 4349 la-

156 4373 314 4439 crumis
336 4377 511 4431 :crine
554 4378 802 4448 tergebam
833 4396 851 4433 :
876 4388 922 4433 et
966 4391 1326 4451 repugnantem
1369 4400 1593 4449 carnem,
1625 4388 1712 4443 lte-

156 4458 489 4521 bdomadarum
516 4468 687 4522 inedia
713 4471 1065 4542 subjugabam.
1083 4472 1205 4527 Non
1234 4474 1515 4545 depudesco
1543 4480 1712 4551 infeli-

154 4551 293 4608 citatis
324 4573 462 4625 ntecc,
495 4561 615 4629 quin
650 4562 814 4629 potius
845 4563 1031 4634 plango
1062 4582 1161 4619 non
1193 4582 1300 4620 esse
1342 4569 1478 4637 quod
1501 4570 1704 4636 fuerim.

156 4637 337 4699 Memini
381 4665 458 4705 me
498 4650 795 4706 clamantem
826 4654 955 4708 diem
995 4656 1165 4711 crebro
1184 4658 1422 4727 junxisse
1458 4678 1572 4717 cum
1613 4682 1706 4719 no-

153 4739 215 4785 cte
241 4750 258 4788 :
282 4754 367 4791 nec
402 4744 541 4811 prius
582 4760 614 4797 a
653 4746 867 4814 pectoris
912 4764 1130 4803 cessasse
1181 4752 1462 4808 verberibus
1485 4797 1501 4821 ,
1532 4773 1701 4826 quam,

151 4819 345 4883 Domino
368 4832 674 4905 increpante,
704 4839 891 4893 rediret
917 4843 1273 4912 tranquillitas.
1306 4843 1335 4898 1
1339 4819 1494 4917 psam
1511 4819 1705 4921 quoque

149 4914 362 4972 cellulam
408 4940 603 4994 nteant,
640 4930 785 4999 quasi
822 4933 1183 5002 cogitationum
1204 4953 1427 4992 mearum
1451 4942 1701 4995 consciam

150 5007 544 5079 pertimescebam,
574 5028 619 5073 et
646 5021 870 5075 mihimet
914 5024 1074 5079 iratus
1115 5037 1162 5080 et
1210 5028 1421 5099 rigidus,
1446 5031 1585 5085 solus
1610 5036 1697 5087 de-

146 5104 260 5193 serta
286 5105 617 5170 penetrabam.
642 5111 820 5167 Sicubi
844 5130 1063 5169 concava
1088 5118 1327 5185 vallium,
1356 5137 1537 5193 aspera
1558 5142 1699 5179 mon-

135 5183 269 5276 tium,
290 5192 365 5245 vel
388 5199 588 5267 rupium
614 5216 872 5276 prazrupta
895 5209 1188 5276 cernebam,
1212 5212 1279 5265 ibi
1305 5229 1428 5267 mea:
1455 5218 1698 5271 orationis

147 5270 281 5371 locus,
312 5282 440 5339 illud
464 5270 754 5349 miserrimtc
776 5270 943 5351 carnis
966 5270 1276 5369 ergastulum
1308 5318 1327 5355 :
1355 5310 1413 5357 et
1439 5303 1457 5373 (
1484 5314 1539 5359 ut
1565 5308 1695 5362 mihi

145 5376 241 5465 ιρεξι
258 5375 404 5431 testis
428 5388 511 5435 est
536 5382 834 5459 Dominus)
868 5399 987 5458 post
1026 5390 1221 5444 multas
1255 5391 1519 5464 lacrymas
1539 5436 1553 5461 ,
1576 5408 1696 5465 post

145 5461 260 5556 ξωιο
284 5468 462 5526 oculos
490 5471 812 5534 inhaerentes
833 5520 849 5545 ,
882 5496 1261 5553 nonnunquam
1305 5461 1525 5540 videbar
1564 5461 1695 5546 mihi

143 5559 374 5649 Interesse
393 5566 693 5633 agminibus
717 5570 1066 5639 angelorum;
1096 5583 1150 5629 et
1173 5574 1327 5631 hctus
1352 5575 1695 5649 gaudensque

141 5648 390 5708 cantabam
415 5670 430 5708 :
460 5655 580 5713 Post
609 5668 655 5715 te
680 5661 732 5715 in
757 5661 959 5717 odorem
977 5674 1342 5735 unguentorum
1357 5678 1555 5723 tuorum
1582 5648 1694 5724 cur-

141 5742 297 5791 tentus.

1459 338 1515 396 S.
1560 340 1938 401 HIERONYMI
1979 347 2158 404 VITA.

3369 372 3477 428 ἳθεί

1962 460 2328 552 Quadriennio
2355 464 2536 537 itaque
2556 467 2814 527 dedicatio
2840 478 3162 543 paenitentia:
3177 492 3386 552 exacto,
3407 488 3474 542 ad

1887 547 2163 607 Bethleem
2212 554 2467 625 oppidum
2498 557 2638 613 idem
2668 560 3022 635 Hieronymus
3060 575 3317 629 remeavit
3340 547 3473 632 :iubi

1885 642 2035 709 quasi
2055 644 2290 711 prudens
2316 648 2513 702 animal
2538 648 2606 704 ad
2633 664 2879 721 praesepe
2904 654 3110 713 Domini
3138 675 3257 717 sese
3283 679 3473 722 contu-

1884 728 1963 795 lit,
1995 733 2137 802 quod
2158 734 2227 788 ab
2250 734 2601 810 Jcrosolymis
2625 755 2723 797 se:
2751 743 2987 800 millibus
3008 760 3287 817 separatur
3303 795 3317 815 ,
3338 772 3470 810 cou-

1884 832 1962 875 tra
2011 824 2362 881 meridianam
2412 830 2621 900 plagam
2658 851 2670 887 :
2716 834 3086 907 accedensque
3132 840 3200 895 ad
3230 842 3469 912 ejusdem

1882 913 2027 967 urbis
2055 916 2361 983 pontiﬁcem
2388 919 2643 990 Cyrillum
2676 926 2913 991 nomine,
2938 929 3091 997 petiit
3116 940 3172 984 ut
3201 937 3467 1003 parmcias,

1878 1018 1998 1072 qua:
2028 1004 2305 1063 Bethleem
2333 1008 2507 1066 fuerat
2542 1014 2666 1078 sita,
2696 1015 2875 1071 locum
2917 1018 3020 1074 sibi
3071 1019 3343 1080 habitandi
3370 1028 3467 1082 tris

1878 1092 2085 1187 haeret.
2115 1094 2211 1150 Cui
2250 1099 2499 1156 nimirum
2530 1103 2604 1173 (a)
2632 1121 2763 1160 mox
2782 1108 2927 1177 quod
2969 1109 3260 1171 devotione
3300 1132 3467 1187 popo-

1877 1184 1998 1273 scit.
2028 1185 2189 1255 digne
2214 1193 2501 1247 concessit.
2535 1194 2691 1265 Digni
2724 1201 2919 1255 etenim
2951 1202 3274 1273 habitaculi,
3301 1184 3469 1265 Bath-

1876 1366 2297 1459 monasterium;
2336 1369 2393 1425 ln
2438 1388 2545 1442 quo
2589 1386 2786 1433 statuta
2835 1381 2903 1437 ab
2954 1384 3229 1455 Apostolis
3280 1394 3463 1459 regula

1873 1450 2072 1547 degens
2098 1459 2260 1527 carpit
2277 1502 2290 1525 ,
2318 1463 2458 1531 quod
2484 1465 2611 1521 olim
2646 1470 2872 1526 multum
2900 1450 3177 1547 cupierat,
3200 1494 3322 1536 cum
3340 1450 3461 1539 ira-

1874 1545 2043 1602 tribus
2069 1548 2418 1620 habitare,et
2460 1570 2581 1612 cum
2623 1560 2855 1618 Eusebio
2894 1545 3245 1629 Cremonensi
3292 1575 3461 1631 nobili

1868 1634 2005 1732 :iro,
2033 1637 2187 1707 cujus
2215 1643 2567 1708 postulatione
2591 1664 2657 1703 ex
2682 1649 2871 1709 Graeco
2892 1670 3144 1715 sermone
3170 1664 3455 1732 quamdam

1866 1720 2158 1791 Epistolam
2189 1733 2456 1787 transtulit
2482 1734 2535 1788 in
2565 1736 2831 1796 Latinum.

1934 1812 1989 1868 in
2013 1830 2120 1885 quo
2143 1834 2268 1874 vere
2294 1822 2591 1892 sciendum,
2618 1826 2755 1885 hanc
2781 1836 3094 1892 matutinam
3118 1842 3448 1911 psalmodiaa,

1857 1920 1976 1976 quae
2005 1922 2147 1963 nunc
2171 1909 2510 1978 observatur.
2538 1918 2589 1973 in
2606 1921 2842 1978 occiduis
2866 1929 3099 1986 maxime
3118 1909 3446 2008 regionibus,

1856 1999 2165 2054 canonicam
2197 2002 2272 2072 (b)
2297 2003 2624 2065 lunctionem
2650 2019 2979 2072 monasterio
3009 1999 3251 2089 primitus
3288 1999 3446 2085 iusti;

1857 2096 2046 2155 tutam,
2065 2092 2155 2146 ubi
2187 2095 2474 2162 praedictus
2502 2102 2585 2155 vir
2607 2105 2810 2160 otiosus
2826 2123 2933 2163 non
2960 2110 3125 2168 luisse
3145 2117 3447 2177 credendus

1853 2188 1939 2233 est
1971 2196 1983 2232 :
2012 2182 2101 2250 qui
2129 2192 2333 2240 tantum
2358 2188 2513 2243 nobis
2534 2191 2588 2245 in
2616 2197 2964 2254 translatione
2990 2201 3183 2259 divime
3206 2206 3447 2280 Scriptu-

1854 2284 1930 2322 ra:
1975 2274 2257 2341 prmstitit,
2305 2286 2363 2331 ut
2402 2278 2470 2333 ad
2513 2279 2858 2341 Hebrteorum
2898 2288 3099 2347 fontem
3153 2310 3289 2364 pene
3327 2274 3442 2358 non

1852 2375 2103 2431 egeamus
2128 2366 2384 2424 accedere
2415 2387 2428 2422 :
2459 2373 2833 2441 quoniam'nos
2856 2378 3121 2439 facundiae
3145 2400 3255 2442 sua:
3276 2392 3439 2447 multa

1850 2454 2191 2524 cognoscitur
2218 2457 2459 2515 ubertate
2489 2463 2715 2521 satiasse
2734 2467 2979 2536 plurimis
3005 2472 3177 2542 libris,
3206 2480 3440 2549 copiosis

1852 2544 2101 2613 Epistolis
2126 2547 2250 2605 fecit
2274 2565 2394 2608 esse
2423 2554 2609 2611 beatos
2628 2597 2644 2624 ,
2671 2560 2863 2629 quibus
2906 2564 3175 2635 scribere,
3210 2544 3439 2630 Domino

1848 2647 2133 2705 prasstante
2157 2639 2403 2714 dignatus
2423 2656 2527 2701 est.
2602 2640 2609 2643 ”

1916 2727 2059 2786 inter
2087 2742 2281 2790 caetera
2312 2738 2552 2808 profecto
2572 2744 2868 2803 studiorum
2900 2766 3118 2807 suorum
3144 2763 3430 2827 Opuscula,

1841 2835 1871 2873 a
1896 2819 2052 2876 beato
2073 2822 2231 2879 Petro
2250 2841 2466 2883 sumens
2482 2832 2780 2901 exordium,
2803 2853 2971 2909 usque
2987 2843 3052 2896 ad
3083 2819 3430 2917 semetipsum

1840 2909 1908 2965 de
1939 2910 2079 2966 Viris
2107 2914 2404 2973 illustribus
2446 2923 2662 2992 scripsit
2692 2943 2706 2979 :
2746 2927 2983 2984 imitatus
3015 2909 3382 3004 Tranquillum
3410 2982 3428 3008 ,

1839 3000 2192 3073 Graecumque
2250 3008 2577 3077 Apollinium
2626 3030 2640 3067 :
2682 3016 2771 3071 ubi
2837 3017 2906 3073 de
2969 3035 3029 3075 se
3088 3000 3428 3084 ila'rclerli

1841 3089 1965 3146 Post
1998 3094 2284 3164 catalogum
2314 3099 2649 3165 plurimorum
2667 3144 2682 3169 ,
2711 3121 2791 3158 me
2812 3122 3007 3177 quoque
3034 3110 3087 3164 in
3114 3116 3251 3168 calce
3287 3118 3430 3171 volu-

1837 3181 1987 3235 ntinis
2012 3185 2157 3253 quasi
2182 3185 2462 3241 abortivum
2502 3199 2546 3243 el
2568 3193 2831 3248 minintum
2855 3200 3081 3254 omnium
3112 3201 3428 3261 Christiano-

1836 3288 1946 3326 rum
1962 3277 2110 3345 posui
2130 3292 2150 3329 :
2170 3292 2268 3344 quo
2294 3279 2418 3331 ntihi
2450 3297 2646 3337 necesse
2666 3284 2762 3353 fuit
2785 3301 2941 3356 usque
2959 3292 3027 3344 ad
3040 3304 3274 3363 quartum
3291 3298 3423 3353 deci-

1834 3383 1969 3419 mum
1981 3384 2170 3422 annum
2184 3369 2456 3427 Theodosii
2466 3374 2728 3445 principis,
2742 3394 2855 3446 qua:
2870 3384 3198 3455 scripserim,
3219 3389 3427 3446 breviter

1832 3469 2095 3514 annotare.
2110 3460 2406 3517 lnnumeris
2429 3475 2685 3533 praeterea
2705 3469 2805 3525 iste
2830 3472 2999 3542 libris,
3020 3478 3421 3548 Apostolorum,

1831 3546 2323 3621 Prophetarumque
2351 3559 2838 3617 constructionibus
2883 3546 3420 3629 editispimmobilem

1829 3640 2114 3698 Catholicae
2143 3645 2330 3699 turrim
2372 3646 2648 3717 Ecclesiar,
2685 3666 2869 3708 contra
2896 3658 3222 3726 perﬁdorum
3244 3664 3419 3732 jacula

1827 3736 2235 3791 consummavit.
2276 3737 2476 3793 Omnes
2505 3740 2715 3799 Veteris
2759 3746 3088 3806 Testamenti
3123 3754 3319 3821 libros,
3353 3774 3418 3813 ex

1826 3822 2173 3881 llebrmorum
2200 3826 2476 3883 codicibus
2499 3870 2513 3893 ,
2543 3832 2595 3885 in
2622 3832 2866 3890 Latinum
2905 3844 3189 3897 convortit.
3229 3845 3419 3903 Danie-

1825 3918 1929 3971 lem
1959 3930 2170 3986 quoque
2200 3916 2545 3987 Pr0phetam,
2573 3920 2861 3979 Chaldaico
2887 3930 3026 3999 stylo
3057 3932 3413 4003 prolocutum,

1827 4012 1882 4060 et
1905 4003 2006 4060 Job
2022 4006 2222 4075 justum
2248 4008 2498 4075 Arabico,
2532 4010 2582 4064 in
2616 4012 2910 4071 Romanam
2940 4018 3173 4091 linguam
3207 4035 3415 4081 utrum-

1822 4109 1929 4163 que
1995 4104 2267 4152 auctorem
2324 4099 2558 4169 perlecta
2605 4103 3062 4177 interpretatione
3111 4113 3187 4186 (ε)
3234 4126 3415 4172 muta-

1821 4189 1915 4243 vit.

1891 4279 2195 4336 Mattlueum
2239 4283 2587 4343 nihilominus
2631 4304 2697 4345 ex
2728 4289 2953 4349 Hebraeo
2982 4296 3107 4352 fecit
3146 4313 3264 4356 esse
3287 4300 3412 4361 Ro-

1823 4386 2036 4425 manum
2071 4388 2084 4424 :
2117 4373 2408 4444 Epistolam
2460 4377 2675 4447 quidem
2718 4395 2869 4437 suam
2916 4384 2999 4440 ad.
3027 4387 3307 4449 Paulinum
3344 4410 3409 4452 ex

1819 4471 2067 4517 senatore
2110 4464 2484 4536 presbyterum
2530 4470 2809 4527 mirificam
2842 4473 3129 4535 destinavit
3159 4499 3171 4535 :
3202 4481 3409 4543 docens

1817 4556 2265 4625 quemadmodum
2297 4559 2601 4632 Scripturas
2625 4564 2835 4623 divinas
2861 4568 3097 4628 adhibita
3132 4589 3261 4631 cura
3286 4593 3409 4649 pcr-

1819 4647 2016 4718 legeret
2050 4666 2064 4704 :
2093 4650 2183 4705 ubi
2224 4651 2464 4709 breviter
2504 4654 2760 4713 virtutem
2799 4662 3214 4736 uniuscujusque
3260 4647 3404 4738 libri,

1814 4742 2007 4796 veteris
2024 4750 2078 4796 et
2107 4744 2228 4798 novi
2257 4744 2582 4802 Testamenti
2628 4750 2944 4810 mirabiliter
2977 4757 3227 4813 indicavit
3256 4776 3270 4813 :
3299 4763 3402 4817 mi.

1814 4830 2053 4887 rabililer
2074 4833 2280 4903 planus,
2311 4834 2538 4894 honeste
2557 4838 2767 4904 doetus,
2787 4857 2850 4897 ac
2888 4844 3079 4910 dulcis,
3108 4857 3289 4915 parata
3313 4864 3403 4905 co-

1812 4923 1894 4991 pia
1926 4937 2233 4979 sermonum
2261 4926 2327 4980 ad
2357 4943 2753 5001 quamcumque
2795 4941 3001 5001 partem
3051 4936 3208 4991 vertit
3250 4938 3400 5010 inge.

1810 5012 1955 5068 nium
1982 5032 1995 5066 :
2025 5023 2082 5069 ut
2103 5017 2473 5088 undecumque
2516 5021 2876 5091 interrogatus
2905 5023 3121 5093 luisset,
3153 5044 3396 5099 paratum

1809 5106 2025 5163 habere!
2044 5118 2099 5164 et
2118 5120 2430 5180 competens
2444 5112 2563 5166 sine
2588 5113 2773 5182 aliqua
2790 5113 3392 5193 dilationeresponsum.

1806 5197 1962 5253 Modo
1990 5200 2276 5256 humilibus
2296 5204 2527 5257 suavitcr
2553 5203 2845 5276 blanditur,
2870 5209 3029 5265 modo
3045 5215 3394 5283 superborum

1882 5350 1972 5434 in)“
2163 5352 2437 5434 Mllcgilntpg,
2449 5357 2734 5434 enimirum
2757 5363 2885 5424 qttod
2922 5364 3103 5434 devote
3119 5376 3351 5434 poposcit
3386 5394 3398 5427 :

1806 5413 2294 5491 tumidigiieletenini
2314 5415 2588 5491 lilabitando2
2626 5413 2915 5491 concessum
2931 5413 2936 5414 ν
2953 5413 3397 5491 ᾇέίὶιῖιιῖἰῖἇὶῖιῖἶᾞ

1801 5472 2267 5549 εθιξξὶειμριιιιυῇιη,
2292 5472 2668 5549 adventantibus
2689 5472 3183 5549 vieisvicinisxai

1879 5534 1942 5598 (b)
1985 5534 2530 5622 “MSJN-thiittnt‘ica
2568 5534 3021 5622 iitstt‘uctimtevc—viel
3042 5534 3198 5617 ".éinib
3238 5570 3378 5622 post:

1810 5597 2485 5680 fni-ltili“
2504 5606 2696 5664 quando
2719 5621 2807 5659 nos
2830 5597 3215 5680 Γὸοίιιιᾶἷωξῖῖιῖᾧ

1801 5659 2049 5713 cognoscit
2095 5659 2364 5707 ubertate.»
2523 5659 2533 5664 ‘
2883 5659 2896 5661 -
2910 5659 3080 5676 "ww:
3107 5659 3208 5715 -ιν--έ

1880 5719 1929 5799 bc)
1981 5718 2231 5799 lndcod'ciu
2269 5722 2563 5799 »ζιριίξρςςιτὶιτ
2610 5726 2946 5799 l‘ostaliquot
2980 5752 3169 5799 versus,
3201 5759 3222 5788 α
3248 5746 3389 5793 mira»

1806 5778 1967 5830 bil;ter
1991 5781 2216 5844 ostendit,
2241 5782 2524 5837 mirabiliter
2551 5778 2787 5854 indicavit,
2814 5778 3055 5861 iliﬁirsf;
