4050 6188
619 309 724 365 207

614 425 754 480 colla
782 423 896 498 (al.
928 417 1212 492 confregit)
1241 415 1520 486 confringit
1557 430 1571 468 :
1602 413 1761 468 modo
1791 411 2193 480 deregatoribus

615 519 727 573 suis
752 519 920 572 vicem
951 511 1247 569 necessaria
1294 507 1640 562 mordacitate
1682 506 2002 570 restituens,
2035 502 2193 557 modo

617 609 966 678 virginitatem
1007 601 1298 671 prmdieans
1319 641 1334 663 ,
1367 599 1527 653 modo
1571 597 1904 651 matrimonia
1939 597 2011 668 (a)
2045 605 2190 649 casta

613 700 920 760 defendens,
953 696 1110 750 modo
1140 695 1392 749 virtutum
1417 694 1704 747 certamina
1733 692 1962 760 gloriosa
1987 690 2190 744 collau-

610 790 761 853 dans,
785 787 943 841 modo
990 786 1170 855 lapsus
1215 787 1265 840 in
1317 785 1557 850 clericis,
1590 784 1878 838 monachos
1919 780 2192 850 pravitatis

606 893 881 934 ςλοςιιεειιιε.

675 968 778 1024 Sed
811 978 986 1022 tamen
1028 967 1348 1038 ubicumque
1394 967 1542 1021 locus
1579 982 1640 1020 se
1683 965 1854 1019 attulit
1879 961 2193 1032 ,genlilium

603 1063 851 1131 exempla
875 1059 1184 1118 dulcissima
1212 1061 1434 1114 veritate
1457 1059 1784 1128 permiscuit.
1812 1055 1916 1111 Sed
1945 1069 2048 1107 non
2077 1061 2192 1107 erat

605 1155 708 1208 hoc
739 1167 850 1206 sua:
896 1151 1225 1216 voluntatis,
1249 1149 1342 1204 sed
1375 1149 1472 1219 (ut
1513 1149 1583 1202 ita
1618 1146 1833 1217 dicam)
1862 1142 2191 1214 gravissima:

604 1244 978 1300 necessitatis:
1012 1253 1070 1298 ut
1108 1243 1359 1312 probaret
1385 1257 1445 1295 ea
1473 1255 1592 1310 quae
1617 1255 1645 1292 a
1687 1239 1884 1292 sanctis
1917 1234 2191 1304 prophetis

603 1347 729 1391 ante
779 1336 976 1392 smeula
1021 1337 1275 1408 prmdicta
1326 1345 1489 1398 sunt,
1523 1343 1627 1385 tam
1677 1331 1982 1386 Graecorum
2031 1342 2188 1396 quam

601 1427 935 1488 Latinorum,
961 1437 1015 1482 et
1038 1429 1258 1482 aliarum
1285 1428 1520 1496 gentium
1545 1423 1733 1477 litteris
1754 1419 2044 1475 contineri:
2067 1433 2191 1471 vere

601 1527 771 1573 totum
802 1518 1097 1588 explicans,
1125 1525 1292 1571 totum
1334 1527 1602 1570 exornans
1623 1553 1636 1577 ,
1659 1522 1710 1566 et
1739 1527 1834 1580 per
1877 1510 2086 1563 diversa
2118 1507 2189 1575 (ὁ)

601 1611 978 1682 disputationis
1003 1624 1220 1679 genera,
1249 1607 1482 1661 disertus
1508 1619 1720 1672 semper
1761 1612 1815 1657 et
1845 1601 2065 1670 aequalis
2107 1601 2187 1653 in-

602 1701 820 1758 cedens.
843 1701 1011 1754 Tanta
1053 1713 1281 1766 namque
1318 1697 1592 1766 utriusque
1631 1695 1823 1763 lingua:
1861 1691 2046 1761 peritia
2077 1690 2192 1742 fun-

602 1792 850 1863 gebatur,
880 1800 938 1845 ut
978 1804 1342 1859 quoscumque
1387 1787 1551 1842 libros
1591 1785 1830 1840 Eolicos
1854 1784 1905 1836 in
1947 1781 2192 1835 manibus

603 1870 1112 1954 acciperet,'Latine
1158 1881 1274 1934 sine
1307 1878 1604 1935 offensione
1653 1872 2189 1930 transcurreretzite-

601 1953 830 2046 rumque
852 1973 1071 2029 Latinos
1096 1973 1258 2027 attico
1284 1985 1532 2027 sermone
1557 1969 1837 2038 relegeret,
1863 1977 1916 2020 ut
1944 1965 2191 2021 crederes

596 2066 691 2120 hic
720 2080 842 2120 esse
888 2065 1144 2133 scriptum
1177 2105 1192 2129 ,
1216 2062 1357 2132 quod
1390 2077 1450 2116 os
1479 2061 1594 2130 ejus
1619 2057 1877 2114 inoffensa
1909 2055 2191 2112 velocitate

599 2155 877 2211 fundebat.

670 2245 811 2302 Vere
837 2245 1064 2299 dixerim
1107 2243 1434 2298 Catholicam
1483 2242 1636 2296 istius
1694 2239 1922 2294 hominis
1957 2236 2030 2306 (ε)
2063 2251 2189 2304 pru-

599 2336 860 2401 dentiam,
882 2349 1172 2404 sanamquc
1196 2333 1514 2398 doctrinam,
1543 2345 1878 2401 quocumque
1908 2339 2194 2383 conversa-

598 2442 686 2484 tus
716 2427 903 2483 fuisset
924 2427 1065 2487 loeo.
1097 2425 1304 2479 stabilis
1331 2424 1562 2492 perstitit
1602 2422 1724 2477 ﬁdei
1755 2422 2024 2475 ﬁrmitate.
2057 2417 2187 2471 Nam

599 2519 900 2574 certissime
945 2517 1258 2587 ignorantiae
1313 2516 1631 2584 invidiaeque
1671 2513 1856 2566 morbo
1877 2513 2189 2580 languentes

599 2608 891 2677 desipiunt,
919 2607 1150 2676 quicum
1181 2605 1425 2660 deviasse
1454 2619 1481 2655 a
1505 2603 1792 2657 Catholica:
1828 2601 2100 2664 Ecclesim,
2135 2597 2187 2652 id

598 2707 702 2762 est,
735 2698 876 2754 beati
899 2697 1037 2751 Petri
1060 2695 1182 2759 ﬁde,
1214 2695 1298 2750 vel
1328 2694 1634 2748 haereticum
1663 2691 1825 2746 fuisse
1840 2691 2183 2745 arbitrantur:

595 2788 743 2861 quod
765 2787 1056 2844 Eustochio
1079 2786 1411 2841 mandaverit
1440 2805 1452 2838 :
1481 2785 1641 2848 Cave,
1662 2798 1865 2853 qumso,
1884 2797 1950 2837 ne
1974 2780 2189 2852 quando

595 2893 651 2937 et
677 2881 747 2937 de
773 2890 826 2938 te
847 2881 986 2936 dicat
1017 2880 1160 2936 Deus
1189 2897 1203 2932 :
1249 2878 1400 2950 Virgo
1425 2877 1591 2933 Israel
1611 2879 1787 2932 cecidit
1824 2893 1842 2931 :
1870 2893 1970 2930 nou
2003 2885 2074 2929 est
2100 2876 2187 2946 qui

593 2972 799 3027 suscitet
816 2988 946 3026 eam.
972 2970 1073 3027 Ubi
1095 2970 1160 3026 ad
1185 2970 1463 3026 terrendos
1479 2969 1715 3024 lubricos
1731 2977 1890 3037 atque
1920 2968 2182 3034 incautos,

594 3066 716 3136 quia
749 3065 890 3120 Deus
913 3063 1090 3134 justus
1119 3064 1189 3118 sit
1221 3062 1422 3132 judex:
1453 3061 1694 3117 subdens
1713 3061 1836 3127 ista,
1865 3060 2060 3114 dixerit
2083 3058 2184 3112 do-

592 3165 732 3221 ctor,
763 3155 1037 3210 Audenter
1064 3154 1272 3224 loquor,
1301 3168 1422 3208 cum
1463 3152 1644 3207 omnia
1684 3151 1851 3221 possit
1881 3151 2020 3204 Deus
2050 3167 2062 3201 :
2095 3163 2184 3204 su-

591 3249 789 3305 scitare
815 3249 1074 3320 virginem
1106 3261 1211 3302 non
1250 3254 1427 3315 potest
1453 3253 1574 3315 post
1601 3245 1828 3300 ruinam.
1883 3243 2036 3298 Valet
2063 3243 2183 3311 qui.

591 3341 714 3396 dem
741 3339 973 3394 liberare
997 3337 1065 3392 de
1095 3351 1253 3406 pinna.
1272 3378 1286 3401 ,
1315 3335 1410 3390 sed
1457 3353 1561 3390 non
1589 3335 1730 3390 valet
1773 3333 1851 3405 (ά)
1891 3333 2184 3389 reformare

593 3440 921 3500 corruptam.
949 3430 1064 3484 Hoc
1095 3429 1276 3498 procul
1305 3429 1466 3484 dubio
1491 3431 1560 3482 ita
1587 3428 1814 3484 dicendo
1833 3469 1847 3492 ,
1879 3445 1986 3483 non
2011 3428 2180 3484 omni-

593 3520 888 3590 potentiam
933 3518 1151 3574 abstulit
1179 3519 1288 3573 Deo
1312 3558 1325 3580 ,
1355 3517 1450 3572 sed
1471 3517 1672 3588 justum
1699 3517 1932 3586 judieem
1963 3519 2181 3574 manife-

593 3619 743 3666 stans
765 3610 1014 3666 asseruit.
1050 3607 1181 3662 Nam
1203 3649 1216 3672 ,
1243 3608 1344 3664 nisi
1377 3607 1532 3662 fallor
1558 3648 1574 3675 ,
1616 3608 1794 3677 qualia
1822 3619 2039 3663 sanctus
2059 3608 2185 3665 Hie-

594 3714 853 3771 ronymus
899 3699 1190 3754 Eustochio
1236 3682 1546 3765 manda-vit,
1579 3698 1705 3752 talia
1752 3699 1818 3754 ad
1863 3699 2182 3756 Domitillam

592 3799 808 3859 neptem
841 3787 1184 3860 imperatoris
1225 3787 1511 3843 Domitiani
1540 3788 1923 3844 admonitionis
1961 3789 2186 3860 legimus

591 3881 774 3936 verba.

661 3972 770 4029 Sed
799 3982 854 4029 et
895 3973 1008 4042 ipsa
1040 3972 1200 4028 verba
1241 3987 1344 4043 qua
1388 3972 1456 4028 de
1484 3987 1642 4027 causa
1680 3973 1788 4028 sint
1831 3973 1905 4028 illi
1938 3974 2178 4044 prolata,

589 4065 778 4120 audire
821 4073 1029 4134 gratum
1074 4072 1223 4133 puto.
1257 4063 1382 4119 "ree
1421 4065 1639 4118 omnino
1683 4065 1835 4135 virgo
1871 4065 2099 4121 Nereum
2129 4076 2183 4122 et

590 4156 895 4211 Achilleum
921 4153 1199 4210 eunuchos
1235 4154 1587 4210 cubicularios
1628 4155 1808 4211 habuit
1843 4175 1855 4210 :
1885 4173 2016 4227 quos
2055 4158 2183 4213 bea-

591 4251 832 4305 tissimus
876 4247 1164 4318 Apostolus
1206 4247 1396 4304 Petrus
1445 4247 1680 4303 lucratus
1722 4247 1896 4304 fuerat
1941 4249 2178 4303 Christo.

592 4339 683 4394 lsti
709 4339 838 4395 dum
868 4339 1112 4395 viderent
1139 4338 1409 4394 dominam
1437 4353 1588 4393 suam
1623 4340 1847 4409 gemmis
1888 4339 2064 4393 ornari
2085 4379 2100 4401 ,
2127 4349 2180 4393 et

592 4430 875 4500 purpureis
900 4431 1134 4485 vestibus
1151 4470 1170 4497 ,
1191 4438 1349 4499 atque
1376 4445 1506 4484 auro
1537 4431 1694 4485 textis
1723 4430 1902 4497 indui,
1934 4431 2183 4486 dixerunt

592 4522 642 4576 ei
669 4539 683 4574 :
707 4520 918 4588 Quanto
945 4521 1122 4577 studio
1154 4522 1362 4576 ornaris
1391 4521 1444 4575 in
1473 4535 1728 4591 corpore,
1759 4531 1817 4577 ut
1848 4522 2012 4576 tilium
2047 4537 2180 4577 eon-

593 4611 725 4666 sulis
754 4609 1096 4666 Aurelianum
1125 4609 1396 4666 hominem
1441 4611 1718 4667 mortalem
1761 4613 1990 4682 accipias
2017 4613 2178 4668 mari-

593 4713 704 4757 tum
738 4720 752 4757 :
785 4702 831 4758 si
857 4709 1005 4757 tanto
1041 4701 1296 4757 studiovin
1332 4702 1510 4756 animo
1538 4704 1805 4757 ornareris
1828 4743 1843 4766 ,
1871 4719 2049 4773 regem
2080 4705 2181 4758 im-

591 4779 874 4851 mortalem
916 4793 1012 4849 Dei
1053 4791 1218 4848 ﬁlium
1253 4792 1470 4863 adipisci
1515 4802 1729 4862 poteras
1765 4809 2040 4863 sponsum.
2081 4797 2179 4862 Qui

593 4887 754 4941 etiam
802 4884 1025 4956 teipsam
1069 4892 1323 4939 aeternam
1365 4882 1600 4947 faceret,
1644 4893 1697 4938 et
1740 4900 2005 4954 nunquam
2049 4887 2178 4953 tibi,

593 4991 768 5046 neque
793 4975 1124 5032 ornamentis
1151 4975 1276 5044 tuis,
1306 4989 1479 5045 neque
1499 4974 1704 5044 gaudiis
1731 4975 1886 5030 ﬁnem
1913 4977 2181 5044 permitte-

593 5076 699 5134 ret,
722 5076 814 5122 aut
839 5067 911 5140 (ε)
939 5069 1223 5123 terminum
1247 5067 1484 5124 evenire.
1507 5066 1798 5137 Respondit
1819 5068 1865 5122 ei
1892 5067 2176 5134 Domitilla,

661 5218 732 5348 (κζ
765 5221 888 5273 Illud
917 5229 1051 5273 casta
1074 5237 1102 5274 a
1126 5227 1301 5274 nostris
1321 5223 1437 5274 Mss.
1463 5225 1620 5273 abest.

665 5285 714 5348 _(b
771 5284 794 5348 _l
797 5285 934 5348 idem
959 5285 1072 5348 Mss.
1089 5286 1459 5348 expositionum
1477 5288 1618 5348 habet

669 5284 732 5349 ibi
771 5284 934 5349 _l_idem
959 5285 1072 5349 Mss.
1089 5286 1459 5349 expositionum
1477 5288 1660 5349 habent
1684 5299 1770 5347 pro
1793 5285 2146 5349 disputationis.

661 5345 727 5408 (τι
770 5345 895 5410 ﬂete
929 5345 1178 5410 scientiam
1201 5360 1300 5410 pro
1330 5345 1744 5408 prudentium,et
1766 5361 1880 5396 mox
1911 5347 2072 5396 [White
2097 5361 2182 5410 pro

595 5406 846 5455 misachin
875 5408 1057 5457 habent
1079 5406 1230 5456 nostri
1257 5406 1372 5458 Mss.

662 5467 730 5536 (τί)
784 5467 964 5536 lterum
990 5479 1220 5536 corqnnre
1242 5471 1425 5536 habent
1455 5481 1542 5531 pro
1566 5469 1849 5536 reﬁrmqre,
1878 5476 1929 5516 et
1950 5481 2063 5536 mox
2093 5475 2183 5536 Iste

601 5522 691 5635 ᾗ)τή
711 5522 780 5636 (ita.
802 5537 896 5635 ,_‘ut
919 5534 972 5576 et
997 5525 1139 5588 paulo
1161 5538 1269 5590 post
1306 5522 1474 5580 Paulcé
1497 5522 1797 5578 mandaverit
1822 5522 1908 5591 pro
1932 5522 2184 5579 Eustochio

629 5601 706 5636 um
746 5601 822 5634 avi
849 5622 861 5636 .

594 5598 841 5636 "multum
849 5622 861 5636 ο

665 5647 725 5712 (e)
773 5647 826 5696 lu
871 5647 1041 5713 iisdem
1069 5655 1160 5713 est,
1193 5666 1214 5695 ι
1242 5659 1327 5700 aut
1351 5649 1662 5713 permitteret
1685 5649 1892 5713 evenire
1914 5663 1973 5713 :_s
2003 5649 2184 5701 deinde

603 5709 732 5760 ctam
756 5710 958 5772 generis
980 5709 1438 5773 dignitatem,un
1462 5712 1744 5757 memoriam
1768 5711 1974 5759 nominis
1990 5723 2084 5758 non
2095 5713 2184 5760 de-

618 5785 726 5822 ere.
755 5789 776 5814 ι

1949 5909 1989 5920 ευ

1874 300 1932 354 S.
1976 296 2354 354 lllERONYMl
2395 297 2548 356 “TA
2561 341 2578 356 .

2831 227 2876 234 ..ρ

2302 418 2357 465 et
2383 410 2456 466 ait
2483 428 2498 466 :
2525 410 2656 479 Quae
2679 420 2855 482 potest
2872 428 2992 471 esse
3016 417 3207 472 melior
3231 418 3486 488 eharitas,
3505 438 3665 492 quam
3691 426 3892 487 habere

2301 505 2497 571 virum,
2521 506 2791 576 suscipere
2814 507 2972 572 ﬁlios,
3003 525 3098 580 per
3116 525 3251 580 quos
3271 513 3558 582 posteritas
3579 516 3891 576 dulcissima

2301 598 2467 665 possit
2499 599 2773 668 propagari
2795 642 2810 665 ,
2845 611 2899 656 et
2929 611 3032 655 tam
3059 605 3269 672 generis
3293 605 3523 674 dignitas
3542 649 3554 670 ,
3584 624 3741 678 quam
3771 629 3890 669 me-

2300 687 2466 740 moria
2509 689 2739 743 nominis
2782 705 2888 744 non
2931 691 3138 747 deleri?
3175 694 3274 748 Cui
3320 696 3525 751 Nereus
3572 704 3886 770 respondit:

2300 778 2490 831 melior
2535 788 2617 832 est
2663 780 2968 849 virginitas,
3017 800 3141 854 qum.
3177 786 3392 854 quando
3436 789 3503 843 de
3548 794 3730 846 matris
3781 806 3890 849 tua:

2300 877 2453 920 utero
2482 869 2658 933 existi,
2690 880 2864 926 tecum
2894 881 3040 940 nata,
3073 883 3248 930 tecum
3281 877 3507 944 laetata,
3539 889 3709 936 tecum
3737 899 3887 938 sem-

2298 971 2394 1026 per
2438 957 2534 1011 fuit
2575 973 2602 1010 a
2634 960 2811 1015 carnis
2857 944 3200 1033 corruptione
3243 967 3458 1034 aliena,
3487 985 3606 1038 quae
3651 983 3734 1027 est
3775 975 3889 1030 Deo

2297 1047 2562 1114 amabilis,
2589 1049 2814 1121 ejusque
2853 1055 3055 1122 angelis
3081 1055 3242 1109 chara
3268 1075 3280 1110 :
3313 1074 3472 1128 quam
3498 1061 3735 1130 profecto
3761 1081 3892 1121 eum

2298 1138 2549 1206 quaelibet
2571 1141 2862 1208 perdiderit
2883 1144 3051 1214 virgo,
3081 1145 3237 1215 hujus
3263 1160 3466 1203 reatum
3495 1167 3589 1221 per
3617 1158 3887 1224 ptenitcn-

2299 1228 2425 1280 tiam
2453 1229 2681 1285 evadere
2707 1240 2906 1301 potest,
2932 1233 3099 1302 ipsam
3125 1251 3251 1290 vero
3280 1239 3635 1309 integritatem
3659 1245 3887 1316 adipisci

2297 1331 2629 1388 nequaquam
2657 1321 2814 1376 valet.
2845 1322 3030 1377 Omnis
3070 1340 3297 1396 namque
3324 1331 3607 1397 sanctitas,
3635 1335 3760 1390 dum
3791 1355 3886 1407 per

2296 1409 2526 1478 aliquam
2565 1411 2933 1482 voluptatem,
2982 1425 3073 1470 aut
3123 1421 3495 1476 necessitatem
3552 1425 3745 1481 violata
3791 1439 3886 1484 aut

2297 1500 2492 1556 amissa
2529 1501 2726 1571 fuerit,
2754 1506 2834 1560 vel
2858 1522 3084 1577 quaeque
3127 1509 3331 1579 perdita
3359 1513 3556 1582 virtus,
3583 1516 3647 1570 ad
3687 1529 3886 1576 statum

2297 1607 2487 1657 suum,
2533 1594 2616 1648 vel
2664 1595 3018 1665 integritatem
3045 1641 3060 1666 ,
3107 1615 3199 1654 seu
3245 1601 3312 1656 ad
3348 1618 3497 1657 suam
3537 1607 3759 1676 gloriam
3789 1629 3886 1681 per

2297 1685 2624 1751 paenitentia:
2678 1687 2942 1758 lacrymas
2992 1693 3294 1760 recuperari
3323 1703 3377 1748 et
3414 1700 3656 1754 revocari
3683 1713 3883 1769 potest.

2299 1771 2425 1863 Sola
2453 1775 2749 1843 virginitas,
2780 1778 2824 1831 si
2845 1781 3010 1834 semel
3037 1783 3272 1849 perierit,
3306 1784 3372 1838 ad
3403 1788 3639 1856 pristina:
3662 1791 3884 1863 integri-

2297 1862 2424 1916 tatis
2450 1863 2789 1919 stabilitatem
2818 1868 3117 1938 pertingere
3143 1873 3362 1927 minime
3386 1877 3548 1933 valet.
3779 1862 3796 1863 ί
3930 1876 3938 1885 ί

2367 1954 2609 2026 Cumque
2642 1956 2846 2012 Nereus
2871 1968 2925 2013 et
2953 1959 3226 2016 Achilleus
3255 1963 3390 2030 hare,
3429 1966 3692 2025 laudando
3719 1973 3885 2044 virgi—

2296 2045 2538 2112 nitatem,
2567 2056 2620 2102 et
2644 2049 2746 2102 alia
2763 2049 3102 2120 proferendo,
3131 2053 3454 2112 dissererent
3480 2059 3726 2128 plurima,
3759 2067 3884 2134 qui-

2295 2137 2396 2192 bus
2440 2145 2694 2192 teternam
2748 2150 3047 2196 mereretur
3104 2145 3311 2200 actibus
3366 2148 3563 2216 vitam,
3614 2152 3884 2209 Domitilia

2296 2229 2708 2298 prudentissima
2737 2232 2884 2302 virgo
2911 2233 3045 2288 dixit
3074 2251 3088 2287 :
3136 2234 3347 2290 Utinam
3388 2239 3454 2292 ad
3498 2256 3584 2296 me
3625 2243 3749 2298 olim
3781 2246 3882 2302 ista

2299 2319 2390 2373 Dei
2418 2322 2684 2375 sententia
2730 2324 3096 2392 pervenisset,
3128 2335 3184 2380 et
3235 2342 3504 2397 nunquam
3550 2346 3648 2401 ego
3686 2350 3880 2390 nomen

2294 2422 2506 2478 sponsa:
2530 2411 2908 2480 suscepissem,
2927 2428 3026 2468 nec
3050 2413 3359 2489 hominis(f)
3377 2421 3615 2476 mortalis
3635 2427 3882 2492 Spttnsio»

2292 2515 2438 2554 nem.
2469 2500 2623 2555 Nune
2668 2518 2796 2557 vero
2835 2504 2957 2572 quia
2988 2505 3138 2560 vobis
3169 2507 3310 2562 Deus
3348 2511 3554 2578 aperuit
3597 2528 3658 2567 os
3700 2516 3766 2569 ad
3803 2518 3880 2571 lu-

2292 2591 2550 2645 crandum
2579 2592 2810 2647 animam
2851 2609 3025 2649 meam
3049 2636 3064 2662 ,
3096 2597 3346 2667 quiequid
3385 2615 3469 2654 me
3495 2600 3671 2659 facere
3697 2607 3882 2674 vultis,

2291 2683 2586 2739 accelerate
2629 2689 2963 2756 quantocius.
3007 2687 3145 2755 Quid
3193 2691 3391 2745 multa?
3433 2694 3473 2746 A
3521 2705 3702 2752 sancto
3753 2699 3881 2755 Cle-

2289 2782 2472 2829 mente
2495 2775 2634 2846 Papa
2666 2786 2998 2844 consecrata,
3027 2780 3533 2852 Aurelianosponso
3551 2799 3884 2859 contempto,

2291 2865 2362 2920 ob
2388 2865 2492 2922 hoc
2517 2869 2569 2922 in
2598 2868 2855 2923 Pontiana
2885 2870 3097 2925 exulata
3123 2884 3206 2927 est
3241 2873 3432 2928 insula.
3473 2875 3602 2932 lude
3631 2878 3880 2938 Tarracis

2291 2971 2412 3011 nam
2438 2957 2662 3013 adducta
2685 2999 2701 3024 ,
2743 2961 3039 3032 nolensque
3081 2962 3239 3017 ldolis
3268 2966 3589 3032 sacriﬁcare,
3617 2985 3740 3026 cum
3772 2974 3879 3030 lin,-

2287 3047 2490 3104 frosina
2516 3061 2571 3105 et
2599 3051 2879 3107 Theodora
2924 3056 3137 3124 sponsis
3180 3055 3392 3127 Sulpitii
3427 3067 3482 3114 et
3515 3059 3820 3131 Serviliani,
3848 3083 3884 3122 τι

2288 3139 2526 3197 Luxurio
2572 3142 2738 3200 fratre
2789 3146 3062 3201 Aureliani
3123 3148 3244 3219 igne
3296 3161 3583 3218 cremataz,
3648 3156 3878 3224 palmam

2288 3245 2576 3304 suscepere
2618 3236 2896 3308 martyrii,
2943 3252 3074 3308 quas
3113 3238 3172 3294 S.
3200 3237 3463 3297 Caesarius
3488 3241 3762 3312 diaconus,
3788 3251 3880 3318 qui

2288 3325 2451 3380 etiam
2499 3336 2683 3397 pbstea
2733 3341 2787 3384 et
2832 3331 2946 3400 ipse
2987 3347 3015 3384 a
3057 3332 3311 3401 prazdicto
3350 3333 3585 3398 Luxurio
3612 3347 3692 3392 est
3731 3355 3878 3394 mar-

2288 3418 2544 3487 tyrizatus
2566 3458 2583 3486 ,
2613 3420 2672 3491 in
2707 3421 3036 3492 sarcophago
3076 3438 3214 3478 novo
3257 3424 3413 3480 simul
3447 3426 3679 3483 condens
3723 3444 3881 3498 sepe-

2289 3505 2426 3561 livit.

2371 3602 2495 3658 llaec
2521 3603 2646 3660 ideo
2671 3605 2796 3661 licet
2822 3622 2928 3663 non
2967 3609 3140 3664 fuerat
3182 3611 3266 3682 (g)
3295 3611 3382 3668 hic
3424 3623 3626 3670 tantum
3657 3632 3886 3673 necesse

2288 3698 2456 3766 loqui,
2483 3695 2786 3750 addidimus
2808 3706 3007 3765 tamen,
3035 3700 3158 3768 quia
3191 3717 3325 3771 pene
3355 3704 3497 3774 quod
3527 3705 3734 3762 Nereus
3761 3724 3880 3776 pru-

2287 3789 2616 3846 dentissima:
2659 3789 2849 3859 virgini
2896 3790 3184 3846 Domitilla:
3229 3792 3472 3861 dixerat,
3517 3797 3882 3868 virginitatem

2288 3881 2550 3954 perditam
2594 3879 2662 3936 de
2711 3887 2861 3936 reatu
2907 3897 3065 3951 posse
3109 3899 3205 3953 per
3249 3886 3615 3954 pmnitentiam
3665 3890 3876 3944 veniam

2287 3969 2543 4041 consequi
2572 3988 2586 4024 :
2615 3985 2948 4040 nequaquam
2971 3979 3152 4028 tamen
3171 3974 3372 4030 valeret
3397 3975 3511 4032 ﬁeri
3539 3979 3707 4048 virgo,
3736 3979 3880 4033 sicut

2287 4062 2458 4117 fuerat
2492 4061 2660 4131 prius.
2695 4060 2808 4117 lloe
2845 4071 3059 4117 sanctus
3090 4062 3449 4136 Hieronymus
3490 4067 3778 4122 Eustochio
3807 4069 3876 4124 ad

2289 4151 2509 4206 meliora
2535 4150 2739 4205 studuit
2769 4151 3032 4207 hortando
3053 4155 3307 4210 mandare
3336 4171 3352 4211 :
3383 4156 3516 4211 Cum
3547 4160 3721 4213 omnia
3752 4175 3879 4228 pns-

2287 4242 2358 4296 sit
2385 4241 2543 4307 Deus,
2571 4241 2832 4296 suscitare
2863 4242 3137 4312 Virginem
3163 4261 3268 4299 non
3300 4256 3478 4316 potest
3499 4251 3874 4318 post-ruinam.

2287 4333 2423 4402 Quid
2448 4333 2588 4387 enim
2616 4343 2699 4389 est
2739 4335 2822 4389 hic
2851 4335 2993 4389 aliud
3022 4352 3126 4391 non
3172 4352 3349 4406 posse,
3381 4357 3536 4409 quam
3567 4357 3671 4397 non
3702 4343 3883 4398 velle?

2287 4426 2429 4497 quod
2452 4426 2726 4482 nonnullis
2751 4427 2868 4482 aliis
2885 4428 2986 4482 diei
3012 4437 3220 4498 poterat
3243 4431 3439 4486 verbis.
3465 4432 3568 4486 Per
3589 4434 3878 4502 quemdam

2290 4535 2518 4591 namque
2544 4520 2841 4589 sapientem
2863 4521 3057 4575 dicitur
3081 4522 3191 4578 Deo
3220 4540 3233 4577 :
3267 4524 3346 4578 Tu
3372 4524 3881 4599 autemjdominator

2288 4613 2564 4679 virtutum,
2589 4626 2708 4666 cum
2741 4613 3119 4682 tranquillitate
3156 4613 3397 4684 judicas,
3427 4625 3481 4670 et
3520 4631 3640 4670 eum
3674 4634 3868 4688 magna

2290 4703 2587 4758 reverentia
2628 4703 2887 4773 disponis.
2914 4705 3107 4761 Subest
3145 4707 3287 4761 enim
3318 4708 3408 4762 tibi
3451 4725 3570 4763 cum
3606 4711 3874 4777 volueris,

2289 4809 2448 4866 posse
2476 4814 2489 4850 :
2518 4810 2645 4865 ergo
2674 4796 2765 4850 ubi
2793 4811 2898 4850 non
2925 4805 3007 4851 est
3037 4797 3172 4853 velle
3200 4798 3314 4868 Dei,
3343 4801 3492 4856 deest
3520 4816 3696 4870 posse.
3737 4803 3882 4858 Deus

2289 4887 2484 4957 quippe
2511 4895 2570 4940 ut
2599 4887 2946 4943 immutabilis
2966 4897 3050 4944 est
3071 4899 3293 4955 naturae,
3323 4891 3392 4946 ita
3422 4892 3770 4950 immutabilis
3794 4905 3882 4950 est

2290 4977 2595 5033 voluntatis.
2639 4978 2708 5032 Et
2733 4980 2915 5051 utique
2958 4996 3080 5035 cum
3127 4981 3198 5035 sit
3227 4998 3383 5037 verax
3415 4993 3466 5036 et
3502 4982 3715 5052 justus,
3768 5001 3877 5040 non

2290 5069 2439 5122 illum
2468 5067 2836 5136 mendacium,
2867 5085 3040 5140 neque
3068 5071 3322 5140 injustitia
3353 5073 3508 5128 decet
3535 5091 3550 5130 ;
3581 5075 3700 5143 quia
3739 5079 3884 5132 sicut

2292 5175 2399 5212 non
2443 5159 2584 5213 valet
2609 5160 2858 5227 mentiri,
2887 5160 2978 5231 qui
3014 5169 3096 5216 est
3126 5163 3322 5218 veritas
3347 5204 3365 5229 ,
3397 5164 3464 5216 ita
3495 5163 3727 5233 iujustus
3756 5183 3880 5224 esse
3918 5217 3922 5220 η

2359 5291 2420 5354 if)
2439 5353 2447 5356 Α
2468 5290 2523 5340 In
2549 5291 2878 5356 nostris_Mss.
2912 5311 2934 5338 ι
2954 5306 3050 5355 ego
3083 5295 3386 5356 susciperem
3410 5297 3628 5348 mortalis
3665 5297 3886 5351 hominis

2290 5353 2451 5415 δροιηὶ
2479 5366 2674 5422 nomen.
2717 5353 2858 5402 Nunc
2881 5353 3058 5422 vero};
3099 5364 3192 5403 etc.
3216 5353 3397 5422 paulo
3426 5365 3533 5420 post
3577 5360 3884 5422 Euphrtmisa

2290 5413 2379 5479 pro
2406 5413 2657 5479 Euﬂ'ositm
2673 5448 2686 5469 .
2715 5421 2767 5479 et
2804 5416 3114 5479 sponsalibus
3126 5429 3212 5479 pro
3234 5413 3438 5474 sponsis:

2359 5472 2426 5540 (g)
2473 5475 2676 5540 Rectius
2707 5475 2758 5526 in
2783 5472 2966 5540 tantum
2993 5472 3190 5540 praefert
3225 5472 3352 5528 unus
3396 5484 3486 5530 ns.
3525 5482 3680 5533 Paulo
3713 5492 3886 5536 autem

2291 5535 2592 5600 pos't'Paula:
2618 5552 2703 5592 pro
2728 5535 2976 5605 Eustochio
2993 5535 3174 5605 habet,
3206 5547 3259 5605 c._t_
3280 5539 3550 5605 statuitgpro
3568 5544 3754 5596 studuit
3786 5535 3886 5600 {ui

2293 5598 2345 5672 et
2369 5605 2469 5672 post
2495 5611 2702 5647 ruinam.
2728 5598 2860 5672 Quod
2899 5612 2992 5672 non
3030 5599 3286 5672 t'e‘llefilio
3325 5598 3515 5672 cumino
3559 5605 3660 5656 dici
3696 5598 3887 5672 poterat

2290 5657 2457 5730 υρτοοῐ
2467 5672 2560 5730 1,9,-
2591 5657 2890 5730 quemdam,
2928 5668 3024 5709 ete.
3051 5661 3281 5730 Denique
3319 5664 3532 5726 disponis
3569 5681 3672 5729 nos,
3696 5657 3887 5724 'sib’eti

2291 5721 2425 5794 cutim,
2442 5721 2543 5779 tibi,
2567 5721 2689 5794 cura
2707 5721 2915 5794 uolueris
2931 5758 2942 5776 ,
2972 5735 2982 5780 ι
3002 5721 3312 5794 [ίυιςιᾚιίξδίδ
3335 5721 3447 5794 qua:
3470 5721 3848 5794 subsequunttu'

2293 5791 2429 5841 ρυδδϐ
2459 5773 2612 5846 ῑεὶῃο
2637 5781 2715 5829 ubi
2737 5793 2827 5830 non
2850 5791 2914 5831 cst
2933 5773 3056 5832 velle
3085 5781 3190 5840 Dei,
3214 5773 3841 5842 dceu'possc’f'“‘“""“-
3872 5773 3886 5794 ο
