4050 6188
209 239 305 300 209

214 359 301 411 uoti
337 361 515 424 potest
545 370 557 407 :
582 351 683 406 hoc
704 357 804 410 est,
839 347 1023 401 nolens
1048 343 1246 412 injuste
1277 338 1449 394 facere
1471 338 1776 408 quicquam.

217 449 332 502 Nan
365 445 556 508 omnia,
599 453 730 497 teste
759 440 1042 509 Propheta,
1073 448 1396 507 quacumque
1430 430 1586 486 voluit
1610 427 1788 482 Domi-

215 549 330 606 nus,
368 535 486 606 fecit
515 537 565 588 in
595 534 718 588 caelo
760 543 806 586 et
845 532 897 584 in
926 540 1060 585 terra
1091 545 1110 584 :
1135 525 1406 594 omniaque
1445 521 1556 592 ejus
1588 517 1789 591 judicia

216 636 361 683 iusta.

1462 223 1523 280 S.
1565 220 1860 278 lllEROXY
1871 219 1940 273 .\ll
1985 218 2140 274 VITA
2153 258 2168 274 .

2788 296 2790 298 τ
3378 220 3512 277 21ου

1904 334 2100 387 tionem
2130 332 2404 388 memoria:
2439 330 2672 385 nondum
2712 331 2907 388 oblivio
2938 331 3187 396 abstulit,
3215 344 3268 389 et
3294 350 3323 388 a
3355 339 3482 390 reli-

1896 425 2058 495 giosis
2077 425 2226 491 viris,
2245 424 2335 495 qui
2351 423 2588 479 caelestis
2612 425 2793 493 patria:
2820 441 2999 481 amore
3019 425 3286 482 Bethleem
3311 427 3478 494 fuere,

1902 517 2003 570 huc
2048 525 2134 571 est
2159 515 2394 571 delatum
2419 557 2434 579 ,
2466 513 2589 569 huic
2629 514 3011 584 compendiose
3035 517 3112 590 (ά)
3167 529 3320 574 necto
3363 535 3482 574 ser-

1903 607 2066 661 moui.
2094 606 2333 674 Quadam
2381 620 2608 675 namque
2659 603 2746 660 die
2794 603 3306 676 advesperasccnte,
3361 625 3479 664 cum

281 719 415 773 Dum
445 717 606 788 igitur
634 717 932 770 niteremur
955 709 1261 774 ostendere,
1293 705 1418 778 quid
1443 704 1654 759 volente
1681 700 1794 754 Deo
1900 696 2086 752 beatus
2112 697 2468 768 Hieronymus
2498 711 2598 749 una
2627 710 2748 750 cum
2791 693 3076 756 fratribus.
3111 707 3166 750 ut
3210 701 3483 753 monachis

216 809 325 864 ﬁeri
356 809 528 879 possit
557 823 570 859 :
603 806 731 876 quid
762 819 891 858 vero
929 801 1020 856 illo
1047 799 1263 854 nolente
1298 796 1412 851 ﬁeri
1440 809 1544 848 non
1569 791 1792 853 valeret,

217 910 266 956 et
292 909 349 954 ut
375 897 614 955 veridico
644 895 953 964 eximioque
992 890 1231 956 Doctori,
1257 887 1342 942 cui
1371 884 1542 957 quoad
1573 882 1793 940 viveret,

215 989 266 1043 in
292 987 437 1044 omni
475 987 697 1042 scientia
726 999 787 1039 se
830 995 1141 1052 comparare
1187 991 1344 1032 nemo
1386 973 1649 1038 audebat,
1690 982 1797 1024 non

216 1085 497 1149 usurparet
531 1076 847 1144 vaniloquus
871 1072 1153 1128 detrahere
1194 1067 1488 1139 quispiam,
1519 1068 1694 1132 empto
1731 1058 1800 1112 ab

211 1167 406 1223 ordine
434 1169 651 1237 longius
679 1179 865 1219 sumus
888 1162 1139 1229 digressi.

219 1258 222 1259 ⁷
284 1259 673 1314 Verumtamen
703 1255 898 1325 qualis,
929 1261 1222 1322 quantusve
1262 1249 1340 1302 vir
1370 1248 1470 1301 iste
1492 1243 1650 1300 fuerit
1673 1284 1688 1308 ,
1717 1255 1805 1296 so-

207 1350 324 1404 lius
367 1349 538 1402 sancti
584 1344 863 1416 Augustini
909 1341 1246 1403 testimonio,
1290 1338 1381 1407 qui
1407 1336 1568 1396 velit,
1598 1332 1804 1403 plenius

205 1453 547 1508 cognoscere
573 1437 732 1492 valet.
766 1435 842 1507 (α)
876 1433 1007 1488 Nam
1037 1447 1160 1486 cum
1190 1431 1242 1485 in
1269 1429 1404 1483 libro
1427 1425 1619 1497 primo,
1646 1435 1806 1493 quem

211 1538 404 1583 contra
449 1542 686 1582 errorem
735 1525 936 1581 Iuliani
989 1520 1264 1578 Manichmi
1313 1519 1602 1586 scripserat
1648 1530 1662 1566 :
1713 1513 1800 1582 qui

215 1621 431 1689 nuptias
457 1619 574 1673 sine
598 1618 931 1672 dubitatione
957 1614 1170 1670 dicebat
1188 1611 1429 1666 damnari
1463 1627 1476 1662 :
1508 1605 1650 1677 quod
1677 1619 1808 1659 vero

211 1726 280 1766 es
321 1713 404 1764 eis
433 1716 742 1764 nasceretur
766 1749 782 1774 ,
815 1708 882 1762 ab
907 1705 1053 1760 omni
1078 1718 1201 1760 esse
1222 1701 1452 1756 liberum
1481 1695 1804 1766 obligatione

215 1801 422 1872 peccati
473 1818 489 1853 :
560 1798 817 1869 plurimos
878 1804 1069 1850 contra
1139 1789 1440 1861 huiusmodi
1494 1783 1804 1857 pestiferum

215 1895 410 1964 dogma
437 1890 742 1945 Catholicos
768 1885 1153 1942 introduxisset
1183 1889 1344 1936 testes
1367 1921 1380 1944 ,
1407 1879 1479 1932 ita
1513 1875 1693 1931 intulit
1718 1874 1801 1929 di-

215 2002 343 2044 cens
371 2004 386 2042 :
415 1985 524 2040 Nec
561 1992 802 2040 sanetum
834 1980 1217 2048 Hieronymum
1245 1973 1333 2042 qui
1362 1969 1642 2044 presbyter
1672 1967 1801 2032 fuit,

216 2074 674 2134 ctmtemnendum
710 2070 988 2126 arbitreris
1013 2111 1028 2133 ,
1068 2067 1158 2138 qui
1181 2065 1371 2122 Graeco
1397 2072 1452 2117 ct
1478 2061 1690 2123 Latino,
1721 2059 1804 2112 in-

221 2183 380 2238 super
403 2177 464 2221 et
499 2164 724 2219 Hebr-.120
750 2159 992 2216 eruditus
1024 2156 1260 2227 eloquio,
1289 2168 1357 2209 ex
1381 2149 1710 2208 Occidentali
1739 2147 1806 2202 ad

215 2257 549 2315 Orientalcm
581 2252 844 2308 transiens
891 2248 1223 2311 Ecclesiam,
1271 2246 1323 2300 in
1373 2243 1530 2298 Locis
1571 2240 1804 2302 sanctis,

221 2362 378 2423 atque
418 2350 473 2404 in
528 2346 746 2402 Litteris
794 2343 960 2398 sacris
996 2355 1163 2411 usque
1207 2339 1274 2392 ad
1318 2335 1640 2406 decrepitam
1673 2331 1810 2423 visit

220 2422 432 2499 aetatem
471 2459 484 2496 :
525 2439 680 2510 cuius
723 2435 877 2491 nobis
916 2433 1185 2503 eloquium
1229 2429 1298 2484 ab
1321 2427 1541 2483 Oriente
1570 2425 1625 2479 in
1653 2422 1802 2479 Occi-

219 2537 438 2590 dentem
491 2533 660 2587 instar
705 2527 837 2584 solis
892 2523 1157 2594 lampadis
1202 2518 1554 2590 resplenduit.
1610 2515 1811 2570 Omnes

221 2629 456 2697 denique
473 2623 553 2696 (li)
591 2623 674 2676 vel
710 2635 844 2692 pene
865 2631 1056 2672 omnes
1082 2613 1171 2684 qui
1201 2621 1323 2666 aute
1351 2610 1497 2664 illum
1521 2605 1718 2677 aliquid
1743 2619 1808 2660 ex

228 2728 453 2788 utraque
475 2715 622 2770 orbis
647 2721 798 2783 parte
825 2709 893 2765 de
919 2706 1160 2763 doctrina
1188 2701 1558 2758 Ecclesiastica
1579 2698 1810 2788 scripse-

226 2787 373 2876 rant,
401 2807 536 2877 legit
564 2823 578 2859 :
624 2818 724 2859 nec
766 2801 922 2855 aliam
950 2797 1018 2852 de
1047 2797 1145 2850 hac
1172 2809 1233 2849 re
1259 2807 1416 2864 quam
1455 2787 1696 2860 prredixi,
1726 2796 1809 2841 te-

225 2902 338 2956 nuit
383 2899 763 2971 prompsitque
805 2890 1144 2947 sententiam.
1198 2885 1301 2952 Qui
1349 2898 1470 2939 cum
1522 2889 1813 2971 caponerct

228 2970 414 3045 Ionam
447 2987 790 3056 Prophetam,
812 2979 1147 3051 apertissime
1165 2973 1332 3030 dixit:
1352 2971 1490 3043 quod
1516 2970 1674 3025 etiam
1692 2984 1814 3039 par-

230 3082 354 3147 vuli,
375 3055 610 3150 peccato
631 3071 939 3130 offensionis
964 3069 1095 3123 Adae
1113 3085 1116 3088 ’
1135 3071 1447 3121 tenerentur
1473 3059 1712 3116 obnoxii.
1743 3055 1815 3132 (c)

229 3172 352 3227 (hec
375 3167 714 3239 Augustinus
739 3165 791 3219 in
823 3161 1080 3233 praedicto
1108 3157 1264 3215 libro.

296 3265 452 3320 Idem
493 3261 671 3330 itaque
699 3257 1057 3326 Hieronymus
1081 3258 1270 3306 contra
1295 3247 1510 3302 Celsum
1530 3285 1544 3309 ,
1577 3242 1821 3312 Porphy-

227 3360 387 3421 rium,
417 3360 485 3410 et
509 3351 775 3408 Iulianum
806 3349 1123 3416 Augustum,
1155 3340 1369 3396 rabidos
1390 3338 1644 3393 adversus
1669 3333 1821 3390 Chri-

229 3455 364 3502 stum
421 3457 631 3506 canes,
671 3447 726 3494 et
770 3445 956 3494 contra
1004 3434 1352 3488 insectatores
1395 3426 1688 3489 Ecclesiae,
1736 3423 1818 3477 vel

229 3553 411 3594 (orum
457 3536 546 3606 qui
575 3541 798 3604 putant,
836 3527 1129 3584 Ecclesiam
1159 3523 1335 3579 nullos
1378 3517 1733 3588 Philosophus
1769 3525 1822 3570 et

227 3633 552 3701 eloquentes
589 3623 844 3680 habuisse
887 3619 1169 3682 doctores,
1201 3628 1396 3685 magno
1418 3610 1700 3668 desudavit
1738 3610 1820 3664 in-

231 3723 424 3792 genio,
457 3727 521 3774 ut
563 3716 736 3771 sciant
761 3711 946 3784 quales
972 3719 1030 3765 et
1065 3707 1248 3778 quanti
1275 3705 1376 3760 viri
1423 3719 1541 3758 cam
1573 3701 1823 3756 fundave-

239 3814 378 3876 rint,
428 3805 838 3869 exstruxerint,
885 3812 1044 3872 atque
1091 3797 1441 3852 ornaverint:
1482 3804 1536 3850 et
1581 3793 1826 3849 desinam

235 3903 392 3958 tidem
419 3905 666 3957 nostram
712 3893 923 3950 rustica:
964 3888 1317 3959 simplicitatis
1344 3900 1598 3956 arguere,
1643 3898 1825 3938 suam-

235 4011 336 4062 que
365 3995 558 4065 potius
589 3987 907 4060 imperitiam
929 3993 1340 4052 recognoscere,
1370 3976 1664 4032 innumeris
1692 3990 1828 4046 prse-

237 4096 380 4141 terea
395 4083 559 4140 libris
575 4078 949 4151 Apostolorum
967 4071 1460 4141 Prophetarumque
1473 4065 1829 4122 constructio-

240 4179 414 4233 nibus.
437 4175 513 4231 Et
541 4181 662 4243 post
684 4183 845 4240 pauca
877 4165 1089 4228 :Nunc,
1114 4161 1307 4243 inquit,
1330 4158 1625 4230 mysterium
1644 4156 1829 4227 iniqui-

239 4273 358 4325 tatis
378 4238 630 4341 aperuittr
653 4238 742 4318 :et
759 4261 916 4333 garrit
937 4238 1274 4325 unusquisque
1293 4251 1429 4341 quod
1451 4249 1599 4341 sentit
1619 4263 1638 4302 :
1651 4265 1741 4341 ego
1756 4264 1833 4302 so-

243 4339 458 4416 tus‘sum
474 4358 566 4429 qui
589 4363 882 4408 cunctorum
908 4347 1070 4419 gloria
1091 4343 1343 4398 mordear.
1359 4339 1604 4395 Pluribus
1622 4339 1828 4410 quippe,

238 4457 334 4520 ait,
357 4456 446 4525 qui
486 4467 572 4507 me
601 4449 775 4503 dicunt
801 4445 892 4498 hoc
921 4457 1049 4513 Opus
1075 4439 1444 4508 inﬂammatum
1473 4431 1676 4525 invidiae
1701 4430 1833 4525 faci-

243 4549 332 4599 bus
358 4522 590 4600 scribere
616 4554 636 4595 :
662 4538 874 4592 breviter
901 4529 1228 4602 respondebo,
1259 4541 1518 4595 numquam
1543 4539 1622 4576 me
1643 4522 1835 4576 hereti-

245 4639 315 4690 cis
338 4633 652 4706 pepercisse,
675 4631 767 4683 sed
788 4624 924 4680 omni
943 4623 1099 4694 egisse
1119 4619 1286 4672 studio
1306 4626 1358 4670 ut
1380 4616 1544 4670 hostes
1570 4610 1840 4677 Ecclesia,

245 4732 342 4784 mei
369 4741 574 4801 quoque
598 4723 763 4778 hostes
793 4721 988 4788 ﬁerent.

317 4799 660 4892 Impossibile
698 4823 780 4870 est
822 4810 1041 4868 omnino
1069 4816 1123 4863 et
1163 4805 1377 4874 longum
1416 4801 1484 4892 de
1536 4801 1640 4855 isto
1683 4799 1836 4866 viro,

246 4891 482 4983 ejusque
527 4909 768 4964 districta
814 4904 960 4969 vita,
1019 4907 1074 4956 et
1111 4896 1257 4952 illius
1304 4891 1544 4950 moribus
1590 4898 1838 4983 retexere

242 4981 464 5062 omnia.
488 5002 657 5058 Unius
685 4999 827 5056 enim
851 4991 1094 5052 miraculi
1123 4989 1280 5059 hujus
1307 4983 1642 5051 monasterii,
1663 4981 1833 5053 quod-

245 5100 374 5155 dam
407 5096 708 5169 priscorum
733 5091 931 5156 simile,
968 5083 1110 5158 quod
1153 5096 1249 5154 per
1276 5077 1672 5136 succedentium
1701 5075 1839 5129 rela-

311 5251 380 5318 lal
426 5250 538 5318 Ero
569 5255 688 5318 ιίαπξ
729 5248 874 5318 ἔωθε
896 5232 1839 5318 9'“._¥"IP:-§3‘f}mvﬁi°t.ﬂrﬂe§§f

245 5290 380 5366 idem
426 5290 533 5363 ἱιὲῖ
565 5290 1306 5368 dicebat—IrodocebwRecole
1325 5304 1436 5368 qua;
1459 5291 1517 5340 ad
1541 5290 1670 5338 hunc
1688 5290 1736 5336 in
1756 5301 1840 5336 su-

246 5357 707 5439 ik'riéréiidiim
722 5357 840 5439 Χίω
861 5365 1022 5439 ιοςυξη
1035 5357 1438 5439 39“.‘1‘ff‘1“..‘.‘§;.
1557 5423 1668 5439 mn.
1695 5407 1799 5439 nn..-

330 5387 452 5426 ἰοτθ
511 5387 707 5420 I'OXIIIIB
737 5387 840 5418 νιω
863 5387 1022 5414 lucum
1057 5387 1406 5407 αυιιυιανιηιιω.
1789 5407 1799 5418 ⁸

330 5437 378 5488 bl
423 5387 625 5485 Agsunt
647 5445 676 5480 a
722 5429 814 5479 Ms.
841 5426 1009 5483 verba,
1033 5419 1106 5472 vel
1129 5429 1247 5488 pene
1277 5426 1455 5488 omnes,
1475 5409 1841 5488 eumgerere

330 5437 360 5486 b
423 5437 625 5485 Abeunt
647 5445 676 5480 a
724 5437 814 5479 tus.
841 5437 1009 5483 verba,
1033 5437 1106 5472 vet
1129 5437 1247 5480 pene
1277 5437 1455 5472 υιιυιω,
1483 5437 1536 5460 et
1559 5437 1671 5458 ιιιυλ
1694 5437 1841 5480 ιίιυω.

312 5437 381 5564 lci
429 5495 513 5547 Ab
538 5495 623 5564 his,
637 5492 808 5564 rubis
833 5497 952 5564 res
1296 5478 1844 5564 ﬁesfitﬂti‘tt‘tfﬁz

245 5535 511 5626 ςυξιίιέιῖ
521 5535 804 5626 simiai
831 5535 989 5626 me
1028 5535 1842 5626 armasatas.sarissas

518 5591 1163 5680 Eiia‘éiiﬁnjtb‘énojns.
1189 5591 1846 5680 desiderati:hiatusque:

247 5655 970 5737 iiéﬁii'tiiﬁaii'tiﬁ'in'atfen’
985 5667 1041 5716 ad
1068 5678 1179 5717 cum
1205 5663 1363 5714 locum
1387 5657 1494 5708 Vita
1517 5655 1746 5706 diximus.

1904 805 2018 846 mos
2046 798 2128 845 est
2151 831 2166 856 ,
2207 789 2272 843 ad
2324 804 2530 844 sacram
2557 788 2841 843 lectionem
2871 784 3190 841 audiendam
3217 789 3436 843 sedisset
3467 834 3485 856 ,

1903 895 1956 938 et
1997 890 2264 954 prmcepta
2293 879 2472 935 divina
2502 879 2835 945 declararet,
2868 877 3047 934 subito
3092 879 3260 934 tribus
3289 882 3487 936 claudi-

1903 990 2052 1040 cans,
2097 983 2288 1045 quarto
2323 987 2614 1042 suspensus
2667 972 2838 1042 pede,
2891 973 3079 1044 ingens
3129 975 3216 1029 leo
3258 979 3484 1031 camobii

1904 1067 2134 1121 claustra
2183 1067 2457 1136 ingressus
2506 1072 2608 1120 est.
2632 1065 2749 1130 Quo
2778 1065 2958 1135 utique
2989 1065 3105 1120 viso
3148 1067 3340 1120 fratres
3371 1084 3489 1137 per-

1910 1157 2078 1212 territi
2108 1156 2348 1211 nonnulli
2377 1156 2432 1211 in
2463 1157 2637 1226 fugam
2667 1164 2827 1220 sunt,
2861 1166 2917 1209 ut
2949 1165 3034 1210 est
3064 1165 3241 1211 metus
3287 1155 3488 1228 fragili-

1911 1248 2032 1301 tatis
2059 1247 2306 1301 hnmanm
2328 1289 2341 1310 ,
2373 1247 2638 1302 conversi.
2665 1246 2892 1302 Sanctus
2936 1263 3065 1302 vero
3095 1247 3449 1319 Hieronymus
3471 1291 3488 1316 ,

1909 1340 2070 1395 veluti
2109 1339 2417 1395 adventanti
2466 1338 2715 1395 obviavit.
2764 1338 2863 1406 Qui
2908 1340 3157 1395 videlicet
3207 1339 3332 1395 dum
3388 1343 3488 1394 sibi

1912 1432 2111 1502 pariter
2159 1432 2625 1502 propinquassent,
2675 1430 2877 1501 etquia
2928 1430 3069 1500 loqui
3120 1431 3243 1497 leo,
3301 1440 3359 1486 ut
3382 1448 3493 1486 sua:

1912 1535 2114 1579 natura:
2141 1532 2224 1580 est
2247 1565 2263 1590 ,
2289 1524 2506 1579 minime
2535 1533 2786 1593 poterat,
2823 1531 3108 1594 utcumque
3130 1523 3321 1588 valuit,
3353 1541 3490 1594 pra:-

1909 1615 2054 1670 dicto
2081 1613 2254 1684 patri,
2288 1613 2400 1668 Imsi
2441 1628 2598 1684 quem
2649 1613 2875 1668 habebat
2908 1614 3059 1683 pedis
3107 1614 3298 1669 obtulit
3342 1614 3494 1684 plan-

1910 1716 2016 1760 tam
2041 1707 2277 1761 :vocatis
2307 1715 2432 1761 tunc
2473 1704 2762 1772 fratribus,
2809 1707 3066 1776 prazcepit
3105 1717 3163 1761 ut
3209 1707 3495 1778 diligenter

1910 1800 2094 1853 Iazsum
2123 1798 2401 1853 abluerent
2427 1797 2636 1866 pedem,
2670 1797 3000 1867 inquirentes
3025 1812 3122 1852 cur
3148 1799 3217 1851 ita
3246 1797 3330 1854 leo
3349 1801 3493 1853 clau-

1907 1887 2092 1943 dicans
2140 1890 2261 1942 iret.
2311 1887 2463 1956 Quod
2531 1887 2660 1943 dum
2722 1887 2920 1944 factum
2976 1887 3215 1944 studiose
3271 1887 3495 1948 fuissent

1910 1981 2116 2049 intuiti,
2147 1981 2474 2037 vulneratam
2527 1996 2558 2036 a
2601 1980 2843 2038 sentibus
2892 1982 3212 2037 invenerunt
3261 1982 3491 2052 plantam

1912 2073 2101 2128 leonis.
2135 2071 2197 2127 Ei
2242 2071 2403 2143 igitur
2454 2087 2576 2127 cum
2629 2071 2886 2127 alimento
2929 2070 3213 2143 diligenter
3257 2071 3491 2127 adhibita

1909 2179 2039 2221 cura
2062 2165 2127 2219 de
2155 2165 2388 2220 lmsionis
2417 2165 2544 2230 ictu,
2577 2165 2722 2220 illico
2750 2165 3048 2219 convaluit.

1983 2255 2139 2311 Omni
2184 2271 2312 2326 ergo
2342 2255 2588 2312 belluinaa
2614 2255 2838 2311 feritatis
2864 2256 3108 2326 deposita
3137 2258 3304 2326 rabie,
3331 2260 3494 2328 cmpit

1915 2346 2056 2400 inter
2082 2361 2176 2402 eos
2223 2346 2366 2401 ultro
2395 2347 2635 2415 citroque
2676 2347 2826 2416 quasi
2868 2345 3220 2402 domesticum
3246 2357 3300 2403 et
3348 2359 3496 2402 tran-

1914 2437 2137 2507 quiilum
2175 2436 2369 2491 animal
2399 2437 2598 2508 pariter
2625 2437 2965 2492 conmorari.
2993 2437 3104 2492 IIoc
3141 2438 3338 2494 etenim
3368 2439 3498 2493 ben.-

1918 2537 2001 2582 tus
2028 2527 2386 2600 Hieronymus
2405 2528 2635 2598 cognito,
2657 2528 2734 2583 sic
2760 2529 3007 2583 fratribus
3023 2529 3098 2584 ait
3126 2547 3139 2584 :
3167 2529 3261 2584 Eia
3284 2528 3494 2593 fratres,

1916 2621 2152 2676 studiose
2179 2620 2475 2676 adinvicem
2514 2635 2643 2692 rogo
2671 2621 2983 2692 perpendite
3013 2621 3174 2692 :quid
3204 2621 3326 2678 huic
3357 2624 3495 2678 leoni

1917 2712 2096 2781 operis
2124 2713 2346 2782 congrui
2371 2752 2385 2776 ,
2418 2723 2615 2768 nostra:
2643 2711 2882 2767 utilitatis
2907 2712 3170 2768 addamus
3188 2754 3204 2781 ,
3234 2723 3498 2783 quatenus

1917 2805 1984 2860 ab
2033 2818 2101 2860 eo
2128 2804 2313 2860 leviter
2343 2803 2522 2874 perlici
2548 2845 2562 2869 ,
2589 2811 2646 2858 et
2690 2800 3072 2875 (e)elticaciter
3121 2802 3235 2858 ﬁeri
3283 2805 3496 2871 possit:

1918 2895 2039 2964 quia
2069 2903 2215 2951 certe
2256 2895 2419 2950 credo
2475 2893 2616 2964 quod
2657 2909 2762 2949 non
2813 2904 3014 2948 tantum
3070 2909 3167 2963 pro
3217 2895 3299 2948 sui
3346 2894 3495 2965 pedis

1919 2988 2091 3042 salute
2115 3028 2130 3053 ,
2159 2985 2264 3042 huc
2295 2986 2444 3041 illum
2473 2985 2678 3040 miserit
2724 2987 2866 3040 Deus
2891 3027 2906 3050 ,
2938 2985 3028 3056 qui
3057 2987 3106 3040 ei
3137 2985 3339 3041 mederi
3383 2987 3500 3043 sine

1923 3078 2075 3133 nobis
2127 3086 2373 3148 potuerat
2403 3094 2418 3131 :
2469 3086 2723 3147 quantum
2755 3085 2814 3131 ut
2848 3076 3002 3131 nobis
3047 3091 3158 3132 sua:
3189 3076 3501 3132 visitationis

1923 3169 2320 3225 demonstraret
2345 3166 2540 3222 indicio
2563 3207 2579 3234 ,
2614 3181 2709 3237 per
2747 3166 2889 3222 hunc
2916 3175 3115 3222 nostra:
3156 3165 3460 3223 necessitati
3485 3208 3501 3230 ,

1927 3261 2242 3317 mirabiliter
2266 3277 2326 3316 se
2355 3259 2496 3316 velle
2519 3258 2756 3330 prabere
2777 3259 3052 3330 juvamen.

1998 3352 2148 3408 Tunc
2175 3351 2411 3422 prtedicti
2445 3349 2656 3419 fratres,
2690 3350 2797 3406 tale
2840 3351 3178 3406 concorditer
3203 3350 3505 3407 humiliter—

1924 3462 2029 3519 que
2056 3445 2189 3516 patri
2219 3459 2534 3515 responsum
2560 3443 2776 3510 dedere,
2809 3443 3046 3499 dicentes
3070 3463 3083 3497 :
3103 3443 3182 3500 Tu
3202 3453 3352 3514 pater
3372 3444 3507 3500 bene

1929 3538 2100 3603 nosti,
2133 3535 2274 3608 quod
2302 3535 2483 3591 asinus
2522 3535 2612 3607 qui
2645 3550 2676 3590 a
2704 3535 2840 3590 saltu
2869 3536 2937 3606 (f)
2965 3536 3084 3591 usui
3137 3546 3322 3592 nostro
3367 3536 3506 3606 ligna

1927 3629 2139 3685 deferre
2165 3629 2355 3685 solitus
2380 3638 2481 3693 est,
2527 3628 2764 3683 custodis
2793 3629 3150 3684 sollicitudine
3177 3629 3418 3700 indiget,
3455 3639 3510 3683 et

1932 3735 1998 3776 ne
2023 3735 2057 3775 a
2082 3719 2316 3790 qualibet
2368 3717 2606 3788 improha
2631 3717 2798 3772 bestia
2833 3716 3121 3773 devoretur
3145 3760 3159 3781 ,
3189 3721 3320 3773 satis
3352 3735 3508 3772 vere-

1934 3827 2073 3868 mur.
2101 3811 2306 3865 Idcirco
2348 3824 2495 3878 ergo,
2521 3808 2564 3862 si
2592 3807 2681 3860 tibi
2724 3805 2916 3874 placet,
2947 3815 3004 3860 et
3048 3817 3250 3860 reetuui
3279 3807 3510 3871 videtur,

1931 3906 2058 3960 huic
2087 3903 2226 3958 leoni
2273 3901 2423 3957 aselli
2469 3899 2634 3954 nostri
2669 3897 2972 3968 injungatur
2999 3897 3212 3951 solertia
3238 3938 3254 3964 ,
3289 3906 3346 3950 ut
3389 3913 3508 3951 eum

1933 3996 2265 4066 subsequens
2312 3993 2468 4046 ducat
2495 3988 2559 4045 ad
2603 3997 2809 4059 pastum
2841 4027 2857 4054 ,
2900 3987 3226 4058 reducatque
3269 4003 3515 4042 remeans

1935 4087 2173 4142 domum.
2200 4086 2274 4139 Ita
2302 4095 2356 4138 et
2392 4082 2586 4137 factum
2614 4093 2696 4138 cst
2729 4099 2742 4136 :
2788 4096 2909 4134 nam
2941 4080 3174 4151 injuncta
3206 4080 3346 4135 leoni
3385 4097 3514 4136 cura

1937 4179 2114 4244 asini,
2165 4190 2319 4234 more
2365 4173 2590 4244 pastoris
2632 4172 2909 4239 industrii,
2962 4171 3137 4226 eundo
3182 4171 3250 4226 ad
3307 4181 3512 4240 pastum

1939 4270 2117 4326 socius
2155 4267 2485 4322 incessanter
2512 4262 2757 4330 itineris,
2785 4276 2911 4318 rure
2959 4261 3226 4331 pascendo
3273 4263 3519 4318 ubicum-

1943 4379 2047 4434 que
2075 4360 2344 4425 defensor,
2376 4356 2668 4411 tutissimus
2691 4364 2824 4409 erat.
2848 4352 3227 4418 Verumtamen
3256 4363 3312 4408 ut
3340 4355 3416 4426 (g)
3462 4369 3521 4409 se

1938 4455 2161 4519 cibaret,
2181 4460 2237 4504 et
2261 4449 2442 4504 asinus
2488 4446 2702 4503 solitum
2736 4445 3015 4516 perliceret
3057 4459 3214 4516 opus,
3244 4446 3519 4502 consuetis

1942 4561 2154 4616 semper
2178 4541 2346 4609 horis,
2375 4555 2496 4595 cum
2526 4553 2591 4594 co
2618 4538 2831 4593 domum
2861 4537 3088 4594 redibat.
3569 4589 3574 4615 ρ

2015 4638 2224 4692 Interea
2279 4633 2407 4688 dum
2459 4631 2576 4686 haec
2628 4629 2792 4685 dilato
2847 4637 3088 4700 tempore
3140 4635 3455 4698 gererentur
3503 4643 3518 4682 τ
3569 4637 3572 4644 ’

1944 4729 2134 4785 educto
2173 4726 2396 4798 quadam
2418 4722 2505 4779 die
2533 4721 2600 4776 ad
2636 4721 2752 4776 loca
2780 4734 2989 4790 pascuae
3031 4718 3184 4772 asino
3207 4756 3222 4782 ,
3248 4716 3396 4786 gravi
3441 4716 3525 4771 leo

1945 4825 2083 4879 ultra
2136 4819 2352 4876 modum
2396 4829 2588 4872 somno
2639 4825 2926 4883 oppressus
2973 4806 3311 4862 obdormivit.
3345 4805 3525 4860 Lconc
3587 4859 3600 4864 ,

1947 4904 2174 4985 namQue
2200 4921 2325 4967 tunc
2351 4907 2586 4979 graviter
2607 4909 2880 4974 saporato,
2913 4897 3134 4966 contigit
3162 4905 3219 4951 ut
3251 4911 3349 4966 per
3373 4911 3524 4951 eam.

1943 5009 2067 5064 dem
2094 5005 2231 5060 viam
2262 4999 2628 5070 ncgoeiatores
2644 4991 2967 5064 gradientes,
2989 4987 3092 5041 olei
3108 4987 3322 5042 emendi
3343 5000 3522 5052 causa,

1949 5103 2230 5170 pergerent
2273 5093 2326 5147 in
2377 5090 2686 5160 Egyptum.
2715 5081 2815 5147 Qui
2869 5081 3041 5148 ipsum
3101 5092 3245 5148 sape
3285 5076 3528 5131 videntes

2017 5209 2087 5276 ια)
2131 5188 3530 5276 Interscritmster_Its-:ttMﬂ.5.3'21‘1'Ekatﬁﬂf‘0

1949 5256 2173 5333 suspenso
2195 5266 2335 5330 pede,
2363 5271 2414 5312 et
2436 5260 2562 5324 quod
2587 5256 2904 5318 subsequitur
2925 5258 3078 5302 metus
3099 5261 3278 5300 nomen
3300 5256 3495 5300 reticet.

2018 5333 2077 5380 lel
2128 5331 2264 5380 Idem
2294 5325 2382 5374 Iis.
2409 5330 2452 5372 et
2486 5333 2545 5370 ne
2567 5319 2818 5380 emtgetur.
3083 5373 3094 5380 _
3269 5371 3300 5380 _
3353 5370 3367 5380 _
3429 5376 3437 5380 _

2128 5325 2264 5380 Idem
2294 5325 2382 5374 his.
2409 5330 2452 5372 et
2486 5325 2818 5388 neemtgt‘ufr-
2881 5387 2885 5388 ν
2943 5387 2952 5388 ,
3082 5373 3094 5388 ,
3267 5371 3300 5388 η

2032 5329 2059 5384 e
2128 5331 2264 5380 Idem
2294 5329 2382 5374 Hs.
2409 5330 2452 5372 et
2486 5333 2545 5370 ne
2567 5329 2818 5388 emtgetur.
3083 5373 3094 5384 .

2018 5333 2086 5462 lli
2135 5380 2964 5462 MetMossuester?ﬁnienti?
2986 5387 3118 5436 υεηιν
3148 5379 3242 5424 εισι
3267 5370 3368 5423 Sed
3393 5376 3446 5421 οι
3467 5371 3530 5421 α’

1951 5437 2087 5524 agro;
2113 5437 2254 5524 ρξοά
2277 5447 2402 5524 sal‘tlu
2425 5444 2540 5524 Mss.
2578 5437 2994 5524 duo-[lxificlf'ilnE‘
3021 5497 3168 5524 mm!“
3191 5501 3294 5524 mm
3322 5491 3416 5524 Im;

2021 5493 2087 5585 lii
2113 5493 2901 5585 ᾙόεῖεῖῑᾟέ-ᾏἏε,νξεῖξϊῖὶέςέῖςιεέ
2943 5493 3522 5585 3ξέἒὲἓὲ

1953 5563 2085 5634 seu:
2110 5563 2234 5629 ‘i‘um
2259 5572 2383 5622 alius
2407 5569 2830 5634 verbahpergerent
2851 5563 2902 5612 in
2923 5563 3521 5634 ίξῖῃῃριιιηι...ρᾳῐρξιέρξε

1957 5623 2299 5705 praet-mittit.
2324 5633 2422 5686 Sed
2440 5623 2620 5697 jamdiu
2643 5623 2792 5690 pudet
2817 5637 2904 5673 nos
2923 5623 3058 5674 hisce
3082 5623 3252 5672 ntcniis
3271 5623 3535 5670 immorari.~
