4050 6188
521 228 626 284 211

523 339 730 394 asinum
762 334 1248 409 pascentem:dum
1303 328 1567 384 neminem
1606 326 1866 383 vidissent
1910 325 2100 381 adesce

522 428 802 485 custodem
824 470 841 497 ,
874 428 1047 497 iniqua
1094 427 1405 489 surrepente
1448 415 1735 487 cupiditate
1758 457 1773 481 ,
1828 415 2100 486 rapientes

522 535 703 575 secum
742 518 1024 574 duxerunt.
1049 509 1436 580 Expergiseens
1469 507 1646 577 itaque
1677 506 1764 560 leo
1812 505 1938 576 quid
1995 504 2095 560 sibi

522 612 702 668 damni
739 609 1056 669 accidisset,
1107 603 1352 657 nesciens
1402 617 1415 653 :
1466 610 1524 654 ut
1576 599 1871 670 requireret
1916 606 2095 652 tamen

522 711 823 773 pascentem
845 712 1001 769 quem
1048 694 1394 751 commissum
1426 692 1630 757 habuit,
1663 695 1740 747 ire
1792 690 1974 761 coepit.
1996 692 2097 759 Qui

518 810 638 848 cum
662 790 818 846 solito
844 803 947 844 non
974 794 1255 857 appareret
1282 786 1333 839 in
1385 785 1504 839 loco
1529 782 1821 854 pascendi,
1868 783 2099 841 consui-

516 897 634 939 ctus
674 882 743 937 de
781 880 1089 936 discrimine
1115 879 1232 941 leo,
1269 878 1519 933 maestitia
1560 877 1787 941 anxius,
1834 875 2095 946 rugiendo

513 975 688 1044 aliqua
732 980 879 1041 parte
925 971 1067 1035 diei,
1097 970 1200 1024 huc
1230 968 1457 1039 illucque
1485 970 1592 1023 ibat
1639 982 1885 1039 quaerens
1932 983 2091 1038 quem

514 1065 835 1135 perdiderat.
1724 1124 1725 1127 η

581 1156 687 1213 Sed
727 1172 846 1212 cum
869 1156 978 1226 jam
1009 1156 1184 1210 omnis
1226 1152 1527 1223 reperiendi
1573 1152 1708 1207 asini
1744 1166 1869 1222 spes
1909 1151 2095 1205 fuisset

510 1248 708 1315 ablata,
741 1248 808 1303 ad
839 1247 1145 1303 monasterii
1172 1246 1387 1317 januam
1414 1244 1635 1299 veniens
1660 1244 1914 1314 perstitit.
1946 1242 2090 1295 Con-

509 1344 655 1399 scius
679 1343 822 1398 enim
847 1343 1041 1412 culpre,
1072 1356 1179 1395 non
1207 1354 1369 1393 ausus
1392 1346 1475 1392 est
1504 1336 1706 1406 ingredi
1729 1377 1743 1402 ,
1770 1333 1913 1404 quod
1944 1333 2093 1404 prius

507 1448 630 1489 cum
667 1433 834 1489 asello
862 1432 1086 1489 solebat.
1112 1430 1282 1498 Quem
1314 1429 1502 1483 beatus
1545 1427 1933 1496 Hieronymus,
1988 1441 2091 1479 una

507 1542 631 1581 cum
662 1525 945 1592 fratribus,
977 1524 1179 1595 absque
1223 1523 1374 1576 asino
1425 1519 1609 1575 videns
1650 1519 1719 1574 ad
1748 1519 1898 1574 cella:
1949 1517 2093 1573 fores

508 1617 729 1685 morari,
762 1625 813 1671 et
833 1616 958 1687 quia
994 1630 1102 1669 non
1133 1614 1288 1669 solita
1318 1612 1447 1667 hora
1475 1612 1647 1665 fuerat
1683 1625 1934 1666 reversus
1958 1650 1975 1675 ,
2003 1610 2088 1663 in—

507 1708 740 1778 stigante
782 1706 941 1762 famis
984 1705 1304 1760 necessitate
1344 1702 1715 1773 compulsum,
1770 1711 2091 1771 putaverunt

506 1813 629 1853 eum
655 1797 918 1853 occidisse
956 1795 1151 1850 animal
1178 1809 1331 1850 suum
1364 1813 1379 1849 :
1408 1792 1757 1863 nolentesque
1786 1792 1832 1847 ei
1854 1792 2090 1848 tribuere

505 1903 773 1944 annonam
809 1895 1121 1942 consuetam
1145 1926 1159 1951 ,
1190 1885 1478 1940 dicebant:
1506 1882 1688 1950 Vade,
1718 1892 1773 1939 et
1822 1884 2087 1953 reliquum

503 1980 653 2035 aselli
679 1978 819 2051 quod
852 1979 941 2033 tibi
970 1978 1246 2042 remansit,
1285 1976 1498 2041 mande,
1523 1984 1773 2045 tuamque
1802 1976 2087 2046 ingluviem

506 2072 672 2143 reple.
706 2071 773 2126 Et
815 2072 939 2126 licet
974 2070 1087 2126 lucc
1114 2071 1187 2124 illi
1216 2069 1479 2135 dicerent,
1502 2078 1655 2123 erant
1688 2078 1864 2124 tamen
1894 2069 2082 2124 incerti

502 2175 676 2218 utrum
722 2162 825 2218 hoc
853 2163 997 2227 mali,
1027 2177 1093 2215 an
1125 2177 1230 2215 non
1263 2160 1308 2214 is
1348 2168 1730 2229 perpetrasset.

570 2256 904 2325 Quapropter
927 2262 1185 2310 exeuntes
1213 2254 1403 2307 fratres
1424 2252 1488 2306 ad
1508 2252 1603 2323 (al.
1624 2252 1735 2305 loca
1753 2250 1963 2323 pascua)
1981 2252 2085 2307 loci

500 2364 717 2417 pascua,
762 2350 1001 2421 quoiam
1048 2348 1324 2419 prrefatum
1370 2345 1565 2401 animal
1595 2344 1862 2401 deducere
1884 2345 1970 2400 leo
1998 2360 2086 2400 so-

497 2442 623 2496 litus
660 2450 811 2507 erat,
846 2442 1003 2512 longe
1053 2441 1264 2511 lateque
1300 2447 1682 2509 peragrantes,
1714 2447 1771 2491 ut
1814 2436 2081 2507 quoddam

498 2536 688 2590 mortis
716 2535 969 2590 indicium
1013 2544 1232 2605 possent
1260 2533 1520 2588 invenire.
1550 2531 1650 2599 Qui
1697 2529 1901 2585 nullum
1942 2531 2083 2585 inte-

498 2628 811 2697 remptionis
849 2626 967 2697 ejus
1005 2626 1215 2697 signum
1244 2625 1607 2693 reperientes,
1656 2621 1942 2677 redeuntes
1970 2630 2084 2676 stu-

495 2720 727 2773 duerunt
754 2718 854 2772 hoc
900 2717 1057 2771 beato
1087 2716 1413 2786 Hieronymo
1440 2713 1700 2767 nuntiare.
1734 2712 1851 2779 Quo
1877 2710 2079 2776 audito,

493 2808 571 2862 ait
598 2807 888 2863 fratribus:
920 2805 1159 2862 Obsecro
1189 2819 1307 2869 vos,
1341 2803 1555 2869 fratres,
1585 2815 1887 2873 quanquam
1922 2802 2083 2855 susti-

494 2898 667 2955 neatis
706 2898 840 2953 asini
874 2898 1159 2961 damnum,
1190 2897 1331 2949 hunc
1377 2904 1555 2948 tamen
1600 2907 1667 2948 ne
1715 2892 2078 2961 exasperetis,

493 3004 668 3061 neque
695 2987 961 3058 abjiciatis
987 2986 1197 3042 leonem
1224 3002 1236 3039 :
1269 2983 1362 3041 sed
1394 2998 1515 3039 eum
1557 2990 1614 3037 ut
1661 2980 1863 3036 dudum
1887 2981 2082 3051 guber-

491 3090 706 3149 nantes,
734 3078 1143 3149 praehentesque
1180 3076 1457 3139 alimenta,
1481 3072 1680 3127 nutrite
1708 3087 1724 3137 ;
1752 3070 2081 3126 incidentes-

491 3187 596 3244 que
623 3172 678 3229 in
706 3186 928 3228 nemore
953 3171 1115 3243 ligna,
1140 3177 1199 3225 ut
1222 3184 1283 3225 ea
1320 3168 1437 3222 vice
1468 3166 1603 3221 asini
1650 3163 1805 3220 nobis
1840 3164 1943 3219 buc
1972 3173 2081 3219 tra-

492 3265 629 3321 hens
675 3264 888 3321 deferre
926 3263 1124 3330 valeat,
1147 3261 1424 3316 moderate
1450 3267 1729 3314 ncctentes
1759 3257 1919 3329 ligate
1949 3275 1962 3311 :
1999 3257 2074 3311 lta

491 3365 545 3410 et
570 3355 766 3410 factum
784 3362 884 3410 est.
915 3352 1158 3420 Cumque
1185 3350 1287 3405 sibi
1303 3364 1437 3419 opus
1459 3358 1587 3403 tunc
1616 3364 1810 3403 nexum
1836 3347 2078 3403 crebrius

491 3452 744 3515 gereret,
812 3451 866 3497 ct
916 3442 1026 3511 jam
1098 3439 1358 3495 redeundi
1420 3449 1629 3509 tempus
1683 3440 2073 3508 negotiatorum

492 3536 730 3602 adesset,
758 3532 971 3602 expleto
994 3531 1082 3586 die
1107 3530 1333 3599 quodam
1387 3543 1551 3598 Opere
1575 3568 1588 3590 ,
1613 3528 1853 3597 quamvis
1879 3527 2076 3581 animal

493 3630 734 3691 brutum,
766 3624 1019 3680 divinitus
1050 3632 1227 3677 tamen
1258 3632 1314 3676 ut
1339 3629 1468 3691 puto
1493 3619 1822 3674 admonitum
1845 3658 1861 3683 ,
1890 3620 2078 3675 exiens

495 3718 595 3773 ivit
616 3717 683 3772 ad
700 3732 904 3788 agrum,
928 3715 1028 3770 huc
1058 3713 1286 3783 illucque
1306 3711 1613 3767 discurrens
1632 3710 1891 3782 gyrando,
1914 3726 2076 3766 nosse

496 3810 706 3880 plenius
748 3808 971 3877 cupiens
1001 3805 1125 3876 quid
1148 3805 1337 3860 fuisset
1360 3804 1428 3860 de
1449 3803 1599 3859 socio
1624 3818 1725 3857 suo
1748 3800 1971 3858 factum.

566 3899 669 3967 Qui
704 3898 953 3968 fatigatus
992 3896 1102 3967 jam
1137 3895 1391 3961 nimium,
1419 3892 1739 3964 quandoque
1766 3892 1832 3946 ad
1878 3891 2074 3963 publici

492 3991 699 4048 itineris
740 3991 913 4044 locum
949 3986 1164 4043 devenit
1189 3985 1467 4040 sublimem
1492 4025 1506 4049 ,
1547 3998 1653 4054 quo
1678 3983 1801 4037 dum
1849 3983 2073 4049 anxius,

489 4093 553 4138 ut
596 4087 844 4153 poterat,
880 4074 1363 4147 circumspicienda
1404 4074 1777 4145 prospiceret:
1820 4074 2075 4130 cernebat

488 4174 677 4244 procul
707 4171 979 4226 venientes
1006 4176 1189 4223 contra
1231 4182 1291 4221 se
1329 4166 1575 4220 homines
1600 4180 1720 4220 cum
1750 4165 1957 4220 onustis
1982 4182 2074 4220 ca-

489 4264 688 4331 melis,
732 4276 868 4332 quos
908 4257 1218 4330 praecedens
1266 4257 1449 4311 asinus
1482 4255 1776 4310 veniebat:
1818 4255 1910 4310 sed
1951 4255 2073 4324 quia

490 4356 648 4409 valde
677 4352 859 4424 procul
898 4359 1035 4416 erat,
1070 4350 1213 4403 hunc
1238 4361 1564 4418 cognoscere
1606 4346 1827 4401 minime
1854 4348 2027 4416 potuit
2056 4362 2070 4398 :

491 4456 671 4498 tamen
702 4442 1039 4513 pedetentim
1062 4455 1120 4493 se
1142 4439 1246 4493 illis
1266 4438 1475 4491 obviam
1501 4436 1712 4491 obtulit.
1730 4436 1845 4490 Mos
1866 4437 2065 4506 quippe

498 4534 574 4588 illi
600 4531 795 4587 dicitur
820 4544 939 4585 esse
966 4529 1193 4598 regioni,
1224 4536 1282 4581 ut
1309 4527 1523 4597 quoties
1547 4541 1669 4579 cum
1709 4528 1928 4581 camelis
1950 4526 2073 4579 lon-

484 4625 607 4695 gius
646 4619 1080 4692 proficiscuntur,
1113 4618 1268 4672 toties
1294 4615 1644 4670 antecedente
1672 4616 1847 4681 asino,
1889 4616 2069 4669 funem

486 4713 816 4769 camelorum
843 4714 1085 4779 gestante
1110 4705 1268 4769 collo,
1296 4705 1689 4774 subsequantur
1704 4706 1913 4761 cameli.
1937 4705 2070 4760 Nam

439 4811 449 4877 χ
486 4805 615 4858 dum
635 4801 875 4875 praedicti
904 4798 1241 4862 ltinerantes,
1268 4795 1320 4850 id
1348 4804 1452 4863 est,
1478 4796 1867 4866 negociatores,
1887 4811 2072 4866 appro-

446 4884 451 4889 ’
487 4892 989 4967 pinquassentleoni
1022 4909 1035 4944 :
1060 4891 1146 4946 ille
1169 4890 1383 4960 cognito
1406 4889 1580 4956 asino,
1607 4902 1805 4944 saevum
1835 4889 2068 4959 rugiens,

484 5003 609 5042 cum
652 4985 847 5055 ingenti
888 4981 1113 5052 strepitu
1144 4981 1300 5036 irruit
1330 4980 1382 5035 in
1409 4994 1525 5043 eos,
1556 4980 1823 5035 neminem
1878 4996 2071 5051 nempe

487 5079 713 5143 laedens,
760 5090 966 5131 eorum.
993 5074 1095 5141 Qui
1119 5072 1368 5129 omnibus
1396 5074 1573 5127 statim
1602 5073 1822 5139 relictis,
1851 5074 2071 5130 demen-

486 5179 696 5239 tesque.
728 5174 786 5221 ut
814 5166 1031 5236 dignum
1062 5164 1256 5228 fuerat,
1296 5163 1469 5220 eﬂ‘ecti
1489 5206 1503 5229 ,
1538 5165 1590 5219 in
1617 5163 1791 5233 fugam
1819 5170 2065 5224 conversi

481 5270 628 5313 sunt.
653 5259 857 5327 Quibus
877 5258 1125 5312 videlicet
1143 5256 1488 5326 fugientibus,
1517 5258 1827 5314 terribiliter
1851 5262 2067 5331 rugiens

483 5350 570 5404 leo
596 5350 927 5418 percutiebat
954 5347 1121 5402 cauda
1150 5348 1358 5402 fortiter
1390 5357 1610 5413 terram,
1642 5352 2066 5423 perterritosque

483 5441 753 5503 camelos,
804 5439 942 5493 sicut
968 5448 1121 5493 erant
1163 5440 1367 5505 onusti,
1410 5451 1534 5497 ante
1556 5442 1719 5498 se‘ad
1746 5443 1938 5499 cellam
1986 5445 2066 5501 ire

485 5528 681 5583 coegit.

558 5614 836 5670 lnsolitam
874 5626 1001 5681 ergo
1032 5628 1141 5670 rem
1190 5615 1382 5673 fratres
1423 5619 1661 5676 videntes
1690 5664 1705 5691 ,
1759 5623 1898 5693 quod
1928 5639 2063 5694 pra:-

1789 214 1844 269 S.
1887 207 2269 269 HIERONYMI
2313 211 2494 270 VITA.

3638 272 3643 277 .
3688 212 3798 271 213

2212 325 2413 383 cedens
2436 327 2617 384 asinus
2643 329 3000 403 sarcinatique
3029 331 3083 388 ln
3105 332 3284 389 medio
3321 331 3533 401 cameli,
3561 342 3615 388 et
3666 331 3798 389 sub-

2209 432 2441 489 sequens
2465 436 2649 477 eorum
2676 432 2821 494 terga
2846 423 2933 478 leo
2962 425 3160 494 pariter
3187 425 3416 489 veniret,
3444 440 3569 479 mox
3592 439 3797 479 exeun-

2210 517 2290 563 tes
2316 510 2556 567 modeste
2576 554 2593 579 ,
2622 523 2942 568 curaverunt
2970 514 3126 570 beato
3154 516 3399 571 nuntiare
3442 515 3792 586 Hieronymo.

2208 599 2325 664 Quo
2364 602 2565 668 audito,
2598 603 2739 659 foras
2767 605 3067 675 egrediens,
3095 606 3287 675 januas
3308 608 3613 661 monasterii
3642 618 3797 675 pate-

2209 693 2322 748 ﬁeri
2346 695 2506 764 jussit
2536 696 2763 765 benigne
2793 716 2810 751 :
2838 698 2912 769 (a)
2934 714 3309 768 summumque
3332 699 3601 754 silentium
3625 700 3797 769 impe-

2208 785 2345 839 ravit
2368 828 2382 851 ,
2412 786 2597 841 dicens
2625 805 2639 841 :
2673 788 2980 861 Hospitibus
3020 791 3252 856 nostris,
3286 789 3339 844 id
3380 800 3463 845 est
3487 792 3709 847 camelis
3736 799 3797 845 et

2204 876 2397 944 asino,
2451 876 2756 933 auferentes
2806 880 3046 935 sarcinas
3115 896 3210 936 eos
3255 880 3465 949 levate,
3521 883 3795 952 pedesque

2205 968 2439 1036 abluite,
2494 984 2651 1025 escas
2692 972 2967 1041 praebete,
3018 981 3364 1041 expectantes
3409 972 3535 1043 quid
3587 974 3643 1028 in
3687 973 3795 1029 hoc

2206 1057 2345 1113 facto
2371 1060 2483 1115 suis
2502 1061 2730 1133 voluerit
2758 1063 3013 1117 Dominus
3037 1064 3211 1119 servis
3238 1064 3627 1125 demonstrare.
3660 1065 3793 1120 0m-

2206 1150 2361 1205 nibus
2408 1151 2675 1221 denique,
2724 1170 2843 1223 qua:
2884 1171 3009 1225 erga
3056 1157 3292 1211 camelos
3336 1155 3549 1212 fuerant
3595 1158 3745 1228 jussa
3772 1201 3789 1225 ,

2206 1243 2453 1309 peractis,
2484 1245 2647 1314 erepit
2678 1244 2782 1309 leo,
2817 1257 2875 1300 ut
2900 1246 3098 1300 dudum
3127 1247 3231 1302 huc
3255 1259 3413 1319 atque
3442 1250 3567 1304 illuc
3604 1261 3789 1321 gratu-

2203 1332 2466 1388 labundus
2495 1349 2591 1403 per
2618 1335 2847 1390 claustra
2874 1338 3183 1393 monasterii
3220 1338 3324 1404 ire,
3361 1339 3689 1409 singulorum
3726 1357 3788 1396 se

2202 1423 2423 1480 fratrum
2465 1427 2703 1498 vestigiis
2737 1436 3021 1494 sternens,
3055 1438 3109 1484 et
3152 1430 3303 1500 quasi
3335 1430 3401 1486 de
3446 1441 3783 1501 perpetrata,

2200 1535 2357 1588 quam
2405 1534 2510 1574 non
2562 1520 2764 1575 fecerat
2800 1521 2953 1591 culpa
2979 1563 2994 1587 ,
3024 1521 3268 1578 alludens
3312 1522 3479 1577 cauda
3505 1562 3521 1589 ,
3566 1526 3780 1580 veniam

2202 1612 2522 1682 postulabat.

2268 1704 2390 1772 Quo
2420 1706 2534 1759 viso
2556 1744 2570 1771 ,
2603 1704 2797 1760 fratres
2816 1746 2832 1771 ,
2880 1706 3249 1776 paenitentiam
3277 1716 3494 1777 agentes
3515 1748 3531 1773 ,
3557 1707 3698 1778 quod
3729 1710 3781 1764 ei

2198 1794 2529 1849 crudelitatis
2576 1795 2885 1851 intulissent
2929 1798 3163 1863 crimen,
3195 1796 3445 1852 dicebant
3475 1817 3488 1852 :
3513 1798 3652 1853 Ecce
3684 1812 3782 1868 pa-

2198 1896 2397 1940 storem
2453 1895 2738 1951 nostrum,
2783 1903 2943 1957 quem
2996 1887 3152 1957 paulo
3206 1896 3331 1942 ante
3369 1897 3425 1942 ut
3473 1897 3779 1944 voratorem

2195 1976 2485 2032 crudeliter
2526 1976 2934 2045 damnahamus,
2970 1994 3089 2033 cum
3134 1988 3333 2048 quanto
3358 1995 3481 2034 eum
3523 1982 3777 2050 praeconii

2195 2066 2456 2121 miraculo
2481 2108 2496 2132 ,
2524 2078 2581 2121 ut
2611 2067 2737 2123 huic
2762 2069 2963 2123 crimen
2985 2069 3259 2135 auferret,
3291 2070 3355 2124 ad
3384 2085 3482 2124 nos
3530 2071 3779 2142 dignatus

2194 2166 2278 2211 est
2305 2158 2521 2215 mittere
2552 2158 2829 2213 Dominus.
2855 2160 3049 2215 Beatus
3075 2176 3202 2230 ergo
3232 2160 3587 2234 Hieronymus
3631 2161 3780 2216 futu—

2194 2264 2375 2303 rorum
2411 2251 2687 2319 prmscius,
2720 2252 2798 2305 sic
2840 2250 3090 2306 fratribus
3118 2253 3193 2306 ait
3222 2271 3234 2305 :
3265 2253 3441 2307 Parati
3470 2264 3643 2310 estote
3658 2254 3777 2309 fra-

2195 2349 2303 2395 tres
2331 2340 2382 2394 in
2419 2339 2502 2395 bis
2530 2356 2651 2412 qua:
2679 2341 2798 2395 usui
2826 2340 3136 2396 refectionis
3182 2351 3311 2397 sunt
3341 2345 3641 2399 necessaria
3670 2362 3683 2396 :
3713 2352 3777 2399 ut

2192 2429 2245 2483 bi
2278 2430 2366 2500 qui
2391 2430 2546 2484 nobis
2573 2439 2697 2485 sunt
2723 2430 2884 2485 futuri
2912 2472 2929 2497 ,
2956 2429 3160 2501 absque
3200 2432 3443 2487 molestia
3474 2443 3531 2486 ut
3552 2434 3771 2503 dignum

2190 2530 2294 2586 est,
2328 2521 2565 2590 hospites
2594 2522 2973 2591 suscipiantur.
2993 2521 3113 2576 Mox
3142 2522 3324 2592 utique
3354 2524 3609 2591 imperata
3636 2523 3770 2579 sub-

2190 2611 2381 2674 secuti,
2416 2611 2587 2666 veloci
2613 2627 2840 2683 qumque
2882 2612 3185 2669 obedientia
3210 2623 3335 2667 sunt
3356 2614 3587 2684 expleta.

2261 2703 2495 2759 Peractis
2524 2719 2736 2775 quoque
2752 2704 2939 2774 jussis,
2965 2705 3447 2761 sermocinantibus
3471 2722 3590 2762 cum
3609 2706 3771 2762 beate

2187 2796 2513 2867 Hieronymo
2548 2795 2821 2863 fratribus,
2855 2798 3031 2851 subito
3062 2799 3210 2852 venit
3240 2799 3476 2864 nuntius,
3504 2800 3594 2870 qui
3618 2799 3769 2857 dice-

2186 2897 2269 2943 ret
2298 2898 2420 2942 ante
2447 2889 2756 2943 monasterii
2793 2888 2938 2944 fores
2983 2889 3220 2961 hospites
3248 2891 3470 2956 adesse,
3521 2892 3610 2962 qui
3655 2906 3771 2948 ca:-

2188 2979 2331 3035 nobii
2371 2989 2579 3050 patrem
2623 2980 2823 3036 vellent
2852 2980 3054 3036 videre.
3086 2981 3198 3036 Hoc
3233 2996 3377 3052 saepe
3403 2981 3581 3037 dictus
3610 2991 3769 3052 pater

2184 3069 2387 3136 audito,
2415 3080 2598 3140 portas
2622 3070 2770 3125 cella:
2800 3071 3041 3141 patefieri
3067 3113 3085 3140 ,
3124 3086 3325 3142 eosque
3369 3072 3435 3127 ad
3458 3088 3517 3128 se
3560 3073 3765 3145 ingredi

2180 3162 2357 3233 jussit.
2384 3162 2483 3231 Qui
2524 3163 2765 3233 quamvis
2816 3163 3026 3229 vocati,
3076 3163 3440 3221 erubescendo
3482 3174 3657 3221 tamen
3686 3166 3769 3220 in-

2187 3262 2483 3318 troeuntes,
2518 3254 2737 3325 visoque
2762 3254 2919 3309 beato
2947 3254 3424 3326 Hieronymo,ejus
3448 3269 3507 3309 se
3528 3266 3769 3325 prostra-

2182 3360 2308 3399 vere
2349 3344 2588 3414 veStigiis
2612 3386 2627 3412 ,
2679 3360 2777 3414 pro
2803 3346 2961 3415 culpa
2991 3347 3199 3400 veniam
3248 3346 3598 3416 postulantes.
3619 3348 3769 3416 Quos

2184 3436 2296 3504 ipse
2320 3435 2610 3491 clementer
2652 3436 2865 3490 elevans
2887 3476 2903 3503 ,
2934 3437 3228 3501 admonuit,
3253 3449 3311 3493 ut
3338 3438 3450 3494 suis
3489 3454 3610 3493 cum
3639 3455 3766 3510 gra-

2184 3527 2375 3582 tiarum
2416 3528 2627 3581 actione
2669 3536 2879 3583 utentes
2930 3528 3130 3596 rebus,
3161 3528 3362 3584 alienas
3409 3537 3627 3601 tangere
3654 3545 3765 3586 non

2184 3625 2509 3689 usurparent
2547 3634 2564 3673 :
2607 3632 2670 3672 ac
2731 3617 2924 3673 deinde
2971 3620 3070 3673 sub
3129 3620 3219 3673 Dei
3267 3622 3552 3691 prmsentia
3604 3631 3763 3677 caute

2183 3707 2421 3762 viverent
2443 3722 2676 3777 semper.
2697 3707 2815 3775 Qua’
2838 3709 3085 3764 nimirum
3111 3710 3485 3777 praedicatione
3504 3712 3714 3781 expleta
3748 3730 3762 3766 :

2186 3799 2439 3869 prateepit
2477 3809 2535 3852 ut
2564 3799 2914 3853 reficerentur
2939 3841 2953 3864 ,
2986 3801 3322 3870 receptisque
3360 3801 3578 3855 camelis
3605 3842 3621 3866 ,
3650 3801 3767 3855 abi-

2186 3899 2324 3943 rent.
2346 3888 2497 3943 Tunc
2523 3889 2597 3944 illi
2625 3905 2728 3944 una
2772 3905 2903 3946 voce
2934 3890 3133 3960 pariter
3174 3891 3420 3946 dixerunt
3451 3908 3466 3946 :
3498 3890 3763 3946 Obsecra-

2184 3996 2323 4047 mus,
2338 3991 2508 4051 pater,
2532 3992 2589 4037 ut
2607 3982 2672 4037 ad
2698 3982 2949 4038 Ecclesiae
2964 3984 3267 4051 luminaria,
3282 3984 3766 4054 necessitatemque

2183 4072 2443 4138 fratrum,
2492 4072 2768 4129 dimidium
2822 4075 3043 4146 liquoris
3096 4075 3238 4142 olei,
3285 4075 3426 4146 quod
3470 4076 3767 4131 attulerunt

2181 4166 2402 4230 cameli,
2439 4166 2634 4237 suscipi
2656 4166 2846 4235 jubeas
2880 4185 2893 4221 :
2921 4168 3043 4236 quia
3074 4168 3272 4223 scimus
3300 4178 3355 4224 et
3378 4171 3509 4225 certi
3539 4183 3761 4235 sumus,

2181 4256 2321 4327 quod
2350 4256 2471 4328 plus
2513 4268 2731 4328 propter
2751 4266 3008 4324 vestram,
3054 4273 3212 4326 quam
3260 4274 3357 4328 pro
3404 4267 3587 4314 nostra
3619 4259 3765 4313 utili-

2181 4360 2327 4417 tate,
2369 4357 2427 4403 ut
2476 4349 2909 4419 negotiaremur,
2962 4351 3299 4420 perreximus
3344 4351 3395 4404 in
3445 4349 3759 4421 Egyptum.

2180 4441 2384 4508 Quibus
2430 4442 2618 4497 beatus
2665 4442 3021 4515 Hieronymus
3046 4443 3156 4508 ait,
3204 4460 3310 4500 non
3352 4453 3497 4499 recte
3541 4444 3763 4514 procul-

2182 4532 2343 4586 dubio
2373 4533 2655 4602 postulatis
2679 4574 2695 4598 ,
2725 4534 2853 4603 quin
2884 4532 3035 4588 valde
3065 4532 3258 4588 durum
3302 4533 3535 4597 videtur,
3577 4540 3635 4587 ut
3662 4548 3763 4587 nos

2180 4623 2267 4692 qui
2297 4623 2416 4677 aliis
2441 4622 2690 4693 compati,
2724 4625 3057 4695 aliorumque
3084 4625 3459 4681 necessitatem
3480 4625 3764 4680 sublevare

2180 4713 2358 4768 dando
2396 4713 2674 4777 debemus.
2708 4731 2804 4771 vos
2838 4731 3161 4788 gravemus,
3187 4726 3365 4773 vestra
3409 4717 3601 4788 quibus
3650 4732 3762 4773 non

2178 4805 2505 4875 indigemus,
2535 4806 2803 4863 tollentes.

2251 4896 2402 4951 Tunc
2423 4898 2530 4962 illi,
2562 4913 2767 4967 neque,
2800 4898 3069 4969 inquiunt,
3100 4900 3190 4957 hic
3212 4900 3414 4966 cibum,
3437 4913 3609 4968 neque
3636 4913 3761 4969 qua:

2178 4996 2360 5043 nostra
2390 4998 2533 5052 sunt,
2552 4988 2876 5058 accipiemus
2903 5006 2917 5041 :
2940 4992 3040 5045 nisi
3059 4991 3201 5061 quod
3220 4991 3580 5063 poposeimus,
3610 4990 3764 5060 prius

2172 5078 2399 5147 iusseris
2421 5077 2556 5132 ﬁeri.
2579 5078 2780 5148 !taque,
2808 5089 2863 5134 ut
2891 5080 3255 5150 prtedixlmus,
3286 5097 3426 5136 nunc
3452 5081 3760 5145 dimidium,

2176 5168 2315 5238 quod
2346 5168 2637 5224 attulerunt
2667 5170 2879 5235 cameli,
2899 5170 3003 5226 olei
3045 5171 3309 5242 liquorum
3339 5170 3676 5241 suscipiatis;
3707 5181 3766 5227 et

2176 5260 2431 5330 deinceps
2483 5260 2796 5330 pollicemur
2832 5276 2931 5317 nos
2962 5272 3280 5335 nostrosque
3315 5263 3575 5329 haeredes,
3607 5265 3766 5321 vobis

2174 5354 2475 5423 vestrisque
2502 5354 2904 5409 successoribus
2927 5355 3070 5409 omni
3113 5369 3255 5409 anno
3300 5354 3405 5409 olei
3451 5369 3767 5412 mensuram

2242 5508 2305 5571 (a)
2330 5507 2471 5573 idem
2495 5508 2583 5558 Hs.
2608 5525 2629 5553 ι
2647 5508 2888 5573 simulque
2920 5510 3232 5573 imperavit.»
3265 5522 3353 5573 pro
3381 5523 3760 5573 asummumquc

2174 5567 2482 5679 isiléatitiumn
2512 5576 2609 5622 etc.
2634 5582 2748 5620 mox
2773 5567 2895 5620 alius
2921 5567 3241 5621 «auferentes
3260 5567 3441 5633 onera,
3465 5573 3654 5621 sarcina
3678 5567 3765 5623 ea

2196 5641 2254 5679 ev
2311 5643 2356 5680 θ.
