4050 6188
613 271 724 327 2ιό

617 386 730 460 iam
759 383 1018 437 habentur.
1059 379 1252 432 Eadem
1277 376 1339 429 de
1377 389 1530 427 causa
1556 370 1979 443 praetermittimus
2016 383 2211 439 quoque

625 471 905 528 DAMASI
929 511 944 536 ,
972 480 1024 523 ut
1049 479 1096 522 et
1124 467 1340 520 aliorum
1369 465 1652 518 testimonia
1675 505 1688 527 ,
1717 478 1930 530 quorum
1957 465 2212 529 ἀμοιϐαῖςιι

629 565 808 619 littere
825 561 1007 617 ibidem
1037 564 1289 627 prostant.

838 671 1084 725 Ssvsnus
1122 665 1432 732 SULPICIUS,
1463 665 1588 718 dial.
1622 663 1670 720 I.
1707 680 1820 734 cap.
1870 663 2000 717 VII.

700 784 828 838 lllud
858 795 942 835 me
974 778 1262 834 admodum
1304 779 1672 848 promovebat,
1701 776 1843 847 quod
1879 776 2216 847 Hieronymus

631 878 710 930 vir
755 875 993 928 maxime
1039 872 1335 928 catholicus
1382 881 1436 926 et
1477 887 1644 926 sacra:
1687 871 1818 940 legis
1862 869 2219 940 peritissimus

627 967 916 1037 Origenem
947 975 1164 1020 secutus
1214 965 1389 1034 primo
1435 973 1676 1032 tempore
1718 962 2032 1030 putabatur,
2061 974 2217 1030 quem

630 1077 773 1116 nunc
802 1059 943 1116 idem
970 1060 1259 1130 praecipue,
1286 1057 1371 1112 vel
1411 1057 1589 1112 omnia
1620 1056 1738 1125 ejus
1779 1055 1976 1124 scripta
2003 1053 2222 1108 damna-

629 1163 730 1207 ret.

1166 1240 1326 1305 IDEM,
1368 1255 1482 1306 cap.
1523 1235 1685 1290 VIII.

707 1353 870 1423 Igitur
889 1350 1012 1405 inde
1033 1350 1326 1419 digressus,
1345 1347 1614 1402 Bethleem
1637 1345 1891 1415 Oppidum
1913 1344 2061 1413 petii,
2081 1343 2224 1412 quod

637 1445 706 1497 ab
733 1441 1120 1512 Hierosolymis
1157 1455 1251 1494 sex
1277 1439 1512 1493 millibus
1538 1438 1860 1506 disparatur,
1900 1436 1966 1488 ab
1997 1435 2228 1488 Alexan-

637 1534 752 1586 dria
800 1544 978 1586 autem
1023 1531 1260 1586 sedecim
1305 1528 1674 1584 mansionibus
1714 1527 1884 1580 abest.
1938 1525 2227 1580 Ecclesiam

642 1624 748 1679 loci
772 1624 916 1677 illius
945 1621 1288 1692 Hieronymus
1315 1619 1600 1690 presbyter
1629 1618 1763 1688 regit
1788 1635 1800 1668 :
1827 1633 1948 1670 nam
1983 1615 2228 1685 parochia

641 1723 726 1767 est
752 1713 1023 1782 Episcopi,
1056 1713 1144 1781 qui
1174 1710 1600 1780 Hierosolymam
1628 1716 1792 1762 tenet.
1821 1707 1946 1760 Mihi
1967 1707 2078 1775 jam
2121 1706 2230 1774 pri-

646 1806 767 1860 dem
814 1805 1160 1874 Hieronymus
1190 1802 1467 1872 superiore
1509 1801 1597 1855 illa
1642 1817 1758 1855 mea
1806 1800 2232 1869 peregrinatione

649 1893 959 1965 compertus
985 1936 999 1960 ,
1031 1894 1185 1948 facile
1230 1893 1554 1953 obtinuerat,
1584 1900 1640 1944 ut
1667 1891 1868 1944 nullum
1907 1888 2034 1943 mihi
2066 1903 2234 1956 expe-

647 1985 867 2041 tendum
898 1985 1097 2039 rectius
1123 1983 1430 2038 arbitraret.
1465 1982 1558 2035 Vir
1583 1982 1727 2036 enim
1756 1989 1947 2049 praeter
1974 1979 2095 2032 ﬁdei
2119 1994 2234 2033 me-

647 2075 810 2129 ritum
850 2073 1140 2142 dolemque
1183 2073 1464 2137 virtutum,
1496 2087 1601 2126 non
1643 2072 1815 2125 solum
1842 2069 2052 2124 Latinis
2077 2080 2238 2140 atque

647 2164 868 2228 Graecis,
900 2163 992 2218 sed
1023 2172 1076 2217 et
1112 2162 1354 2217 Hebrmis
1381 2162 1449 2215 ita
1483 2161 1675 2216 litteris
1721 2161 1994 2214 institutus
2034 2168 2138 2223 est,
2182 2171 2240 2214 ut

644 2272 704 2310 se
733 2255 806 2310 illi
831 2255 882 2310 in
911 2255 1056 2310 omni
1079 2255 1300 2310 scientia
1323 2269 1482 2310 nemo
1503 2254 1696 2308 audeat
1721 2268 2051 2322 comparare.
2079 2253 2240 2308 Miror

645 2357 823 2402 autem
854 2345 899 2401 si
941 2362 1048 2401 non
1076 2356 1131 2401 et
1161 2346 1318 2402 vobis
1347 2361 1444 2416 per
1485 2346 1647 2400 multa
1677 2361 1796 2415 quae
1826 2345 2042 2414 scripsit
2078 2360 2239 2416 opera

647 2447 955 2508 compertus
982 2447 1084 2504 est,
1118 2453 1238 2492 cum
1267 2453 1362 2508 per
1389 2446 1559 2492 totum
1585 2436 1769 2492 orbem
1813 2435 2036 2506 legatur.

1231 2553 1382 2620 lusu,
1409 2569 1523 2623 cap.
1552 2551 1657 2607 IX.

724 2665 838 2735 Ego
865 2665 1058 2734 (inquit
1089 2663 1529 2735 Posthumiauus)
1568 2663 1708 2734 apud
1741 2663 2111 2734 Hieronymum
2139 2679 2236 2720 sex

658 2757 939 2814 mensibus
969 2756 1065 2820 fui,
1090 2758 1172 2811 cui
1196 2756 1340 2826 jugis
1367 2756 1627 2811 adversus
1648 2757 1817 2812 malos
1849 2772 2019 2830 pugna
2053 2772 2244 2826 perpe-

660 2851 914 2914 tuumque
941 2851 1212 2914 certamen
1235 2840 1466 2898 concivit
1485 2840 1604 2898 odia
1628 2840 1976 2913 perditorum.
2006 2840 2246 2898 Oderunt

656 2954 779 2993 eum
805 2937 1068 3002 haeretici,
1100 2937 1222 3008 quia
1262 2951 1357 2992 eos
1386 2951 1694 3007 oppugnare
1727 2952 1830 2990 non
1857 2937 2055 2991 desinit
2077 2955 2090 2990 :
2113 2937 2245 2992 ode-

656 3038 786 3085 runt
807 3028 1010 3093 clerici,
1043 3029 1165 3098 quia
1197 3029 1360 3083 vitam
1392 3043 1578 3082 eorum
1605 3028 1978 3103 insectaluret
2001 3028 2243 3081 crimina.

657 3121 764 3178 Sed
813 3121 970 3190 plane
999 3135 1121 3176 eum
1151 3119 1278 3175 boni
1322 3135 1511 3176 omnes
1540 3119 1873 3174 admirantur
1902 3127 1956 3174 et
1983 3119 2246 3190 diligunt,

662 3227 785 3265 nam
818 3211 906 3278 qui
934 3226 1058 3266 eum
1088 3211 1398 3266 haereticum
1429 3225 1549 3266 esse
1575 3211 1922 3274 arbitrantur,
1953 3209 2246 3267 insaniunt.

667 3302 802 3356 Vere
831 3301 1082 3366 dixerim,
1130 3301 1393 3356 catholica
1425 3301 1658 3356 hominis
1697 3301 1943 3365 scicntia,
1974 3315 2101 3355 sana
2147 3301 2249 3355 do-

664 3394 832 3448 ctrina
864 3403 966 3447 est.
1000 3393 1167 3446 Totus
1210 3407 1424 3460 semper
1472 3392 1525 3447 in
1557 3393 1807 3458 lectione,
1851 3401 1994 3446 totus
2020 3393 2070 3446 in
2104 3392 2252 3446 libris

664 3490 768 3547 est,
798 3497 905 3537 non
935 3482 1042 3547 die,
1072 3497 1180 3536 non
1226 3491 1383 3537 nocte
1412 3483 1699 3551 requiescit
1724 3500 1738 3547 ;
1771 3493 1863 3536 aut
1893 3483 2018 3550 legit
2054 3481 2250 3551 aliquid

670 3588 923 3643 semper,
973 3583 1066 3627 aut
1108 3573 1314 3627 scribit.
1357 3573 1509 3640 Quod
1556 3573 1657 3627 nisi
1699 3572 1826 3627 mihi
1878 3573 2062 3628 luisset
2092 3572 2252 3627 ﬁxum

669 3662 851 3716 animo
881 3671 934 3717 et
962 3663 1310 3733 promissum,
1344 3663 1455 3716 Deo
1483 3671 1636 3726 teste,
1669 3662 1992 3731 propositam
2016 3678 2252 3716 eremum

667 3754 837 3820 adire,
871 3754 955 3810 vel
995 3754 1171 3825 exigui
1202 3754 1460 3825 temporis
1487 3762 1739 3824 punctum
1765 3769 1794 3807 a
1824 3760 1974 3806 tanto
2005 3754 2121 3806 viro
2148 3752 2256 3807 dis-

666 3845 863 3900 cedere
890 3845 1202 3901 noluissem.

663 3933 962 3991 Ottoswsin
981 3935 1133 4004 Apol.
1154 3935 1217 3989 de
1237 3935 1403 3988 libert.
1419 3935 1528 3989 arb.
1552 3943 1727 3988 contra
1752 3932 2038 4005 Pelagium,
2062 3951 2113 4006 p.
2131 3933 2226 3989 621
2242 3975 2254 3988 .

746 4026 1000 4080 Latebam
1027 4041 1155 4095 ergo
1184 4027 1236 4080 in
1267 4025 1566 4092 Bethleem,
1594 4026 1817 4081 traditus
1843 4042 1872 4080 a
1903 4038 2051 4095 patre
2078 4027 2258 4095 Augu-

667 4117 838 4181 stino,
864 4126 922 4171 ut
954 4117 1204 4173 timorem
1235 4119 1444 4173 Domini
1466 4119 1752 4188 discerem,
1779 4119 1974 4176 sedens
2003 4119 2066 4174 ad
2099 4119 2260 4190 pedes

675 4206 996 4280 Hieronymi.

1162 4323 1292 4380 lusu
1314 4366 1328 4390 ,
1358 4325 1538 4380 iterum
1564 4345 1618 4397 p.
1649 4324 1774 4382 625.

752 4431 863 4486 Hoc
891 4442 946 4486 et
973 4433 1161 4488 beatus
1195 4433 1551 4506 Hieronymus,
1581 4437 1732 4506 cujus
1753 4437 2021 4506 eloquium
2050 4436 2262 4493 univer-

678 4539 772 4578 sus
798 4525 1052 4579 occidens
1079 4527 1216 4581 sicut
1242 4543 1330 4581 ros
1361 4528 1412 4581 in
1437 4529 1626 4592 vellus,
1650 4538 1913 4596 expectat.
1940 4529 2090 4583 Multi
2120 4532 2260 4586 enim

676 4614 788 4684 jam
822 4613 1097 4680 haeretici,
1130 4631 1250 4671 eum
1279 4617 1615 4685 dogmatibus
1646 4619 1756 4674 suis
1786 4619 1900 4687 ipso
1926 4632 2264 4691 oppugnante

678 4706 919 4778 supplosi
968 4716 1126 4770 sunt,
1159 4716 1214 4762 et
1257 4709 1308 4762 in
1341 4708 1581 4777 Epistola
1626 4725 1756 4772 sua,
1801 4725 1957 4778 quam
2000 4727 2172 4783 nuper
2198 4713 2263 4768 ad

675 4801 1079 4871 Ctesiphontem
1109 4799 1302 4866 edidit,
1334 4801 1728 4856 condemnavit.
1761 4800 2017 4859 Similiter
2042 4813 2095 4860 et
2122 4806 2173 4860 in
2202 4806 2266 4860 li-

676 4891 797 4958 bro,
849 4907 1008 4962 quem
1054 4906 1196 4946 nunc
1237 4891 1457 4960 scribit,
1505 4893 1698 4947 collata
1731 4893 1783 4947 in
1817 4893 2030 4948 modum
2065 4896 2264 4968 Dialogi

678 4983 1030 5037 altercatione
1058 4983 1318 5038 confutat.
1350 4983 1465 5038 Hoc
1491 4993 1572 5038 est
1615 4984 1757 5039 enim
1789 4984 2054 5041 lubricum
2084 4988 2136 5042 in
2166 5003 2262 5044 an-

678 5074 923 5129 tichristo
950 5073 1240 5131 draconem
1282 5083 1499 5142 tenere,
1533 5090 1600 5131 ne
1635 5076 1806 5147 possit
1832 5075 2086 5148 cll‘ugere.

1196 5185 1404 5244 loscws
1430 5188 1485 5242 in
1516 5187 1704 5244 Chron.

752 5293 1118 5364 Hieronymus,
1142 5295 1233 5366 qui
1260 5312 1441 5366 supra,
1467 5298 1768 5368 praecipuus
1788 5297 1842 5352 in
1866 5300 2134 5367 omnibus,
2157 5300 2268 5355 ele-

678 5391 983 5436 mentorum
1013 5400 1228 5454 quoque
1253 5387 1608 5456 peritissimus
1635 5388 1986 5444 Hebraeorum
2009 5431 2024 5454 ,
2067 5391 2120 5444 in
2152 5389 2268 5459 lege

686 5472 922 5535 Domini,
959 5475 1100 5539 quod
1128 5477 1385 5546 scriptum
1411 5487 1513 5542 est,
1543 5478 1733 5533 diurna
1759 5490 2124 5549 nocturnaque
2151 5495 2266 5535 me-

684 5559 950 5612 ditatione
977 5562 1290 5632 continuus,
1319 5567 1492 5622 studia
1518 5569 1696 5637 operis
1738 5569 1824 5624 sui
1870 5569 2083 5638 reliquit
2108 5569 2265 5624 innu-

683 5661 837 5702 mera
895 5645 974 5697 Ad
1003 5648 1242 5706 ultimum
1271 5655 1599 5712 Pelaniorum
1623 5665 1846 5720 sectam,
1875 5674 1994 5713 cum
2028 5659 2263 5714 eiusdem

1931 251 2244 310 SELECTA
2289 250 2620 306 VETERUM

3797 251 3904 306 2i6

2319 376 2573 431 auctore,
2603 365 2948 421 adamantina
2999 366 3237 422 veritatis
3267 365 3459 420 malleo
3487 367 3762 421 contrivit.
3794 370 3906 422 Ad-

2320 473 2509 514 versus
2537 459 2637 514 hos
2668 469 2723 515 et
2750 460 2885 513 alios
2923 458 3206 514 hzereticos
3249 467 3460 514 exstant
3491 459 3607 529 ejus
3636 459 3907 529 probatis-

2320 549 2453 602 sima
2482 558 2849 605 monumenta.

2463 659 2675 715 C.£LIUS
2711 661 2974 716 Senonas
3004 663 3056 714 in
3101 662 3250 733 praef.
3279 662 3444 727 aperis
3475 660 3764 717 Paschalis.

2395 772 2503 827 Nec
2530 771 3040 844 Hieranymidivinte
3065 773 3222 845 Legis
3254 774 3578 844 interpretis,
3601 787 3655 830 et
3676 777 3919 832 caelestis

2327 864 2668 921 bibliothecae
2688 867 2913 921 cultoris
2939 868 3181 936 exempla
3211 878 3262 922 te
3287 867 3480 936 pudeat
3498 868 3690 922 imitari
3716 887 3728 922 :
3755 878 3920 937 atque

2327 958 2393 1011 ad
2424 972 2714 1027 generosas
2760 974 2975 1028 quoque
3016 959 3278 1022 feminas,
3322 968 3377 1012 et
3418 959 3669 1026 praeclara
3720 959 3922 1013 indolis

2330 1045 2466 1100 fama
2493 1046 2752 1102 subnixas
2774 1089 2788 1111 ,
2818 1049 2870 1101 in
2917 1063 3140 1116 quarum
3173 1049 3441 1103 mentibus
3475 1064 3640 1104 sacrm
3670 1050 3921 1104 lectionis

2331 1137 2603 1205 instantia,
2650 1139 2888 1193 sobrium
2935 1140 3210 1208 sapientia:
3237 1139 3565 1194 domicilium
3595 1142 3916 1205 collocavit,

2333 1229 2563 1298 propria:
2587 1228 2963 1298 disputationis
2992 1229 3312 1283 documenta
3343 1233 3722 1286 transmittere.

2563 1340 2874 1408 CASSIANUS,
2908 1341 2995 1396 lib.
3039 1340 3168 1395 VII.
3200 1343 3263 1396 de
3299 1342 3683 1399 Incarnatione.

2408 1455 2752 1528 Hieronymus
2779 1457 3176 1513 Catholicorum
3205 1461 3461 1530 magister
3479 1501 3493 1524 ,
3523 1460 3678 1530 cujus
3721 1463 3925 1532 scripta

2338 1562 2433 1615 per
2459 1548 2765 1603 universum
2789 1549 3044 1604 mundum
3075 1551 3225 1621 quasi
3257 1551 3452 1605 divina:
3484 1551 3764 1621 lampades
3791 1555 3931 1607 ruti-

2339 1639 2470 1703 lant,
2495 1639 2545 1693 in
2575 1640 2713 1695 libro
2737 1641 2803 1694 ad
2829 1641 3199 1707 Eustochium,
3228 1651 3383 1698 etc...
3404 1643 3527 1698 Fuit
3549 1645 3694 1698 enim
3739 1643 3929 1699 Hiero-

2339 1747 2519 1801 nymus
2549 1731 2628 1785 vir
2671 1733 2807 1786 sicut
2854 1735 3102 1787 maximae
3132 1733 3388 1801 scientiae,
3431 1734 3501 1788 ita
3534 1735 3930 1804 probatissima:

2341 1837 2592 1892 puraeque
2619 1821 2900 1890 doctrinm,
2927 1832 3030 1878 etc.

2519 1937 2761 1994 Pnosrtzu
2787 1941 2841 1993 in
2868 1939 3104 1994 Carmine
3132 1941 3195 1995 de
3230 1942 3464 2014 ingratis,
3513 1959 3626 2014 cap.
3658 1942 3746 1997 II.

2405 2051 2543 2120 τι]ηο
2567 2052 2716 2120 etiam
2734 2052 2982 2120 Bethlemi
3006 2054 3223 2120 praeelari
3250 2057 3456 2105 nominis
3479 2057 3674 2120 hospes,

2339 2114 2556 2178 ﬂehrteo
2577 2112 2718 2161 simul
2745 2124 2795 2164 et
2820 2112 3242 2178 Graio,_I.atioque
3269 2125 3504 2167 venustus

2341 2175 2565 2237 Eloquio,
2590 2188 2778 2224 morum
2804 2176 3106 2285 exemJilum,
3130 2175 3398 2240 mundique
3421 2181 3672 2242 magister,

2344 2237 2680 2285 Hieronumus.
2707 2237 2845 2285 libris
2861 2237 2935 2285 val
2972 2254 3001 2285 e
3025 2238 3386 2285 excellentibus
3407 2240 3598 2285 hostem

2344 2237 2680 2296 Hieronymus,
2707 2237 2845 2285 libris
2861 2237 3001 2286 valde
3025 2237 3386 2288 excellentibus
3407 2237 3598 2290 hostem

2342 2296 2591 2366 Qissecuit
2615 2311 2626 2345 :
2653 2299 2884 2366 noscique
2907 2298 3058 2366 dedit,
3082 2313 3178 2361 quo
3203 2301 3396 2366 turbine
3421 2315 3585 2350 verum

2344 2357 2544 2408 Vellent
2577 2366 2765 2408 exortae
2788 2357 2948 2408 lucem
2969 2357 3233 2410 obScurare
3254 2365 3490 2411 tenebrae.

2348 2462 2588 2517 Pnosrsa
2619 2462 2670 2515 in
2699 2461 2886 2517 Chron.
2918 2461 3027 2517 οι.
3058 2462 3286 2520 CCXCI.
3311 2462 3634 2520 CCCLXXX
3650 2466 3746 2522 VI.
3784 2470 3935 2523 Area.

2925 2555 3009 2608 dio
3035 2565 3079 2608 et
3099 2554 3343 2610 Bautone.

2421 2665 2534 2720 Hoc
2573 2674 2817 2737 tempore
2865 2665 3212 2738 Hieronymus
3258 2670 3534 2741 presbyter
3575 2673 3625 2726 in
3652 2672 3933 2729 Bezhleetn

2351 2766 2464 2812 toto
2489 2758 2596 2825 jam
2629 2759 2829 2812 mundo
2854 2760 3030 2814 clarus
3059 2761 3347 2827 habitabat,
3380 2764 3591 2834 egregio
3620 2765 3855 2836 ingenio,
3885 2779 3937 2822 et

2351 2849 2528 2908 studio
2560 2849 2846 2904 universali
2878 2850 3132 2905 Ecclesia:
3158 2854 3421 2907 serviens.

2491 2941 2736 3001 Stooxtus
2775 2944 3152 3013 APOLLINABJS,
3201 2944 3287 3002 tib.
3325 2944 3430 3004 IV.
3471 2948 3617 3020 epist.
3671 2948 3792 3008 III.

2425 3037 2663 3103 Instruit,
2705 3046 2764 3091 ut
2809 3037 3178 3108 Hieronymus,
3201 3039 3448 3106 destruit,
3480 3053 3537 3095 ut
3579 3041 3889 3099 Lactantius
3920 3085 3939 3110 ,

2351 3130 2599 3196 adstruit,
2631 3138 2689 3185 ut
2714 3131 3058 3201 Augustinus,
3086 3141 3192 3185 etc.

2815 3242 2965 3310 lusu,
2989 3243 3077 3299 lib.
3109 3241 3213 3297 IX.
3237 3246 3386 3313 epist.
3419 3243 3503 3298 II.

2427 3355 2609 3423 Neque
2639 3357 2781 3412 enim
2811 3372 2931 3410 eum
2957 3355 3300 3426 Hieronymus
3326 3355 3608 3426 interpres,
3633 3357 3942 3413 dialecticus

2358 3447 2712 3516 Augustinus,
2745 3447 3067 3517 allegoricus
3108 3447 3365 3516 Origenes
3391 3448 3637 3517 gravidas
3668 3449 3762 3502 tibi
3791 3449 3938 3503 Scri-

2359 3539 2645 3608 pturalium
2687 3554 2941 3593 sensuum
2973 3540 3150 3609 spicas
3192 3539 3449 3593 doctrina:
3493 3539 3722 3595 salubris
3766 3558 3941 3595 messe

2359 3629 2680 3699 parturiant,
2711 3646 2817 3683 non
2848 3630 3051 3685 scilicet
3080 3631 3170 3684 tibi
3205 3631 3442 3698 partibus
3469 3632 3600 3687 meis
3628 3632 3775 3686 arida
3797 3632 3939 3702 jeju-

2361 3721 2536 3773 nantis
2567 3721 2761 3790 linguae
2790 3721 2983 3790 stipula
3013 3721 3339 3791 crepitabit?

2359 3833 2697 3888 CLAUDIANUS
2711 3834 3007 3890 Msusnrus
3029 3835 3092 3890 de
3108 3837 3259 3891 Statu
3278 3837 3462 3892 aninue
3487 3837 3576 3892 lib.
3597 3836 3623 3890 I
3636 3836 3682 3903 I,
3697 3855 3813 3908 cap.
3834 3839 3860 3892 I
3870 3837 3943 3894 Χ.

2433 3945 2672 4017 Cumque
2716 3947 2786 4001 ita
2819 3947 2932 4004 fore
2959 3949 3256 4005 rationibus
3295 3952 3498 4022 magnis
3543 3962 3699 4022 atque
3745 3953 3949 4007 insolu-

2365 4039 2454 4094 bili
2479 4041 2939 4109 argumentatione
2969 4043 3268 4110 convincat,
3297 4059 3361 4099 ac
3387 4059 3546 4115 super
3569 4044 3668 4099 hoc
3692 4043 3952 4115 Hierony-

2365 4132 2434 4184 mi
2472 4133 2792 4187 sententiam
2841 4141 3044 4202 poscat,
3096 4133 3267 4189 laudis
3295 4149 3404 4190 sum
3437 4146 3635 4188 tantum
3663 4136 3730 4190 ab
3756 4134 3946 4190 Hiero-

2367 4241 2516 4295 nymo
2543 4227 2735 4294 scripta
2768 4234 3070 4294 recuperat.
3096 4226 3231 4294 Quin
3256 4227 3397 4282 haud
3418 4227 3577 4282 dubie
3605 4226 3954 4299 Hieronymus

2367 4314 2496 4369 nihil
2545 4315 2613 4370 de
2653 4316 2827 4369 anima
2873 4317 3062 4371 sentiri
3094 4317 3224 4372 dicit
3267 4319 3465 4383 verius,
3512 4317 3643 4372 nihil
3690 4317 3955 4389 disputari

2369 4422 2526 4476 posse
2554 4408 2860 4476 perfectius.
2893 4408 2976 4463 En
3006 4409 3096 4465 tibi
3141 4410 3277 4465 duos
3305 4411 3746 4481 przeclarissimos
3787 4411 3957 4464 virtu—

2370 4509 2477 4554 tum
2502 4499 2976 4572 doctrinarumque
3003 4503 3405 4573 praeeminentia
3433 4504 3587 4574 longe
3623 4519 3782 4575 porro
3813 4521 3957 4574 pra-—

2369 4593 2530 4657 ditos,
2561 4607 2724 4661 super
2765 4601 2907 4648 statu
2941 4593 3146 4648 Anima:
3175 4597 3377 4651 sentire
3409 4595 3755 4651 nobiscum...
3801 4594 3959 4651 Unde

2371 4675 2595 4737 multum
2623 4684 2808 4750 miror,
2833 4683 3202 4755 Hieronymum
3229 4687 3321 4741 tibi
3348 4695 3534 4742 testem
3564 4687 3807 4752 citatum,
3833 4704 3958 4740 cum

2370 4774 2680 4844 potissimus
2710 4775 3080 4830 Tractatorum
3115 4777 3336 4833 minime
3362 4779 3611 4847 potuerit,
3641 4786 3694 4830 et
3723 4793 3822 4846 pro
3844 4781 3962 4831 aui-

2370 4880 2474 4930 ma,
2509 4875 2563 4921 et
2595 4866 2647 4920 in
2679 4867 2910 4922 animam
2950 4867 3246 4938 disputare.

2852 4979 3001 5044 locis,
3042 4980 3130 5034 lib.
3162 4979 3247 5047 II,
3285 4998 3398 5050 cap.
3429 4978 3502 5033 X.

2442 5088 2802 5161 Hieronymus
2831 5090 3143 5160 potissimus
3183 5091 3568 5147 Tractatorum.

2513 5201 2778 5257 Gausms
2809 5201 2976 5272 Papa,
3006 5201 3064 5257 C.
3097 5203 3291 5258 Sancta
3311 5202 3546 5256 Romana
3568 5203 3688 5258 dist.
3726 5206 3817 5260 15.

2446 5289 2574 5345 Item
2606 5290 2867 5356 Bullinus,
2884 5293 2966 5348 vir
2993 5294 3293 5364 religiosus,
3322 5293 3583 5361 plurimas
3611 5294 3963 5350 ecclesiastici

2373 5387 2552 5453 operis
2582 5383 2748 5439 edidit
2778 5385 2942 5440 libros
2971 5404 2985 5439 :
3019 5373 3302 5440 nonnullas
3340 5384 3502 5438 etiam
3541 5385 3854 5454 Scripturas
3882 5387 3966 5440 in-

2377 5482 2698 5542 terpretatus
2739 5483 2841 5530 est.
2873 5474 2979 5530 Sed
3026 5475 3275 5544 quoniam
3317 5473 3504 5528 beatus
3543 5472 3892 5546 Hieronymus
3917 5478 3967 5529 in

2375 5566 2642 5636 aliquibus
2666 5581 2788 5622 eutn
2815 5567 2884 5623 de
2911 5568 3117 5622 arbitrii
3149 5565 3394 5621 libertate
3435 5568 3679 5621 notavit:
3705 5568 3799 5623 illa
3843 5584 3958 5624 seu-

2391 5657 2569 5722 tituus,
2618 5673 2738 5726 qtae
2770 5658 2978 5713 beatum
3012 5658 3376 5724 Hieronymum
3401 5657 3720 5723 prwdictum
3766 5662 3968 5716 sentire
