4050 6188
205 281 316 338 217

209 391 612 466 cognoscimus:
631 406 686 452 et
707 410 810 451 nou
840 397 1014 452 solum
1043 396 1112 452 de
1132 395 1367 464 Ruflino,
1395 397 1488 454 sed
1517 398 1679 453 etiam
1710 395 1777 453 de

208 486 509 554 universis,
537 503 671 558 quos
701 488 782 542 vir
822 488 1021 558 saepius
1066 499 1393 544 memoratus
1442 491 1559 545 zelo
1590 491 1682 546 Dei
1728 504 1782 546 et

207 575 333 631 fidei
380 578 634 648 religione
675 578 1038 647 reprehendit.
1083 577 1210 632 ltcm
1240 577 1483 650 Origenis
1528 581 1779 635 nonnulla

203 670 482 737 opuscula,
513 685 631 740 quae
657 671 741 724 vir
763 669 952 725 beatus
980 669 1320 740 Hieronymus
1359 687 1462 726 non
1492 673 1728 742 repudiat
1761 713 1777 738 ,

201 760 423 827 legenda
459 762 800 832 suscipimus.
831 763 1052 830 Reliqua
1094 769 1274 816 autem
1305 763 1501 828 omnia,
1531 779 1649 818 cum
1689 779 1781 817 au-

197 859 349 907 ctore
374 866 471 906 suo
497 852 726 908 dicimus
747 867 867 908 esse
889 854 1184 908 renuenda.

335 964 490 1032 lusu,
512 965 682 1037 Epist.
734 965 796 1019 V.
825 967 893 1019 ad
919 967 1201 1036 Episcopos
1237 984 1326 1036 per
1366 967 1630 1023 Picenum.

253 1081 455 1137 Adhuc
491 1082 664 1150 majus
705 1082 879 1136 scelus
903 1082 1159 1148 accessit,
1187 1091 1244 1136 ut
1282 1083 1382 1136 sub
1409 1091 1696 1152 conspectu
1724 1091 1778 1136 et

183 1173 480 1240 pmsentia
504 1171 875 1237 Sacerdotum,
909 1172 1076 1226 beat:e
1107 1173 1378 1227 memoriae
1408 1172 1774 1243 Hieronymum

176 1275 354 1336 atque
382 1267 758 1335 Augustinum,
782 1264 1282 1318 Ecclesiasticorum
1307 1266 1506 1319 lumina
1537 1265 1777 1333 mgistro-

174 1372 332 1423 rum,
361 1372 546 1411 musca
573 1357 827 1419 moriens,
853 1358 991 1408 sicut
1009 1355 1263 1423 scriptum
1292 1364 1392 1419 est,
1413 1355 1776 1410 exterminans

173 1447 365 1503 oleum
397 1447 698 1511 suavitatis,
742 1447 977 1501 lacerare
1005 1445 1246 1500 auderet.

450 1557 716 1611 Eunomus
744 1556 1040 1611 thmsNSts
1069 1555 1299 1610 Dietione
1331 1555 1496 1610 VIII.

248 1674 602 1741 Hieronymus
625 1679 824 1735 noster,
853 1669 953 1723 nisi
984 1678 1364 1738 praeceptorem
1390 1685 1544 1724 suum
1571 1671 1772 1739 Grego-

178 1768 313 1821 rium
347 1763 576 1824 diceret,
620 1762 712 1815 illo
749 1761 941 1815 melior
967 1769 1293 1815 censeretur.
1336 1759 1443 1825 Sed
1474 1761 1549 1813 illi
1591 1761 1765 1829 appli-

179 1855 345 1912 canda
376 1863 506 1908 sunt
531 1852 667 1907 bona
695 1851 976 1914 nominati,
1007 1866 1034 1902 a
1064 1865 1170 1920 quo
1195 1851 1490 1918 sumpsisse
1513 1850 1764 1906 videntur

177 1947 463 2016 originem.
497 1943 555 1998 In
583 1957 810 2002 summa,
834 1951 892 1996 ut
923 1941 1054 2006 dixi,
1088 1941 1276 1996 caelum
1322 1941 1498 2010 pulsat
1525 1942 1763 2012 magistri

181 2038 358 2109 opinio
384 2035 718 2106 perfectione
755 2033 1022 2103 discipuli.

531 2149 912 2204 Mmcsumus
935 2147 1108 2202 Comes
1133 2145 1188 2200 in
1215 2146 1405 2202 Cltron.

244 2263 429 2332 Usque
463 2263 602 2318 hunc
626 2261 767 2315 XIV.
799 2259 1089 2316 Theodosii
1111 2259 1319 2329 imperii
1349 2274 1544 2314 annum
1570 2260 1761 2316 beatus

177 2356 526 2427 Hieronymus
565 2365 685 2424 post
725 2354 1094 2408 ascensionem
1122 2353 1187 2408 Ι).
1229 2352 1296 2408 Ν.
1331 2352 1458 2408 Jesu
1483 2352 1699 2419 Christi,
1729 2370 1759 2409 a

177 2449 328 2502 Petro
356 2446 624 2516 Apostolo
653 2445 935 2514 incipiens,
953 2453 1007 2498 et
1032 2445 1085 2498 in
1114 2444 1461 2512 semetipsum
1483 2444 1755 2511 desinens,

175 2539 434 2594 CXXXV.
488 2539 723 2592 virorum
770 2536 1055 2590 illustrium
1083 2535 1455 2590 Ecclesiastica
1487 2536 1758 2590 volumina

176 2629 501 2698 descripsit;
531 2627 671 2697 apud
708 2626 988 2681 Bethleem
1033 2625 1289 2695 oppidum
1319 2626 1542 2694 degens,
1575 2626 1662 2679 ubi
1705 2635 1760 2680 et

178 2721 560 2776 monasterium
582 2720 681 2774 sibi
709 2718 966 2785 condidit,
989 2725 1043 2772 et
1069 2718 1169 2771 alia
1201 2718 1364 2772 nmlta
1389 2717 1755 2774 Ecclesiastica

177 2813 353 2868 litteris
399 2827 624 2883 quoque
667 2811 939 2866 Hebraicis
985 2809 1206 2866 edoctus
1229 2809 1460 2879 scripsit,
1493 2810 1758 2880 finemque

176 2904 284 2958 vine
311 2918 422 2958 suae
460 2903 746 2956 admodum
771 2916 932 2956 senex
971 2901 1114 2964 fecit,
1157 2900 1333 2969 ibique
1366 2901 1608 2968 sepultus
1633 2910 1754 2968 est,

173 2992 461 3050 Catholicis
481 2993 692 3063 quidem
721 2991 1138 3063 inexpugnabilis
1167 2990 1417 3045 Ecclesia:
1439 2991 1617 3052 turris,
1649 2989 1760 3044 ha:-

172 3086 338 3141 reticis
383 3095 576 3140 autem
618 3085 864 3138 omnibus
913 3082 1287 3152 infatigabilis,
1333 3091 1440 3136 tam
1481 3083 1757 3152 proposito

171 3181 280 3235 vita:
308 3196 416 3235 sum
440 3221 454 3244 ,
474 3195 633 3250 quam
665 3179 916 3234 librorum
938 3194 969 3232 a
998 3192 1056 3232 se
1081 3177 1341 3232 editorum
1372 3176 1755 3231 assertionibus

173 3271 500 3342 depugnans.

328 3386 620 3442 FACUNDUS
646 3384 1057 3451 HERIIIANENSIS,
1086 3384 1173 3438 lib.
1207 3381 1313 3437 IV.
1345 3400 1459 3452 cap.
1495 3382 1558 3438 II

239 3496 585 3568 Hieronymus
626 3511 836 3566 quoque
866 3505 1066 3560 noster,
1098 3496 1180 3550 vir
1202 3496 1486 3551 admodum
1519 3497 1708 3552 doetus
1732 3539 1747 3563 ,

177 3589 253 3657 qui
277 3589 433 3644 etiam
469 3598 632 3642 tanta:
661 3587 834 3643 fuerat
872 3589 1134 3654 lectionis,
1181 3598 1239 3645 ut
1262 3605 1468 3652 omnes,
1499 3601 1589 3644 aut
1616 3605 1749 3658 pene

179 3693 368 3748 omnes,
393 3682 518 3734 sive
546 3679 599 3732 in
630 3678 838 3745 Graeco,
867 3679 978 3734 sive
1009 3680 1060 3733 in
1087 3679 1277 3734 Latino
1303 3681 1516 3751 eloquio
1539 3681 1746 3733 divina-

178 3787 280 3828 rum
295 3774 694 3844 Scripturarutn
709 3773 1046 3827 Tractatores
1060 3773 1280 3840 legeret,
1299 3773 1515 3842 scripsit
1529 3773 1744 3837 librum,

178 3866 313 3931 cujus
340 3876 422 3920 est
455 3863 644 3919 titulus
677 3881 692 3918 :
723 3864 799 3919 De
831 3865 956 3918 viris
977 3864 1290 3927 illustribus,
1321 3866 1372 3918 in
1401 3881 1504 3934 quo
1534 3880 1638 3918 non
1669 3879 1748 3916 so-

179 3953 272 4011 lum
296 3957 614 4022 catholicos,
647 3956 742 4010 sed
786 3956 945 4010 etiam
977 3955 1254 4011 haereticos
1296 3958 1628 4020 memoravit,
1658 3957 1746 4026 qui

178 4047 234 4102 de
255 4046 543 4118 Scripturis
583 4048 781 4102 sanctis
821 4047 874 4101 in
920 4037 1142 4117 utraque
1171 4049 1349 4117 lingua
1394 4047 1590 4116 aliquid
1616 4064 1744 4102 eon-

179 4139 513 4207 scripSerunt.
540 4136 654 4192 Non
688 4137 869 4204 tacuit,
902 4137 990 4206 qui
1027 4135 1293 4190 lueresum
1337 4136 1532 4191 fuerint
1559 4138 1743 4191 condi-

181 4236 328 4296 tores,
357 4231 522 4300 quive
547 4237 863 4292 assertores,
894 4229 978 4282 vel
1016 4228 1105 4298 qui
1145 4228 1303 4282 etiam
1331 4243 1360 4282 a
1387 4227 1700 4296 quibusdam
1729 4269 1742 4291 ,

181 4327 227 4369 ut
270 4319 507 4376 lueretici
557 4328 968 4383 accusareutur,
1018 4319 1136 4373 aliis
1183 4328 1367 4373 contra
1415 4317 1746 4374 defendenti-

180 4406 284 4474 bus,
311 4419 410 4466 etc.

553 4523 705 4588 lusit,
734 4523 820 4578 lib.
850 4534 1022 4578 contra
1049 4523 1104 4576 Μ
1111 4523 1354 4578 utianum.

241 4632 292 4687 Si
312 4633 560 4703 displicet
583 4635 741 4688 etiam
765 4634 1068 4689 sollicitudo
1089 4647 1138 4690 et
1167 4637 1371 4690 cautela
1398 4637 1564 4692 sancti
1587 4646 1746 4708 atque

180 4721 454 4780 doctissimi
478 4724 762 4780 orthodoxi
786 4726 880 4779 viri
911 4724 1232 4797 Hieronymi,
1252 4738 1354 4783 etc.

419 4870 732 4926 Cusnonoa.
765 4870 938 4924 Dicin.
972 4870 1114 4924 Lect.
1143 4889 1256 4941 cap.
1288 4871 1450 4926 XXI.

243 4978 435 5035 Beatus
461 4985 614 5038 etiam
659 4985 1001 5056 Hieronymus
1037 4984 1240 5039 Latina:
1279 4986 1470 5055 lingua:
1496 4986 1747 5040 dilatatur

179 5073 430 5140 eximius,
463 5077 548 5144 qui
579 5077 732 5131 nobis
760 5078 813 5132 in
845 5077 1190 5132 translatione
1225 5077 1420 5130 divina:
1455 5077 1746 5146 Scriptum

181 5168 368 5218 tantum
402 5169 665 5234 priestitit,
699 5177 756 5222 ut
800 5167 866 5222 ad
903 5167 1184 5223 Hebrzeum
1230 5166 1427 5224 fontem
1478 5183 1611 5236 pene
1641 5181 1745 5219 non

180 5265 417 5321 egeamus
459 5261 737 5325 accedere,
758 5259 973 5330 quando
1013 5275 1111 5314 nos
1147 5259 1404 5314 facundia:
1441 5274 1550 5313 sure
1582 5258 1745 5312 nmlta

182 5351 508 5416 cognoscitur
533 5354 773 5408 ubertate
801 5358 1050 5416 satiasse,
1073 5353 1316 5420 plurimis
1345 5352 1492 5405 libris
1517 5351 1749 5420 copiosis

182 5437 408 5505 epistolis
437 5441 566 5496 fecit
595 5444 800 5511 beatos,
833 5443 1026 5513 quibus
1051 5441 1309 5506 scribere,
1342 5442 1569 5496 Domino
1607 5455 1747 5509 prae-

183 5536 363 5597 stante,
413 5533 662 5604 dignatus
691 5544 794 5591 est.
840 5535 1058 5600 Planus,
1104 5533 1314 5597 doctus,
1345 5533 1536 5600 dulcis,
1568 5543 1749 5600 parata

182 5621 318 5689 copia
361 5637 669 5680 sermonum
701 5626 766 5680 ad
815 5640 1200 5695 quamcumque
1242 5633 1444 5694 partem
1491 5622 1754 5677 convertit

185 5708 435 5778 ingenium
464 5737 476 5771 ;
505 5718 664 5774 modo
691 5717 983 5773 humilibus
1007 5717 1241 5773 suaviter
1268 5716 1558 5782 blanditur,
1595 5715 1751 5770 modo

1626 269 2028 330 TESTIMONIA
2043 318 2056 331 .

1888 400 2243 469 superborum
2291 405 2428 459 colla
2479 405 2796 478 confringit,
2853 410 3012 466 modo
3061 413 3473 486 derogatoribus

1888 494 1999 546 suis
2025 494 2192 548 vicem
2235 498 2535 552 necessaria
2581 500 2926 556 mordacitate
2966 507 3278 573 restituens,
3308 515 3470 570 modo

1889 584 2248 652 virginitatem
2319 587 2655 657 praedicans,
2713 591 2872 644 modo
2929 597 3261 653 matrimonia
3319 616 3465 660 casta

1888 671 2204 741 defendens,
2256 678 2416 732 modo
2464 681 2718 736 virtutum
2767 687 3054 740 certamina
3083 688 3310 756 gloriosa
3353 700 3470 752 col-

1891 765 2148 832 laudans,
2210 769 2371 823 modo
2417 770 2596 840 lapsus
2641 772 2692 826 in
2737 774 2947 830 clericis
2993 785 3154 846 atque
3193 788 3463 842 monachis

1889 857 2170 925 pravitates
2244 876 2502 916 accusans
2548 881 2563 918 :
2611 864 2705 918 sed
2773 875 2950 921 tamen
3023 869 3341 940 ubicumque
3404 891 3463 930 se

1889 949 2036 1004 locus
2086 952 2281 1018 attulit,
2315 953 2603 1009 Gentilium
2645 957 2889 1027 exempla
2936 958 3242 1016 dulcissima
3292 966 3465 1020 varie-

1889 1051 1996 1096 tate
2022 1046 2353 1111 permiscuit,
2375 1056 2540 1100 totum
2569 1049 2864 1118 explicans,
2896 1057 3064 1104 totum
3093 1069 3380 1120 exornans,
3413 1073 3468 1112 et

1888 1148 1983 1201 per
2011 1133 2220 1188 diversa
2251 1136 2668 1206 disputationum
2700 1155 2895 1208 genera
2924 1140 3157 1196 disertus
3187 1159 3398 1214 semper
3416 1157 3469 1200 et

1886 1225 2103 1293 aequalis
2134 1227 2408 1282 incedens.
2437 1227 2568 1282 Nam
2596 1244 2714 1283 cum
2746 1230 2879 1284 alios
2909 1247 3098 1302 magna
3131 1234 3372 1290 ubertate
3398 1237 3464 1290 li-

1885 1315 2010 1370 bros
2029 1317 2327 1384 protendat,
2351 1329 2524 1374 tamen
2550 1335 2646 1390 pro
2662 1319 2936 1376 dulcedine
2956 1323 3219 1378 dictorum
3243 1341 3458 1381 suorum

1884 1424 2098 1479 semper
2140 1421 2348 1479 gratum
2401 1422 2503 1467 cst.
2557 1413 2723 1478 Quem
2777 1415 2826 1468 in
2874 1415 3148 1471 Bethleem
3194 1418 3464 1474 habitasse

1883 1500 2110 1554 otiosum
2143 1517 2248 1554 nun
2276 1501 2520 1566 arbitror,
2557 1504 2656 1557 nisi
2687 1513 2742 1558 ut
2787 1505 2838 1559 in
2883 1514 3024 1560 terra
3054 1508 3137 1562 illa
3171 1508 3460 1563 miraculo-

1880 1610 2018 1659 rum,
2049 1594 2112 1647 ad
2144 1594 2312 1648 instar
2353 1596 2480 1648 solis
2501 1636 2514 1658 ,
2548 1595 2665 1662 ejus
2707 1612 2918 1666 quoque
2959 1599 3027 1652 ab
3057 1601 3263 1655 oriente
3306 1603 3460 1656 nobis

1876 1682 2134 1749 lamparet
2161 1682 2448 1753 eloquium.
2495 1684 2541 1738 ls
2571 1685 2850 1752 epistolam
2881 1703 3030 1742 suam
3070 1690 3136 1743 ad
3177 1691 3458 1747 Paulinttn.

1872 1781 1927 1826 et
1951 1770 2265 1826 Senatorem
2296 1781 2350 1826 et
2378 1772 2751 1843 Presbyterum
2797 1777 3076 1831 mirificam
3121 1778 3403 1834 destinavit
3435 1823 3451 1848 ,

1871 1861 2096 1925 docens,
2129 1863 2575 1932 quemadmodum
2606 1865 2907 1935 Scripturas
2934 1867 3142 1923 divinas
3171 1885 3288 1924 cum
3321 1887 3452 1925 cau-

1873 1953 1974 2006 tela
2006 1953 2310 2023 perlegerit.
2344 1954 2444 2010 Ubi
2477 1955 2713 2011 breviter
2741 1957 2990 2013 virtutem
3037 1961 3451 2032 uniuscujusque

1871 2044 1992 2099 libri
2019 2045 2216 2100 veteris
2245 2055 2297 2100 et
2327 2047 2450 2100 novi
2479 2046 2805 2102 Testamenti
2833 2049 3152 2105 mirabiliter
3176 2052 3449 2107 indicavit.

1872 2136 2040 2201 Quam
2067 2136 2112 2190 si
2142 2145 2267 2192 ante
2295 2137 2635 2206 reperissem,
2666 2137 2988 2209 eloquentiae
3018 2141 3184 2210 ipsius
3212 2143 3407 2197 cedens
3434 2184 3448 2206 ,

1868 2234 2152 2281 contentus
2177 2225 2406 2283 fortasse
2434 2227 2662 2293 fueram,
2693 2229 2761 2283 de
2798 2229 2984 2284 eadem
3025 2240 3174 2300 parte
3202 2232 3335 2287 nihil
3365 2234 3450 2303 die

1868 2330 2015 2371 cere.
2045 2316 2148 2370 Sed
2179 2317 2300 2386 quia
2329 2326 2384 2372 et
2425 2317 2516 2373 ille
2557 2317 2679 2382 alia,
2711 2329 2765 2372 et
2804 2333 2903 2374 nos
2941 2320 3148 2376 diversa
3192 2323 3243 2376 in
3287 2338 3451 2394 opere

1862 2408 1974 2478 jam
2019 2408 2287 2474 confecto,
2333 2407 2560 2462 Domino
2606 2409 2882 2479 largiente,
2915 2415 3402 2482 conscripseramus
3432 2457 3446 2479 ,

1867 2498 2051 2563 credo,
2081 2499 2220 2569 quod
2251 2500 2418 2554 lector
2461 2499 2686 2569 diligens
2705 2542 2718 2566 ,
2751 2512 2804 2556 et
2833 2503 2883 2555 in
2927 2502 3028 2557 hoc
3057 2507 3312 2572 cpusculo
3343 2523 3446 2560 non

1866 2591 2126 2647 inutiliter
2151 2601 2463 2662 occupetur.
2482 2593 2576 2649 Ille
2599 2595 2740 2649 enim
2767 2595 2979 2664 scripsit
3005 2597 3068 2650 ad
3098 2597 3289 2652 divina:
3317 2600 3449 2669 legis

1866 2699 2062 2739 novum
2109 2685 2386 2753 lectorem,
2415 2686 2507 2757 qui
2540 2695 2717 2742 tamen
2749 2697 2867 2742 erat
2898 2689 3091 2744 litteris
3119 2691 3447 2746 secularibns

1864 2777 2126 2843 eruditus,
2157 2786 2210 2832 ut
2239 2778 2400 2832 etiam
2427 2778 2618 2833 librttm
2644 2779 2710 2834 de
2727 2779 3029 2836 Theodosio
3055 2780 3301 2850 Principe
3324 2797 3449 2850 pru-

1864 2872 2054 2924 denter
2082 2881 2376 2941 ornateque
2403 2870 2719 2926 confecerit.
2748 2871 2856 2926 Nec
2883 2872 2974 2926 illa
3019 2882 3356 2941 tempestate,
3389 2885 3446 2927 ut

1863 2963 2019 3017 datur
2045 2963 2293 3032 intelligi,
2324 2973 2500 3019 tantos
2545 2966 2838 3033 scriptores
2876 2980 2988 3019 suae
3016 2966 3179 3034 partis
3214 2966 3397 3020 habuit
3427 3010 3442 3033 ,

1863 3068 1996 3123 quos
2035 3068 2156 3106 eum
2199 3054 2251 3107 in
2297 3054 2484 3108 ordine
2530 3054 2705 3123 legere
2745 3064 3108 3109 commoueret
3140 3074 3156 3111 :
3195 3057 3442 3123 quoniam

1861 3144 1955 3199 illo
1983 3153 2224 3213 tempore
2253 3145 2449 3199 milites
2479 3143 2673 3200 Christi
2703 3145 2754 3199 in
2782 3145 3061 3216 gymnasio
3095 3146 3226 3217 legis
3249 3147 3443 3203 divina.-

1861 3236 2076 3290 salutari
2099 3237 2273 3291 adhuc
2294 3237 2539 3292 laborant
2567 3236 2782 3304 sudore,
2803 3238 2854 3292 in
2877 3252 3014 3310 quos
3039 3249 3094 3293 et
3116 3239 3228 3309 ipse
3257 3250 3438 3309 postea

1859 3327 2024 3380 multa
2055 3327 2392 3396 conscripsit.

2403 3463 2532 3518 Inicit
2568 3463 2618 3517 iu
2647 3464 2916 3520 Chronico.

1930 3601 2158 3656 Arcadio
2181 3612 2233 3656 et
2252 3602 2490 3656 Bautone
2515 3600 2668 3656 Coss.
2704 3601 3044 3672 Hieronymus
3075 3602 3357 3672 Presbyter
3384 3603 3437 3658 in

1857 3692 2130 3747 Bethleem
2165 3695 2369 3761 positus
2417 3703 2526 3746 toto
2569 3693 2768 3747 mundo
2799 3693 3052 3746 mirabilis
3080 3691 3328 3747 habetur.

2041 3803 2279 3860 Ismenus
2307 3804 2646 3858 "ISPALENSIS
2678 3803 2943 3871 Originum
2971 3801 3098 3856 libro
3139 3801 3232 3857 VI.

1926 3937 2214 4008 Presbyter
2235 3949 2444 4004 quoque
2468 3932 2812 4002 Hieronymus
2837 3931 2994 3985 trium
3022 3930 3319 3998 linguarum
3345 3945 3438 3998 pe.

1856 4029 2009 4094 ritus,
2039 4044 2102 4082 ex
2133 4027 2357 4081 llebrmo
2387 4027 2438 4080 in
2465 4025 2710 4079 Latinum
2738 4023 3006 4094 eloquium
3040 4017 3253 4076 easdem
3285 4019 3434 4076 Seri-

1856 4129 2038 4190 pturas
2099 4119 2364 4173 convertit
2419 4117 2840 4187 eloquenterque
2902 4113 3206 4169 transfudit.
3269 4113 3436 4182 Cujus

1855 4209 2229 4280 interpretatio
2275 4208 2468 4261 merito
2503 4208 2711 4260 caneris
2750 4205 3044 4260 antefertur
3072 4222 3086 4258 :
3117 4221 3240 4259 nam
3273 4214 3354 4258 est
3381 4213 3435 4258 et

1855 4302 2138 4358 verborum
2163 4300 2421 4363 tenacior,
2443 4308 2496 4353 et
2520 4296 2897 4367 perspicuitate
2918 4296 3196 4351 sententia:
3217 4294 3432 4352 clarior.

2421 4413 2564 4468 ΒευΑ
2591 4413 2655 4466 de
2679 4411 2944 4480 Computa.

1927 4529 2125 4585 Divina:
2152 4528 2417 4599 interpres
2444 4527 2690 4582 Historia:
2718 4525 3084 4597 Hieronymus.

1877 4664 2172 4719 Auouruus
2195 4663 2336 4733 apud
2362 4661 2643 4727 Canisium,
2670 4670 2795 4715 tom.
2835 4657 2929 4715 VI.
2959 4660 3228 4730 Antiquar.
3262 4629 3419 4710 Leu.

1855 4805 2142 4858 Hieronyme
2166 4803 2414 4858 interpres
2437 4793 2580 4842 variis
2601 4791 2881 4842 doctissime
2901 4791 3094 4858 linguis,

1853 4858 1926 4906 'l'e
1949 4852 2211 4908 Bethleem
2234 4852 2474 4912 celebrat,
2493 4861 2545 4904 te
2566 4862 2698 4903 totus
2721 4860 2952 4914 personat
2974 4852 3123 4914 orbis.

1853 4919 1927 4969 Te
1950 4933 2145 4983 quoque
2171 4925 2331 4966 nostra
2359 4910 2650 4978 tuis'promit
2670 4910 3150 4970 Bibliothecalibris.

2173 5042 2440 5095 Emannus
2464 5039 2515 5089 in
2542 5035 2777 5106 Epistola
2799 5033 2867 5087 ad
2891 5033 3112 5101 Lupum.

1927 5174 2092 5226 Erant
2121 5172 2183 5224 ad
2209 5185 2396 5224 manus
2413 5167 2662 5221 doctores
2686 5166 2906 5234 egregii,
2935 5163 3128 5218 nedum
3154 5180 3258 5218 non
3284 5179 3437 5234 sper-
3492 5165 3507 5178 ’

1858 5262 2041 5326 nendi,
2081 5276 2262 5312 vermn
2294 5256 2621 5312 omnimodis
2651 5255 2900 5308 audiendi
2938 5264 3097 5324 atque
3126 5254 3383 5323 sequendi
3419 5276 3432 5312 :

1857 5353 2120 5423 gloriosus
2151 5347 2398 5402 videlicet
2428 5358 2629 5418 martyr
2657 5346 2970 5418 Cyprianus,
3009 5355 3064 5400 et
3087 5347 3435 5402 illustrissimi

1860 5455 2132 5498 sacrarum
2157 5439 2457 5494 divinarum
2487 5437 2784 5492 litterarum
2817 5439 3151 5509 expositores
3181 5437 3438 5511 Augusti-

1861 5549 1960 5591 nus
2002 5541 2161 5602 atque
2193 5529 2535 5600 Hieronymus
2566 5546 2583 5584 :
2622 5546 2847 5601 quorum
2887 5532 3167 5586 sententiis
3196 5547 3259 5587 ac
3297 5534 3441 5588 salu-

1863 5624 2108 5680 berrimis
2150 5620 2586 5693 persuasionibus
2613 5621 2907 5688 animatus,
2935 5623 3249 5694 depressum
3297 5625 3438 5696 grmi

1866 5730 2096 5772 munere
2122 5731 2216 5773 cor
2252 5727 2462 5770 sursum
2490 5713 2664 5770 levare
2695 5725 2916 5771 conatus
2943 5732 3080 5772 sum.
