4050 6188
620 276 732 337 219

659 387 1012 448 Τιεουοιηε
1043 390 1461 446 Αωιιωλιιειιειθ
1504 388 1657 456 episc.
1688 388 1911 445 Carmin.
1956 392 2059 447 IV.
2104 397 2172 449 ad

1191 475 1403 539 Gislam,
1435 474 1521 529 lib.
1555 467 1673 531 III.

623 568 749 622 Nam
770 571 857 619 tibi
880 568 1167 618 Psalterium
1191 567 1398 628 praecepi
1422 566 1630 616 scribier
1655 570 1803 627 istud,

808 631 1025 691 Argento
1046 634 1194 687 atque
1218 639 1336 691 auro
1358 628 1488 689 quod
1505 629 1699 691 radiare
1719 632 1871 681 vides.

624 691 730 750 Quo
752 687 1387 751 prior'ttebmzoconoordat
1406 689 1580 751 pagina
1605 705 1743 751 vero,

804 747 962 809 Editio
984 754 1037 809 ut
1060 747 1215 809 prisca
1240 756 1318 798 est
1338 747 1450 799 mox
1474 747 1507 798 h
1522 750 1623 799 ibet
1639 747 1753 801 inde
1776 767 2010 809 sequens.

622 809 776 867 Onam
798 807 932 857 bene
957 807 1148 857 Hieron.
1176 810 1299 858 hanc
1339 810 1585 867 transfert,
1610 817 1810 867 corrigit
1833 807 1981 865 illam.

802 868 1017 918 Senibus
1037 868 1109 931 (a)
1137 871 1358 932 egregiis
1380 880 1607 935 utraque,
1632 868 1784 925 crede
1803 915 1816 936 ,
1841 879 2010 928 micat.

721 971 781 1028 S.
810 972 1164 1027 Cowuuaa'us
1208 972 1430 1041 Epistol.
1466 977 1533 1029 ad
1559 976 1858 1048 Gregorium
1889 997 2095 1049 papam.

691 1080 1024 1152 Simpliciter
1052 1098 1154 1153 ego
1182 1084 1273 1138 tibi
1299 1086 1581 1153 conﬁteor,
1606 1089 1747 1157 quod
1775 1101 1959 1145 contra
1990 1092 2050 1146 S.
2078 1092 2203 1146 Hieo

620 1175 825 1244 ronymi
846 1174 1221 1229 auctoritatem
1245 1176 1487 1239 veniens,
1519 1178 1658 1245 apud
1689 1180 1995 1235 Occidentis
2020 1182 2204 1238 Eccle-

623 1263 733 1318 sias
775 1278 874 1319 ceu
923 1264 1207 1319 lucretieus
1252 1265 1586 1334 respuendus
1628 1269 1773 1323 erit:
1806 1269 1881 1324 illi
1924 1271 2066 1325 enim
2105 1287 2203 1341 per

619 1354 799 1408 omnia
824 1353 1173 1410 indubitatam
1192 1354 1246 1410 in
1264 1354 1552 1425 Scripturis
1577 1357 1772 1413 divinis
1795 1361 2203 1418 accommodant

616 1442 798 1499 ﬁdem.
858 1534 1127 1592 Nicouus
1150 1535 1191 1590 1.
1219 1535 1388 1605 Epist.
1416 1535 1514 1591 LI.
1547 1538 1615 1592 ad
1640 1537 1962 1595 Lat/torium.

696 1645 835 1701 Audi
862 1646 984 1717 quid
1011 1648 1249 1703 eteiestis
1273 1648 1621 1707 Bibliotheca:
1647 1653 1819 1707 cultor
1843 1653 1983 1708 dicat
2012 1653 2200 1709 Hiero-

617 1756 821 1811 nymus,
850 1740 1027 1796 Grave
1054 1742 1264 1811 pondus
1289 1743 1538 1799 vitiorum
1562 1753 1666 1812 est,
1693 1758 1799 1801 exc.
1831 1744 1915 1801 Ea:
1943 1763 2057 1817 cap.
2089 1746 2195 1801 IX.

619 1830 898 1886 Comment.
925 1834 980 1887 in
1010 1832 1199 1889 Matth.

619 1942 947 2000 unusunus
978 1939 1287 2001 Corbeieitsis
1312 1947 1376 2000 de
1405 1946 1681 2002 Nativitate
1723 1949 1943 2011 Christi,
1976 1966 2093 2018 cap.
2123 1948 2195 2004 Χ.

830 2037 915 2092 Ea:
938 2036 1178 2093 Daclierii
1216 2039 1463 2111 Spicileg.
1484 2081 1501 2107 ,
1533 2051 1652 2096 tant.
1685 2042 1736 2103 1.
1769 2060 1823 2113 p.
1856 2041 1981 2098 359.

694 2146 1039 2221 Hieronymus
1065 2166 1232 2206 sacra:
1260 2138 1416 2224 Legis
1449 2153 1747 2224 interpres,
1780 2156 2016 2211 omnium
2056 2157 2197 2224 peri-

618 2239 859 2297 tissimus
887 2242 1287 2313 disciplinarum
1313 2285 1328 2309 ,
1362 2245 1482 2300 lidei
1526 2247 1689 2301 turris
1740 2246 2075 2308 inconcussa.
2104 2250 2199 2305 Sa-

619 2332 832 2402 pientia:
853 2334 1098 2404 lampade
1124 2336 1606 2403 splendidissimus.
1632 2339 1850 2407 eloquio
1880 2340 2197 2395 l‘acundissi-
2224 2380 2225 2383 η

622 2436 762 2489 mus,
810 2422 1005 2489 Latini,
1059 2424 1250 2491 Graeci,
1302 2426 1615 2498 Hebraeique
1652 2429 1917 2484 sermonis
1953 2429 2199 2487 doctissi-

618 2524 758 2565 mus.

927 2594 1208 2651 Scaurus
1245 2596 1418 2652 Larus
1456 2597 1518 2652 de
1550 2599 1663 2653 trib.
1698 2599 1890 2665 Quwst.

691 2701 871 2758 Nostri
901 2716 1081 2761 autem
1110 2710 1376 2775 auctores,
1408 2709 1556 2765 facile
1584 2712 1839 2780 sapientia
1869 2711 2195 2782 superiores,

616 2793 740 2863 quia
783 2794 959 2850 divina
988 2797 1292 2868 eloquentia
1337 2808 1543 2870 parent.
1586 2818 1767 2872 quam.
1799 2818 1919 2857 eum
1966 2804 2146 2859 volunt
2177 2845 2194 2871 ,

618 2893 847 2939 exerunt
878 2903 893 2939 :
920 2902 1040 2941 cum
1092 2889 1310 2956 volunt,
1342 2891 1677 2947 abscondunt
1709 2914 1721 2947 ε
1749 2894 2071 2966 Cyprianum
2117 2896 2199 2951 lo-

614 2989 751 3044 quor
771 3015 788 3038 ,
822 2976 1179 3047 Augustinum
1204 3021 1220 3047 ,
1270 2980 1639 3054 Hieronymum
1663 3027 1678 3049 ,
1725 2987 2066 3042 Ambrosium
2090 3028 2107 3053 ,
2138 2999 2194 3044 et

612 3067 871 3136 quosdam
917 3071 1074 3138 alios,
1120 3080 1175 3127 et
1228 3085 1459 3130 mentem
1512 3076 1812 3132 divinorum
1860 3080 2193 3149 eloquiorum

613 3159 828 3227 penitus
874 3160 1258 3232 inspexerunt,
1290 3174 1347 3220 et
1389 3165 1544 3221 nobis
1584 3168 1871 3223 salubriter
1912 3185 2195 3240 expresse-

612 3258 806 3304 runt...
844 3248 1211 3323 Hieronymunt
1249 3254 1427 3309 divina
1454 3265 1511 3311 et
1535 3259 1760 3313 seculari
1788 3260 2027 3317 doctrina
2060 3279 2197 3332 prm-

611 3338 820 3407 eipuus,
849 3350 903 3395 et
930 3343 1075 3396 velut
1116 3344 1333 3412 quidam
1366 3362 1561 3414 parens
1589 3364 1713 3404 cum
1754 3351 2054 3421 Augustino
2084 3353 2190 3407 Ec-

614 3429 928 3484 clesiasticat
953 3430 1333 3501 Philosophiae,
1363 3450 1480 3504 qua:
1520 3437 1804 3495 lmmanam
1842 3457 1941 3497 nec
1966 3443 2192 3498 multum

616 3518 837 3585 appetit,
870 3533 970 3574 nec
994 3520 1047 3573 in
1090 3521 1339 3577 omnibus
1367 3529 1682 3592 contemnit,
1714 3528 2050 3599 Pelagianam
2080 3531 2192 3587 ha:-

613 3610 777 3663 resim
806 3624 996 3665 recens
1023 3622 1265 3667 exortam
1310 3623 1557 3683 potenter
1575 3617 1870 3687 debellatis,
1893 3620 1971 3690 Si,
1999 3624 2186 3694 inquit,

614 3698 669 3752 in
695 3713 761 3753 eo
785 3709 1008 3766 tantum,
1031 3712 1136 3757 etc.

612 3811 928 3870 Aconannus
977 3815 1031 3870 in
1088 3815 1243 3871 Libro
1294 3826 1469 3872 contra
1519 3820 1819 3890 objectiones
1881 3822 2146 3897 Fredegisi
2174 3866 2190 3894 ,

1270 3925 1387 3976 cap.
1436 3907 1540 3964 IX.

684 3995 996 4066 lnterpretis
1022 4014 1232 4069 quoque
1258 3999 1426 4053 nostri
1466 3999 1758 4072 Hieronymi
1797 4005 2091 4077 presbyteri
2133 4009 2195 4064 ii-

612 4086 750 4144 delis
777 4099 858 4144 est
889 4090 1084 4158 Editio,
1106 4106 1225 4162 qua:
1244 4091 1312 4148 de
1341 4091 1602 4149 Hebraico
1627 4095 1681 4149 in
1705 4095 1951 4152 Latinum
1991 4101 2194 4172 magni-

610 4182 711 4238 ﬁce
733 4184 1022 4240 transtulit.

810 4294 999 4352 Havuo
1025 4296 1433 4355 llassensrnsn.
1465 4299 1554 4355 lib.
1577 4298 1650 4365 Χ,
1676 4317 1793 4369 cap.
1836 4301 2001 4357 VIII.

683 4405 831 4460 Tunc
861 4406 1201 4478 Hieronymus
1227 4408 1511 4480 Presbyter
1532 4409 1584 4464 in
1615 4409 1912 4477 Bethleem,
1945 4413 2052 4467 imo
2079 4422 2191 4469 toto

612 4495 767 4560 orbe,
794 4496 969 4549 clarus
997 4498 1242 4553 habetur.
1276 4498 1351 4551 De
1376 4514 1482 4567 quo
1501 4514 1605 4553 nou
1626 4500 1742 4554 sine
1760 4517 1947 4571 magna
1968 4502 2192 4560 admira-

612 4586 760 4641 tione
784 4584 1019 4653 suspicio
1044 4626 1061 4652 ,
1106 4602 1272 4657 quare
1308 4587 1360 4642 in
1394 4586 1493 4641 hac
1535 4588 1797 4644 llistorica
1832 4594 2135 4649 narratione
2158 4611 2189 4650 a

610 4677 826 4734 Bumno
848 4678 1237 4748 praetermissus
1257 4690 1339 4735 est
1356 4679 1616 4749 insigniri,
1640 4684 1870 4737 maxime
1889 4698 2009 4738 eum
2027 4695 2189 4741 caete-

607 4789 699 4829 ros
726 4773 962 4831 illustres
1011 4771 1197 4837 viros,
1244 4780 1300 4826 et
1322 4783 1806 4843 contemporaneos
1834 4776 2192 4833 uobilitaverit

606 4865 843 4936 eloquio,
876 4864 965 4935 qui
991 4862 1076 4919 vel
1120 4864 1353 4933 impares
1380 4864 1429 4919 ei
1461 4864 1671 4919 fuerunt
1718 4866 1961 4933 scientia,
2011 4869 2093 4923 vel
2142 4870 2187 4926 si

608 4972 765 5022 pares
808 4964 900 5009 aut
943 4956 1283 5024 superiores,
1310 4967 1459 5012 certe
1497 4956 1808 5011 omnimodo
1833 4960 2007 5014 minus
2033 4961 2187 5016 utiles

606 5044 881 5100 Ecclesiis.
904 5045 1173 5103 Fortassis
1197 5046 1301 5115 egit
1330 5047 1431 5102 hoc
1458 5046 1700 5102 Bullinus
1726 5049 2004 5113 industria,
2023 5066 2089 5106 ne
2110 5053 2188 5107 vi-

602 5133 821 5190 deretur
841 5135 1084 5207 iniuriam
1113 5136 1188 5191 illi
1209 5136 1387 5192 libello
1417 5136 1614 5200 facere.
1656 5153 1814 5209 quem
1836 5139 1973 5195 idem
2001 5140 2186 5198 beatus

605 5223 947 5298 Hieronymus
962 5228 1149 5281 scribit
1163 5227 1229 5282 de
1246 5229 1375 5285 viris
1397 5230 1709 5297 illustribus,
1732 5232 1819 5286 uhi
1848 5230 1988 5287 etde
2006 5234 2185 5304 seipse

600 5313 727 5371 facit
754 5317 805 5371 in
832 5318 1035 5372 ultimis
1056 5319 1408 5376 mentionem.
1437 5321 1642 5377 Dicitur
1658 5324 1816 5378 etiam
1838 5324 1978 5394 quod
2010 5326 2185 5380 inimi-

598 5405 753 5460 citias
781 5406 1069 5475 aliquando
1106 5407 1403 5465 habuerunt
1428 5428 1441 5464 :
1474 5422 1529 5467 et
1555 5414 1599 5467 si
1630 5412 1709 5468 l‘as
1736 5424 1820 5468 est
1848 5414 1951 5470 dici
1978 5416 2047 5470 de
2075 5426 2180 5471 tam

597 5492 802 5547 sanctis
841 5502 901 5547 et
950 5493 1301 5561 prudentibus
1329 5498 1481 5563 viris,
1507 5501 1737 5572 obliquis
1786 5518 1845 5558 se
1896 5517 2182 5572 respexere

594 5581 837 5635 vultibus
886 5591 941 5633 et
982 5583 1321 5640 sermonibus
1376 5598 1650 5644 ποιητοῖο.
1702 5591 1853 5646 Unde
1901 5594 2119 5647 itura-itan
2149 5610 2179 5649 a

660 5693 725 5761 [al
764 5692 824 5745 Ρ.
849 5688 1086 5740 Sensibus.

1934 283 2243 342 SELECTA
2286 285 2615 349 VETERUM

3793 308 3898 372 220

2319 399 2475 457 beato
2495 403 2807 477 Hieronymo
2830 407 2971 464 hunc
2992 422 3295 468 sermonem
3323 414 3631 473 historicum
3651 420 3897 492 obliqua.

2313 493 2407 546 vit.
2440 494 2565 551 Sive
2592 505 2767 551 autem
2794 508 3010 568 propter
3024 499 3146 570 hoc,
3164 503 3277 559 sive
3292 518 3509 577 pr0pter
3532 510 3663 567 illud
3691 514 3895 569 omise-

2312 582 2401 650 rit,
2431 585 2648 639 nescio:
2679 586 2817 641 Deus
2848 590 2968 645 scit.

2417 694 2665 752 Rauxuus
2693 699 2745 751 in
2771 698 3143 773 Martyrologio
3167 707 3235 759 ad
3260 706 3441 762 XXX.
3469 716 3781 779 septembris.

2383 804 2440 860 ln
2470 807 2745 864 Bethleem
2770 810 2922 867 Iudae
2947 815 3211 885 depositio
3244 819 3544 893 Hieronymi
3566 829 3890 901 presbyteri,

2310 897 2463 964 cujus
2503 898 2606 951 vita
2653 909 2708 954 et
2732 901 2975 958 doctrina
3035 906 3229 978 ubique
3282 911 3333 965 in
3384 914 3637 970 Eeclcsiis
3686 897 3892 979 Christi

2311 988 2593 1045 laudabilis
2617 1004 2812 1060 exstat,
2857 1000 3128 1065 quomodo
3167 1002 3377 1060 divinos
3423 1007 3587 1063 libros
3614 1025 3679 1065 ex
3710 1012 3891 1084 lingua

2311 1078 2532 1136 Hebrzea
2554 1084 2605 1137 in
2634 1085 2873 1141 Latinam
2898 1092 3201 1158 transtulit,
3231 1094 3687 1170 Prnpheticosqnc
3718 1078 3890 1161 libros

2307 1183 2470 1225 sensu
2498 1174 2789 1244 allegorice
2832 1183 3098 1249 exposuit.
3130 1181 3261 1238 Cum
3311 1199 3489 1243 autem
3528 1195 3798 1264 octoginta
3835 1208 3891 1253 et

2307 1274 2430 1319 octo
2458 1280 2720 1322 annorum
2746 1269 2864 1325 dies
2888 1274 3142 1342 explevit,
3185 1277 3345 1332 vitam
3375 1294 3693 1349 prementem
3723 1286 3886 1345 dese-

2307 1368 2450 1417 rens,
2473 1354 2541 1410 ad
2571 1368 2827 1413 aeternam
2855 1362 3093 1431 requiem
3115 1366 3414 1437 emigravit.

2305 1463 2639 1522 Pnuneu'rtus
2670 1468 2931 1539 Tricassi.,
2960 1473 3024 1528 de
3048 1477 3282 1544 predest.
3311 1490 3487 1536 contra
3529 1483 3738 1541 Scotum
3767 1488 3887 1545 Eri-

2870 1583 3047 1636 genam
3062 1608 3077 1631 ,
3109 1585 3223 1639 cap.
3248 1570 3298 1625 I.

2375 1672 2721 1731 Beatissimus
2749 1694 2964 1749 quoque
2997 1680 3340 1755 Hieronymus
3370 1695 3447 1742 tot
3476 1690 3780 1761 linguarum
3805 1706 3884 1751 at-

2303 1777 2407 1832 que
2455 1766 2711 1822 librorum
2746 1769 2938 1825 litteris
2981 1774 3469 1845 incomparabiliter
3516 1784 3756 1841 eruditus
3781 1828 3796 1853 ,
3831 1789 3883 1845 in

2304 1855 2550 1910 omnibus
2573 1868 2678 1911 tam
2709 1859 3059 1929 PrOpheticis,
3088 1882 3244 1935 quam
3276 1871 3594 1939 Apostolicis
3624 1876 3882 1946 explana-

2304 1946 2535 2001 tiouihus
2564 1948 2612 2001 id
2652 1951 2751 2005 sibi
2784 1967 3124 2026 summOpere
3172 1960 3331 2016 studii
3382 1962 3583 2033 fuisse,
3635 1969 3883 2028 crebrius

2304 2037 2614 2106 replicando
2637 2040 2884 2099 inculcat.

2515 2151 2821 2211 "INCIABUS
2859 2157 3147 2229 Ruunusxs,
3177 2172 3298 2218 tom.
3323 2165 3376 2221 1.
3408 2167 3651 2232 Operam.

2373 2265 2442 2320 Et
2465 2280 2678 2323 sanctus
2706 2269 3069 2344 Hieronymus,
3096 2276 3387 2343 Hebraicae,
3411 2288 3466 2335 et
3489 2281 3689 2337 Grtrczn
3709 2295 3763 2341 et
3779 2284 3882 2343 La-

2304 2355 2427 2410 tina:
2468 2357 2661 2427 lingua:
2704 2365 3081 2431 peritissimus,
3109 2372 3196 2437 qui
3229 2379 3283 2422 ut
3312 2370 3504 2425 dicitur
3522 2388 3712 2430 nucem
3730 2375 3881 2445 juxta

2303 2449 2551 2504 unt-lenm
2580 2451 2851 2522 Frangens.
2876 2456 3133 2512 medullas
3153 2468 3207 2513 et
3228 2459 3340 2529 ipsa
3366 2464 3571 2517 viscera
3588 2465 3880 2535 Scriptura

2301 2549 2499 2595 sauetm
2531 2542 2930 2614 investigando,
2965 2548 3188 2603 Domino
3240 2551 3539 2623 inspirante
3597 2569 3880 2625 penetrare

2302 2632 2617 2698 promeruit,
2669 2635 2723 2689 in
2765 2638 3098 2707 expositione
3126 2639 3428 2704 Ezechielis
3476 2648 3753 2718 propheta:
3809 2651 3893 2706 ita.

2300 2720 2450 2789 dicit,
2478 2733 2583 2779 etc.

2604 2839 2840 2898 Puortus
2864 2845 2917 2898 in
2942 2843 3252 2902 Bibliotheca
3279 2850 3405 2907 Cod.
3431 2851 3549 2906 III.

2340 2942 2527 3027 ἔγραψε
2551 2962 2599 3011 δὴ
2621 2962 2704 3011 καὶ
2731 2945 2976 3027 Ῐιρὼνυμος
3006 2971 3243 3032 «poi-rupto;
3270 2972 3579 3038 πρισβῦτερος
3605 2974 3716 3037 πρὸς
3744 2980 3879 3035 Knu-

2301 3060 2505 3121 σιγῶντα
2527 3090 2543 3115 ,
2569 3055 2697 3104 κατὰ
2739 3062 2829 3104 τῶν
2857 3059 3072 3119 λεγόντων
3098 3056 3331 3109 ἀπὰθιιαν
3349 3095 3364 3120 ,
3408 3063 3517 3112 ἄτοι
3570 3066 3698 3115 κατὰ
3726 3057 3877 3116 Πελα-

2298 3146 2401 3206 γὶσυ
2424 3159 2437 3173 ⁸
2468 3146 2599 3202 οὗτος
2622 3147 2669 3195 δὲ
2717 3147 2744 3196 ὁ
2785 3150 3010 3210 Hdie/tog
3034 3155 3236 3215 μοναχός
3268 3158 3323 3208 ἦν
3350 3157 3568 3216 μαθητὴν
3592 3155 3891 3220 κτησάμενος,

2299 3238 2377 3285 τό)
2404 3240 2678 3289 Reuerso».

2369 3322 2595 3393 Scripsit
2620 3326 2781 3379 etiam
2815 3324 3155 3398 Hieronymus
3179 3331 3459 3403 presbyter
3478 3333 3544 3389 ad
3564 3336 3881 3406 Ctesiphon-

2301 3423 2405 3468 tem
2429 3426 2614 3470 contra
2645 3428 2949 3473 asserentes
2978 3422 3210 3474 ἀπάθειαν
3251 3422 3338 3491 (id
3367 3432 3448 3478 est
3479 3426 3877 3494 impacsihilita-

2300 3511 2428 3567 tem,
2452 3504 2535 3559 vel
2559 3506 3117 3579 imperturbationem)
3143 3526 3239 3565 seu
3260 3522 3445 3567 contra
3466 3515 3758 3586 Pelagium.
3782 3519 3877 3574 llic

2297 3602 2475 3647 autem
2500 3593 2745 3664 Pelagius
2772 3595 3061 3653 Monachus
3083 3600 3199 3669 fuit,
3226 3601 3527 3658 Czelestium
3555 3605 3877 3677 discipulum

2298 3694 2503 3741 ηεοιιις.

2439 3801 2763 3859 διαειιειιτυε
2799 3804 2853 3860 in
2879 3804 3299 3880 Chronograpliia
3325 3811 3395 3865 ad
3418 3810 3483 3866 Α.
3514 3812 3573 3867 C.
3607 3814 3731 3869 421.

2372 3912 2712 3985 Hieronymus
2738 3933 2836 3989 per
2862 3920 3242 3990 quinquaginta
3271 3936 3369 3976 sex
3400 3938 3570 3978 annos
3593 3924 3741 3979 libris
3764 3926 3877 3981 suis

2297 4008 2576 4071 conlectis,
2602 4008 2673 4063 ita
2724 4019 2941 4078 pectore
2966 4027 3075 4080 pra:
3104 4011 3380 4066 laborilms
3402 4013 3630 4083 dejeeto,
3658 4026 3710 4067 ut
3735 4015 3878 4071 lecto

2298 4113 2520 4163 surgere
2550 4100 2814 4168 nequiret,
2848 4102 2949 4155 nisi
2977 4101 3315 4170 apprehenso
3345 4104 3589 4157 manibus
3618 4103 3741 4159 fune
3785 4107 3876 4176 qui

2296 4187 2361 4241 ad
2392 4189 2493 4243 hoc
2513 4190 2579 4245 de
2612 4191 2761 4247 trabe
2780 4191 3066 4263 pendebat,
3096 4195 3230 4249 obiit
3254 4194 3393 4265 apud
3418 4195 3715 4264 Bethleem,
3735 4214 3878 4253 anno

2296 4281 2469 4334 aetatis
2498 4296 2610 4337 sum
2638 4283 2731 4338 98.

2299 4397 2566 4454 lloaomus
2616 4400 3027 4466 Aucusroous.,
3077 4401 3139 4454 de
3178 4401 3539 4458 Luminaribus
3590 4401 3876 4471 Ecclesia,

2368 4496 2373 4501 '
2850 4508 2965 4562 cap.
3000 4491 3197 4547 CXXX
3214 4492 3305 4548 Vl.

2372 4598 2711 4669 Hieronymus
2738 4610 2892 4655 natus
2923 4611 3072 4669 patre
3102 4603 3353 4668 Eusebio,
3409 4603 3608 4673 oppido
3657 4603 3879 4660 Stridoo

2296 4688 2378 4744 uis
2422 4691 2473 4744 in
2517 4691 2806 4746 Pannoniae
2835 4693 3113 4758 conﬁniis,
3161 4694 3375 4763 scripsit
3423 4695 3521 4748 suh
3570 4693 3880 4749 Theodosio

2294 4784 2454 4836 vitam
2504 4782 2651 4837 Pauli
2699 4783 2975 4847 Monaehi;
3019 4784 3382 4856 Epistolarum
3413 4786 3477 4840 ad
3527 4786 3773 4841 diversos
3807 4787 3879 4840 li-

2294 4873 2447 4928 brum
2474 4891 2670 4939 unum;
2697 4877 2763 4930 ad
2791 4876 3137 4933 Heliodorum
3157 4878 3570 4933 exhortatoriam
3595 4892 3610 4941 ;
3639 4878 3881 4933 alterca-

2293 4966 2482 5020 toriam
2513 4966 2834 5022 Luciferiani
2858 4977 2914 5023 et
2935 4968 3251 5030 orthodoxi;
3282 4968 3583 5023 Chronicnn
3601 4968 3878 5023 omnimo-

2290 5058 2374 5113 da:
2427 5058 2685 5126 Itistnrize,
2731 5060 2786 5115 in
2817 5061 3103 5115 Jeremiam
3149 5068 3206 5115 et
3236 5060 3572 5117 Ezechielem
3614 5060 3873 5117 homilias

2290 5150 2534 5220 Origenis
2559 5152 2744 5221 viginti
2774 5167 2867 5205 sex
2910 5152 3093 5219 vertit,
3124 5151 3193 5207 de
3221 5152 3503 5221 Seraphin,
3535 5151 3603 5207 de
3635 5150 3879 5215 Osanna,

2288 5241 2355 5296 de
2383 5240 2515 5310 frugi
2560 5250 2616 5296 et
2663 5242 2937 5295 luxurioso
2964 5242 3075 5297 ﬁlio
3103 5284 3119 5311 ,
3146 5242 3215 5298 de
3262 5241 3432 5295 tribus
3482 5241 3881 5312 quaestionibus

2287 5333 2485 5385 veteris
2532 5331 2663 5401 legis
2710 5330 2960 5387 homilias
2998 5340 3142 5396 tres;
3171 5332 3224 5385 in
3277 5330 3497 5386 Cantica
3534 5331 3875 5388 canticorum

2285 5421 2449 5483 duas;
2491 5421 2750 5477 adversus
2776 5421 3073 5475 Helvidium
3106 5435 3264 5475 unam
3297 5419 3610 5490 Epistulam,
3652 5420 3722 5476 de
3748 5437 3883 5477 san-

2286 5519 2370 5565 cta
2418 5509 2611 5576 Maria;
2662 5512 2730 5565 ad
2780 5509 3125 5565 Eustochium
3152 5509 3221 5564 de
3260 5510 3563 5579 virginitate
3605 5512 3875 5567 servanda

2287 5615 2446 5654 unam
2478 5618 2491 5654 :
2523 5600 2590 5656 ad
2611 5601 2916 5657 Marcellam
2941 5599 3285 5669 epistularum
3330 5598 3528 5654 librum
3574 5617 3761 5656 unum.
3814 5606 3877 5657 In

2287 5692 2564 5747 enistolam
2598 5692 2742 5747 Pauli
2778 5690 2841 5747 ad
2870 5689 3088 5744 Galatas
3129 5687 3651 5748 Commentariorum
3701 5692 3879 5751 libros
