4048 6186
579 290 685 344 223

584 423 674 459 no.
701 405 889 459 Libros
914 412 1037 453 suos
1066 409 1161 464 per
1183 383 1561 460 quinquaginta
1600 386 1654 434 et
1689 391 1782 432 sex
1839 388 2011 430 annos
2035 385 2163 426 con-

587 500 732 550 ἴασι-ἐι.

585 589 922 643 ιιειιῑςτισε
962 579 1295 633 Jusrtttwvus
1322 569 1375 622 in
1405 563 1656 631 Operibus
1699 576 1819 631 pag.
1863 556 1989 612 680.
2037 553 2166 608 Ser-

660 693 808 733 mone
829 675 880 725 in
906 666 1222 724 solemnitate
1248 657 1522 716 beatissimi
1553 650 1857 722 Hieronymi
1883 648 2104 702 doctoris
2120 652 2170 697 et

657 763 988 834 Confusam).

657 859 712 912 In
766 832 1130 907 tabernaculo
1183 842 1458 916 Spirituali
1518 836 1783 910 gloriosus
1828 832 2171 895 Hieronymus

586 959 850 1002 summum
877 941 1098 995 sortitus
1115 947 1197 992 est
1213 938 1415 991 locum.
1435 931 1622 986 Merito
1645 927 1840 998 quippe
1870 925 2018 979 illum
2044 921 2175 976 colit

588 1036 869 1097 Ecclesia,
924 1032 1015 1102 qui
1067 1045 1185 1084 eam
1240 1024 1481 1082 scientia:
1533 1019 1826 1074 munimine
1867 1012 2173 1077 custodivit,

587 1128 843 1200 protexit,
873 1133 928 1178 et
970 1121 1122 1176 fovit.
1173 1119 1299 1173 Erat
1344 1112 1582 1184 profecto
1625 1109 1871 1164 columna
1902 1110 2171 1174 argentea,

588 1233 790 1288 erecta,
843 1220 1050 1290 fulgens
1095 1225 1152 1272 et
1189 1212 1381 1269 solida.
1411 1209 1688 1279 Tanquam
1737 1202 1986 1257 columna
2016 1208 2178 1290 super

591 1314 748 1367 bases
774 1286 965 1365 aureas
985 1307 1200 1362 fundata
1227 1316 1378 1358 mens
1399 1299 1539 1353 illius
1559 1292 1860 1364 erigebatur
1877 1290 1929 1342 in
1956 1286 2175 1350 caelum,

592 1405 715 1459 caali
745 1405 849 1457 alta
879 1400 1210 1471 penetrabat,
1245 1404 1300 1448 ut
1326 1394 1503 1448 lumen
1532 1386 1771 1442 veritatis
1810 1385 2104 1436 intueretur
2124 1377 2179 1430 in

593 1498 814 1550 lumine.
863 1493 1145 1560 Nunquam
1202 1498 1379 1542 tamen
1434 1483 1660 1537 imbrem
1709 1476 1968 1547 potuisset
2011 1486 2075 1526 ex
2121 1483 2181 1524 se

595 1588 841 1658 proferre
881 1585 1175 1646 doctrinm,
1226 1579 1325 1632 nisi
1358 1577 1411 1629 in
1443 1571 1753 1628 ctelestibus
1777 1576 1832 1622 et
1855 1567 1969 1635 ipse
1996 1562 2184 1616 fuisset

600 1655 852 1730 imbutus.
884 1673 1025 1726 Fons
1049 1683 1278 1738 namque
1301 1663 1567 1735 sapientia:
1616 1658 1830 1712 Verbum
1876 1655 1970 1708 Dei
1998 1655 2052 1706 in
2097 1667 2185 1704 ea:-

600 1765 746 1819 eelsis
776 1774 870 1828 est,
900 1772 944 1815 et
971 1763 1226 1830 ingressus
1247 1757 1384 1810 illius
1407 1753 1646 1807 mandata
1675 1762 1862 1804 (eterna
1890 1763 1909 1800 :
1938 1744 2006 1798 ad
2033 1743 2182 1797 illum

601 1855 871 1926 diligendo
922 1851 1308 1922 prepinqnans,
1365 1844 1644 1914 sapientia:
1681 1840 1879 1894 fluenta
1922 1833 2183 1906 percepit.

606 1945 735 1998 Nam
769 1943 1061 1998 secundum
1087 1943 1268 1995 datum
1293 1947 1348 1994 et
1375 1934 1763 2004 beneplacitum
1790 1930 1957 2000 ipsius
1986 1926 2188 1997 praebet

605 2038 750 2092 illam
781 2036 922 2090 Deus
946 2031 1291 2104 diligentibus
1318 2044 1398 2084 se.
1428 2027 1544 2082 Non
1569 2025 1711 2080 enim
1737 2021 1857 2076 talis
1881 2028 1982 2084 est,
2011 2019 2098 2072 illa
2121 2016 2189 2072 de

604 2146 706 2200 qua
739 2131 1022 2198 loquimur,
1051 2126 1309 2197 sapientia
1331 2167 1345 2188 ,
1370 2131 1427 2177 ut
1457 2122 1692 2175 humano
1733 2116 1908 2171 valeat
1933 2109 2188 2166 vindicari

605 2199 842 2289 ingenio,
872 2219 1191 2287 impetratur
1209 2213 1482 2284 precibus,
1509 2209 1689 2264 cordis
1712 2206 1947 2276 puritate
1965 2199 2190 2268 suscipi-

605 2318 712 2375 tur,
746 2309 1045 2363 humilitate
1076 2305 1395 2363 custoditur.
1425 2302 1628 2370 Nempe
1661 2300 1714 2352 in
1742 2296 2038 2352 malevolam
2082 2293 2194 2346 ani-

608 2417 743 2454 mam
765 2416 864 2453 non
890 2397 1116 2452 introibit
1138 2397 1411 2467 sapientia,
1436 2408 1594 2462 neque
1623 2389 1867 2444 habitabit
1905 2387 1958 2440 in
1984 2399 2195 2453 corpore

608 2489 806 2543 subdito
833 2489 1069 2557 peccatis.
1111 2487 1401 2540 Tumorem
1444 2489 1672 2538 evacuet
1693 2522 1707 2544 ,
1737 2478 2022 2535 criminum
2053 2477 2195 2529 faces

610 2579 814 2643 abluat,
838 2578 1123 2648 gemitibus
1168 2576 1446 2630 Dominum
1474 2573 1793 2641 deprecetur
1815 2609 1831 2636 ,
1876 2568 1966 2638 qui
2001 2565 2196 2620 divinae

612 2671 889 2740 sapientiae
908 2669 1056 2739 cupit
1091 2669 1368 2723 veritatem
1396 2677 1744 2735 cognoscere.
1773 2659 1996 2728 Quantis
2026 2654 2195 2727 (oro)

617 2762 706 2817 hic
726 2770 942 2816 sanctus
967 2758 1454 2822 exhortationibus,
1482 2754 1696 2826 quantis
1727 2750 2000 2822 proﬂuviis
2025 2749 2200 2820 laci-y-

615 2867 845 2919 marum,
870 2851 1082 2921 quantis
1110 2849 1404 2920 vigiliarum
1429 2845 1725 2911 laboribus,
1743 2854 2008 2913 quantave
2035 2839 2202 2893 humi-

615 2944 780 3000 litatis
809 2943 1006 2996 virtute
1029 2941 1226 2995 mentis
1253 2953 1363 2993 smn
1393 2932 2017 3004 mundabathospitium,
2052 2938 2106 2983 ut
2129 2929 2202 2982 di-

615 3051 751 3106 gnus
779 3034 1055 3103 sapientia:
1079 3028 1436 3087 contubernio
1466 3024 1792 3081 haberetur?
1816 3023 2022 3092 Nempe
2054 3020 2201 3075 illam

618 3125 952 3196 concupivit,
985 3123 1252 3194 quaesivit,
1283 3121 1486 3176 invenit
1513 3129 1568 3174 et
1599 3117 1803 3182 tenuit,
1825 3125 1983 3186 atque
2009 3113 2202 3168 castis-

619 3219 772 3273 simis
811 3217 953 3272 illius
996 3227 1080 3272 est
1110 3215 1308 3285 potitus
1354 3210 1732 3281 amplexibus:
1765 3207 1906 3262 unde
1953 3215 2202 3273 tanquam

621 3308 950 3363 amicissimo
980 3305 1080 3360 sibi
1113 3307 1315 3359 incerta
1357 3309 1414 3357 et
1451 3301 1665 3355 occulta
1707 3298 2045 3368 eloquiorum
2077 3309 2203 3349 san-

621 3411 828 3458 ctorum
857 3399 1110 3470 mysteria
1158 3395 1421 3451 reseravit
1467 3393 1766 3447 innumera.
1817 3390 2009 3444 Factus
2051 3386 2207 3456 plane

625 3501 740 3546 erat
769 3506 836 3545 ex
879 3488 1092 3542 assidua
1123 3484 1469 3540 meditatione
1511 3482 1909 3550 Seripturarum
1951 3477 2205 3546 templum

626 3581 742 3643 Dei,
763 3578 1040 3647 sapientia:
1061 3575 1238 3639 sedes,
1264 3572 1508 3627 Paracliti
1530 3570 1791 3634 minister,
1811 3584 1906 3623 vas
1928 3565 2204 3629 mundum,

628 3669 816 3724 mterni
848 3665 1068 3722 luminis
1090 3673 1360 3728 ostensor,
1386 3662 1623 3717 scientia:
1647 3660 2029 3729 magisterium,
2049 3667 2209 3727 atque

627 3759 940 3831 angelorum
970 3757 1228 3812 imitator.
1270 3753 1509 3824 Corpore
1552 3765 1784 3821 namque
1832 3751 2108 3804 tenebatur
2155 3749 2208 3802 in

628 3851 804 3917 terris,
835 3865 894 3905 re
921 3857 1100 3904 autem
1140 3861 1266 3902 vera
1293 3853 1471 3900 mente
1496 3841 1916 3898 conversabatur
1953 3841 2005 3894 in
2036 3839 2208 3896 ctelis.

629 3944 836 4000 Scalam
885 3957 1116 4012 namque
1137 3940 1238 3994 sibi
1275 3945 1646 3993 construxerat
1665 3932 2211 4004 Spiritualem;cujus

626 4051 884 4092 cacumen
934 4031 1184 4101 tangebat
1238 4028 1426 4093 cmlos,
1461 4041 1554 4097 per
1587 4039 1748 4096 quam
1798 4038 2054 4078 ascensus
2100 4021 2212 4078 fre-

629 4124 924 4197 quentabat
961 4131 1014 4176 et
1041 4121 1356 4176 descensus.
1388 4117 1733 4172 Ascendehat
1769 4118 1952 4187 utique
1981 4123 2213 4171 contem-

631 4217 828 4289 plaudo
853 4215 1092 4271 ctelcstia
1115 4255 1133 4279 ,
1161 4228 1227 4267 ac
1250 4210 1559 4268 meditando
1585 4211 1763 4266 divina
1797 4206 1835 4264 ε’
1858 4209 2214 4265 descendebat

642 4321 844 4377 autem,
889 4326 1008 4364 cum
1043 4310 1287 4378 exigente
1323 4320 1480 4360 causa
1528 4304 1627 4361 sibi
1670 4303 1969 4373 indulgeret
2014 4311 2069 4356 et
2098 4316 2214 4372 pro.

644 4405 812 4457 ximo.
843 4401 1058 4455 Talibus
1079 4400 1273 4468 quippe
1309 4397 1498 4452 studiis
1518 4404 1763 4450 assuetus
1792 4393 2044 4463 singulari
2074 4393 2214 4448 inter

636 4491 881 4544 homines
920 4491 1135 4543 emicuit
1164 4489 1477 4550 sanctitate,
1525 4485 1686 4540 veluti
1733 4485 1936 4554 lampas
1965 4499 2210 4549 accensa,

635 4590 794 4649 atque
845 4579 1111 4647 perlucida
1141 4591 1356 4631 omnem
1386 4576 1602 4629 domum
1633 4575 1916 4628 illustravit
1948 4575 2210 4629 ecclesiae.

637 4671 847 4742 Ubique
875 4669 1126 4722 bonitatis
1149 4669 1288 4721 illius
1317 4667 1557 4722 radiante
1585 4666 1871 4736 Splendore
1895 4666 2211 4720 nominatis-

635 4764 802 4818 simus
829 4760 1144 4814 habebatur.
1175 4758 1304 4825 Quis
1335 4758 1386 4811 in
1421 4757 1672 4812 Ecclesia:
1688 4756 1892 4826 gremio
1917 4755 2214 4826 Hieronymi

637 4869 742 4908 non
763 4862 845 4907 est
883 4849 1122 4905 eruditus
1144 4847 1366 4903 scientia
1386 4848 1409 4900 ?
1430 4847 1557 4913 Quis
1587 4848 1708 4901 vitae
1732 4846 1874 4902 illius
1903 4861 2009 4901 non
2061 4846 2215 4902 editi-

637 4955 788 5000 catus
817 4940 1064 5012 exemplo
1087 4942 1111 4996 ἲ
1134 4941 1263 5008 Quis
1307 4955 1410 4994 non
1442 4948 1525 4995 est
1555 4940 1722 5008 ipsius
1753 4938 2214 5009 implorationibus

546 5027 558 5040 ’
634 5035 957 5092 roboratus?
983 5033 1217 5088 Effectus
1247 5040 1328 5086 cst
1353 5031 1654 5084 communis
1685 5039 1856 5100 pater,
1886 5029 1976 5083 lux
2007 5029 2212 5096 mundi,

639 5126 984 5180 nnnuntiator
1007 5123 1182 5193 regni,
1209 5121 1391 5176 stt-culi
1420 5121 1770 5186 interventor,
1795 5120 2069 5190 speculum
2092 5135 2217 5174 san-

639 5218 860 5283 ctitatis,
909 5216 1162 5270 virtutum
1212 5214 1421 5278 forma,
1450 5219 1505 5265 et
1530 5210 1765 5264 tidelium
1813 5212 2216 5268 robustissimus

640 5317 1024 5380 propugnator.
1051 5304 1252 5373 Nempe
1274 5304 1390 5358 sine
1419 5303 1692 5372 sanguinis
1717 5302 1978 5364 etfusione
2010 5303 2212 5374 glorio-

638 5415 756 5453 sttm
783 5397 1022 5468 martyrii
1055 5393 1376 5464 triumphum
1403 5392 1651 5447 obtinuit.
1683 5393 1836 5460 Quod
1861 5398 2002 5450 enim
2040 5393 2216 5448 carni-

642 5491 759 5545 ficis
809 5503 1070 5544 mucrone
1097 5501 1204 5541 non
1243 5485 1496 5556 pertulit,
1539 5484 1725 5539 hocin
1752 5487 1928 5556 seipso
1961 5484 2221 5540 castitatis

641 5594 827 5636 amore
871 5577 1177 5644 complevit.
1226 5578 1270 5632 Ο
1312 5579 1524 5647 quoties
1567 5593 1689 5648 ego,
1720 5579 1906 5648 inquit,
1938 5581 1993 5634 in
2034 5594 2219 5634 eremo

642 5672 988 5734 constitutus,
1017 5674 1074 5722 et
1095 5666 1147 5721 in
1169 5668 1256 5723 illa
1273 5682 1420 5728 vasta
1455 5674 1744 5731 solitudine
1764 5714 1778 5740 ,
1804 5689 1921 5744 quae
1946 5671 2222 5730 horridum

1879 251 2188 315 SELECTA
2232 249 2560 309 VETERUH

3739 250 3862 306 εει

2270 371 2548 425 monachis
2581 379 2798 440 prastat
2823 367 3215 435 habitaculum,
3269 367 3530 426 Romanis
3576 385 3662 426 me
3690 375 3860 442 puta-

2270 462 2391 515 bam
2425 463 2687 516 interesse
2713 461 2941 516 deliciis.
2975 459 3239 515 Sedebam
3263 460 3432 525 solus,
3481 462 3570 530 qui
3597 465 3863 517 amaritu-

2269 551 2396 606 dine
2423 552 2614 621 plenus
2642 567 2811 606 eram.
2865 551 3168 604 llorrebant
3211 565 3369 605 sacco
3401 551 3638 606 membra
3675 552 3864 608 defor-

2271 643 2400 705 mia,
2429 651 2480 696 et
2532 641 2773 711 squalida
2817 642 2956 696 cutis
2991 641 3316 711 Ethiopica:
3360 644 3537 697 carnis
3565 644 3724 699 situm
3752 647 3869 700 obs

2273 733 2518 786 duxerat.
2543 731 2795 799 Quotidie
2839 732 3086 802 lacrymrc
3113 749 3128 796 ;
3165 732 3404 802 quotidie
3429 735 3690 802 gemitus;
3720 747 3778 790 ct
3817 738 3869 792 si

2275 822 2490 892 quando
2518 832 2901 892 repugnantem
2935 838 3021 877 me
3051 838 3271 877 somnus
3309 824 3593 880 imminens
3637 840 3872 896 oppres-

2276 916 2456 978 sisset,
2481 914 2638 968 nuda:
2669 915 2832 968 humo
2855 915 2948 968 vix
2969 929 3090 968 ossa
3118 913 3373 968 harrentia
3402 914 3738 972 collidebam.
3767 917 3872 974 Ille

2280 1005 2440 1074 igitur
2486 1020 2606 1076 ego,
2638 1006 2726 1075 qui
2753 1005 2822 1061 ob
2849 1005 3106 1076 gehennte
3153 1017 3353 1061 metum
3401 1008 3490 1060 tali
3522 1023 3606 1064 me
3638 1025 3873 1066 carcere

2278 1096 2676 1162 damnaveram,
2703 1099 3043 1168 scorpionum
3073 1107 3276 1151 tantum
3311 1100 3486 1152 socius
3505 1107 3561 1154 et
3600 1099 3870 1166 ferarum,

2280 1187 2460 1241 choris
2481 1187 2762 1242 intereram
2784 1189 3100 1257 puellarum.
3127 1187 3356 1242 Videsne
3370 1199 3564 1258 quanta
3583 1192 3744 1246 animi
3773 1207 3874 1246 so-

2283 1277 2489 1332 liditate
2509 1278 2734 1332 viriliter
2755 1279 3061 1347 pugnaverit
3078 1286 3263 1333 contra
3283 1282 3380 1334 se?
3409 1281 3510 1334 sibi
3532 1282 3750 1338 minime
3775 1299 3873 1354 pe-

2283 1369 2451 1438 percit
2473 1377 2530 1422 ut
2559 1379 2818 1438 parceret.
2850 1371 2981 1423 Dum
2999 1371 3138 1424 enim
3164 1380 3349 1425 contra
3367 1385 3425 1426 se
3446 1373 3614 1428 factus
3633 1383 3717 1429 est
3741 1389 3872 1428 cru-

2283 1459 2418 1514 delis
2438 1469 2490 1514 et
2521 1460 2741 1530 rigidus,
2764 1461 2956 1515 suimet
2972 1461 3194 1516 eﬂ'ectus
3217 1472 3298 1516 est
3321 1463 3672 1532 triumphator
3715 1481 3877 1536 egres

2283 1551 2420 1621 gius.
2450 1551 2561 1606 lloc
2576 1553 2716 1606 enim
2745 1561 2824 1606 est
2845 1553 3114 1622 singulare
3131 1552 3674 1622 trophazum,carnem
3711 1557 3879 1624 Spiri-

2287 1645 2384 1710 tui,
2416 1643 2768 1714 spiritumque
2823 1645 3087 1714 subigere-
3103 1645 3366 1700 conditori
3398 1664 3412 1699 :
3453 1662 3722 1718 nunquam
3761 1648 3879 1704 Deo

2287 1735 2407 1803 quis
2456 1735 2650 1803 putei-it
2701 1751 2822 1790 esse
2841 1737 3128 1807 subjectus,
3161 1737 3247 1807 qui
3279 1738 3443 1792 menti
3471 1753 3580 1793 suae
3603 1740 3879 1810 imperare

2290 1825 2606 1893 nequiverit.
2637 1824 2771 1879 Hinc
2801 1836 2914 1890 est,
2969 1827 3110 1895 quod
3156 1837 3364 1882 amator
3404 1828 3496 1882 Dei
3535 1828 3697 1884 debet
3727 1833 3881 1900 prius

2289 1932 2410 1970 esse
2465 1924 2674 1970 amator
2713 1918 2946 1971 virtutis.
3001 1918 3092 1971 Dei
3145 1933 3375 1990 namque
3403 1919 3619 1975 dilectio
3661 1921 3881 1975 virtutis

2291 2009 2470 2063 studio
2498 2011 2900 2079 comprobatur.
2930 2009 3079 2064 Tolle
3100 2025 3130 2064 a
3151 2012 3314 2066 corde
3337 2012 3608 2079 virtutem,
3639 2022 3696 2066 et
3737 2014 3881 2067 cari-

2294 2104 2418 2157 tatis
2433 2103 2721 2157 aedificium
2752 2104 3068 2158 collabelur.
3087 2103 3294 2159 Caritas
3323 2106 3342 2174 (
3369 2105 3538 2176 inquit
3564 2106 3880 2178 Apostolus)

2296 2198 2505 2265 patiens
2531 2205 2632 2262 est,
2661 2196 2886 2266 benigna
2904 2206 3006 2262 est,
3038 2213 3141 2251 non
3171 2199 3281 2269 agit
3307 2215 3588 2269 perperam
3613 2216 3628 2264 ;
3659 2213 3773 2254 non
3801 2205 3886 2255 est

2296 2287 2599 2350 ambitiosa,
2633 2303 2736 2341 non
2761 2288 2995 2352 inﬂatur,
3017 2303 3121 2342 non
3151 2291 3347 2358 cogitat
3376 2291 3592 2353 malum,
3618 2306 3727 2344 non
3755 2305 3884 2360 gau-

2297 2377 2388 2432 det
2431 2392 2594 2446 super
2623 2378 2994 2447 iniquitatem,
3037 2381 3342 2449 congaudet
3395 2381 3649 2445 veritati,
3701 2383 3884 2436 omnia

2300 2478 2490 2538 poteSt,
2508 2469 2684 2522 omnia
2711 2469 2902 2536 credit,
2925 2472 3101 2525 omnia
3123 2473 3368 2526 sustinet.
3383 2473 3591 2528 Caritas
3609 2489 3882 2544 nunquam

2301 2564 2516 2618 excidit.
2552 2562 2886 2618 Aimulemur
2914 2565 3130 2633 itaque,
3181 2565 3536 2631 dilectissimi,
3582 2567 3881 2633 caritatem,

2301 2668 2458 2722 quam
2493 2653 2592 2708 iste
2613 2695 2626 2718 ,
2666 2654 2736 2707 de
2764 2670 2870 2724 quo
2899 2655 3187 2724 loquimur,
3217 2657 3496 2710 aemulatus
3525 2667 3607 2712 est
3634 2657 3882 2713 Sanctus.

2305 2745 2408 2798 Per
2454 2744 2620 2813 ipsam
2654 2747 2850 2814 quippe
2901 2744 2999 2799 fuit
3050 2746 3253 2801 mundo
3298 2746 3619 2814 sublimior,
3665 2749 3886 2803 Diabolo

2307 2835 2641 2904 prudentior,
2667 2836 2845 2905 scipso
2871 2837 3142 2891 robustior
3163 2879 3178 2903 ,
3209 2847 3492 2907 morteque
3522 2837 3738 2895 fortior.
3781 2839 3886 2894 [lac

2306 2926 2573 2995 prmcipue
2599 2925 2883 2982 decoratus
2915 2929 3298 2983 tentationibus
3321 2945 3425 2983 non
3455 2931 3646 2995 cessit,
3675 2946 3786 2985 non
3811 2939 3888 2984 est

2308 3017 2587 3072 lacessitus
2616 3018 2822 3087 injuriis
2843 3060 2856 3082 ,
2905 3034 3008 3073 non
3043 3021 3470 3075 mmnlationibus
3498 3021 3695 3076 fractus
3725 3064 3741 3090 ,
3785 3037 3883 3076 non

2307 3111 2484 3164 carnis
2505 3120 2802 3179 prostratus
2820 3111 3105 3175 illecebris,
3127 3129 3237 3184 non
3265 3113 3551 3166 inlatuatus
3575 3114 3883 3176 honoribus,

2309 3216 2415 3254 non
2447 3199 2620 3254 elatus
2662 3200 2930 3268 laudibus,
2984 3217 3157 3270 neque
3187 3190 3469 3256 laboribus
3489 3202 3762 3272 fatigatus,
3799 3201 3884 3256 sed

2311 3293 2601 3360 permansit
2639 3292 2802 3347 corde
2831 3293 3081 3358 mundus,
3113 3292 3411 3348 humilitate
3440 3294 3711 3359 excelsus,
3749 3293 3883 3363 puri-

2313 3391 2420 3438 tate
2445 3384 2789 3453 conspicuus,
2813 3385 3059 3438 castitate
3077 3384 3320 3454 insignis,
3341 3384 3651 3439 fortitudine
3675 3387 3886 3453 insupe-

2313 3473 2514 3539 rabilis,
2547 3477 2830 3528 autoritate
2858 3487 3053 3540 cretus,
3077 3485 3252 3530 mente
3273 3475 3520 3542 devotus,
3545 3477 3884 3544 omniumque

2315 3565 2568 3618 virtutum
2600 3565 2835 3620 candore
2879 3566 3120 3619 vestitus.
3166 3565 3333 3620 Totus
3381 3565 3534 3635 plane
3583 3557 3710 3619 vine
3757 3565 3888 3618 illius

2313 3655 2573 3710 decursus
2600 3655 2919 3710 Christiana:
2947 3657 3219 3726 religionis
3245 3666 3327 3711 est
3371 3657 3667 3727 speculum.
3701 3656 3886 3726 Jugtun

2313 3747 2455 3798 enim
2490 3746 2698 3798 Domini
2729 3747 2796 3799 ab
2824 3747 2935 3815 ipsa
2989 3748 3206 3800 ineunte
3235 3756 3390 3801 actate
3423 3747 3686 3816 portavit,
3734 3747 3889 3800 Litte-

2313 3851 2491 3888 rarum
2538 3845 2842 3890 sanctarum
2870 3846 3104 3890 sectatus
3133 3847 3217 3891 est
3259 3838 3453 3900 studia,
3487 3837 3556 3891 ita
3588 3848 3644 3892 ut
3671 3839 3889 3893 scientia

2317 3926 2750 3996 incumparabilis
2778 3926 3086 3990 haberetur,
3117 3929 3325 3982 aridum
3363 3929 3618 3983 mundum
3647 3929 3887 3985 calcavit,

2313 4033 2438 4072 cum
2465 4018 2596 4075 ﬂore
2621 4019 2859 4086 domum,
2881 4021 3126 4090 patriam,
3153 4009 3401 4089 parentes
3419 4021 3708 4092 reliqueris,
3729 4020 3890 4074 Roma

2316 4124 2565 4179 egressus
2593 4111 2758 4164 eremi
2787 4111 3000 4164 deserta
3033 4112 3349 4179 penetravit.
3383 4110 3550 4164 Nemo
3573 4110 3665 4164 illo
3687 4112 3738 4164 in
3764 4109 3892 4162 divi-

2318 4218 2507 4256 norum
2536 4205 2868 4272 cloquiortttn
2891 4202 3265 4272 explanatiOne
3294 4202 3492 4267 utilior,
3523 4203 3698 4256 nullus
3714 4210 3890 4256 contra

2315 4308 2510 4362 corpus
2558 4296 2830 4363 proprium
2861 4294 2980 4363 ipso
3005 4294 3288 4348 austerior.
3330 4293 3460 4360 Quis
3488 4293 3540 4348 in
3567 4290 3890 4362 corrigendis

2316 4386 2608 4440 sceleribus
2634 4386 2729 4439 fuit
2762 4400 2828 4440 eo
2852 4385 3140 4440 audacior?
3166 4385 3442 4455 ignorabat
3471 4400 3689 4454 prorsus
3717 4383 3889 4436 homi-

2319 4497 2412 4534 nes
2435 4479 2666 4534 mulcere
2685 4480 2970 4546 hlanditiis,
2993 4479 3268 4535 nesciebat
3287 4479 3408 4532 vitia
3431 4479 3648 4548 palliare
3665 4476 3890 4538 silentio,

2317 4571 2484 4625 nimio
2511 4571 2676 4625 divini
2706 4572 2904 4626 amoris
2929 4571 3042 4625 zelo
3071 4585 3382 4626 succensus.
3405 4571 3532 4622 Erat
3564 4568 3800 4638 profecto
3827 4564 3894 4616 sio

2317 4672 2407 4716 cut
2437 4662 2720 4728 malorum,
2752 4662 2822 4716 ita
2851 4673 2904 4717 et
2925 4664 3007 4718 sui
3027 4665 3322 4717 acerrimus
3348 4660 3656 4715 insectator.
3689 4659 3819 4713 Nam
3847 4663 3896 4708 ct

2319 4754 2535 4809 minima
2561 4753 2752 4808 delicta
2781 4753 2914 4808 adeo
2945 4755 3196 4824 lacrymis
3220 4751 3444 4822 rigando
3473 4752 3728 4820 tergehat,
3761 4755 3816 4798 ut
3853 4745 3892 4796 si

2318 4846 2438 4914 quis
2479 4859 2584 4900 non
2638 4853 2950 4914 agnosceret
3001 4846 3170 4910 illum,
3223 4853 3560 4913 peccatorum
3609 4839 3894 4893 maximum

2321 4936 2704 5008 Hieronymum
2731 4951 2851 4991 esse
2889 4937 3158 4990 fateretur.
3191 4936 3429 5004 Denique
3482 4945 3642 4987 omne
3685 4923 3894 4984 vivendi

2323 5039 2532 5096 tempus
2570 5027 2830 5082 indultum
2872 5027 2951 5081 sic
2994 5027 3222 5080 ﬁdeliter
3273 5021 3694 5085 consummavit,
3746 5013 3894 5085 quasi

2320 5130 2465 5175 esset
2505 5121 2743 5189 quotidie
2783 5119 3094 5172 moriturus.
3139 5119 3398 5188 Pugnavit
3423 5118 3618 5186 quippe
3665 5111 3890 5169 fortiter,

2321 5213 2452 5267 visit
2479 5219 2859 5279 temperanter,
2887 5217 3233 5278 conversatus
3283 5213 3363 5260 est
3383 5205 3548 5273 juste,
3593 5212 3647 5260 et
3669 5200 3894 5274 pruden-

2325 5305 2527 5359 tissime
2556 5302 2876 5370 perduravit.
2913 5301 3116 5356 Bonum
3161 5296 3438 5366 religionis
3479 5305 3676 5350 sanctae
3721 5298 3892 5346 certa-

2324 5410 2444 5451 men
2462 5392 2700 5458 certavit,
2714 5405 2926 5446 cursum
2955 5387 3397 5460 peregrinationis
3409 5399 3544 5449 suae,
3565 5380 3893 5438 laudabiliter

2324 5484 2550 5540 vivendo
2570 5483 2988 5544 consummavit,
3017 5481 3174 5535 fidem
3208 5486 3408 5534 rectam
3438 5477 3664 5531 Domino
3686 5471 3894 5527 Christo

2327 5573 2721 5646 perseverando
2748 5573 2998 5637 servavit,
3031 5571 3213 5640 sicque
3238 5571 3290 5624 in
3317 5574 3595 5622 senectute
3623 5567 3759 5620 bona
3788 5558 3892 5628 ple-

2328 5682 2429 5724 nus
2452 5666 2680 5734 dierum,
2708 5664 2913 5720 meritis
2938 5663 3197 5734 locuples,
3224 5659 3604 5718 celeberrimus
3621 5651 3893 5716 sanetitatc
