  <div class='ocr_page' id='page_1' title='image "/cluster/home/n/w/nwhite01/storage/ocr_20150623/22/uva.x000826587/180.png"; bbox 0 0 4048 6186; ppageno 0'>
   <div class='ocr_carea' id='block_1_1' title="bbox 165 361 1760 434">
    <p class='ocr_par' dir='ltr' id='par_1_1' title="bbox 165 361 1760 434">
     <span class='ocr_line' id='line_1_1' title="bbox 165 361 1760 434; baseline -0.004 -15"><span class='ocrx_word' id='word_1_1' title='bbox 165 364 507 420; x_wconf 87' lang='lat' dir='ltr'><strong>obdormivit</strong></span> <span class='ocrx_word' id='word_1_2' title='bbox 547 366 597 418; x_wconf 90' lang='lat' dir='ltr'><strong>in</strong></span> <span class='ocrx_word' id='word_1_3' title='bbox 626 364 864 428; x_wconf 89' lang='lat' dir='ltr'><strong>Domino,</strong></span> <span class='ocrx_word' id='word_1_4' title='bbox 890 363 1162 434; x_wconf 86' lang='lat' dir='ltr'><strong>appositus</strong></span> <span class='ocrx_word' id='word_1_5' title='bbox 1190 361 1256 416; x_wconf 90' lang='lat' dir='ltr'><strong>ad</strong></span> <span class='ocrx_word' id='word_1_6' title='bbox 1287 368 1463 432; x_wconf 89' lang='lat' dir='ltr'><strong>patres</strong></span> <span class='ocrx_word' id='word_1_7' title='bbox 1491 372 1642 426; x_wconf 84' lang='lat' dir='ltr'><strong>suos,</strong></span> <span class='ocrx_word' id='word_1_8' title='bbox 1669 373 1760 413; x_wconf 91' lang='lat' dir='ltr'><strong>as-</strong></span> 
     </span>
    </p>
   </div>
   <div class='ocr_carea' id='block_1_2' title="bbox 163 454 1761 528">
    <p class='ocr_par' dir='ltr' id='par_1_2' title="bbox 163 454 1761 528">
     <span class='ocr_line' id='line_1_2' title="bbox 163 454 1761 528; baseline -0.004 -16"><span class='ocrx_word' id='word_1_9' title='bbox 163 457 417 512; x_wconf 85' lang='lat' dir='ltr'><strong>sociatus</strong></span> <span class='ocrx_word' id='word_1_10' title='bbox 441 459 669 528; x_wconf 75' lang='lat' dir='ltr'><strong>angelis,</strong></span> <span class='ocrx_word' id='word_1_11' title='bbox 701 466 988 512; x_wconf 86' lang='lat' dir='ltr'><strong>coronatus</strong></span> <span class='ocrx_word' id='word_1_12' title='bbox 1015 472 1042 510; x_wconf 87' lang='lat' dir='ltr'><strong>a</strong></span> <span class='ocrx_word' id='word_1_13' title='bbox 1071 456 1288 512; x_wconf 91' lang='lat' dir='ltr'><strong>Christo</strong></span> <span class='ocrx_word' id='word_1_14' title='bbox 1316 454 1569 511; x_wconf 78' lang='lat' dir='ltr'><strong>Ecclesia:</strong></span> <span class='ocrx_word' id='word_1_15' title='bbox 1595 467 1761 523; x_wconf 85' lang='lat' dir='ltr'><strong>spon-</strong></span> 
     </span>
    </p>
   </div>
   <div class='ocr_carea' id='block_1_3' title="bbox 164 545 1759 620">
    <p class='ocr_par' dir='ltr' id='par_1_3' title="bbox 164 545 1759 620">
     <span class='ocr_line' id='line_1_3' title="bbox 164 545 1759 620; baseline -0.003 -18"><span class='ocrx_word' id='word_1_16' title='bbox 164 565 252 612; x_wconf 87' lang='lat' dir='ltr'><strong>so,</strong></span> <span class='ocrx_word' id='word_1_17' title='bbox 287 552 381 618; x_wconf 86' lang='lat' dir='ltr'><strong>qui</strong></span> <span class='ocrx_word' id='word_1_18' title='bbox 412 559 495 605; x_wconf 90' lang='lat' dir='ltr'><strong>est</strong></span> <span class='ocrx_word' id='word_1_19' title='bbox 525 551 664 606; x_wconf 88' lang='lat' dir='ltr'><strong>Deus</strong></span> <span class='ocrx_word' id='word_1_20' title='bbox 713 564 876 620; x_wconf 86' lang='lat' dir='ltr'><strong>super</strong></span> <span class='ocrx_word' id='word_1_21' title='bbox 905 548 1085 604; x_wconf 83' lang='lat' dir='ltr'><strong>omnia</strong></span> <span class='ocrx_word' id='word_1_22' title='bbox 1108 547 1422 603; x_wconf 83' lang='lat' dir='ltr'><strong>benedictus</strong></span> <span class='ocrx_word' id='word_1_23' title='bbox 1469 545 1523 601; x_wconf 92' lang='lat' dir='ltr'><strong>in</strong></span> <span class='ocrx_word' id='word_1_24' title='bbox 1565 545 1759 600; x_wconf 69' lang='lat' dir='ltr'><strong>srecula</strong></span> 
     </span>
    </p>
   </div>
   <div class='ocr_carea' id='block_1_4' title="bbox 157 641 731 697">
    <p class='ocr_par' dir='ltr' id='par_1_4' title="bbox 157 641 731 697">
     <span class='ocr_line' id='line_1_4' title="bbox 157 641 731 697; baseline 0 -2"><span class='ocrx_word' id='word_1_25' title='bbox 157 641 513 696; x_wconf 60' lang='lat' dir='ltr'><strong>seculorum.</strong></span> <span class='ocrx_word' id='word_1_26' title='bbox 539 643 731 697; x_wconf 83' lang='lat' dir='ltr'><strong>Amen.</strong></span> 
     </span>
    </p>
   </div>
   <div class='ocr_carea' id='block_1_5' title="bbox 404 767 1500 828">
    <p class='ocr_par' dir='ltr' id='par_1_5' title="bbox 404 767 1500 828">
     <span class='ocr_line' id='line_1_5' title="bbox 404 767 1500 828; baseline -0.006 0"><span class='ocrx_word' id='word_1_27' title='bbox 404 773 490 828; x_wconf 85' lang='lat' dir='ltr'><strong>Jo.</strong></span> <span class='ocrx_word' id='word_1_28' title='bbox 525 775 688 827; x_wconf 72' lang='lat' dir='ltr'><strong>Bar&#39;r.</strong></span> <span class='ocrx_word' id='word_1_29' title='bbox 723 773 963 826; x_wconf 75' lang='lat' dir='ltr'><strong>PLATINA</strong></span> <span class='ocrx_word' id='word_1_30' title='bbox 1007 771 1059 824; x_wconf 86' lang='lat' dir='ltr'><strong>in</strong></span> <span class='ocrx_word' id='word_1_31' title='bbox 1108 769 1406 824; x_wconf 81' lang='lat' dir='ltr'><strong>Innocentio</strong></span> <span class='ocrx_word' id='word_1_32' title='bbox 1448 767 1500 821; x_wconf 86' lang='grc'><strong>1.</strong></span> 
     </span>
    </p>
   </div>
   <div class='ocr_carea' id='block_1_6' title="bbox 234 877 1760 956">
    <p class='ocr_par' dir='ltr' id='par_1_6' title="bbox 234 877 1760 956">
     <span class='ocr_line' id='line_1_6' title="bbox 234 877 1760 956; baseline -0.005 -16"><span class='ocrx_word' id='word_1_33' title='bbox 234 885 446 942; x_wconf 83' lang='lat' dir='ltr'><strong>Eodem</strong></span> <span class='ocrx_word' id='word_1_34' title='bbox 504 900 716 956; x_wconf 89' lang='lat' dir='ltr'><strong>quoque</strong></span> <span class='ocrx_word' id='word_1_35' title='bbox 781 892 1019 954; x_wconf 89' lang='lat' dir='ltr'><strong>tempore</strong></span> <span class='ocrx_word' id='word_1_36' title='bbox 1078 881 1424 952; x_wconf 74' lang='lat' dir='ltr'><strong>Hieronymus</strong></span> <span class='ocrx_word' id='word_1_37' title='bbox 1477 877 1760 954; x_wconf 74' lang='lat' dir='ltr'><strong>presbyter</strong></span> 
     </span>
    </p>
   </div>
   <div class='ocr_carea' id='block_1_7' title="bbox 158 969 1757 1042">
    <p class='ocr_par' dir='ltr' id='par_1_7' title="bbox 158 969 1757 1042">
     <span class='ocr_line' id='line_1_7' title="bbox 158 969 1757 1042; baseline -0.006 -10"><span class='ocrx_word' id='word_1_38' title='bbox 158 978 219 1032; x_wconf 89' lang='lat' dir='ltr'><strong>in</strong></span> <span class='ocrx_word' id='word_1_39' title='bbox 243 976 532 1034; x_wconf 80' lang='lat' dir='ltr'><strong>Bethleem</strong></span> <span class='ocrx_word' id='word_1_40' title='bbox 559 975 828 1041; x_wconf 78' lang='lat' dir='ltr'><strong>habitans,</strong></span> <span class='ocrx_word' id='word_1_41' title='bbox 862 974 1074 1042; x_wconf 84' lang='lat' dir='ltr'><strong>ingenio</strong></span> <span class='ocrx_word' id='word_1_42' title='bbox 1100 987 1164 1028; x_wconf 91' lang='lat' dir='ltr'><strong>ac</strong></span> <span class='ocrx_word' id='word_1_43' title='bbox 1185 971 1428 1027; x_wconf 78' lang='lat' dir='ltr'><strong>facundia</strong></span> <span class='ocrx_word' id='word_1_44' title='bbox 1462 970 1660 1025; x_wconf 88' lang='lat' dir='ltr'><strong>Christi</strong></span> <span class='ocrx_word' id='word_1_45' title='bbox 1692 969 1757 1022; x_wconf 91' lang='lat' dir='ltr'><strong>fi-</strong></span> 
     </span>
    </p>
   </div>
   <div class='ocr_carea' id='block_1_8' title="bbox 156 1059 1762 1133">
    <p class='ocr_par' dir='ltr' id='par_1_8' title="bbox 156 1059 1762 1133">
     <span class='ocr_line' id='line_1_8' title="bbox 156 1059 1762 1133; baseline -0.004 -14"><span class='ocrx_word' id='word_1_46' title='bbox 156 1066 318 1130; x_wconf 91' lang='lat' dir='ltr'><strong>dem,</strong></span> <span class='ocrx_word' id='word_1_47' title='bbox 347 1066 542 1121; x_wconf 88' lang='lat' dir='ltr'><strong>mirum</strong></span> <span class='ocrx_word' id='word_1_48' title='bbox 574 1065 628 1120; x_wconf 92' lang='lat' dir='ltr'><strong>in</strong></span> <span class='ocrx_word' id='word_1_49' title='bbox 673 1064 891 1119; x_wconf 89' lang='lat' dir='ltr'><strong>modum</strong></span> <span class='ocrx_word' id='word_1_50' title='bbox 918 1063 1062 1118; x_wconf 83' lang='lat' dir='ltr'><strong>auxit</strong></span> <span class='ocrx_word' id='word_1_51' title='bbox 1092 1079 1105 1115; x_wconf 88' lang='lat'><strong>:</strong></span> <span class='ocrx_word' id='word_1_52' title='bbox 1134 1061 1276 1133; x_wconf 91' lang='lat' dir='ltr'><strong>quod</strong></span> <span class='ocrx_word' id='word_1_53' title='bbox 1303 1062 1465 1118; x_wconf 88' lang='lat' dir='ltr'><strong>etiam</strong></span> <span class='ocrx_word' id='word_1_54' title='bbox 1489 1059 1607 1130; x_wconf 88' lang='lat' dir='ltr'><strong>ejus</strong></span> <span class='ocrx_word' id='word_1_55' title='bbox 1633 1059 1762 1114; x_wconf 86' lang='lat' dir='ltr'><strong>scri-</strong></span> 
     </span>
    </p>
   </div>
   <div class='ocr_carea' id='block_1_9' title="bbox 151 1158 584 1227">
    <p class='ocr_par' dir='ltr' id='par_1_9' title="bbox 151 1158 584 1227">
     <span class='ocr_line' id='line_1_9' title="bbox 151 1158 584 1227; baseline -0.005 -15"><span class='ocrx_word' id='word_1_56' title='bbox 151 1168 246 1227; x_wconf 78' lang='lat' dir='ltr'><strong>pta</strong></span> <span class='ocrx_word' id='word_1_57' title='bbox 280 1158 584 1214; x_wconf 75' lang='lat' dir='ltr'><strong>declarant.</strong></span> 
     </span>
    </p>
   </div>
   <div class='ocr_carea' id='block_1_10' title="bbox 151 1290 1758 1362">
    <p class='ocr_par' dir='ltr' id='par_1_10' title="bbox 151 1290 1758 1362">
     <span class='ocr_line' id='line_1_10' title="bbox 151 1290 1758 1362; baseline -0.005 -14"><span class='ocrx_word' id='word_1_58' title='bbox 151 1295 374 1350; x_wconf 69' lang='lat' dir='ltr'><strong>FBA-Nc.</strong></span> <span class='ocrx_word' id='word_1_59' title='bbox 404 1296 757 1359; x_wconf 75' lang='lat' dir='ltr'><strong>l‘ntLELrtws,</strong></span> <span class='ocrx_word' id='word_1_60' title='bbox 779 1293 865 1346; x_wconf 74' lang='lat' dir='ltr'><strong>lib.</strong></span> <span class='ocrx_word' id='word_1_61' title='bbox 892 1291 962 1346; x_wconf 83' lang='lat' dir='ltr'><strong>VI</strong></span> <span class='ocrx_word' id='word_1_62' title='bbox 975 1336 987 1356; x_wconf 91' lang='lat'><strong>,</strong></span> <span class='ocrx_word' id='word_1_63' title='bbox 1007 1294 1153 1362; x_wconf 82' lang='lat' dir='ltr'><strong>epist.</strong></span> <span class='ocrx_word' id='word_1_64' title='bbox 1174 1293 1372 1346; x_wconf 83' lang='lat' dir='ltr'><strong>ultima.</strong></span> <span class='ocrx_word' id='word_1_65' title='bbox 1394 1290 1473 1344; x_wconf 80' lang='lat' dir='ltr'><strong>Ad</strong></span> <span class='ocrx_word' id='word_1_66' title='bbox 1495 1290 1758 1360; x_wconf 74' lang='lat' dir='ltr'><strong>Aloysium</strong></span> 
     </span>
    </p>
   </div>
   <div class='ocr_carea' id='block_1_11' title="bbox 832 1385 1079 1441">
    <p class='ocr_par' dir='ltr' id='par_1_11' title="bbox 832 1385 1079 1441">
     <span class='ocr_line' id='line_1_11' title="bbox 832 1385 1079 1441; baseline 0.012 -3"><span class='ocrx_word' id='word_1_67' title='bbox 832 1385 1079 1441; x_wconf 86' lang='lat' dir='ltr'><strong>Crottum.</strong></span> 
     </span>
    </p>
   </div>
   <div class='ocr_carea' id='block_1_12' title="bbox 224 1497 1757 1572">
    <p class='ocr_par' dir='ltr' id='par_1_12' title="bbox 224 1497 1757 1572">
     <span class='ocr_line' id='line_1_12' title="bbox 224 1497 1757 1572; baseline -0.004 -17"><span class='ocrx_word' id='word_1_68' title='bbox 224 1501 551 1572; x_wconf 75' lang='lat' dir='ltr'><strong>Hieronymi</strong></span> <span class='ocrx_word' id='word_1_69' title='bbox 589 1516 724 1570; x_wconf 91' lang='lat' dir='ltr'><strong>quas</strong></span> <span class='ocrx_word' id='word_1_70' title='bbox 770 1501 1002 1569; x_wconf 84' lang='lat' dir='ltr'><strong>petieras</strong></span> <span class='ocrx_word' id='word_1_71' title='bbox 1047 1498 1439 1568; x_wconf 83' lang='lat' dir='ltr'><strong>Augustinique</strong></span> <span class='ocrx_word' id='word_1_72' title='bbox 1491 1497 1757 1567; x_wconf 81' lang='lat' dir='ltr'><strong>Epistolas</strong></span> 
     </span>
    </p>
   </div>
   <div class='ocr_carea' id='block_1_13' title="bbox 155 1587 1752 1657">
    <p class='ocr_par' dir='ltr' id='par_1_13' title="bbox 155 1587 1752 1657">
     <span class='ocr_line' id='line_1_13' title="bbox 155 1587 1752 1657; baseline -0.004 -10"><span class='ocrx_word' id='word_1_73' title='bbox 155 1593 221 1647; x_wconf 88' lang='lat' dir='ltr'><strong>ad</strong></span> <span class='ocrx_word' id='word_1_74' title='bbox 255 1604 315 1648; x_wconf 88' lang='lat' dir='ltr'><strong>te</strong></span> <span class='ocrx_word' id='word_1_75' title='bbox 343 1591 470 1646; x_wconf 90' lang='lat' dir='ltr'><strong>dedi</strong></span> <span class='ocrx_word' id='word_1_76' title='bbox 522 1591 828 1645; x_wconf 86' lang='lat' dir='ltr'><strong>commodo.</strong></span> <span class='ocrx_word' id='word_1_77' title='bbox 851 1589 1028 1656; x_wconf 85' lang='lat' dir='ltr'><strong>Quare</strong></span> <span class='ocrx_word' id='word_1_78' title='bbox 1059 1589 1149 1642; x_wconf 92' lang='lat' dir='ltr'><strong>ubi</strong></span> <span class='ocrx_word' id='word_1_79' title='bbox 1197 1604 1288 1642; x_wconf 91' lang='lat' dir='ltr'><strong>eas</strong></span> <span class='ocrx_word' id='word_1_80' title='bbox 1317 1604 1413 1657; x_wconf 91' lang='lat' dir='ltr'><strong>pro</strong></span> <span class='ocrx_word' id='word_1_81' title='bbox 1444 1596 1530 1641; x_wconf 85' lang='lat' dir='ltr'><strong>tua</strong></span> <span class='ocrx_word' id='word_1_82' title='bbox 1560 1587 1752 1642; x_wconf 89' lang='lat' dir='ltr'><strong>volun-</strong></span> 
     </span>
    </p>
   </div>
   <div class='ocr_carea' id='block_1_14' title="bbox 157 1677 1748 1746">
    <p class='ocr_par' dir='ltr' id='par_1_14' title="bbox 157 1677 1748 1746">
     <span class='ocr_line' id='line_1_14' title="bbox 157 1677 1748 1746; baseline -0.004 -10"><span class='ocrx_word' id='word_1_83' title='bbox 157 1693 269 1738; x_wconf 85' lang='lat' dir='ltr'><strong>tate</strong></span> <span class='ocrx_word' id='word_1_84' title='bbox 317 1681 642 1735; x_wconf 88' lang='lat' dir='ltr'><strong>lectitaveris</strong></span> <span class='ocrx_word' id='word_1_85' title='bbox 663 1720 679 1746; x_wconf 92' lang='lat'><strong>,</strong></span> <span class='ocrx_word' id='word_1_86' title='bbox 734 1694 862 1734; x_wconf 83' lang='lat' dir='ltr'><strong>cura</strong></span> <span class='ocrx_word' id='word_1_87' title='bbox 887 1679 953 1733; x_wconf 91' lang='lat' dir='ltr'><strong>ad</strong></span> <span class='ocrx_word' id='word_1_88' title='bbox 985 1695 1071 1733; x_wconf 90' lang='lat' dir='ltr'><strong>me</strong></span> <span class='ocrx_word' id='word_1_89' title='bbox 1098 1678 1340 1732; x_wconf 89' lang='lat' dir='ltr'><strong>redeant.</strong></span> <span class='ocrx_word' id='word_1_90' title='bbox 1371 1677 1524 1743; x_wconf 88' lang='lat' dir='ltr'><strong>Quod</strong></span> <span class='ocrx_word' id='word_1_91' title='bbox 1572 1687 1748 1730; x_wconf 90' lang='lat' dir='ltr'><strong>autem</strong></span> 
     </span>
    </p>
   </div>
   <div class='ocr_carea' id='block_1_15' title="bbox 157 1768 1746 1845">
    <p class='ocr_par' dir='ltr' id='par_1_15' title="bbox 157 1768 1746 1845">
     <span class='ocr_line' id='line_1_15' title="bbox 157 1768 1746 1845; baseline -0.005 -17"><span class='ocrx_word' id='word_1_92' title='bbox 157 1775 390 1845; x_wconf 75' lang='lat' dir='ltr'><strong>quaeris,</strong></span> <span class='ocrx_word' id='word_1_93' title='bbox 421 1773 548 1843; x_wconf 91' lang='lat' dir='ltr'><strong>quid</strong></span> <span class='ocrx_word' id='word_1_94' title='bbox 578 1772 646 1827; x_wconf 90' lang='lat' dir='ltr'><strong>de</strong></span> <span class='ocrx_word' id='word_1_95' title='bbox 677 1781 904 1840; x_wconf 90' lang='lat' dir='ltr'><strong>utroque</strong></span> <span class='ocrx_word' id='word_1_96' title='bbox 946 1771 1207 1834; x_wconf 85' lang='lat' dir='ltr'><strong>sentiam,</strong></span> <span class='ocrx_word' id='word_1_97' title='bbox 1237 1777 1292 1825; x_wconf 89' lang='lat' dir='ltr'><strong>et</strong></span> <span class='ocrx_word' id='word_1_98' title='bbox 1340 1768 1512 1839; x_wconf 88' lang='lat' dir='ltr'><strong>quoad</strong></span> <span class='ocrx_word' id='word_1_99' title='bbox 1544 1768 1746 1822; x_wconf 89' lang='lat' dir='ltr'><strong>doctri-</strong></span> 
     </span>
    </p>
   </div>
   <div class='ocr_carea' id='block_1_16' title="bbox 161 1856 1746 1933">
    <p class='ocr_par' dir='ltr' id='par_1_16' title="bbox 161 1856 1746 1933">
     <span class='ocr_line' id='line_1_16' title="bbox 161 1856 1746 1933; baseline -0.005 -14"><span class='ocrx_word' id='word_1_100' title='bbox 161 1881 306 1928; x_wconf 88' lang='lat' dir='ltr'><strong>nam,</strong></span> <span class='ocrx_word' id='word_1_101' title='bbox 339 1873 396 1919; x_wconf 89' lang='lat' dir='ltr'><strong>et</strong></span> <span class='ocrx_word' id='word_1_102' title='bbox 441 1862 616 1933; x_wconf 89' lang='lat' dir='ltr'><strong>quoad</strong></span> <span class='ocrx_word' id='word_1_103' title='bbox 654 1863 1012 1932; x_wconf 87' lang='lat' dir='ltr'><strong>eloquentiam</strong></span> <span class='ocrx_word' id='word_1_104' title='bbox 1039 1902 1054 1926; x_wconf 89' lang='lat'><strong>,</strong></span> <span class='ocrx_word' id='word_1_105' title='bbox 1097 1861 1333 1916; x_wconf 81' lang='lat' dir='ltr'><strong>breviter</strong></span> <span class='ocrx_word' id='word_1_106' title='bbox 1375 1860 1577 1929; x_wconf 90' lang='lat' dir='ltr'><strong>accipe.</strong></span> <span class='ocrx_word' id='word_1_107' title='bbox 1619 1856 1746 1912; x_wconf 87' lang='lat' dir='ltr'><strong>Om-</strong></span> 
     </span>
    </p>
   </div>
   <div class='ocr_carea' id='block_1_17' title="bbox 162 1949 1742 2027">
    <p class='ocr_par' dir='ltr' id='par_1_17' title="bbox 162 1949 1742 2027">
     <span class='ocr_line' id='line_1_17' title="bbox 162 1949 1742 2027; baseline -0.004 -17"><span class='ocrx_word' id='word_1_108' title='bbox 162 1958 309 2010; x_wconf 87' lang='lat' dir='ltr'><strong>nium</strong></span> <span class='ocrx_word' id='word_1_109' title='bbox 339 1955 573 2027; x_wconf 90' lang='lat' dir='ltr'><strong>primum</strong></span> <span class='ocrx_word' id='word_1_110' title='bbox 601 1953 668 2009; x_wconf 89' lang='lat' dir='ltr'><strong>de</strong></span> <span class='ocrx_word' id='word_1_111' title='bbox 692 1953 854 2008; x_wconf 85' lang='lat' dir='ltr'><strong>rebus</strong></span> <span class='ocrx_word' id='word_1_112' title='bbox 879 1951 1074 2007; x_wconf 82' lang='lat' dir='ltr'><strong>divinis</strong></span> <span class='ocrx_word' id='word_1_113' title='bbox 1091 1967 1197 2006; x_wconf 90' lang='lat' dir='ltr'><strong>non</strong></span> <span class='ocrx_word' id='word_1_114' title='bbox 1229 1959 1311 2006; x_wconf 91' lang='lat' dir='ltr'><strong>est</strong></span> <span class='ocrx_word' id='word_1_115' title='bbox 1328 1966 1503 2006; x_wconf 90' lang='lat' dir='ltr'><strong>meum</strong></span> <span class='ocrx_word' id='word_1_116' title='bbox 1531 1949 1742 2020; x_wconf 85' lang='lat' dir='ltr'><strong>judica-</strong></span> 
     </span>
    </p>
   </div>
   <div class='ocr_carea' id='block_1_18' title="bbox 159 2040 1742 2113">
    <p class='ocr_par' dir='ltr' id='par_1_18' title="bbox 159 2040 1742 2113">
     <span class='ocr_line' id='line_1_18' title="bbox 159 2040 1742 2113; baseline -0.004 -13"><span class='ocrx_word' id='word_1_117' title='bbox 159 2062 236 2111; x_wconf 87' lang='lat' dir='ltr'><strong>re,</strong></span> <span class='ocrx_word' id='word_1_118' title='bbox 261 2046 355 2100; x_wconf 87' lang='lat' dir='ltr'><strong>scd</strong></span> <span class='ocrx_word' id='word_1_119' title='bbox 386 2045 773 2100; x_wconf 72' lang='lat' dir='ltr'><strong>Ecclesiasticm</strong></span> <span class='ocrx_word' id='word_1_120' title='bbox 792 2043 1064 2113; x_wconf 85' lang='lat' dir='ltr'><strong>dignitatis</strong></span> <span class='ocrx_word' id='word_1_121' title='bbox 1084 2042 1540 2110; x_wconf 84' lang='lat' dir='ltr'><strong>auctoritatisque.</strong></span> <span class='ocrx_word' id='word_1_122' title='bbox 1565 2040 1742 2094; x_wconf 64' lang='lat' dir='ltr'><strong>(Stete-</strong></span> 
     </span>
    </p>
   </div>
   <div class='ocr_carea' id='block_1_19' title="bbox 161 2133 1741 2211">
    <p class='ocr_par' dir='ltr' id='par_1_19' title="bbox 161 2133 1741 2211">
     <span class='ocr_line' id='line_1_19' title="bbox 161 2133 1741 2211; baseline -0.004 -21"><span class='ocrx_word' id='word_1_123' title='bbox 161 2154 279 2191; x_wconf 90' lang='lat' dir='ltr'><strong>rum</strong></span> <span class='ocrx_word' id='word_1_124' title='bbox 331 2149 458 2211; x_wconf 91' lang='lat' dir='ltr'><strong>puto</strong></span> <span class='ocrx_word' id='word_1_125' title='bbox 507 2149 789 2208; x_wconf 88' lang='lat' dir='ltr'><strong>utrumque</strong></span> <span class='ocrx_word' id='word_1_126' title='bbox 820 2136 1180 2206; x_wconf 89' lang='lat' dir='ltr'><strong>pulcherrime</strong></span> <span class='ocrx_word' id='word_1_127' title='bbox 1227 2133 1530 2188; x_wconf 90' lang='lat' dir='ltr'><strong>divinarum</strong></span> <span class='ocrx_word' id='word_1_128' title='bbox 1560 2147 1741 2186; x_wconf 90' lang='lat' dir='ltr'><strong>rerum</strong></span> 
     </span>
    </p>
   </div>
   <div class='ocr_carea' id='block_1_20' title="bbox 159 2226 1742 2298">
    <p class='ocr_par' dir='ltr' id='par_1_20' title="bbox 159 2226 1742 2298">
     <span class='ocr_line' id='line_1_20' title="bbox 159 2226 1742 2298; baseline -0.006 -10"><span class='ocrx_word' id='word_1_129' title='bbox 159 2240 400 2293; x_wconf 87' lang='lat' dir='ltr'><strong>omnium</strong></span> <span class='ocrx_word' id='word_1_130' title='bbox 424 2236 702 2290; x_wconf 77' lang='lat' dir='ltr'><strong>scientiam</strong></span> <span class='ocrx_word' id='word_1_131' title='bbox 735 2231 990 2286; x_wconf 86' lang='lat' dir='ltr'><strong>tenuisse.</strong></span> <span class='ocrx_word' id='word_1_132' title='bbox 1024 2228 1131 2284; x_wconf 89' lang='lat' dir='ltr'><strong>Sed</strong></span> <span class='ocrx_word' id='word_1_133' title='bbox 1153 2226 1330 2298; x_wconf 80' lang='lat' dir='ltr'><strong>quoad</strong></span> <span class='ocrx_word' id='word_1_134' title='bbox 1361 2227 1596 2296; x_wconf 88' lang='lat' dir='ltr'><strong>reliquas</strong></span> <span class='ocrx_word' id='word_1_135' title='bbox 1621 2241 1742 2278; x_wconf 85' lang='lat' dir='ltr'><strong>om-</strong></span> 
     </span>
    </p>
   </div>
   <div class='ocr_carea' id='block_1_21' title="bbox 160 2318 1743 2396">
    <p class='ocr_par' dir='ltr' id='par_1_21' title="bbox 160 2318 1743 2396">
     <span class='ocr_line' id='line_1_21' title="bbox 160 2318 1743 2396; baseline -0.008 -13"><span class='ocrx_word' id='word_1_136' title='bbox 160 2345 253 2383; x_wconf 72' lang='lat' dir='ltr'><strong>nes</strong></span> <span class='ocrx_word' id='word_1_137' title='bbox 287 2337 466 2396; x_wconf 89' lang='lat' dir='ltr'><strong>partes</strong></span> <span class='ocrx_word' id='word_1_138' title='bbox 495 2322 844 2396; x_wconf 69' lang='lat' dir='ltr'><strong>philosophia:</strong></span> <span class='ocrx_word' id='word_1_139' title='bbox 868 2363 883 2389; x_wconf 95' lang='lat'><strong>,</strong></span> <span class='ocrx_word' id='word_1_140' title='bbox 930 2321 1258 2392; x_wconf 91' lang='lat' dir='ltr'><strong>Augustinus</strong></span> <span class='ocrx_word' id='word_1_141' title='bbox 1284 2334 1422 2374; x_wconf 89' lang='lat' dir='ltr'><strong>unus</strong></span> <span class='ocrx_word' id='word_1_142' title='bbox 1461 2325 1544 2372; x_wconf 90' lang='lat' dir='ltr'><strong>est</strong></span> <span class='ocrx_word' id='word_1_143' title='bbox 1587 2318 1743 2385; x_wconf 86' lang='lat' dir='ltr'><strong>longe</strong></span> 
     </span>
    </p>
   </div>
   <div class='ocr_carea' id='block_1_22' title="bbox 160 2411 1742 2487">
    <p class='ocr_par' dir='ltr' id='par_1_22' title="bbox 160 2411 1742 2487">
     <span class='ocr_line' id='line_1_22' title="bbox 160 2411 1742 2487; baseline -0.006 -13"><span class='ocrx_word' id='word_1_144' title='bbox 160 2433 268 2475; x_wconf 90' lang='lat' dir='ltr'><strong>tum</strong></span> <span class='ocrx_word' id='word_1_145' title='bbox 299 2420 506 2474; x_wconf 89' lang='lat' dir='ltr'><strong>acutior</strong></span> <span class='ocrx_word' id='word_1_146' title='bbox 530 2429 583 2473; x_wconf 90' lang='lat' dir='ltr'><strong>et</strong></span> <span class='ocrx_word' id='word_1_147' title='bbox 613 2417 854 2487; x_wconf 86' lang='lat' dir='ltr'><strong>peritior.</strong></span> <span class='ocrx_word' id='word_1_148' title='bbox 875 2424 984 2470; x_wconf 88' lang='lat' dir='ltr'><strong>tum</strong></span> <span class='ocrx_word' id='word_1_149' title='bbox 1011 2415 1172 2469; x_wconf 90' lang='lat' dir='ltr'><strong>etiam</strong></span> <span class='ocrx_word' id='word_1_150' title='bbox 1207 2413 1468 2468; x_wconf 88' lang='lat' dir='ltr'><strong>subtilior.</strong></span> <span class='ocrx_word' id='word_1_151' title='bbox 1492 2411 1742 2465; x_wconf 89' lang='lat' dir='ltr'><strong>Dialecti-</strong></span> 
     </span>
    </p>
   </div>
   <div class='ocr_carea' id='block_1_23' title="bbox 157 2506 1742 2584">
    <p class='ocr_par' dir='ltr' id='par_1_23' title="bbox 157 2506 1742 2584">
     <span class='ocr_line' id='line_1_23' title="bbox 157 2506 1742 2584; baseline -0.004 -18"><span class='ocrx_word' id='word_1_152' title='bbox 157 2531 252 2568; x_wconf 81' lang='lat' dir='ltr'><strong>rus</strong></span> <span class='ocrx_word' id='word_1_153' title='bbox 285 2514 604 2584; x_wconf 80' lang='lat' dir='ltr'><strong>Augustinus</strong></span> <span class='ocrx_word' id='word_1_154' title='bbox 635 2511 732 2566; x_wconf 92' lang='lat' dir='ltr'><strong>fuit</strong></span> <span class='ocrx_word' id='word_1_155' title='bbox 759 2509 1025 2580; x_wconf 86' lang='lat' dir='ltr'><strong>egregius,</strong></span> <span class='ocrx_word' id='word_1_156' title='bbox 1049 2517 1104 2563; x_wconf 90' lang='lat' dir='ltr'><strong>et</strong></span> <span class='ocrx_word' id='word_1_157' title='bbox 1131 2507 1269 2562; x_wconf 88' lang='lat' dir='ltr'><strong>idem</strong></span> <span class='ocrx_word' id='word_1_158' title='bbox 1303 2506 1554 2578; x_wconf 89' lang='lat' dir='ltr'><strong>physicus</strong></span> <span class='ocrx_word' id='word_1_159' title='bbox 1582 2513 1742 2574; x_wconf 90' lang='lat' dir='ltr'><strong>atque</strong></span> 
     </span>
    </p>
   </div>
   <div class='ocr_carea' id='block_1_24' title="bbox 159 2596 1741 2670">
    <p class='ocr_par' dir='ltr' id='par_1_24' title="bbox 159 2596 1741 2670">
     <span class='ocr_line' id='line_1_24' title="bbox 159 2596 1741 2670; baseline -0.006 -12"><span class='ocrx_word' id='word_1_160' title='bbox 159 2605 583 2659; x_wconf 86' lang='lat' dir='ltr'><strong>mathematicus.</strong></span> <span class='ocrx_word' id='word_1_161' title='bbox 626 2602 760 2656; x_wconf 85' lang='lat' dir='ltr'><strong>Huic</strong></span> <span class='ocrx_word' id='word_1_162' title='bbox 787 2599 1134 2670; x_wconf 74' lang='lat' dir='ltr'><strong>Hieronymus</strong></span> <span class='ocrx_word' id='word_1_163' title='bbox 1161 2599 1448 2668; x_wconf 89' lang='lat' dir='ltr'><strong>plurimum</strong></span> <span class='ocrx_word' id='word_1_164' title='bbox 1494 2596 1741 2666; x_wconf 59' lang='lat' dir='ltr'><strong>praestitit</strong></span> 
     </span>
    </p>
   </div>
   <div class='ocr_carea' id='block_1_25' title="bbox 161 2689 1738 2766">
    <p class='ocr_par' dir='ltr' id='par_1_25' title="bbox 161 2689 1738 2766">
     <span class='ocr_line' id='line_1_25' title="bbox 161 2689 1738 2766; baseline -0.006 -14"><span class='ocrx_word' id='word_1_165' title='bbox 161 2696 364 2752; x_wconf 81' lang='lat' dir='ltr'><strong>dicendi</strong></span> <span class='ocrx_word' id='word_1_166' title='bbox 393 2696 655 2766; x_wconf 75' lang='lat' dir='ltr'><strong>elegantia</strong></span> <span class='ocrx_word' id='word_1_167' title='bbox 689 2695 885 2763; x_wconf 82' lang='lat' dir='ltr'><strong>potius,</strong></span> <span class='ocrx_word' id='word_1_168' title='bbox 919 2708 1078 2762; x_wconf 90' lang='lat' dir='ltr'><strong>quam</strong></span> <span class='ocrx_word' id='word_1_169' title='bbox 1101 2691 1378 2746; x_wconf 88' lang='lat' dir='ltr'><strong>doctrina:</strong></span> <span class='ocrx_word' id='word_1_170' title='bbox 1411 2690 1460 2744; x_wconf 93' lang='lat' dir='ltr'><strong>id</strong></span> <span class='ocrx_word' id='word_1_171' title='bbox 1491 2689 1631 2759; x_wconf 90' lang='lat' dir='ltr'><strong>quod</strong></span> <span class='ocrx_word' id='word_1_172' title='bbox 1671 2703 1738 2743; x_wconf 89' lang='lat' dir='ltr'><strong>ex</strong></span> 
     </span>
    </p>
   </div>
   <div class='ocr_carea' id='block_1_26' title="bbox 163 2782 1735 2859">
    <p class='ocr_par' dir='ltr' id='par_1_26' title="bbox 163 2782 1735 2859">
     <span class='ocr_line' id='line_1_26' title="bbox 163 2782 1735 2859; baseline -0.008 -15"><span class='ocrx_word' id='word_1_173' title='bbox 163 2790 434 2859; x_wconf 90' lang='lat' dir='ltr'><strong>utriusque</strong></span> <span class='ocrx_word' id='word_1_174' title='bbox 450 2789 693 2842; x_wconf 89' lang='lat' dir='ltr'><strong>oratione</strong></span> <span class='ocrx_word' id='word_1_175' title='bbox 724 2788 844 2841; x_wconf 92' lang='lat' dir='ltr'><strong>licet</strong></span> <span class='ocrx_word' id='word_1_176' title='bbox 875 2785 1089 2838; x_wconf 85' lang='lat' dir='ltr'><strong>intueri.</strong></span> <span class='ocrx_word' id='word_1_177' title='bbox 1114 2784 1355 2839; x_wconf 73' lang='lat' dir='ltr'><strong>Gmcam</strong></span> <span class='ocrx_word' id='word_1_178' title='bbox 1385 2782 1735 2836; x_wconf 89' lang='lat' dir='ltr'><strong>litteraturam</strong></span> 
     </span>
    </p>
   </div>
   <div class='ocr_carea' id='block_1_27' title="bbox 168 2874 1736 2951">
    <p class='ocr_par' dir='ltr' id='par_1_27' title="bbox 168 2874 1736 2951">
     <span class='ocr_line' id='line_1_27' title="bbox 168 2874 1736 2951; baseline -0.006 -16"><span class='ocrx_word' id='word_1_179' title='bbox 168 2881 500 2951; x_wconf 73' lang='lat' dir='ltr'><strong>Hieronymus</strong></span> <span class='ocrx_word' id='word_1_180' title='bbox 556 2877 872 2950; x_wconf 85' lang='lat' dir='ltr'><strong>perpulchre</strong></span> <span class='ocrx_word' id='word_1_181' title='bbox 913 2877 1134 2941; x_wconf 90' lang='lat' dir='ltr'><strong>calluit;</strong></span> <span class='ocrx_word' id='word_1_182' title='bbox 1184 2875 1510 2945; x_wconf 84' lang='lat' dir='ltr'><strong>Augustinus</strong></span> <span class='ocrx_word' id='word_1_183' title='bbox 1561 2874 1736 2926; x_wconf 92' lang='lat' dir='ltr'><strong>minus</strong></span> 
     </span>
    </p>
   </div>
   <div class='ocr_carea' id='block_1_28' title="bbox 165 2965 1732 3047">
    <p class='ocr_par' dir='ltr' id='par_1_28' title="bbox 165 2965 1732 3047">
     <span class='ocr_line' id='line_1_28' title="bbox 165 2965 1732 3047; baseline -0.006 -19"><span class='ocrx_word' id='word_1_184' title='bbox 165 2976 408 3047; x_wconf 78' lang='lat' dir='ltr'><strong>perfecte.</strong></span> <span class='ocrx_word' id='word_1_185' title='bbox 468 2974 562 3028; x_wconf 88' lang='lat' dir='ltr'><strong>Ille</strong></span> <span class='ocrx_word' id='word_1_186' title='bbox 614 2973 877 3028; x_wconf 80' lang='lat' dir='ltr'><strong>Hebraice</strong></span> <span class='ocrx_word' id='word_1_187' title='bbox 927 2986 1138 3041; x_wconf 89' lang='lat' dir='ltr'><strong>quoque</strong></span> <span class='ocrx_word' id='word_1_188' title='bbox 1183 2969 1409 3023; x_wconf 90' lang='lat' dir='ltr'><strong>habetur</strong></span> <span class='ocrx_word' id='word_1_189' title='bbox 1455 2965 1732 3028; x_wconf 88' lang='lat' dir='ltr'><strong>eruditus,</strong></span> 
     </span>
    </p>
   </div>
   <div class='ocr_carea' id='block_1_29' title="bbox 161 3057 1734 3139">
    <p class='ocr_par' dir='ltr' id='par_1_29' title="bbox 161 3057 1734 3139">
     <span class='ocr_line' id='line_1_29' title="bbox 161 3057 1734 3139; baseline -0.008 -15"><span class='ocrx_word' id='word_1_190' title='bbox 161 3081 213 3124; x_wconf 91' lang='lat' dir='ltr'><strong>et</strong></span> <span class='ocrx_word' id='word_1_191' title='bbox 255 3068 578 3139; x_wconf 79' lang='lat' dir='ltr'><strong>Augustinus</strong></span> <span class='ocrx_word' id='word_1_192' title='bbox 630 3066 772 3120; x_wconf 91' lang='lat' dir='ltr'><strong>illius</strong></span> <span class='ocrx_word' id='word_1_193' title='bbox 818 3065 1014 3135; x_wconf 78' lang='lat' dir='ltr'><strong>lingua:</strong></span> <span class='ocrx_word' id='word_1_194' title='bbox 1067 3064 1282 3132; x_wconf 87' lang='lat' dir='ltr'><strong>ignarus</strong></span> <span class='ocrx_word' id='word_1_195' title='bbox 1323 3061 1562 3114; x_wconf 88' lang='lat' dir='ltr'><strong>omnino.</strong></span> <span class='ocrx_word' id='word_1_196' title='bbox 1619 3057 1734 3112; x_wconf 80' lang='lat' dir='ltr'><strong>Vita</strong></span> 
     </span>
    </p>
   </div>
   <div class='ocr_carea' id='block_1_30' title="bbox 165 3149 1732 3228">
    <p class='ocr_par' dir='ltr' id='par_1_30' title="bbox 165 3149 1732 3228">
     <span class='ocr_line' id='line_1_30' title="bbox 165 3149 1732 3228; baseline -0.008 -15"><span class='ocrx_word' id='word_1_197' title='bbox 165 3162 402 3215; x_wconf 83' lang='lat' dir='ltr'><strong>horridus</strong></span> <span class='ocrx_word' id='word_1_198' title='bbox 475 3158 852 3228; x_wconf 87' lang='lat' dir='ltr'><strong>Hieronymus,</strong></span> <span class='ocrx_word' id='word_1_199' title='bbox 930 3155 1260 3226; x_wconf 82' lang='lat' dir='ltr'><strong>Augustinus</strong></span> <span class='ocrx_word' id='word_1_200' title='bbox 1333 3161 1511 3206; x_wconf 91' lang='lat' dir='ltr'><strong>autem</strong></span> <span class='ocrx_word' id='word_1_201' title='bbox 1566 3149 1732 3203; x_wconf 89' lang='lat' dir='ltr'><strong>mitis.</strong></span> 
     </span>
    </p>
   </div>
   <div class='ocr_carea' id='block_1_31' title="bbox 161 3239 1735 3320">
    <p class='ocr_par' dir='ltr' id='par_1_31' title="bbox 161 3239 1735 3320">
     <span class='ocr_line' id='line_1_31' title="bbox 161 3239 1735 3320; baseline -0.009 -14"><span class='ocrx_word' id='word_1_202' title='bbox 161 3251 301 3320; x_wconf 87' lang='lat' dir='ltr'><strong>Quod</strong></span> <span class='ocrx_word' id='word_1_203' title='bbox 331 3253 373 3305; x_wconf 92' lang='lat' dir='ltr'><strong>si</strong></span> <span class='ocrx_word' id='word_1_204' title='bbox 419 3266 485 3304; x_wconf 90' lang='lat' dir='ltr'><strong>ex</strong></span> <span class='ocrx_word' id='word_1_205' title='bbox 515 3250 580 3304; x_wconf 90' lang='lat' dir='ltr'><strong>iis</strong></span> <span class='ocrx_word' id='word_1_206' title='bbox 607 3249 815 3303; x_wconf 90' lang='lat' dir='ltr'><strong>duobus</strong></span> <span class='ocrx_word' id='word_1_207' title='bbox 859 3263 1022 3301; x_wconf 91' lang='lat' dir='ltr'><strong>unum</strong></span> <span class='ocrx_word' id='word_1_208' title='bbox 1063 3245 1203 3302; x_wconf 84' lang='lat' dir='ltr'><strong>effici</strong></span> <span class='ocrx_word' id='word_1_209' title='bbox 1247 3244 1546 3314; x_wconf 90' lang='lat' dir='ltr'><strong>potuisset,</strong></span> <span class='ocrx_word' id='word_1_210' title='bbox 1603 3239 1735 3294; x_wconf 89' lang='lat' dir='ltr'><strong>nihil</strong></span> 
     </span>
    </p>
   </div>
   <div class='ocr_carea' id='block_1_32' title="bbox 163 3340 960 3399">
    <p class='ocr_par' dir='ltr' id='par_1_32' title="bbox 163 3340 960 3399">
     <span class='ocr_line' id='line_1_32' title="bbox 163 3340 960 3399; baseline -0.005 -1"><span class='ocrx_word' id='word_1_211' title='bbox 163 3355 338 3399; x_wconf 81' lang='lat' dir='ltr'><strong>natura</strong></span> <span class='ocrx_word' id='word_1_212' title='bbox 366 3343 658 3398; x_wconf 88' lang='lat' dir='ltr'><strong>absolutius</strong></span> <span class='ocrx_word' id='word_1_213' title='bbox 686 3340 960 3396; x_wconf 86' lang='lat' dir='ltr'><strong>edidisset.</strong></span> 
     </span>
    </p>
   </div>
   <div class='ocr_carea' id='block_1_33' title="bbox 163 3471 1734 3551">
    <p class='ocr_par' dir='ltr' id='par_1_33' title="bbox 163 3471 1734 3551">
     <span class='ocr_line' id='line_1_33' title="bbox 163 3471 1734 3551; baseline -0.011 -14"><span class='ocrx_word' id='word_1_214' title='bbox 163 3485 235 3540; x_wconf 90' lang='lat' dir='ltr'><strong>De</strong></span> <span class='ocrx_word' id='word_1_215' title='bbox 269 3486 358 3538; x_wconf 85' lang='lat' dir='ltr'><strong>hoc</strong></span> <span class='ocrx_word' id='word_1_216' title='bbox 400 3482 660 3551; x_wconf 73' lang='lat' dir='ltr'><strong>Pliilelpfn&#39;</strong></span> <span class='ocrx_word' id='word_1_217' title='bbox 701 3479 899 3550; x_wconf 83' lang='lat' dir='ltr'><strong>judicio</strong></span> <span class='ocrx_word' id='word_1_218' title='bbox 934 3477 1041 3547; x_wconf 78' lang='lat' dir='ltr'><strong>lege</strong></span> <span class='ocrx_word' id='word_1_219' title='bbox 1065 3474 1393 3543; x_wconf 83' lang='lat' dir='ltr'><strong>disquirentes</strong></span> <span class='ocrx_word' id='word_1_220' title='bbox 1437 3471 1645 3524; x_wconf 64' lang='lat' dir='ltr'><strong>lic/rium</strong></span> <span class='ocrx_word' id='word_1_221' title='bbox 1685 3479 1734 3521; x_wconf 74' lang='lat' dir='ltr'><strong>et</strong></span> 
     </span>
    </p>
   </div>
   <div class='ocr_carea' id='block_1_34' title="bbox 341 3562 1534 3638">
    <p class='ocr_par' dir='ltr' id='par_1_34' title="bbox 341 3562 1534 3638">
     <span class='ocr_line' id='line_1_34' title="bbox 341 3562 1534 3638; baseline -0.011 -8"><span class='ocrx_word' id='word_1_222' title='bbox 341 3574 616 3630; x_wconf 83' lang='lat' dir='ltr'><strong>Erasmum</strong></span> <span class='ocrx_word' id='word_1_223' title='bbox 639 3572 728 3627; x_wconf 84' lang='lat' dir='ltr'><strong>lib.</strong></span> <span class='ocrx_word' id='word_1_224' title='bbox 754 3569 841 3624; x_wconf 84' lang='lat' dir='ltr'><strong>II.</strong></span> <span class='ocrx_word' id='word_1_225' title='bbox 870 3568 1036 3638; x_wconf 81' lang='lat' dir='ltr'><strong>Epist.</strong></span> <span class='ocrx_word' id='word_1_226' title='bbox 1060 3565 1165 3622; x_wconf 79' lang='lat' dir='ltr'><em>XX</em></span> <span class='ocrx_word' id='word_1_227' title='bbox 1184 3565 1218 3617; x_wconf 78' lang='grc' dir='ltr'><em>γ</em></span> <span class='ocrx_word' id='word_1_228' title='bbox 1247 3575 1295 3618; x_wconf 86' lang='lat' dir='ltr'><strong>et</strong></span> <span class='ocrx_word' id='word_1_229' title='bbox 1317 3562 1534 3618; x_wconf 80' lang='lat' dir='ltr'><strong><em>XXVI.</em></strong></span> 
     </span>
    </p>
   </div>
   <div class='ocr_carea' id='block_1_35' title="bbox 159 3672 1729 3749">
    <p class='ocr_par' dir='ltr' id='par_1_35' title="bbox 159 3672 1729 3749">
     <span class='ocr_line' id='line_1_35' title="bbox 159 3672 1729 3749; baseline -0.011 -3"><span class='ocrx_word' id='word_1_230' title='bbox 159 3692 402 3746; x_wconf 61' lang='lat' dir='ltr'><strong>Rarum.</strong></span> <span class='ocrx_word' id='word_1_231' title='bbox 421 3688 864 3749; x_wconf 69' lang='lat' dir='ltr'><strong>Vocusnaauus,</strong></span> <span class='ocrx_word' id='word_1_232' title='bbox 889 3681 1229 3738; x_wconf 88' lang='lat' dir='ltr'><strong>Commentar.</strong></span> <span class='ocrx_word' id='word_1_233' title='bbox 1254 3677 1444 3733; x_wconf 82' lang='lat' dir='ltr'><strong>Urban.</strong></span> <span class='ocrx_word' id='word_1_234' title='bbox 1469 3675 1555 3730; x_wconf 85' lang='lat' dir='ltr'><strong>lib.</strong></span> <span class='ocrx_word' id='word_1_235' title='bbox 1571 3674 1620 3728; x_wconf 83' lang='grc' dir='ltr'><em>Χ</em></span> <span class='ocrx_word' id='word_1_236' title='bbox 1637 3672 1729 3728; x_wconf 85' lang='grc' dir='ltr'><strong>γι.</strong></span> 
     </span>
    </p>
   </div>
   <div class='ocr_carea' id='block_1_36' title="bbox 230 3771 1728 3851">
    <p class='ocr_par' dir='ltr' id='par_1_36' title="bbox 230 3771 1728 3851">
     <span class='ocr_line' id='line_1_36' title="bbox 230 3771 1728 3851; baseline -0.011 -16"><span class='ocrx_word' id='word_1_237' title='bbox 230 3779 523 3851; x_wconf 83' lang='lat' dir='ltr'><strong>Hieronymi</strong></span> <span class='ocrx_word' id='word_1_238' title='bbox 563 3779 846 3832; x_wconf 87' lang='lat' dir='ltr'><strong>Doctorum</strong></span> <span class='ocrx_word' id='word_1_239' title='bbox 896 3773 1148 3844; x_wconf 89' lang='lat' dir='ltr'><strong>principis</strong></span> <span class='ocrx_word' id='word_1_240' title='bbox 1189 3771 1350 3824; x_wconf 84' lang='lat' dir='ltr'><strong>vitam</strong></span> <span class='ocrx_word' id='word_1_241' title='bbox 1408 3781 1728 3830; x_wconf 88' lang='lat' dir='ltr'><strong>recensere,</strong></span> 
     </span>
    </p>
   </div>
   <div class='ocr_carea' id='block_1_37' title="bbox 160 3861 1730 3943">
    <p class='ocr_par' dir='ltr' id='par_1_37' title="bbox 160 3861 1730 3943">
     <span class='ocr_line' id='line_1_37' title="bbox 160 3861 1730 3943; baseline -0.011 -15"><span class='ocrx_word' id='word_1_242' title='bbox 160 3887 408 3943; x_wconf 82' lang='lat' dir='ltr'><strong>parergon</strong></span> <span class='ocrx_word' id='word_1_243' title='bbox 449 3870 675 3926; x_wconf 89' lang='lat' dir='ltr'><strong>fortasse</strong></span> <span class='ocrx_word' id='word_1_244' title='bbox 701 3867 884 3932; x_wconf 90' lang='lat' dir='ltr'><strong>fuerit,</strong></span> <span class='ocrx_word' id='word_1_245' title='bbox 915 3879 1036 3920; x_wconf 89' lang='lat' dir='ltr'><strong>cum</strong></span> <span class='ocrx_word' id='word_1_246' title='bbox 1068 3871 1145 3916; x_wconf 91' lang='lat' dir='ltr'><strong>tot</strong></span> <span class='ocrx_word' id='word_1_247' title='bbox 1173 3861 1454 3915; x_wconf 80' lang='lat' dir='ltr'><strong>illustrium</strong></span> <span class='ocrx_word' id='word_1_248' title='bbox 1495 3861 1730 3913; x_wconf 91' lang='lat' dir='ltr'><strong>virorum</strong></span> 
     </span>
    </p>
   </div>
   <div class='ocr_carea' id='block_1_38' title="bbox 159 3949 1736 4025">
    <p class='ocr_par' dir='ltr' id='par_1_38' title="bbox 159 3949 1736 4025">
     <span class='ocr_line' id='line_1_38' title="bbox 159 3949 1736 4025; baseline -0.012 -6"><span class='ocrx_word' id='word_1_249' title='bbox 159 3963 478 4018; x_wconf 81' lang='lat' dir='ltr'><strong>simandata</strong></span> <span class='ocrx_word' id='word_1_250' title='bbox 505 3957 863 4015; x_wconf 89' lang='lat' dir='ltr'><strong>monumentis</strong></span> <span class='ocrx_word' id='word_1_251' title='bbox 896 3977 909 4010; x_wconf 90' lang='lat'><strong>:</strong></span> <span class='ocrx_word' id='word_1_252' title='bbox 942 3953 1183 4025; x_wconf 66' lang='lat' dir='ltr'><strong>quaedam</strong></span> <span class='ocrx_word' id='word_1_253' title='bbox 1207 3961 1384 4006; x_wconf 91' lang='lat' dir='ltr'><strong>tamen</strong></span> <span class='ocrx_word' id='word_1_254' title='bbox 1423 3965 1486 4004; x_wconf 84' lang='lat' dir='ltr'><strong>ex</strong></span> <span class='ocrx_word' id='word_1_255' title='bbox 1517 3949 1632 4016; x_wconf 86' lang='lat' dir='ltr'><strong>ejus</strong></span> <span class='ocrx_word' id='word_1_256' title='bbox 1671 3949 1736 4000; x_wconf 88' lang='lat' dir='ltr'><strong>li-</strong></span> 
     </span>
    </p>
   </div>
   <div class='ocr_carea' id='block_1_39' title="bbox 161 4039 1731 4120">
    <p class='ocr_par' dir='ltr' id='par_1_39' title="bbox 161 4039 1731 4120">
     <span class='ocr_line' id='line_1_39' title="bbox 161 4039 1731 4120; baseline -0.012 -10"><span class='ocrx_word' id='word_1_257' title='bbox 161 4055 258 4109; x_wconf 88' lang='lat' dir='ltr'><strong>bris</strong></span> <span class='ocrx_word' id='word_1_258' title='bbox 285 4053 351 4109; x_wconf 91' lang='lat' dir='ltr'><strong>de</strong></span> <span class='ocrx_word' id='word_1_259' title='bbox 384 4067 442 4108; x_wconf 89' lang='lat' dir='ltr'><strong>se</strong></span> <span class='ocrx_word' id='word_1_260' title='bbox 466 4050 754 4120; x_wconf 89' lang='lat' dir='ltr'><strong>loquentis,</strong></span> <span class='ocrx_word' id='word_1_261' title='bbox 787 4044 1083 4117; x_wconf 67' lang='lat' dir='ltr'><strong>prmsertim</strong></span> <span class='ocrx_word' id='word_1_262' title='bbox 1107 4043 1173 4098; x_wconf 89' lang='lat' dir='ltr'><strong>ad</strong></span> <span class='ocrx_word' id='word_1_263' title='bbox 1201 4043 1318 4112; x_wconf 89' lang='lat' dir='ltr'><strong>ejus</strong></span> <span class='ocrx_word' id='word_1_264' title='bbox 1343 4042 1547 4095; x_wconf 88' lang='lat' dir='ltr'><strong>litteras</strong></span> <span class='ocrx_word' id='word_1_265' title='bbox 1570 4039 1731 4108; x_wconf 59' lang='lat' dir='ltr'><strong>pel-ti.</strong></span> 
     </span>
    </p>
   </div>
   <div class='ocr_carea' id='block_1_40' title="bbox 162 4128 1735 4208">
    <p class='ocr_par' dir='ltr' id='par_1_40' title="bbox 162 4128 1735 4208">
     <span class='ocr_line' id='line_1_40' title="bbox 162 4128 1735 4208; baseline -0.011 -10"><span class='ocrx_word' id='word_1_266' title='bbox 162 4146 360 4208; x_wconf 82' lang='lat' dir='ltr'><strong>nentia,</strong></span> <span class='ocrx_word' id='word_1_267' title='bbox 402 4143 455 4196; x_wconf 90' lang='lat' dir='ltr'><strong>in</strong></span> <span class='ocrx_word' id='word_1_268' title='bbox 504 4140 738 4195; x_wconf 90' lang='lat' dir='ltr'><strong>medium</strong></span> <span class='ocrx_word' id='word_1_269' title='bbox 765 4136 1007 4192; x_wconf 85' lang='lat' dir='ltr'><strong>afferam.</strong></span> <span class='ocrx_word' id='word_1_270' title='bbox 1055 4137 1132 4189; x_wconf 88' lang='lat' dir='ltr'><strong>Ac</strong></span> <span class='ocrx_word' id='word_1_271' title='bbox 1161 4133 1387 4203; x_wconf 90' lang='lat' dir='ltr'><strong>primum</strong></span> <span class='ocrx_word' id='word_1_272' title='bbox 1428 4131 1479 4184; x_wconf 94' lang='lat' dir='ltr'><strong>in</strong></span> <span class='ocrx_word' id='word_1_273' title='bbox 1525 4129 1618 4184; x_wconf 88' lang='lat' dir='ltr'><strong>lib.</strong></span> <span class='ocrx_word' id='word_1_274' title='bbox 1669 4128 1735 4181; x_wconf 91' lang='lat' dir='ltr'><strong>de</strong></span> 
     </span>
    </p>
   </div>
   <div class='ocr_carea' id='block_1_41' title="bbox 162 4221 1732 4302">
    <p class='ocr_par' dir='ltr' id='par_1_41' title="bbox 162 4221 1732 4302">
     <span class='ocr_line' id='line_1_41' title="bbox 162 4221 1732 4302; baseline -0.011 -11"><span class='ocrx_word' id='word_1_275' title='bbox 162 4236 288 4291; x_wconf 78' lang='lat' dir='ltr'><strong>Viris</strong></span> <span class='ocrx_word' id='word_1_276' title='bbox 313 4235 605 4290; x_wconf 90' lang='lat' dir='ltr'><strong>illustribus</strong></span> <span class='ocrx_word' id='word_1_277' title='bbox 632 4248 690 4288; x_wconf 91' lang='lat' dir='ltr'><strong>se</strong></span> <span class='ocrx_word' id='word_1_278' title='bbox 716 4247 780 4286; x_wconf 92' lang='lat' dir='ltr'><strong>ex</strong></span> <span class='ocrx_word' id='word_1_279' title='bbox 805 4229 1000 4302; x_wconf 89' lang='lat' dir='ltr'><strong>oppido</strong></span> <span class='ocrx_word' id='word_1_280' title='bbox 1019 4226 1286 4283; x_wconf 86' lang='lat' dir='ltr'><strong>Stridouis</strong></span> <span class='ocrx_word' id='word_1_281' title='bbox 1308 4232 1483 4279; x_wconf 90' lang='lat' dir='ltr'><strong>ortum</strong></span> <span class='ocrx_word' id='word_1_282' title='bbox 1505 4221 1699 4276; x_wconf 87' lang='lat' dir='ltr'><strong>fatetur</strong></span> <span class='ocrx_word' id='word_1_283' title='bbox 1716 4261 1732 4287; x_wconf 98' lang='lat'><strong>,</strong></span> 
     </span>
    </p>
   </div>
   <div class='ocr_carea' id='block_1_42' title="bbox 163 4313 1731 4396">
    <p class='ocr_par' dir='ltr' id='par_1_42' title="bbox 163 4313 1731 4396">
     <span class='ocr_line' id='line_1_42' title="bbox 163 4313 1731 4396; baseline -0.011 -15"><span class='ocrx_word' id='word_1_284' title='bbox 163 4339 298 4396; x_wconf 87' lang='lat' dir='ltr'><strong>patre</strong></span> <span class='ocrx_word' id='word_1_285' title='bbox 323 4327 572 4382; x_wconf 83' lang='lat' dir='ltr'><strong>Eusebio.</strong></span> <span class='ocrx_word' id='word_1_286' title='bbox 601 4325 827 4380; x_wconf 83' lang='lat' dir='ltr'><strong>Romam</strong></span> <span class='ocrx_word' id='word_1_287' title='bbox 859 4321 1004 4376; x_wconf 87' lang='lat' dir='ltr'><strong>venit</strong></span> <span class='ocrx_word' id='word_1_288' title='bbox 1049 4317 1335 4373; x_wconf 87' lang='lat' dir='ltr'><strong>admodum</strong></span> <span class='ocrx_word' id='word_1_289' title='bbox 1381 4313 1692 4368; x_wconf 81' lang='lat' dir='ltr'><strong>adolescens</strong></span> <span class='ocrx_word' id='word_1_290' title='bbox 1717 4352 1731 4373; x_wconf 93' lang='lat'><strong>,</strong></span> 
     </span>
    </p>
   </div>
   <div class='ocr_carea' id='block_1_43' title="bbox 162 4404 1737 4488">
    <p class='ocr_par' dir='ltr' id='par_1_43' title="bbox 162 4404 1737 4488">
     <span class='ocr_line' id='line_1_43' title="bbox 162 4404 1737 4488; baseline -0.011 -16"><span class='ocrx_word' id='word_1_291' title='bbox 162 4419 324 4488; x_wconf 89' lang='lat' dir='ltr'><strong>ibique</strong></span> <span class='ocrx_word' id='word_1_292' title='bbox 345 4434 404 4474; x_wconf 90' lang='lat' dir='ltr'><strong>se</strong></span> <span class='ocrx_word' id='word_1_293' title='bbox 431 4417 622 4473; x_wconf 87' lang='lat' dir='ltr'><strong>studiis</strong></span> <span class='ocrx_word' id='word_1_294' title='bbox 649 4416 944 4470; x_wconf 89' lang='lat' dir='ltr'><strong>liberalium</strong></span> <span class='ocrx_word' id='word_1_295' title='bbox 965 4414 1157 4467; x_wconf 87' lang='lat' dir='ltr'><strong>artium</strong></span> <span class='ocrx_word' id='word_1_296' title='bbox 1184 4408 1420 4465; x_wconf 88' lang='lat' dir='ltr'><strong>tradidit.</strong></span> <span class='ocrx_word' id='word_1_297' title='bbox 1446 4407 1522 4461; x_wconf 89' lang='lat' dir='ltr'><strong>De</strong></span> <span class='ocrx_word' id='word_1_298' title='bbox 1544 4404 1737 4476; x_wconf 88' lang='lat' dir='ltr'><strong>quibus</strong></span> 
     </span>
    </p>
   </div>
   <div class='ocr_carea' id='block_1_44' title="bbox 162 4503 1413 4580">
    <p class='ocr_par' dir='ltr' id='par_1_44' title="bbox 162 4503 1413 4580">
     <span class='ocr_line' id='line_1_44' title="bbox 162 4503 1413 4580; baseline -0.006 -19"><span class='ocrx_word' id='word_1_299' title='bbox 162 4510 231 4564; x_wconf 90' lang='lat' dir='ltr'><strong>sic</strong></span> <span class='ocrx_word' id='word_1_300' title='bbox 257 4509 449 4580; x_wconf 83' lang='lat' dir='ltr'><strong>ipsein</strong></span> <span class='ocrx_word' id='word_1_301' title='bbox 478 4507 737 4578; x_wconf 87' lang='lat' dir='ltr'><strong>Apologia</strong></span> <span class='ocrx_word' id='word_1_302' title='bbox 767 4505 833 4560; x_wconf 91' lang='lat' dir='ltr'><strong>ad</strong></span> <span class='ocrx_word' id='word_1_303' title='bbox 862 4503 1278 4567; x_wconf 88' lang='lat' dir='ltr'><strong>Pammachium,</strong></span> <span class='ocrx_word' id='word_1_304' title='bbox 1307 4507 1413 4555; x_wconf 90' lang='lat' dir='ltr'><strong>etc.</strong></span> 
     </span>
    </p>
   </div>
   <div class='ocr_carea' id='block_1_45' title="bbox 192 4635 1694 4702">
    <p class='ocr_par' dir='ltr' id='par_1_45' title="bbox 192 4635 1694 4702">
     <span class='ocr_line' id='line_1_45' title="bbox 192 4635 1694 4702; baseline -0.01 -3"><span class='ocrx_word' id='word_1_305' title='bbox 192 4645 360 4702; x_wconf 62' lang='grc' dir='ltr'><strong>ἔλθοις.</strong></span> <span class='ocrx_word' id='word_1_306' title='bbox 405 4646 684 4700; x_wconf 72' lang='lat' dir='ltr'><strong>Pururrus</strong></span> <span class='ocrx_word' id='word_1_307' title='bbox 722 4642 1086 4697; x_wconf 73' lang='lat' dir='ltr'><strong>Benoonessrs</strong></span> <span class='ocrx_word' id='word_1_308' title='bbox 1137 4639 1188 4691; x_wconf 92' lang='lat' dir='ltr'><strong>in</strong></span> <span class='ocrx_word' id='word_1_309' title='bbox 1229 4636 1476 4691; x_wconf 82' lang='lat' dir='ltr'><strong>Chronico</strong></span> <span class='ocrx_word' id='word_1_310' title='bbox 1504 4635 1571 4685; x_wconf 86' lang='lat' dir='ltr'><strong>ad</strong></span> <span class='ocrx_word' id='word_1_311' title='bbox 1609 4649 1694 4684; x_wconf 86' lang='lat' dir='ltr'><strong>an.</strong></span> 
     </span>
    </p>
   </div>
   <div class='ocr_carea' id='block_1_46' title="bbox 254 4730 1086 4789">
    <p class='ocr_par' dir='ltr' id='par_1_46' title="bbox 254 4730 1086 4789">
     <span class='ocr_line' id='line_1_46' title="bbox 254 4730 1086 4789; baseline -0.007 3"><span class='ocrx_word' id='word_1_312' title='bbox 254 4730 263 4737; x_wconf 74' lang='grc'><em>’</em></span> <span class='ocrx_word' id='word_1_313' title='bbox 811 4735 932 4789; x_wconf 78' lang='lat' dir='ltr'><strong>Chr.</strong></span> <span class='ocrx_word' id='word_1_314' title='bbox 963 4732 1086 4788; x_wconf 67' lang='grc'><strong>429.</strong></span> 
     </span>
    </p>
   </div>
   <div class='ocr_carea' id='block_1_47' title="bbox 224 4839 1737 4923">
    <p class='ocr_par' dir='ltr' id='par_1_47' title="bbox 224 4839 1737 4923">
     <span class='ocr_line' id='line_1_47' title="bbox 224 4839 1737 4923; baseline -0.011 -17"><span class='ocrx_word' id='word_1_315' title='bbox 224 4853 563 4923; x_wconf 81' lang='lat' dir='ltr'><strong>Hieronymus</strong></span> <span class='ocrx_word' id='word_1_316' title='bbox 589 4850 671 4904; x_wconf 87' lang='lat' dir='ltr'><strong>vir</strong></span> <span class='ocrx_word' id='word_1_317' title='bbox 706 4846 1146 4903; x_wconf 87' lang='lat' dir='ltr'><strong>familiarissimus</strong></span> <span class='ocrx_word' id='word_1_318' title='bbox 1176 4853 1229 4898; x_wconf 86' lang='lat' dir='ltr'><strong>et</strong></span> <span class='ocrx_word' id='word_1_319' title='bbox 1269 4843 1464 4898; x_wconf 89' lang='lat' dir='ltr'><strong>Doctor</strong></span> <span class='ocrx_word' id='word_1_320' title='bbox 1496 4839 1737 4896; x_wconf 74' lang='lat' dir='ltr'><strong>colt-ber-</strong></span> 
     </span>
    </p>
   </div>
   <div class='ocr_carea' id='block_1_48' title="bbox 161 4930 1734 5009">
    <p class='ocr_par' dir='ltr' id='par_1_48' title="bbox 161 4930 1734 5009">
     <span class='ocr_line' id='line_1_48' title="bbox 161 4930 1734 5009; baseline -0.009 -13"><span class='ocrx_word' id='word_1_321' title='bbox 161 4944 340 5009; x_wconf 86' lang='lat' dir='ltr'><strong>rimus,</strong></span> <span class='ocrx_word' id='word_1_322' title='bbox 362 4953 555 4996; x_wconf 83' lang='lat' dir='ltr'><strong>sancta:</strong></span> <span class='ocrx_word' id='word_1_323' title='bbox 575 4942 830 4996; x_wconf 78' lang='lat' dir='ltr'><strong>Romana:</strong></span> <span class='ocrx_word' id='word_1_324' title='bbox 853 4938 1101 4996; x_wconf 77' lang='lat' dir='ltr'><strong>Ecclesia:</strong></span> <span class='ocrx_word' id='word_1_325' title='bbox 1123 4933 1419 4989; x_wconf 88' lang='lat' dir='ltr'><strong>Cardinalis</strong></span> <span class='ocrx_word' id='word_1_326' title='bbox 1438 4930 1734 5002; x_wconf 85' lang='lat' dir='ltr'><strong>presbyter,</strong></span> 
     </span>
    </p>
   </div>
   <div class='ocr_carea' id='block_1_49' title="bbox 161 5023 1734 5100">
    <p class='ocr_par' dir='ltr' id='par_1_49' title="bbox 161 5023 1734 5100">
     <span class='ocr_line' id='line_1_49' title="bbox 161 5023 1734 5100; baseline -0.008 -13"><span class='ocrx_word' id='word_1_327' title='bbox 161 5037 365 5089; x_wconf 84' lang='lat' dir='ltr'><strong>natione</strong></span> <span class='ocrx_word' id='word_1_328' title='bbox 405 5032 634 5100; x_wconf 80' lang='lat' dir='ltr'><strong>Italicus,</strong></span> <span class='ocrx_word' id='word_1_329' title='bbox 685 5049 750 5087; x_wconf 87' lang='lat' dir='ltr'><strong>ex</strong></span> <span class='ocrx_word' id='word_1_330' title='bbox 779 5029 975 5100; x_wconf 84' lang='lat' dir='ltr'><strong>Oppido</strong></span> <span class='ocrx_word' id='word_1_331' title='bbox 1018 5027 1280 5083; x_wconf 88' lang='lat' dir='ltr'><strong>Slridonis</strong></span> <span class='ocrx_word' id='word_1_332' title='bbox 1307 5025 1360 5078; x_wconf 90' lang='lat' dir='ltr'><strong>in</strong></span> <span class='ocrx_word' id='word_1_333' title='bbox 1385 5023 1582 5078; x_wconf 85' lang='lat' dir='ltr'><strong>llistria</strong></span> <span class='ocrx_word' id='word_1_334' title='bbox 1610 5035 1734 5091; x_wconf 89' lang='lat' dir='ltr'><strong>pro-</strong></span> 
     </span>
    </p>
   </div>
   <div class='ocr_carea' id='block_1_50' title="bbox 161 5116 1736 5195">
    <p class='ocr_par' dir='ltr' id='par_1_50' title="bbox 161 5116 1736 5195">
     <span class='ocr_line' id='line_1_50' title="bbox 161 5116 1736 5195; baseline -0.01 -15"><span class='ocrx_word' id='word_1_335' title='bbox 161 5129 319 5185; x_wconf 90' lang='lat' dir='ltr'><strong>vincia</strong></span> <span class='ocrx_word' id='word_1_336' title='bbox 370 5125 662 5182; x_wconf 90' lang='lat' dir='ltr'><strong>constituto</strong></span> <span class='ocrx_word' id='word_1_337' title='bbox 691 5142 705 5179; x_wconf 91' lang='lat'><strong>:</strong></span> <span class='ocrx_word' id='word_1_338' title='bbox 737 5123 880 5195; x_wconf 90' lang='lat' dir='ltr'><strong>quod</strong></span> <span class='ocrx_word' id='word_1_339' title='bbox 936 5122 1148 5192; x_wconf 88' lang='lat' dir='ltr'><strong>quidem</strong></span> <span class='ocrx_word' id='word_1_340' title='bbox 1184 5134 1214 5173; x_wconf 90' lang='lat' dir='ltr'><strong>a</strong></span> <span class='ocrx_word' id='word_1_341' title='bbox 1265 5116 1457 5172; x_wconf 84' lang='lat' dir='ltr'><strong>Gothis</strong></span> <span class='ocrx_word' id='word_1_342' title='bbox 1491 5127 1736 5168; x_wconf 73' lang='lat' dir='ltr'><strong>eversum</strong></span> 
     </span>
    </p>
   </div>
   <div class='ocr_carea' id='block_1_51' title="bbox 161 5205 1735 5288">
    <p class='ocr_par' dir='ltr' id='par_1_51' title="bbox 161 5205 1735 5288">
     <span class='ocr_line' id='line_1_51' title="bbox 161 5205 1735 5288; baseline -0.011 -14"><span class='ocrx_word' id='word_1_343' title='bbox 161 5220 334 5277; x_wconf 89' lang='lat' dir='ltr'><strong>fuerat.</strong></span> <span class='ocrx_word' id='word_1_344' title='bbox 369 5219 661 5275; x_wconf 83' lang='lat' dir='ltr'><strong>Pannonia:</strong></span> <span class='ocrx_word' id='word_1_345' title='bbox 703 5215 970 5288; x_wconf 84' lang='lat' dir='ltr'><strong>quondam</strong></span> <span class='ocrx_word' id='word_1_346' title='bbox 1009 5213 1388 5279; x_wconf 75' lang='lat' dir='ltr'><strong>Dalmatimque</strong></span> <span class='ocrx_word' id='word_1_347' title='bbox 1424 5205 1735 5263; x_wconf 88' lang='lat' dir='ltr'><strong>confinium.</strong></span> 
     </span>
    </p>
   </div>
   <div class='ocr_carea' id='block_1_52' title="bbox 160 5294 1739 5371">
    <p class='ocr_par' dir='ltr' id='par_1_52' title="bbox 160 5294 1739 5371">
     <span class='ocr_line' id='line_1_52' title="bbox 160 5294 1739 5371; baseline -0.013 -5"><span class='ocrx_word' id='word_1_348' title='bbox 160 5312 298 5369; x_wconf 81' lang='lat' dir='ltr'><strong>Patre</strong></span> <span class='ocrx_word' id='word_1_349' title='bbox 327 5309 570 5367; x_wconf 86' lang='lat' dir='ltr'><strong>Eusebio</strong></span> <span class='ocrx_word' id='word_1_350' title='bbox 599 5319 775 5371; x_wconf 89' lang='lat' dir='ltr'><strong>natus,</strong></span> <span class='ocrx_word' id='word_1_351' title='bbox 806 5305 908 5361; x_wconf 91' lang='lat' dir='ltr'><strong>hoc</strong></span> <span class='ocrx_word' id='word_1_352' title='bbox 930 5317 1072 5358; x_wconf 90' lang='lat' dir='ltr'><strong>anno</strong></span> <span class='ocrx_word' id='word_1_353' title='bbox 1096 5301 1235 5370; x_wconf 87' lang='lat' dir='ltr'><strong>apud</strong></span> <span class='ocrx_word' id='word_1_354' title='bbox 1278 5299 1548 5354; x_wconf 83' lang='lat' dir='ltr'><strong>Bethleem</strong></span> <span class='ocrx_word' id='word_1_355' title='bbox 1587 5294 1739 5350; x_wconf 73' lang='lat' dir='ltr'><strong>inda:</strong></span> 
     </span>
    </p>
   </div>
   <div class='ocr_carea' id='block_1_53' title="bbox 157 5386 1740 5473">
    <p class='ocr_par' dir='ltr' id='par_1_53' title="bbox 157 5386 1740 5473">
     <span class='ocr_line' id='line_1_53' title="bbox 157 5386 1740 5473; baseline -0.015 -12"><span class='ocrx_word' id='word_1_356' title='bbox 157 5406 406 5461; x_wconf 88' lang='lat' dir='ltr'><strong>civitatem</strong></span> <span class='ocrx_word' id='word_1_357' title='bbox 449 5399 627 5473; x_wconf 89' lang='lat' dir='ltr'><strong>pridie</strong></span> <span class='ocrx_word' id='word_1_358' title='bbox 655 5397 908 5453; x_wconf 86' lang='lat' dir='ltr'><strong>calendas</strong></span> <span class='ocrx_word' id='word_1_359' title='bbox 933 5393 1179 5450; x_wconf 89' lang='lat' dir='ltr'><strong>Octobris</strong></span> <span class='ocrx_word' id='word_1_360' title='bbox 1204 5389 1547 5458; x_wconf 84' lang='lat' dir='ltr'><strong>nonagesimo</strong></span> <span class='ocrx_word' id='word_1_361' title='bbox 1567 5386 1740 5457; x_wconf 90' lang='lat' dir='ltr'><strong>primo</strong></span> 
     </span>
    </p>
   </div>
   <div class='ocr_carea' id='block_1_54' title="bbox 156 5481 1742 5562">
    <p class='ocr_par' dir='ltr' id='par_1_54' title="bbox 156 5481 1742 5562">
     <span class='ocr_line' id='line_1_54' title="bbox 156 5481 1742 5562; baseline -0.011 -10"><span class='ocrx_word' id='word_1_362' title='bbox 156 5499 260 5555; x_wconf 80' lang='lat' dir='ltr'><strong>vita:</strong></span> <span class='ocrx_word' id='word_1_363' title='bbox 276 5514 390 5554; x_wconf 64' lang='lat' dir='ltr'><strong>suae</strong></span> <span class='ocrx_word' id='word_1_364' title='bbox 406 5509 554 5551; x_wconf 90' lang='lat' dir='ltr'><strong>anno</strong></span> <span class='ocrx_word' id='word_1_365' title='bbox 570 5491 824 5562; x_wconf 84' lang='lat' dir='ltr'><strong>migravit</strong></span> <span class='ocrx_word' id='word_1_366' title='bbox 839 5489 905 5544; x_wconf 86' lang='lat' dir='ltr'><strong>ad</strong></span> <span class='ocrx_word' id='word_1_367' title='bbox 923 5487 1202 5543; x_wconf 88' lang='lat' dir='ltr'><strong>Dominum</strong></span> <span class='ocrx_word' id='word_1_368' title='bbox 1221 5501 1236 5538; x_wconf 90' lang='lat'><strong>:</strong></span> <span class='ocrx_word' id='word_1_369' title='bbox 1253 5482 1334 5536; x_wconf 85' lang='lat' dir='ltr'><strong>vir</strong></span> <span class='ocrx_word' id='word_1_370' title='bbox 1347 5495 1476 5536; x_wconf 86' lang='lat' dir='ltr'><strong>sane</strong></span> <span class='ocrx_word' id='word_1_371' title='bbox 1494 5481 1742 5549; x_wconf 82' lang='lat' dir='ltr'><strong>eloquen-</strong></span> 
     </span>
    </p>
   </div>
   <div class='ocr_carea' id='block_1_55' title="bbox 155 5573 1739 5658">
    <p class='ocr_par' dir='ltr' id='par_1_55' title="bbox 155 5573 1739 5658">
     <span class='ocr_line' id='line_1_55' title="bbox 155 5573 1739 5658; baseline -0.012 -11"><span class='ocrx_word' id='word_1_372' title='bbox 155 5590 392 5656; x_wconf 87' lang='lat' dir='ltr'><strong>tissimus,</strong></span> <span class='ocrx_word' id='word_1_373' title='bbox 434 5587 529 5658; x_wconf 92' lang='lat' dir='ltr'><strong>qui</strong></span> <span class='ocrx_word' id='word_1_374' title='bbox 564 5592 626 5640; x_wconf 88' lang='lat' dir='ltr'><strong>et</strong></span> <span class='ocrx_word' id='word_1_375' title='bbox 661 5581 949 5637; x_wconf 88' lang='lat' dir='ltr'><strong>multarum</strong></span> <span class='ocrx_word' id='word_1_376' title='bbox 974 5579 1412 5644; x_wconf 87' lang='lat' dir='ltr'><strong>diversarumque</strong></span> <span class='ocrx_word' id='word_1_377' title='bbox 1445 5573 1739 5628; x_wconf 87' lang='lat' dir='ltr'><strong>litterarum</strong></span> 
     </span>
    </p>
   </div>
   <div class='ocr_carea' id='block_1_56' title="bbox 151 5663 1739 5752">
    <p class='ocr_par' dir='ltr' id='par_1_56' title="bbox 151 5663 1739 5752">
     <span class='ocr_line' id='line_1_56' title="bbox 151 5663 1739 5752; baseline -0.016 -9"><span class='ocrx_word' id='word_1_378' title='bbox 151 5683 380 5752; x_wconf 82' lang='lat' dir='ltr'><strong>peritiam</strong></span> <span class='ocrx_word' id='word_1_379' title='bbox 409 5691 467 5738; x_wconf 90' lang='lat' dir='ltr'><strong>et</strong></span> <span class='ocrx_word' id='word_1_380' title='bbox 511 5678 822 5748; x_wconf 79' lang='lat' dir='ltr'><strong>linguarum</strong></span> <span class='ocrx_word' id='word_1_381' title='bbox 859 5670 1237 5740; x_wconf 77' lang='lat' dir='ltr'><strong>experientiam</strong></span> <span class='ocrx_word' id='word_1_382' title='bbox 1283 5665 1497 5733; x_wconf 87' lang='lat' dir='ltr'><strong>habuit,</strong></span> <span class='ocrx_word' id='word_1_383' title='bbox 1544 5663 1739 5720; x_wconf 85' lang='lat' dir='ltr'><strong>oratio-</strong></span> 
     </span>
    </p>
   </div>
   <div class='ocr_carea' id='block_1_57' title="bbox 1591 237 2016 300">
    <p class='ocr_par' dir='ltr' id='par_1_57' title="bbox 1591 237 2016 300">
     <span class='ocr_line' id='line_1_57' title="bbox 1591 237 2016 300; baseline -0.014 -2"><span class='ocrx_word' id='word_1_384' title='bbox 1591 237 2016 300; x_wconf 72' lang='lat' dir='ltr'><strong>TESTIMONIA.</strong></span> 
     </span>
    </p>
   </div>
   <div class='ocr_carea' id='block_1_58' title="bbox 3348 252 3451 318">
    <p class='ocr_par' dir='ltr' id='par_1_58' title="bbox 3348 252 3451 318">
     <span class='ocr_line' id='line_1_58' title="bbox 3348 252 3451 318; baseline -0.039 0"><span class='ocrx_word' id='word_1_385' title='bbox 3348 252 3451 318; x_wconf 60' lang='lat' dir='ltr'><strong>22b</strong></span> 
     </span>
    </p>
   </div>
   <div class='ocr_carea' id='block_1_59' title="bbox 1871 358 3452 437">
    <p class='ocr_par' dir='ltr' id='par_1_59' title="bbox 1871 358 3452 437">
     <span class='ocr_line' id='line_1_59' title="bbox 1871 358 3452 437; baseline 0.011 -25"><span class='ocrx_word' id='word_1_386' title='bbox 1871 359 2060 428; x_wconf 91' lang='lat' dir='ltr'><strong>nisque</strong></span> <span class='ocrx_word' id='word_1_387' title='bbox 2096 358 2414 429; x_wconf 87' lang='lat' dir='ltr'><strong>facundiam,</strong></span> <span class='ocrx_word' id='word_1_388' title='bbox 2456 372 2630 418; x_wconf 90' lang='lat' dir='ltr'><strong>rectos</strong></span> <span class='ocrx_word' id='word_1_389' title='bbox 2655 365 2947 423; x_wconf 86' lang='lat' dir='ltr'><strong>fabularum</strong></span> <span class='ocrx_word' id='word_1_390' title='bbox 2977 383 3167 426; x_wconf 82' lang='lat' dir='ltr'><strong>sensus</strong></span> <span class='ocrx_word' id='word_1_391' title='bbox 3187 411 3202 437; x_wconf 95' lang='lat'><strong>,</strong></span> <span class='ocrx_word' id='word_1_392' title='bbox 3233 370 3452 430; x_wconf 90' lang='lat' dir='ltr'><strong>multam</strong></span> 
     </span>
    </p>
   </div>
   <div class='ocr_carea' id='block_1_60' title="bbox 1868 449 3452 532">
    <p class='ocr_par' dir='ltr' id='par_1_60' title="bbox 1868 449 3452 532">
     <span class='ocr_line' id='line_1_60' title="bbox 1868 449 3452 532; baseline 0.008 -29"><span class='ocrx_word' id='word_1_393' title='bbox 1868 449 2209 506; x_wconf 87' lang='lat' dir='ltr'><strong>historiarum</strong></span> <span class='ocrx_word' id='word_1_394' title='bbox 2253 454 2598 526; x_wconf 89' lang='lat' dir='ltr'><strong>memoriam,</strong></span> <span class='ocrx_word' id='word_1_395' title='bbox 2642 457 2956 512; x_wconf 86' lang='lat' dir='ltr'><strong>naturalium</strong></span> <span class='ocrx_word' id='word_1_396' title='bbox 2986 475 3164 514; x_wconf 90' lang='lat' dir='ltr'><strong>rerum</strong></span> <span class='ocrx_word' id='word_1_397' title='bbox 3194 461 3452 532; x_wconf 80' lang='lat' dir='ltr'><strong>cognitio-</strong></span> 
     </span>
    </p>
   </div>
   <div class='ocr_carea' id='block_1_61' title="bbox 1868 545 3452 625">
    <p class='ocr_par' dir='ltr' id='par_1_61' title="bbox 1868 545 3452 625">
     <span class='ocr_line' id='line_1_61' title="bbox 1868 545 3452 625; baseline 0.009 -30"><span class='ocrx_word' id='word_1_398' title='bbox 1868 556 2012 608; x_wconf 92' lang='lat' dir='ltr'><strong>nem,</strong></span> <span class='ocrx_word' id='word_1_399' title='bbox 2039 545 2427 614; x_wconf 90' lang='lat' dir='ltr'><strong>moraliumque</strong></span> <span class='ocrx_word' id='word_1_400' title='bbox 2463 559 2790 611; x_wconf 86' lang='lat' dir='ltr'><strong>sermonum,</strong></span> <span class='ocrx_word' id='word_1_401' title='bbox 2825 557 2934 601; x_wconf 90' lang='lat' dir='ltr'><strong>tum</strong></span> <span class='ocrx_word' id='word_1_402' title='bbox 2965 565 3127 603; x_wconf 74' lang='lat' dir='ltr'><strong>sacra:</strong></span> <span class='ocrx_word' id='word_1_403' title='bbox 3165 551 3452 625; x_wconf 72' lang='lat' dir='ltr'><strong>Scriptura:</strong></span> 
     </span>
    </p>
   </div>
   <div class='ocr_carea' id='block_1_62' title="bbox 1866 635 3452 710">
    <p class='ocr_par' dir='ltr' id='par_1_62' title="bbox 1866 635 3452 710">
     <span class='ocr_line' id='line_1_62' title="bbox 1866 635 3452 710; baseline 0.009 -25"><span class='ocrx_word' id='word_1_404' title='bbox 1866 646 1928 686; x_wconf 90' lang='lat' dir='ltr'><strong>ac</strong></span> <span class='ocrx_word' id='word_1_405' title='bbox 1971 648 2116 687; x_wconf 85' lang='lat' dir='ltr'><strong>vera:</strong></span> <span class='ocrx_word' id='word_1_406' title='bbox 2149 635 2428 705; x_wconf 82' lang='lat' dir='ltr'><strong>theologia:</strong></span> <span class='ocrx_word' id='word_1_407' title='bbox 2457 638 2872 706; x_wconf 86' lang='lat' dir='ltr'><strong>perceptionem.</strong></span> <span class='ocrx_word' id='word_1_408' title='bbox 2906 639 3004 693; x_wconf 83' lang='lat' dir='ltr'><strong>llic</strong></span> <span class='ocrx_word' id='word_1_409' title='bbox 3052 641 3229 710; x_wconf 81' lang='lat' dir='ltr'><strong>itaque</strong></span> <span class='ocrx_word' id='word_1_410' title='bbox 3257 657 3311 699; x_wconf 94' lang='lat' dir='ltr'><strong>ut</strong></span> <span class='ocrx_word' id='word_1_411' title='bbox 3350 649 3452 702; x_wconf 86' lang='lat' dir='ltr'><strong>fide</strong></span> 
     </span>
    </p>
   </div>
   <div class='ocr_carea' id='block_1_63' title="bbox 1866 721 3452 800">
    <p class='ocr_par' dir='ltr' id='par_1_63' title="bbox 1866 721 3452 800">
     <span class='ocr_line' id='line_1_63' title="bbox 1866 721 3452 800; baseline 0.011 -26"><span class='ocrx_word' id='word_1_412' title='bbox 1866 721 2072 793; x_wconf 82' lang='lat' dir='ltr'><strong>integer</strong></span> <span class='ocrx_word' id='word_1_413' title='bbox 2097 734 2152 779; x_wconf 90' lang='lat' dir='ltr'><strong>et</strong></span> <span class='ocrx_word' id='word_1_414' title='bbox 2181 725 2283 779; x_wconf 83' lang='lat' dir='ltr'><strong>vita</strong></span> <span class='ocrx_word' id='word_1_415' title='bbox 2317 727 2630 795; x_wconf 91' lang='lat' dir='ltr'><strong>purissimus</strong></span> <span class='ocrx_word' id='word_1_416' title='bbox 2654 737 2790 793; x_wconf 91' lang='lat' dir='ltr'><strong>erat,</strong></span> <span class='ocrx_word' id='word_1_417' title='bbox 2824 745 2945 782; x_wconf 92' lang='lat' dir='ltr'><strong>cum</strong></span> <span class='ocrx_word' id='word_1_418' title='bbox 2989 731 3188 799; x_wconf 92' lang='lat' dir='ltr'><strong>primos</strong></span> <span class='ocrx_word' id='word_1_419' title='bbox 3208 733 3452 800; x_wconf 87' lang='lat' dir='ltr'><strong>juventu-</strong></span> 
     </span>
    </p>
   </div>
   <div class='ocr_carea' id='block_1_64' title="bbox 1867 812 3455 893">
    <p class='ocr_par' dir='ltr' id='par_1_64' title="bbox 1867 812 3455 893">
     <span class='ocr_line' id='line_1_64' title="bbox 1867 812 3455 893; baseline 0.009 -27"><span class='ocrx_word' id='word_1_420' title='bbox 1867 812 1933 867; x_wconf 89' lang='lat' dir='ltr'><strong>tis</strong></span> <span class='ocrx_word' id='word_1_421' title='bbox 1967 829 2136 869; x_wconf 90' lang='lat' dir='ltr'><strong>annos</strong></span> <span class='ocrx_word' id='word_1_422' title='bbox 2161 819 2445 887; x_wconf 87' lang='lat' dir='ltr'><strong>exegisset,</strong></span> <span class='ocrx_word' id='word_1_423' title='bbox 2480 819 2734 874; x_wconf 86' lang='lat' dir='ltr'><strong>Dalmatis</strong></span> <span class='ocrx_word' id='word_1_424' title='bbox 2768 819 2967 874; x_wconf 90' lang='lat' dir='ltr'><strong>nationi</strong></span> <span class='ocrx_word' id='word_1_425' title='bbox 2997 837 3107 875; x_wconf 87' lang='lat' dir='ltr'><strong>sua:</strong></span> <span class='ocrx_word' id='word_1_426' title='bbox 3143 825 3455 893; x_wconf 85' lang='lat' dir='ltr'><strong>propinquis</strong></span> 
     </span>
    </p>
   </div>
   <div class='ocr_carea' id='block_1_65' title="bbox 1865 904 3455 980">
    <p class='ocr_par' dir='ltr' id='par_1_65' title="bbox 1865 904 3455 980">
     <span class='ocr_line' id='line_1_65' title="bbox 1865 904 3455 980; baseline 0.008 -23"><span class='ocrx_word' id='word_1_427' title='bbox 1865 904 2118 972; x_wconf 88' lang='lat' dir='ltr'><strong>quasdam</strong></span> <span class='ocrx_word' id='word_1_428' title='bbox 2149 909 2168 929; x_wconf 88' lang='lat'><strong><em>‘</em></strong></span> <span class='ocrx_word' id='word_1_429' title='bbox 2214 906 2416 962; x_wconf 86' lang='lat' dir='ltr'><strong>litteras</strong></span> <span class='ocrx_word' id='word_1_430' title='bbox 2446 923 2474 961; x_wconf 91' lang='lat' dir='ltr'><strong>a</strong></span> <span class='ocrx_word' id='word_1_431' title='bbox 2499 909 2701 963; x_wconf 84' lang='lat' dir='ltr'><strong>Latinis</strong></span> <span class='ocrx_word' id='word_1_432' title='bbox 2730 909 3036 980; x_wconf 72' lang='lat' dir='ltr'><strong>Grmcisque</strong></span> <span class='ocrx_word' id='word_1_433' title='bbox 3081 910 3319 967; x_wconf 85' lang='lat' dir='ltr'><strong>diversas</strong></span> <span class='ocrx_word' id='word_1_434' title='bbox 3357 915 3455 969; x_wconf 61' lang='lat' dir='ltr'><strong>im-</strong></span> 
     </span>
    </p>
   </div>
   <div class='ocr_carea' id='block_1_66' title="bbox 1866 994 3453 1074">
    <p class='ocr_par' dir='ltr' id='par_1_66' title="bbox 1866 994 3453 1074">
     <span class='ocr_line' id='line_1_66' title="bbox 1866 994 3453 1074; baseline 0.011 -29"><span class='ocrx_word' id='word_1_435' title='bbox 1866 994 2052 1062; x_wconf 90' lang='lat' dir='ltr'><strong>primis</strong></span> <span class='ocrx_word' id='word_1_436' title='bbox 2071 995 2362 1064; x_wconf 89' lang='lat' dir='ltr'><strong>adinvenit,</strong></span> <span class='ocrx_word' id='word_1_437' title='bbox 2405 1007 2458 1053; x_wconf 89' lang='lat' dir='ltr'><strong>et</strong></span> <span class='ocrx_word' id='word_1_438' title='bbox 2496 1002 2830 1069; x_wconf 88' lang='lat' dir='ltr'><strong>composuit,</strong></span> <span class='ocrx_word' id='word_1_439' title='bbox 2861 1017 2979 1070; x_wconf 85' lang='lat' dir='ltr'><strong>qua:</strong></span> <span class='ocrx_word' id='word_1_440' title='bbox 3027 1002 3241 1071; x_wconf 87' lang='lat' dir='ltr'><strong>quidem</strong></span> <span class='ocrx_word' id='word_1_441' title='bbox 3271 1015 3453 1074; x_wconf 85' lang='lat' dir='ltr'><strong>postea</strong></span> 
     </span>
    </p>
   </div>
   <div class='ocr_carea' id='block_1_67' title="bbox 1863 1082 3453 1167">
    <p class='ocr_par' dir='ltr' id='par_1_67' title="bbox 1863 1082 3453 1167">
     <span class='ocr_line' id='line_1_67' title="bbox 1863 1082 3453 1167; baseline 0.008 -29"><span class='ocrx_word' id='word_1_442' title='bbox 1863 1082 2188 1140; x_wconf 69' lang='lat' dir='ltr'><strong>Sclavonicre</strong></span> <span class='ocrx_word' id='word_1_443' title='bbox 2211 1096 2335 1141; x_wconf 89' lang='lat' dir='ltr'><strong>sunt</strong></span> <span class='ocrx_word' id='word_1_444' title='bbox 2363 1089 2662 1158; x_wconf 53' lang='lat' dir='ltr'><strong>appellatio,</strong></span> <span class='ocrx_word' id='word_1_445' title='bbox 2693 1105 2757 1144; x_wconf 91' lang='lat' dir='ltr'><strong>eo</strong></span> <span class='ocrx_word' id='word_1_446' title='bbox 2785 1091 2925 1161; x_wconf 91' lang='lat' dir='ltr'><strong>quod</strong></span> <span class='ocrx_word' id='word_1_447' title='bbox 2959 1091 3310 1150; x_wconf 88' lang='lat' dir='ltr'><strong>Sclavouibus</strong></span> <span class='ocrx_word' id='word_1_448' title='bbox 3332 1098 3453 1167; x_wconf 87' lang='lat' dir='ltr'><strong>qui-</strong></span> 
     </span>
    </p>
   </div>
   <div class='ocr_carea' id='block_1_68' title="bbox 1865 1172 3455 1248">
    <p class='ocr_par' dir='ltr' id='par_1_68' title="bbox 1865 1172 3455 1248">
     <span class='ocr_line' id='line_1_68' title="bbox 1865 1172 3455 1248; baseline 0.01 -22"><span class='ocrx_word' id='word_1_449' title='bbox 1865 1172 2084 1228; x_wconf 88' lang='lat' dir='ltr'><strong>busdam</strong></span> <span class='ocrx_word' id='word_1_450' title='bbox 2110 1174 2410 1232; x_wconf 86' lang='lat' dir='ltr'><strong>Germania:</strong></span> <span class='ocrx_word' id='word_1_451' title='bbox 2439 1180 2648 1248; x_wconf 90' lang='lat' dir='ltr'><strong>populis</strong></span> <span class='ocrx_word' id='word_1_452' title='bbox 2677 1181 2900 1236; x_wconf 90' lang='lat' dir='ltr'><strong>dederit.</strong></span> <span class='ocrx_word' id='word_1_453' title='bbox 2929 1183 2994 1238; x_wconf 86' lang='lat' dir='ltr'><strong>Et</strong></span> <span class='ocrx_word' id='word_1_454' title='bbox 3023 1198 3130 1240; x_wconf 91' lang='lat' dir='ltr'><strong>non</strong></span> <span class='ocrx_word' id='word_1_455' title='bbox 3157 1185 3330 1241; x_wconf 86' lang='lat' dir='ltr'><strong>solum</strong></span> <span class='ocrx_word' id='word_1_456' title='bbox 3361 1203 3455 1243; x_wconf 87' lang='lat' dir='ltr'><strong>eas</strong></span> 
     </span>
    </p>
   </div>
   <div class='ocr_carea' id='block_1_69' title="bbox 1865 1261 3449 1346">
    <p class='ocr_par' dir='ltr' id='par_1_69' title="bbox 1865 1261 3449 1346">
     <span class='ocr_line' id='line_1_69' title="bbox 1865 1261 3449 1346; baseline 0.011 -29"><span class='ocrx_word' id='word_1_457' title='bbox 1865 1261 2074 1320; x_wconf 88' lang='lat' dir='ltr'><strong>litteras</strong></span> <span class='ocrx_word' id='word_1_458' title='bbox 2106 1270 2426 1338; x_wconf 92' lang='lat' dir='ltr'><strong>composuit,</strong></span> <span class='ocrx_word' id='word_1_459' title='bbox 2459 1272 2553 1326; x_wconf 89' lang='lat' dir='ltr'><strong>sed</strong></span> <span class='ocrx_word' id='word_1_460' title='bbox 2579 1281 2634 1327; x_wconf 89' lang='lat' dir='ltr'><strong>et</strong></span> <span class='ocrx_word' id='word_1_461' title='bbox 2662 1272 2915 1340; x_wconf 83' lang='lat' dir='ltr'><strong>officium,</strong></span> <span class='ocrx_word' id='word_1_462' title='bbox 2958 1292 3065 1346; x_wconf 90' lang='lat' dir='ltr'><strong>quo</strong></span> <span class='ocrx_word' id='word_1_463' title='bbox 3090 1292 3188 1333; x_wconf 92' lang='lat' dir='ltr'><strong>nos</strong></span> <span class='ocrx_word' id='word_1_464' title='bbox 3219 1279 3449 1343; x_wconf 88' lang='lat' dir='ltr'><strong>utimur,</strong></span> 
     </span>
    </p>
   </div>
   <div class='ocr_carea' id='block_1_70' title="bbox 1861 1353 3451 1432">
    <p class='ocr_par' dir='ltr' id='par_1_70' title="bbox 1861 1353 3451 1432">
     <span class='ocr_line' id='line_1_70' title="bbox 1861 1353 3451 1432; baseline 0.012 -26"><span class='ocrx_word' id='word_1_465' title='bbox 1861 1368 1925 1408; x_wconf 85' lang='lat' dir='ltr'><strong>ex</strong></span> <span class='ocrx_word' id='word_1_466' title='bbox 1952 1353 2138 1410; x_wconf 72' lang='lat' dir='ltr'><strong>Grzeco</strong></span> <span class='ocrx_word' id='word_1_467' title='bbox 2166 1357 2217 1411; x_wconf 92' lang='lat' dir='ltr'><strong>in</strong></span> <span class='ocrx_word' id='word_1_468' title='bbox 2241 1357 2468 1428; x_wconf 90' lang='lat' dir='ltr'><strong>idipsum</strong></span> <span class='ocrx_word' id='word_1_469' title='bbox 2500 1361 2696 1417; x_wconf 91' lang='lat' dir='ltr'><strong>idioma</strong></span> <span class='ocrx_word' id='word_1_470' title='bbox 2723 1364 2972 1432; x_wconf 78' lang='lat' dir='ltr'><strong>traduxit,</strong></span> <span class='ocrx_word' id='word_1_471' title='bbox 3001 1375 3055 1420; x_wconf 90' lang='lat' dir='ltr'><strong>et</strong></span> <span class='ocrx_word' id='word_1_472' title='bbox 3078 1367 3236 1422; x_wconf 90' lang='lat' dir='ltr'><strong>etiam</strong></span> <span class='ocrx_word' id='word_1_473' title='bbox 3259 1378 3451 1424; x_wconf 88' lang='lat' dir='ltr'><strong>contu-</strong></span> 
     </span>
    </p>
   </div>
   <div class='ocr_carea' id='block_1_71' title="bbox 1860 1444 3452 1530">
    <p class='ocr_par' dir='ltr' id='par_1_71' title="bbox 1860 1444 3452 1530">
     <span class='ocr_line' id='line_1_71' title="bbox 1860 1444 3452 1530; baseline 0.012 -33"><span class='ocrx_word' id='word_1_474' title='bbox 1860 1444 1922 1498; x_wconf 90' lang='lat' dir='ltr'><strong>lit</strong></span> <span class='ocrx_word' id='word_1_475' title='bbox 1977 1467 1990 1501; x_wconf 89' lang='lat'><strong>:</strong></span> <span class='ocrx_word' id='word_1_476' title='bbox 2043 1448 2183 1516; x_wconf 90' lang='lat' dir='ltr'><strong>quod</strong></span> <span class='ocrx_word' id='word_1_477' title='bbox 2233 1451 2392 1504; x_wconf 90' lang='lat' dir='ltr'><strong>etiam</strong></span> <span class='ocrx_word' id='word_1_478' title='bbox 2453 1453 2758 1510; x_wconf 81' lang='lat' dir='ltr'><strong>novissimis</strong></span> <span class='ocrx_word' id='word_1_479' title='bbox 2811 1458 3138 1527; x_wconf 90' lang='lat' dir='ltr'><strong>temporibus</strong></span> <span class='ocrx_word' id='word_1_480' title='bbox 3182 1459 3452 1530; x_wconf 84' lang='lat' dir='ltr'><strong>Eugenius</strong></span> 
     </span>
    </p>
   </div>
   <div class='ocr_carea' id='block_1_72' title="bbox 1862 1533 3452 1605">
    <p class='ocr_par' dir='ltr' id='par_1_72' title="bbox 1862 1533 3452 1605">
     <span class='ocr_line' id='line_1_72' title="bbox 1862 1533 3452 1605; baseline 0.011 -19"><span class='ocrx_word' id='word_1_481' title='bbox 1862 1533 2000 1602; x_wconf 87' lang='lat' dir='ltr'><strong>Papa</strong></span> <span class='ocrx_word' id='word_1_482' title='bbox 2030 1534 2117 1590; x_wconf 80' lang='lat' dir='ltr'><strong>IV.</strong></span> <span class='ocrx_word' id='word_1_483' title='bbox 2142 1536 2386 1593; x_wconf 80' lang='lat' dir='ltr'><strong>Pontifex</strong></span> <span class='ocrx_word' id='word_1_484' title='bbox 2411 1542 2674 1597; x_wconf 88' lang='lat' dir='ltr'><strong>maximus</strong></span> <span class='ocrx_word' id='word_1_485' title='bbox 2704 1543 2904 1599; x_wconf 91' lang='lat' dir='ltr'><strong>eisdem</strong></span> <span class='ocrx_word' id='word_1_486' title='bbox 2922 1549 3275 1604; x_wconf 71' lang='lat' dir='ltr'><strong>confirmavit.</strong></span> <span class='ocrx_word' id='word_1_487' title='bbox 3300 1550 3452 1605; x_wconf 83' lang='lat' dir='ltr'><strong>Adeo</strong></span> 
     </span>
    </p>
   </div>
   <div class='ocr_carea' id='block_1_73' title="bbox 1856 1622 3447 1709">
    <p class='ocr_par' dir='ltr' id='par_1_73' title="bbox 1856 1622 3447 1709">
     <span class='ocr_line' id='line_1_73' title="bbox 1856 1622 3447 1709; baseline 0.013 -33"><span class='ocrx_word' id='word_1_488' title='bbox 1856 1622 2103 1689; x_wconf 78' lang='lat' dir='ltr'><strong>equidem</strong></span> <span class='ocrx_word' id='word_1_489' title='bbox 2131 1625 2246 1694; x_wconf 87' lang='lat' dir='ltr'><strong>ejus</strong></span> <span class='ocrx_word' id='word_1_490' title='bbox 2266 1629 2600 1683; x_wconf 88' lang='lat' dir='ltr'><strong>sanctissima</strong></span> <span class='ocrx_word' id='word_1_491' title='bbox 2629 1632 2734 1686; x_wconf 89' lang='lat' dir='ltr'><strong>vita</strong></span> <span class='ocrx_word' id='word_1_492' title='bbox 2751 1635 2928 1688; x_wconf 83' lang='lat' dir='ltr'><strong>verbis</strong></span> <span class='ocrx_word' id='word_1_493' title='bbox 2950 1638 3203 1705; x_wconf 88' lang='lat' dir='ltr'><strong>explicari</strong></span> <span class='ocrx_word' id='word_1_494' title='bbox 3228 1650 3410 1709; x_wconf 88' lang='lat' dir='ltr'><strong>posset</strong></span> <span class='ocrx_word' id='word_1_495' title='bbox 3433 1660 3447 1696; x_wconf 90' lang='lat'><strong>:</strong></span> 
     </span>
    </p>
   </div>
   <div class='ocr_carea' id='block_1_74' title="bbox 1852 1715 3445 1798">
    <p class='ocr_par' dir='ltr' id='par_1_74' title="bbox 1852 1715 3445 1798">
     <span class='ocr_line' id='line_1_74' title="bbox 1852 1715 3445 1798; baseline 0.015 -34"><span class='ocrx_word' id='word_1_496' title='bbox 1852 1728 1972 1780; x_wconf 66' lang='lat' dir='ltr'><strong>quae</strong></span> <span class='ocrx_word' id='word_1_497' title='bbox 2002 1715 2237 1783; x_wconf 83' lang='lat' dir='ltr'><strong>quidem,</strong></span> <span class='ocrx_word' id='word_1_498' title='bbox 2265 1732 2388 1772; x_wconf 91' lang='lat' dir='ltr'><strong>cum</strong></span> <span class='ocrx_word' id='word_1_499' title='bbox 2431 1735 2535 1774; x_wconf 93' lang='lat' dir='ltr'><strong>non</strong></span> <span class='ocrx_word' id='word_1_500' title='bbox 2562 1721 2632 1775; x_wconf 89' lang='lat' dir='ltr'><strong>sit</strong></span> <span class='ocrx_word' id='word_1_501' title='bbox 2657 1726 2916 1793; x_wconf 89' lang='lat' dir='ltr'><strong>propositi</strong></span> <span class='ocrx_word' id='word_1_502' title='bbox 2959 1729 3087 1791; x_wconf 91' lang='lat' dir='ltr'><strong>mei,</strong></span> <span class='ocrx_word' id='word_1_503' title='bbox 3118 1731 3445 1798; x_wconf 90' lang='lat' dir='ltr'><strong>omittendo,</strong></span> 
     </span>
    </p>
   </div>
   <div class='ocr_carea' id='block_1_75' title="bbox 1851 1800 3442 1880">
    <p class='ocr_par' dir='ltr' id='par_1_75' title="bbox 1851 1800 3442 1880">
     <span class='ocr_line' id='line_1_75' title="bbox 1851 1800 3442 1880; baseline 0.015 -27"><span class='ocrx_word' id='word_1_504' title='bbox 1851 1800 1918 1854; x_wconf 91' lang='lat' dir='ltr'><strong>de</strong></span> <span class='ocrx_word' id='word_1_505' title='bbox 1945 1802 2061 1870; x_wconf 90' lang='lat' dir='ltr'><strong>ejus</strong></span> <span class='ocrx_word' id='word_1_506' title='bbox 2088 1807 2454 1863; x_wconf 88' lang='lat' dir='ltr'><strong>tantummodo</strong></span> <span class='ocrx_word' id='word_1_507' title='bbox 2492 1810 2705 1880; x_wconf 90' lang='lat' dir='ltr'><strong>scriptis</strong></span> <span class='ocrx_word' id='word_1_508' title='bbox 2743 1812 3065 1872; x_wconf 88' lang='lat' dir='ltr'><strong>luculentius</strong></span> <span class='ocrx_word' id='word_1_509' title='bbox 3092 1817 3442 1878; x_wconf 87' lang='lat' dir='ltr'><strong>disseremus.</strong></span> 
     </span>
    </p>
   </div>
   <div class='ocr_carea' id='block_1_76' title="bbox 1849 1892 3447 1980">
    <p class='ocr_par' dir='ltr' id='par_1_76' title="bbox 1849 1892 3447 1980">
     <span class='ocr_line' id='line_1_76' title="bbox 1849 1892 3447 1980; baseline 0.016 -36"><span class='ocrx_word' id='word_1_510' title='bbox 1849 1892 1948 1961; x_wconf 86' lang='lat' dir='ltr'><strong>Qui</strong></span> <span class='ocrx_word' id='word_1_511' title='bbox 1992 1911 2112 1950; x_wconf 90' lang='lat' dir='ltr'><strong>cum</strong></span> <span class='ocrx_word' id='word_1_512' title='bbox 2157 1909 2303 1954; x_wconf 90' lang='lat' dir='ltr'><strong>esset</strong></span> <span class='ocrx_word' id='word_1_513' title='bbox 2327 1901 2796 1971; x_wconf 90' lang='lat' dir='ltr'><strong>eloquentissimus</strong></span> <span class='ocrx_word' id='word_1_514' title='bbox 2843 1917 3003 1980; x_wconf 90' lang='lat' dir='ltr'><strong>atque</strong></span> <span class='ocrx_word' id='word_1_515' title='bbox 3057 1911 3447 1969; x_wconf 85' lang='lat' dir='ltr'><strong>disertissimus</strong></span> 
     </span>
    </p>
   </div>
   <div class='ocr_carea' id='block_1_77' title="bbox 1849 1984 3446 2073">
    <p class='ocr_par' dir='ltr' id='par_1_77' title="bbox 1849 1984 3446 2073">
     <span class='ocr_line' id='line_1_77' title="bbox 1849 1984 3446 2073; baseline 0.014 -36"><span class='ocrx_word' id='word_1_516' title='bbox 1849 1984 1962 2051; x_wconf 85' lang='lat' dir='ltr'><strong>vir,</strong></span> <span class='ocrx_word' id='word_1_517' title='bbox 1985 1986 2051 2041; x_wconf 91' lang='lat' dir='ltr'><strong>ad</strong></span> <span class='ocrx_word' id='word_1_518' title='bbox 2083 1988 2364 2046; x_wconf 90' lang='lat' dir='ltr'><strong>utilitatem</strong></span> <span class='ocrx_word' id='word_1_519' title='bbox 2395 1993 2668 2050; x_wconf 89' lang='lat' dir='ltr'><strong>hominum</strong></span> <span class='ocrx_word' id='word_1_520' title='bbox 2697 2013 2803 2052; x_wconf 92' lang='lat' dir='ltr'><strong>non</strong></span> <span class='ocrx_word' id='word_1_521' title='bbox 2834 1999 2994 2055; x_wconf 93' lang='lat' dir='ltr'><strong>modo</strong></span> <span class='ocrx_word' id='word_1_522' title='bbox 3022 2000 3137 2056; x_wconf 66' lang='lat' dir='ltr'><strong>hinc</strong></span> <span class='ocrx_word' id='word_1_523' title='bbox 3162 2019 3281 2073; x_wconf 84' lang='lat' dir='ltr'><strong>qua:</strong></span> <span class='ocrx_word' id='word_1_524' title='bbox 3313 2007 3446 2059; x_wconf 83' lang='lat' dir='ltr'><strong>sub-</strong></span> 
     </span>
    </p>
   </div>
   <div class='ocr_carea' id='block_1_78' title="bbox 1842 2075 3445 2179">
    <p class='ocr_par' dir='ltr' id='par_1_78' title="bbox 1842 2075 3445 2179">
     <span class='ocr_line' id='line_1_78' title="bbox 1842 2075 3445 2179; baseline 0.014 -50"><span class='ocrx_word' id='word_1_525' title='bbox 1842 2075 1981 2144; x_wconf 88' lang='lat' dir='ltr'><strong>jecla</strong></span> <span class='ocrx_word' id='word_1_526' title='bbox 2008 2081 2344 2179; x_wconf 39' lang='lat' dir='ltr'><strong>suun-edidit</strong></span> <span class='ocrx_word' id='word_1_527' title='bbox 2376 2086 2651 2154; x_wconf 83' lang='lat' dir='ltr'><strong>upuscula,</strong></span> <span class='ocrx_word' id='word_1_528' title='bbox 2681 2087 2776 2143; x_wconf 90' lang='lat' dir='ltr'><strong>sed</strong></span> <span class='ocrx_word' id='word_1_529' title='bbox 2806 2090 2910 2146; x_wconf 89' lang='lat' dir='ltr'><strong>alia</strong></span> <span class='ocrx_word' id='word_1_530' title='bbox 2955 2093 3123 2148; x_wconf 91' lang='lat' dir='ltr'><strong>multo</strong></span> <span class='ocrx_word' id='word_1_531' title='bbox 3151 2095 3298 2164; x_wconf 90' lang='lat' dir='ltr'><strong>plura</strong></span> <span class='ocrx_word' id='word_1_532' title='bbox 3325 2113 3445 2166; x_wconf 82' lang='lat' dir='ltr'><strong>qna:</strong></span> 
     </span>
    </p>
   </div>
   <div class='ocr_carea' id='block_1_79' title="bbox 1847 2169 2770 2241">
    <p class='ocr_par' dir='ltr' id='par_1_79' title="bbox 1847 2169 2770 2241">
     <span class='ocr_line' id='line_1_79' title="bbox 1847 2169 2770 2241; baseline 0.017 -24"><span class='ocrx_word' id='word_1_533' title='bbox 1847 2169 2069 2234; x_wconf 88' lang='lat' dir='ltr'><strong>reperiri</strong></span> <span class='ocrx_word' id='word_1_534' title='bbox 2093 2169 2312 2224; x_wconf 90' lang='lat' dir='ltr'><strong>minime</strong></span> <span class='ocrx_word' id='word_1_535' title='bbox 2331 2183 2640 2241; x_wconf 91' lang='lat' dir='ltr'><strong>potuerunt,</strong></span> <span class='ocrx_word' id='word_1_536' title='bbox 2665 2187 2770 2233; x_wconf 92' lang='lat' dir='ltr'><strong>etc.</strong></span> 
     </span>
    </p>
   </div>
   <div class='ocr_carea' id='block_1_80' title="bbox 1845 2255 3445 2397">
    <p class='ocr_par' dir='ltr' id='par_1_80' title="bbox 1845 2255 3445 2397">
     <span class='ocr_line' id='line_1_80' title="bbox 1845 2255 3445 2397; baseline 0.016 -101"><span class='ocrx_word' id='word_1_537' title='bbox 1845 2258 1937 2397; x_wconf 41' lang='grc' dir='ltr'><em>α’·</em></span> <span class='ocrx_word' id='word_1_538' title='bbox 1988 2255 2137 2312; x_wconf 75' lang='lat' dir='ltr'><strong>Vetus</strong></span> <span class='ocrx_word' id='word_1_539' title='bbox 2156 2259 2266 2312; x_wconf 67' lang='lat' dir='ltr'><strong>hac</strong></span> <span class='ocrx_word' id='word_1_540' title='bbox 2297 2261 2628 2320; x_wconf 72' lang='lat' dir='ltr'><strong>hallucinatio</strong></span> <span class='ocrx_word' id='word_1_541' title='bbox 2652 2276 2746 2334; x_wconf 83' lang='lat' dir='ltr'><strong>est,</strong></span> <span class='ocrx_word' id='word_1_542' title='bbox 2795 2285 2948 2338; x_wconf 84' lang='lat' dir='ltr'><strong>quam</strong></span> <span class='ocrx_word' id='word_1_543' title='bbox 2982 2287 3073 2326; x_wconf 85' lang='lat' dir='ltr'><strong>nos</strong></span> <span class='ocrx_word' id='word_1_544' title='bbox 3109 2273 3233 2328; x_wconf 78' lang='lat' dir='ltr'><strong>alibi</strong></span> <span class='ocrx_word' id='word_1_545' title='bbox 3267 2277 3445 2346; x_wconf 66' lang='grc' dir='ltr'><strong>πριο-</strong></span> 
     </span>
     <span class='ocr_line' id='line_1_81' title="bbox 1883 2362 2029 2397; baseline 0 0"><span class='ocrx_word' id='word_1_546' title='bbox 1883 2362 2029 2397; x_wconf 78' lang='lat' dir='ltr'><strong>imus.</strong></span> 
     </span>
    </p>
   </div>
   <div class='ocr_carea' id='block_1_81' title="bbox 1883 2362 2029 2400">
    <p class='ocr_par' dir='ltr' id='par_1_81' title="bbox 1883 2362 2029 2400">
     <span class='ocr_line' id='line_1_82' title="bbox 1883 2362 2029 2400; baseline 0.014 -2"><span class='ocrx_word' id='word_1_547' title='bbox 1883 2362 2029 2400; x_wconf 75' lang='grc' dir='ltr'><strong>ιηιω.</strong></span> 
     </span>
    </p>
   </div>
   <div class='ocr_carea' id='block_1_82' title="bbox 2167 2461 3120 2540">
    <p class='ocr_par' dir='ltr' id='par_1_82' title="bbox 2167 2461 3120 2540">
     <span class='ocr_line' id='line_1_83' title="bbox 2167 2461 3120 2540; baseline 0.012 -23"><span class='ocrx_word' id='word_1_548' title='bbox 2167 2461 2534 2535; x_wconf 71' lang='grc' dir='ltr'><strong>Τκιτηειιιυε,</strong></span> <span class='ocrx_word' id='word_1_549' title='bbox 2572 2467 2637 2523; x_wconf 80' lang='lat' dir='ltr'><strong>de</strong></span> <span class='ocrx_word' id='word_1_550' title='bbox 2677 2469 2928 2540; x_wconf 80' lang='lat' dir='ltr'><strong>Scriptor.</strong></span> <span class='ocrx_word' id='word_1_551' title='bbox 2977 2471 3120 2528; x_wconf 84' lang='lat' dir='ltr'><strong>Eccl.</strong></span> 
     </span>
    </p>
   </div>
   <div class='ocr_carea' id='block_1_83' title="bbox 1918 2569 3444 2656">
    <p class='ocr_par' dir='ltr' id='par_1_83' title="bbox 1918 2569 3444 2656">
     <span class='ocr_line' id='line_1_84' title="bbox 1918 2569 3444 2656; baseline 0.016 -33"><span class='ocrx_word' id='word_1_552' title='bbox 1918 2569 2260 2644; x_wconf 84' lang='lat' dir='ltr'><strong>Hieronymus</strong></span> <span class='ocrx_word' id='word_1_553' title='bbox 2285 2577 2562 2650; x_wconf 83' lang='lat' dir='ltr'><strong>presbyter</strong></span> <span class='ocrx_word' id='word_1_554' title='bbox 2587 2591 2638 2637; x_wconf 91' lang='lat' dir='ltr'><strong>ct</strong></span> <span class='ocrx_word' id='word_1_555' title='bbox 2660 2584 2952 2639; x_wconf 89' lang='lat' dir='ltr'><strong>monachus</strong></span> <span class='ocrx_word' id='word_1_556' title='bbox 2983 2597 3132 2656; x_wconf 89' lang='lat' dir='ltr'><strong>patre</strong></span> <span class='ocrx_word' id='word_1_557' title='bbox 3155 2597 3309 2644; x_wconf 87' lang='lat' dir='ltr'><strong>natus</strong></span> <span class='ocrx_word' id='word_1_558' title='bbox 3331 2591 3444 2647; x_wconf 81' lang='lat' dir='ltr'><strong>Eu-</strong></span> 
     </span>
    </p>
   </div>
   <div class='ocr_carea' id='block_1_84' title="bbox 1842 2660 3438 2737">
    <p class='ocr_par' dir='ltr' id='par_1_84' title="bbox 1842 2660 3438 2737">
     <span class='ocr_line' id='line_1_85' title="bbox 1842 2660 3438 2737; baseline 0.015 -24"><span class='ocrx_word' id='word_1_559' title='bbox 1842 2660 1994 2715; x_wconf 88' lang='lat' dir='ltr'><strong>sebio</strong></span> <span class='ocrx_word' id='word_1_560' title='bbox 2033 2679 2099 2717; x_wconf 88' lang='lat' dir='ltr'><strong>ex</strong></span> <span class='ocrx_word' id='word_1_561' title='bbox 2130 2666 2326 2736; x_wconf 90' lang='lat' dir='ltr'><strong>oppido</strong></span> <span class='ocrx_word' id='word_1_562' title='bbox 2364 2669 2651 2737; x_wconf 89' lang='lat' dir='ltr'><strong>Stridonis,</strong></span> <span class='ocrx_word' id='word_1_563' title='bbox 2683 2674 2762 2727; x_wconf 89' lang='lat' dir='ltr'><strong>vir</strong></span> <span class='ocrx_word' id='word_1_564' title='bbox 2792 2677 2844 2728; x_wconf 88' lang='lat' dir='ltr'><strong>in</strong></span> <span class='ocrx_word' id='word_1_565' title='bbox 2876 2677 3208 2734; x_wconf 91' lang='lat' dir='ltr'><strong>secularibus</strong></span> <span class='ocrx_word' id='word_1_566' title='bbox 3243 2680 3438 2737; x_wconf 88' lang='lat' dir='ltr'><strong>litteris</strong></span> 
     </span>
    </p>
   </div>
   <div class='ocr_carea' id='block_1_85' title="bbox 1843 2751 3439 2835">
    <p class='ocr_par' dir='ltr' id='par_1_85' title="bbox 1843 2751 3439 2835">
     <span class='ocr_line' id='line_1_86' title="bbox 1843 2751 3439 2835; baseline 0.015 -32"><span class='ocrx_word' id='word_1_567' title='bbox 1843 2751 1995 2807; x_wconf 87' lang='lat' dir='ltr'><strong>valde</strong></span> <span class='ocrx_word' id='word_1_568' title='bbox 2033 2753 2308 2822; x_wconf 89' lang='lat' dir='ltr'><strong>eruditus,</strong></span> <span class='ocrx_word' id='word_1_569' title='bbox 2346 2767 2400 2812; x_wconf 89' lang='lat' dir='ltr'><strong>et</strong></span> <span class='ocrx_word' id='word_1_570' title='bbox 2445 2760 2496 2814; x_wconf 92' lang='lat' dir='ltr'><strong>in</strong></span> <span class='ocrx_word' id='word_1_571' title='bbox 2545 2762 2740 2818; x_wconf 84' lang='lat' dir='ltr'><strong>divinis</strong></span> <span class='ocrx_word' id='word_1_572' title='bbox 2767 2763 3059 2835; x_wconf 86' lang='lat' dir='ltr'><strong>Scripturis</strong></span> <span class='ocrx_word' id='word_1_573' title='bbox 3084 2769 3222 2824; x_wconf 89' lang='lat' dir='ltr'><strong>inter</strong></span> <span class='ocrx_word' id='word_1_574' title='bbox 3247 2786 3439 2828; x_wconf 90' lang='lat' dir='ltr'><strong>omnes</strong></span> 
     </span>
    </p>
   </div>
   <div class='ocr_carea' id='block_1_86' title="bbox 1843 2842 3442 2942">
    <p class='ocr_par' dir='ltr' id='par_1_86' title="bbox 1843 2842 3442 2942">
     <span class='ocr_line' id='line_1_87' title="bbox 1843 2842 3442 2942; baseline 0.013 -45"><span class='ocrx_word' id='word_1_575' title='bbox 1843 2842 2097 2942; x_wconf 75' lang='lat' dir='ltr'><strong>Doctores</strong></span> <span class='ocrx_word' id='word_1_576' title='bbox 2130 2849 2558 2919; x_wconf 87' lang='lat' dir='ltr'><strong>eruditissimus,</strong></span> <span class='ocrx_word' id='word_1_577' title='bbox 2590 2857 2874 2910; x_wconf 89' lang='lat' dir='ltr'><strong>multarum</strong></span> <span class='ocrx_word' id='word_1_578' title='bbox 2917 2858 3216 2928; x_wconf 88' lang='lat' dir='ltr'><strong>linguarum</strong></span> <span class='ocrx_word' id='word_1_579' title='bbox 3249 2862 3442 2929; x_wconf 86' lang='lat' dir='ltr'><strong>peritia</strong></span> 
     </span>
    </p>
   </div>
   <div class='ocr_carea' id='block_1_87' title="bbox 1845 2934 3444 3013">
    <p class='ocr_par' dir='ltr' id='par_1_87' title="bbox 1845 2934 3444 3013">
     <span class='ocr_line' id='line_1_88' title="bbox 1845 2934 3444 3013; baseline 0.013 -28"><span class='ocrx_word' id='word_1_580' title='bbox 1845 2934 2085 3002; x_wconf 61' lang='lat' dir='ltr'><strong>insignis,</strong></span> <span class='ocrx_word' id='word_1_581' title='bbox 2117 2951 2283 2992; x_wconf 85' lang='lat' dir='ltr'><strong>sacrae</strong></span> <span class='ocrx_word' id='word_1_582' title='bbox 2341 2941 2474 3010; x_wconf 87' lang='lat' dir='ltr'><strong>legis</strong></span> <span class='ocrx_word' id='word_1_583' title='bbox 2499 2943 2783 3013; x_wconf 89' lang='lat' dir='ltr'><strong>interpres,</strong></span> <span class='ocrx_word' id='word_1_584' title='bbox 2819 2946 3191 3002; x_wconf 60' lang='lat' dir='ltr'><strong>haereticorum</strong></span> <span class='ocrx_word' id='word_1_585' title='bbox 3218 2950 3444 3006; x_wconf 86' lang='lat' dir='ltr'><strong>malleus</strong></span> 
     </span>
    </p>
   </div>
   <div class='ocr_carea' id='block_1_88' title="bbox 1841 3026 3443 3107">
    <p class='ocr_par' dir='ltr' id='par_1_88' title="bbox 1841 3026 3443 3107">
     <span class='ocr_line' id='line_1_89' title="bbox 1841 3026 3443 3107; baseline 0.013 -33"><span class='ocrx_word' id='word_1_586' title='bbox 1841 3031 1896 3074; x_wconf 90' lang='lat' dir='ltr'><strong>et</strong></span> <span class='ocrx_word' id='word_1_587' title='bbox 1935 3035 2267 3093; x_wconf 79' lang='lat' dir='ltr'><strong>expugnator</strong></span> <span class='ocrx_word' id='word_1_588' title='bbox 2292 3026 2638 3086; x_wconf 92' lang='lat' dir='ltr'><strong>fortissimus.</strong></span> <span class='ocrx_word' id='word_1_589' title='bbox 2679 3032 2776 3086; x_wconf 85' lang='lat' dir='ltr'><strong>Hic</strong></span> <span class='ocrx_word' id='word_1_590' title='bbox 2811 3045 2894 3088; x_wconf 90' lang='lat' dir='ltr'><strong>est</strong></span> <span class='ocrx_word' id='word_1_591' title='bbox 2925 3049 3082 3090; x_wconf 89' lang='lat' dir='ltr'><strong>verus</strong></span> <span class='ocrx_word' id='word_1_592' title='bbox 3107 3035 3443 3107; x_wconf 84' lang='lat' dir='ltr'><strong>dispensator</strong></span> 
     </span>
    </p>
   </div>
   <div class='ocr_carea' id='block_1_89' title="bbox 1845 3112 3442 3194">
    <p class='ocr_par' dir='ltr' id='par_1_89' title="bbox 1845 3112 3442 3194">
     <span class='ocr_line' id='line_1_90' title="bbox 1845 3112 3442 3194; baseline 0.012 -29"><span class='ocrx_word' id='word_1_593' title='bbox 1845 3112 2214 3184; x_wconf 78' lang='lat' dir='ltr'><strong>Evangelicus,</strong></span> <span class='ocrx_word' id='word_1_594' title='bbox 2242 3117 2416 3174; x_wconf 85' lang='lat' dir='ltr'><strong>fidelis</strong></span> <span class='ocrx_word' id='word_1_595' title='bbox 2443 3130 2498 3174; x_wconf 92' lang='lat' dir='ltr'><strong>et</strong></span> <span class='ocrx_word' id='word_1_596' title='bbox 2527 3121 2782 3190; x_wconf 87' lang='lat' dir='ltr'><strong>prudens,</strong></span> <span class='ocrx_word' id='word_1_597' title='bbox 2808 3126 2898 3193; x_wconf 90' lang='lat' dir='ltr'><strong>qui</strong></span> <span class='ocrx_word' id='word_1_598' title='bbox 2929 3125 3206 3194; x_wconf 85' lang='lat' dir='ltr'><strong>proferens</strong></span> <span class='ocrx_word' id='word_1_599' title='bbox 3229 3128 3298 3182; x_wconf 89' lang='lat' dir='ltr'><strong>de</strong></span> <span class='ocrx_word' id='word_1_600' title='bbox 3325 3129 3442 3184; x_wconf 87' lang='lat' dir='ltr'><strong>the-</strong></span> 
     </span>
    </p>
   </div>
   <div class='ocr_carea' id='block_1_90' title="bbox 1841 3211 3440 3290">
    <p class='ocr_par' dir='ltr' id='par_1_90' title="bbox 1841 3211 3440 3290">
     <span class='ocr_line' id='line_1_91' title="bbox 1841 3211 3440 3290; baseline 0.014 -37"><span class='ocrx_word' id='word_1_601' title='bbox 1841 3217 1998 3255; x_wconf 89' lang='lat' dir='ltr'><strong>sauro</strong></span> <span class='ocrx_word' id='word_1_602' title='bbox 2026 3217 2125 3258; x_wconf 92' lang='lat' dir='ltr'><strong>suo</strong></span> <span class='ocrx_word' id='word_1_603' title='bbox 2159 3221 2297 3261; x_wconf 84' lang='lat' dir='ltr'><strong>nova</strong></span> <span class='ocrx_word' id='word_1_604' title='bbox 2327 3215 2383 3263; x_wconf 91' lang='lat' dir='ltr'><strong>et</strong></span> <span class='ocrx_word' id='word_1_605' title='bbox 2406 3217 2607 3274; x_wconf 85' lang='lat' dir='ltr'><strong>vetera,</strong></span> <span class='ocrx_word' id='word_1_606' title='bbox 2649 3211 2888 3282; x_wconf 87' lang='lat' dir='ltr'><strong>dansque</strong></span> <span class='ocrx_word' id='word_1_607' title='bbox 2911 3216 2964 3270; x_wconf 91' lang='lat' dir='ltr'><strong>in</strong></span> <span class='ocrx_word' id='word_1_608' title='bbox 3010 3225 3250 3285; x_wconf 89' lang='lat' dir='ltr'><strong>tempore</strong></span> <span class='ocrx_word' id='word_1_609' title='bbox 3276 3219 3440 3290; x_wconf 85' lang='lat' dir='ltr'><strong>spiri-</strong></span> 
     </span>
    </p>
   </div>
   <div class='ocr_carea' id='block_1_91' title="bbox 1842 3295 3444 3380">
    <p class='ocr_par' dir='ltr' id='par_1_91' title="bbox 1842 3295 3444 3380">
     <span class='ocr_line' id='line_1_92' title="bbox 1842 3295 3444 3380; baseline 0.013 -35"><span class='ocrx_word' id='word_1_610' title='bbox 1842 3295 1961 3348; x_wconf 88' lang='lat' dir='ltr'><strong>talis</strong></span> <span class='ocrx_word' id='word_1_611' title='bbox 1992 3296 2152 3352; x_wconf 90' lang='lat' dir='ltr'><strong>tritici</strong></span> <span class='ocrx_word' id='word_1_612' title='bbox 2174 3313 2480 3354; x_wconf 88' lang='lat' dir='ltr'><strong>mensurarn</strong></span> <span class='ocrx_word' id='word_1_613' title='bbox 2508 3307 2784 3360; x_wconf 89' lang='lat' dir='ltr'><strong>conservis</strong></span> <span class='ocrx_word' id='word_1_614' title='bbox 2811 3308 2943 3372; x_wconf 89' lang='lat' dir='ltr'><strong>suis,</strong></span> <span class='ocrx_word' id='word_1_615' title='bbox 2968 3306 3224 3364; x_wconf 65' lang='lat' dir='ltr'><strong>Hebraeos</strong></span> <span class='ocrx_word' id='word_1_616' title='bbox 3252 3323 3444 3380; x_wconf 78' lang='lat' dir='ltr'><strong>super-</strong></span> 
     </span>
    </p>
   </div>
   <div class='ocr_carea' id='block_1_92' title="bbox 1841 3384 3440 3464">
    <p class='ocr_par' dir='ltr' id='par_1_92' title="bbox 1841 3384 3440 3464">
     <span class='ocr_line' id='line_1_93' title="bbox 1841 3384 3440 3464; baseline 0.014 -27"><span class='ocrx_word' id='word_1_617' title='bbox 1841 3384 1934 3438; x_wconf 76' lang='lat' dir='ltr'><strong>bos</strong></span> <span class='ocrx_word' id='word_1_618' title='bbox 1976 3387 2258 3455; x_wconf 88' lang='lat' dir='ltr'><strong>spoliavit,</strong></span> <span class='ocrx_word' id='word_1_619' title='bbox 2301 3391 2632 3464; x_wconf 83' lang='lat' dir='ltr'><strong>humilesque</strong></span> <span class='ocrx_word' id='word_1_620' title='bbox 2671 3396 2856 3451; x_wconf 90' lang='lat' dir='ltr'><strong>ditavit</strong></span> <span class='ocrx_word' id='word_1_621' title='bbox 2900 3399 3142 3457; x_wconf 89' lang='lat' dir='ltr'><strong>Latinos.</strong></span> <span class='ocrx_word' id='word_1_622' title='bbox 3214 3403 3310 3459; x_wconf 89' lang='lat' dir='ltr'><strong>llic</strong></span> <span class='ocrx_word' id='word_1_623' title='bbox 3355 3415 3440 3460; x_wconf 81' lang='lat' dir='ltr'><strong>est</strong></span> 
     </span>
    </p>
   </div>
   <div class='ocr_carea' id='block_1_93' title="bbox 1841 3473 3442 3564">
    <p class='ocr_par' dir='ltr' id='par_1_93' title="bbox 1841 3473 3442 3564">
     <span class='ocr_line' id='line_1_94' title="bbox 1841 3473 3442 3564; baseline 0.014 -37"><span class='ocrx_word' id='word_1_624' title='bbox 1841 3473 2093 3532; x_wconf 78' lang='lat' dir='ltr'><strong>Ecclesia:</strong></span> <span class='ocrx_word' id='word_1_625' title='bbox 2123 3479 2318 3535; x_wconf 80' lang='lat' dir='ltr'><strong>Christi</strong></span> <span class='ocrx_word' id='word_1_626' title='bbox 2349 3481 2535 3538; x_wconf 87' lang='lat' dir='ltr'><strong>doctor</strong></span> <span class='ocrx_word' id='word_1_627' title='bbox 2562 3489 2825 3557; x_wconf 85' lang='lat' dir='ltr'><strong>egregius,</strong></span> <span class='ocrx_word' id='word_1_628' title='bbox 2865 3491 2953 3559; x_wconf 89' lang='lat' dir='ltr'><strong>qui</strong></span> <span class='ocrx_word' id='word_1_629' title='bbox 2982 3502 3158 3548; x_wconf 89' lang='lat' dir='ltr'><strong>vestes</strong></span> <span class='ocrx_word' id='word_1_630' title='bbox 3181 3491 3322 3549; x_wconf 83' lang='lat' dir='ltr'><strong>Esau</strong></span> <span class='ocrx_word' id='word_1_631' title='bbox 3344 3509 3442 3564; x_wconf 89' lang='lat' dir='ltr'><strong>per</strong></span> 
     </span>
    </p>
   </div>
   <div class='ocr_carea' id='block_1_94' title="bbox 1837 3567 3432 3644">
    <p class='ocr_par' dir='ltr' id='par_1_94' title="bbox 1837 3567 3432 3644">
     <span class='ocr_line' id='line_1_95' title="bbox 1837 3567 3432 3644; baseline 0.013 -25"><span class='ocrx_word' id='word_1_632' title='bbox 1837 3567 1988 3621; x_wconf 80' lang='lat' dir='ltr'><strong>devia</strong></span> <span class='ocrx_word' id='word_1_633' title='bbox 2039 3585 2283 3628; x_wconf 91' lang='lat' dir='ltr'><strong>errorum</strong></span> <span class='ocrx_word' id='word_1_634' title='bbox 2315 3575 2554 3644; x_wconf 85' lang='lat' dir='ltr'><strong>vagantis</strong></span> <span class='ocrx_word' id='word_1_635' title='bbox 2584 3577 2726 3632; x_wconf 90' lang='lat' dir='ltr'><strong>domi</strong></span> <span class='ocrx_word' id='word_1_636' title='bbox 2763 3578 2934 3636; x_wconf 91' lang='lat' dir='ltr'><strong>otiose</strong></span> <span class='ocrx_word' id='word_1_637' title='bbox 2963 3583 3268 3640; x_wconf 86' lang='lat' dir='ltr'><strong>reconditas</strong></span> <span class='ocrx_word' id='word_1_638' title='bbox 3309 3600 3432 3640; x_wconf 92' lang='lat' dir='ltr'><strong>cum</strong></span> 
     </span>
    </p>
   </div>
   <div class='ocr_carea' id='block_1_95' title="bbox 1839 3659 3436 3742">
    <p class='ocr_par' dir='ltr' id='par_1_95' title="bbox 1839 3659 3436 3742">
     <span class='ocr_line' id='line_1_96' title="bbox 1839 3659 3436 3742; baseline 0.013 -32"><span class='ocrx_word' id='word_1_639' title='bbox 1839 3659 1921 3727; x_wconf 85' lang='lat' dir='ltr'><strong>pia</strong></span> <span class='ocrx_word' id='word_1_640' title='bbox 1942 3670 2110 3716; x_wconf 91' lang='lat' dir='ltr'><strong>matre</strong></span> <span class='ocrx_word' id='word_1_641' title='bbox 2129 3663 2387 3728; x_wconf 82' lang='lat' dir='ltr'><strong>Rebecca,</strong></span> <span class='ocrx_word' id='word_1_642' title='bbox 2413 3667 2461 3720; x_wconf 89' lang='lat' dir='ltr'><strong>id</strong></span> <span class='ocrx_word' id='word_1_643' title='bbox 2484 3677 2585 3732; x_wconf 90' lang='lat' dir='ltr'><strong>est,</strong></span> <span class='ocrx_word' id='word_1_644' title='bbox 2605 3670 2772 3738; x_wconf 85' lang='lat' dir='ltr'><strong>gratia</strong></span> <span class='ocrx_word' id='word_1_645' title='bbox 2798 3672 2911 3736; x_wconf 90' lang='lat' dir='ltr'><strong>Dei,</strong></span> <span class='ocrx_word' id='word_1_646' title='bbox 2934 3674 3171 3742; x_wconf 90' lang='lat' dir='ltr'><strong>protulit,</strong></span> <span class='ocrx_word' id='word_1_647' title='bbox 3196 3690 3259 3730; x_wconf 89' lang='lat' dir='ltr'><strong>ac</strong></span> <span class='ocrx_word' id='word_1_648' title='bbox 3281 3691 3436 3730; x_wconf 83' lang='lat' dir='ltr'><strong>man-</strong></span> 
     </span>
    </p>
   </div>
   <div class='ocr_carea' id='block_1_96' title="bbox 1838 3755 3435 3828">
    <p class='ocr_par' dir='ltr' id='par_1_96' title="bbox 1838 3755 3435 3828">
     <span class='ocr_line' id='line_1_97' title="bbox 1838 3755 3435 3828; baseline 0.009 -23"><span class='ocrx_word' id='word_1_649' title='bbox 1838 3765 2046 3810; x_wconf 90' lang='lat' dir='ltr'><strong>suetum</strong></span> <span class='ocrx_word' id='word_1_650' title='bbox 2072 3755 2239 3812; x_wconf 82' lang='lat' dir='ltr'><strong>Jacob</strong></span> <span class='ocrx_word' id='word_1_651' title='bbox 2266 3757 2582 3828; x_wconf 88' lang='lat' dir='ltr'><strong>fidelemque</strong></span> <span class='ocrx_word' id='word_1_652' title='bbox 2610 3760 2822 3815; x_wconf 86' lang='lat' dir='ltr'><strong>Christo</strong></span> <span class='ocrx_word' id='word_1_653' title='bbox 2843 3765 3165 3818; x_wconf 88' lang='lat' dir='ltr'><strong>servientem</strong></span> <span class='ocrx_word' id='word_1_654' title='bbox 3196 3767 3435 3820; x_wconf 89' lang='lat' dir='ltr'><strong>vestivit.</strong></span> 
     </span>
    </p>
   </div>
   <div class='ocr_carea' id='block_1_97' title="bbox 1838 3845 3431 3926">
    <p class='ocr_par' dir='ltr' id='par_1_97' title="bbox 1838 3845 3431 3926">
     <span class='ocr_line' id='line_1_98' title="bbox 1838 3845 3431 3926; baseline 0.004 -22"><span class='ocrx_word' id='word_1_655' title='bbox 1838 3845 1945 3905; x_wconf 87' lang='lat' dir='ltr'><strong>Hic</strong></span> <span class='ocrx_word' id='word_1_656' title='bbox 1972 3859 2056 3904; x_wconf 88' lang='lat' dir='ltr'><strong>est</strong></span> <span class='ocrx_word' id='word_1_657' title='bbox 2089 3849 2430 3921; x_wconf 85' lang='lat' dir='ltr'><strong>Hieronymus</strong></span> <span class='ocrx_word' id='word_1_658' title='bbox 2451 3850 2577 3905; x_wconf 83' lang='lat' dir='ltr'><strong>Jesu</strong></span> <span class='ocrx_word' id='word_1_659' title='bbox 2606 3851 2802 3904; x_wconf 91' lang='lat' dir='ltr'><strong>Christi</strong></span> <span class='ocrx_word' id='word_1_660' title='bbox 2848 3853 3090 3906; x_wconf 88' lang='lat' dir='ltr'><strong>sincerus</strong></span> <span class='ocrx_word' id='word_1_661' title='bbox 3115 3869 3264 3908; x_wconf 88' lang='lat' dir='ltr'><strong>amor</strong></span> <span class='ocrx_word' id='word_1_662' title='bbox 3283 3896 3299 3921; x_wconf 94' lang='lat'><strong>,</strong></span> <span class='ocrx_word' id='word_1_663' title='bbox 3340 3859 3431 3926; x_wconf 89' lang='lat' dir='ltr'><strong>qui</strong></span> 
     </span>
    </p>
   </div>
   <div class='ocr_carea' id='block_1_98' title="bbox 1839 3940 3435 4015">
    <p class='ocr_par' dir='ltr' id='par_1_98' title="bbox 1839 3940 3435 4015">
     <span class='ocr_line' id='line_1_99' title="bbox 1839 3940 3435 4015; baseline 0.003 -19"><span class='ocrx_word' id='word_1_664' title='bbox 1839 3942 2040 3996; x_wconf 89' lang='lat' dir='ltr'><strong>nullum</strong></span> <span class='ocrx_word' id='word_1_665' title='bbox 2067 3950 2274 4009; x_wconf 88' lang='lat' dir='ltr'><strong>tempus</strong></span> <span class='ocrx_word' id='word_1_666' title='bbox 2304 3941 2478 3995; x_wconf 89' lang='lat' dir='ltr'><strong>otiose</strong></span> <span class='ocrx_word' id='word_1_667' title='bbox 2507 3940 2792 4005; x_wconf 90' lang='lat' dir='ltr'><strong>transiens,</strong></span> <span class='ocrx_word' id='word_1_668' title='bbox 2833 3940 2922 3996; x_wconf 91' lang='lat' dir='ltr'><strong>die</strong></span> <span class='ocrx_word' id='word_1_669' title='bbox 2949 3957 3012 3996; x_wconf 90' lang='lat' dir='ltr'><strong>ac</strong></span> <span class='ocrx_word' id='word_1_670' title='bbox 3041 3951 3198 3997; x_wconf 89' lang='lat' dir='ltr'><strong>nocte</strong></span> <span class='ocrx_word' id='word_1_671' title='bbox 3233 3943 3285 3998; x_wconf 93' lang='lat' dir='ltr'><strong>in</strong></span> <span class='ocrx_word' id='word_1_672' title='bbox 3317 3945 3435 4015; x_wconf 87' lang='lat' dir='ltr'><strong>lege</strong></span> 
     </span>
    </p>
   </div>
   <div class='ocr_carea' id='block_1_99' title="bbox 1840 4030 3444 4102">
    <p class='ocr_par' dir='ltr' id='par_1_99' title="bbox 1840 4030 3444 4102">
     <span class='ocr_line' id='line_1_100' title="bbox 1840 4030 3444 4102; baseline 0.002 -15"><span class='ocrx_word' id='word_1_673' title='bbox 1840 4032 2050 4087; x_wconf 89' lang='lat' dir='ltr'><strong>Domini</strong></span> <span class='ocrx_word' id='word_1_674' title='bbox 2089 4031 2462 4096; x_wconf 90' lang='lat' dir='ltr'><strong>meditabatur,</strong></span> <span class='ocrx_word' id='word_1_675' title='bbox 2499 4041 2552 4086; x_wconf 90' lang='lat' dir='ltr'><strong>et</strong></span> <span class='ocrx_word' id='word_1_676' title='bbox 2577 4030 2665 4085; x_wconf 85' lang='lat' dir='ltr'><strong>vix</strong></span> <span class='ocrx_word' id='word_1_677' title='bbox 2691 4033 2899 4102; x_wconf 90' lang='lat' dir='ltr'><strong>corpori</strong></span> <span class='ocrx_word' id='word_1_678' title='bbox 2926 4033 3228 4088; x_wconf 84' lang='lat' dir='ltr'><strong>necessario</strong></span> <span class='ocrx_word' id='word_1_679' title='bbox 3247 4048 3444 4090; x_wconf 90' lang='lat' dir='ltr'><strong>somno</strong></span> 
     </span>
    </p>
   </div>
   <div class='ocr_carea' id='block_1_100' title="bbox 1842 4121 3442 4194">
    <p class='ocr_par' dir='ltr' id='par_1_100' title="bbox 1842 4121 3442 4194">
     <span class='ocr_line' id='line_1_101' title="bbox 1842 4121 3442 4194; baseline 0.001 -16"><span class='ocrx_word' id='word_1_680' title='bbox 1842 4124 2068 4187; x_wconf 88' lang='lat' dir='ltr'><strong>indulto,</strong></span> <span class='ocrx_word' id='word_1_681' title='bbox 2097 4137 2310 4189; x_wconf 89' lang='lat' dir='ltr'><strong>semper</strong></span> <span class='ocrx_word' id='word_1_682' title='bbox 2333 4121 2520 4176; x_wconf 85' lang='lat' dir='ltr'><strong>diebus</strong></span> <span class='ocrx_word' id='word_1_683' title='bbox 2543 4138 2605 4177; x_wconf 93' lang='lat' dir='ltr'><strong>ac</strong></span> <span class='ocrx_word' id='word_1_684' title='bbox 2627 4124 2870 4177; x_wconf 90' lang='lat' dir='ltr'><strong>noctibus</strong></span> <span class='ocrx_word' id='word_1_685' title='bbox 2895 4124 3128 4194; x_wconf 78' lang='lat' dir='ltr'><strong>scripsit,</strong></span> <span class='ocrx_word' id='word_1_686' title='bbox 3165 4125 3309 4194; x_wconf 88' lang='lat' dir='ltr'><strong>legit,</strong></span> <span class='ocrx_word' id='word_1_687' title='bbox 3342 4124 3442 4180; x_wconf 82' lang='lat' dir='ltr'><strong>do-</strong></span> 
     </span>
    </p>
   </div>
   <div class='ocr_carea' id='block_1_101' title="bbox 1839 4211 3440 4285">
    <p class='ocr_par' dir='ltr' id='par_1_101' title="bbox 1839 4211 3440 4285">
     <span class='ocr_line' id='line_1_102' title="bbox 1839 4211 3440 4285; baseline 0.001 -17"><span class='ocrx_word' id='word_1_688' title='bbox 1839 4215 1948 4268; x_wconf 88' lang='lat' dir='ltr'><strong>cuit</strong></span> <span class='ocrx_word' id='word_1_689' title='bbox 1974 4213 2061 4267; x_wconf 89' lang='lat' dir='ltr'><strong>vel</strong></span> <span class='ocrx_word' id='word_1_690' title='bbox 2083 4211 2272 4275; x_wconf 90' lang='lat' dir='ltr'><strong>oravit,</strong></span> <span class='ocrx_word' id='word_1_691' title='bbox 2306 4211 2446 4280; x_wconf 89' lang='lat' dir='ltr'><strong>quod</strong></span> <span class='ocrx_word' id='word_1_692' title='bbox 2467 4219 2730 4265; x_wconf 87' lang='lat' dir='ltr'><strong>testantur</strong></span> <span class='ocrx_word' id='word_1_693' title='bbox 2763 4228 2896 4276; x_wconf 88' lang='lat' dir='ltr'><strong>pene</strong></span> <span class='ocrx_word' id='word_1_694' title='bbox 2919 4213 3107 4266; x_wconf 89' lang='lat' dir='ltr'><strong>infiniti</strong></span> <span class='ocrx_word' id='word_1_695' title='bbox 3131 4214 3274 4279; x_wconf 88' lang='lat' dir='ltr'><strong>libri,</strong></span> <span class='ocrx_word' id='word_1_696' title='bbox 3303 4231 3440 4285; x_wconf 83' lang='lat' dir='ltr'><strong>quos</strong></span> 
     </span>
    </p>
   </div>
   <div class='ocr_carea' id='block_1_102' title="bbox 1839 4299 3438 4369">
    <p class='ocr_par' dir='ltr' id='par_1_102' title="bbox 1839 4299 3438 4369">
     <span class='ocr_line' id='line_1_103' title="bbox 1839 4299 3438 4369; baseline -0.001 -9"><span class='ocrx_word' id='word_1_697' title='bbox 1839 4304 2026 4360; x_wconf 90' lang='lat' dir='ltr'><strong>edidit.</strong></span> <span class='ocrx_word' id='word_1_698' title='bbox 2056 4303 2152 4357; x_wconf 87' lang='lat' dir='ltr'><strong>Hic</strong></span> <span class='ocrx_word' id='word_1_699' title='bbox 2182 4301 2419 4356; x_wconf 79' lang='lat' dir='ltr'><strong>veritatis</strong></span> <span class='ocrx_word' id='word_1_700' title='bbox 2448 4299 2721 4367; x_wconf 86' lang='lat' dir='ltr'><strong>defensor,</strong></span> <span class='ocrx_word' id='word_1_701' title='bbox 2743 4302 2915 4356; x_wconf 89' lang='lat' dir='ltr'><strong>cultor</strong></span> <span class='ocrx_word' id='word_1_702' title='bbox 2933 4303 3164 4369; x_wconf 87' lang='lat' dir='ltr'><strong>virtutis,</strong></span> <span class='ocrx_word' id='word_1_703' title='bbox 3184 4304 3438 4359; x_wconf 87' lang='lat' dir='ltr'><strong>vitiorum</strong></span> 
     </span>
    </p>
   </div>
   <div class='ocr_carea' id='block_1_103' title="bbox 1840 4393 3440 4470">
    <p class='ocr_par' dir='ltr' id='par_1_103' title="bbox 1840 4393 3440 4470">
     <span class='ocr_line' id='line_1_104' title="bbox 1840 4393 3440 4470; baseline 0.001 -19"><span class='ocrx_word' id='word_1_704' title='bbox 1840 4397 2132 4451; x_wconf 88' lang='lat' dir='ltr'><strong>acerrimus</strong></span> <span class='ocrx_word' id='word_1_705' title='bbox 2149 4393 2335 4458; x_wconf 88' lang='lat' dir='ltr'><strong>hostis,</strong></span> <span class='ocrx_word' id='word_1_706' title='bbox 2356 4408 2478 4447; x_wconf 90' lang='lat' dir='ltr'><strong>cum</strong></span> <span class='ocrx_word' id='word_1_707' title='bbox 2501 4402 2642 4448; x_wconf 88' lang='lat' dir='ltr'><strong>esset</strong></span> <span class='ocrx_word' id='word_1_708' title='bbox 2666 4394 2918 4448; x_wconf 80' lang='lat' dir='ltr'><strong>Ecclesia:</strong></span> <span class='ocrx_word' id='word_1_709' title='bbox 2937 4395 3190 4451; x_wconf 79' lang='lat' dir='ltr'><strong>Romana:</strong></span> <span class='ocrx_word' id='word_1_710' title='bbox 3211 4397 3440 4470; x_wconf 80' lang='lat' dir='ltr'><strong>presby-</strong></span> 
     </span>
    </p>
   </div>
   <div class='ocr_carea' id='block_1_104' title="bbox 1843 4485 3436 4558">
    <p class='ocr_par' dir='ltr' id='par_1_104' title="bbox 1843 4485 3436 4558">
     <span class='ocr_line' id='line_1_105' title="bbox 1843 4485 3436 4558; baseline 0.004 -17"><span class='ocrx_word' id='word_1_711' title='bbox 1843 4497 1941 4550; x_wconf 88' lang='lat' dir='ltr'><strong>ter,</strong></span> <span class='ocrx_word' id='word_1_712' title='bbox 1969 4496 2022 4541; x_wconf 91' lang='lat' dir='ltr'><strong>et</strong></span> <span class='ocrx_word' id='word_1_713' title='bbox 2040 4485 2246 4541; x_wconf 89' lang='lat' dir='ltr'><strong>scelera</strong></span> <span class='ocrx_word' id='word_1_714' title='bbox 2271 4485 2591 4540; x_wconf 88' lang='lat' dir='ltr'><strong>clericorum</strong></span> <span class='ocrx_word' id='word_1_715' title='bbox 2620 4495 2928 4542; x_wconf 89' lang='lat' dir='ltr'><strong>constanter</strong></span> <span class='ocrx_word' id='word_1_716' title='bbox 2952 4498 3219 4558; x_wconf 88' lang='lat' dir='ltr'><strong>argueret,</strong></span> <span class='ocrx_word' id='word_1_717' title='bbox 3248 4506 3436 4547; x_wconf 90' lang='lat' dir='ltr'><strong>eorum</strong></span> 
     </span>
    </p>
   </div>
   <div class='ocr_carea' id='block_1_105' title="bbox 1842 4575 3441 4649">
    <p class='ocr_par' dir='ltr' id='par_1_105' title="bbox 1842 4575 3441 4649">
     <span class='ocr_line' id='line_1_106' title="bbox 1842 4575 3441 4649; baseline 0.003 -19"><span class='ocrx_word' id='word_1_718' title='bbox 1842 4575 2033 4630; x_wconf 90' lang='lat' dir='ltr'><strong>invidia</strong></span> <span class='ocrx_word' id='word_1_719' title='bbox 2059 4576 2364 4630; x_wconf 85' lang='lat' dir='ltr'><strong>secessitex</strong></span> <span class='ocrx_word' id='word_1_720' title='bbox 2388 4575 2538 4640; x_wconf 90' lang='lat' dir='ltr'><strong>urbe,</strong></span> <span class='ocrx_word' id='word_1_721' title='bbox 2555 4575 2879 4647; x_wconf 85' lang='lat' dir='ltr'><strong>veniensque</strong></span> <span class='ocrx_word' id='word_1_722' title='bbox 2902 4578 2953 4631; x_wconf 91' lang='lat' dir='ltr'><strong>in</strong></span> <span class='ocrx_word' id='word_1_723' title='bbox 2977 4577 3214 4634; x_wconf 67' lang='lat' dir='ltr'><strong>Iudaeam</strong></span> <span class='ocrx_word' id='word_1_724' title='bbox 3235 4581 3441 4649; x_wconf 89' lang='lat' dir='ltr'><strong>glorio-</strong></span> 
     </span>
    </p>
   </div>
   <div class='ocr_carea' id='block_1_106' title="bbox 1841 4667 3440 4739">
    <p class='ocr_par' dir='ltr' id='par_1_106' title="bbox 1841 4667 3440 4739">
     <span class='ocr_line' id='line_1_107' title="bbox 1841 4667 3440 4739; baseline 0.001 -17"><span class='ocrx_word' id='word_1_725' title='bbox 1841 4683 1957 4722; x_wconf 90' lang='lat' dir='ltr'><strong>sum</strong></span> <span class='ocrx_word' id='word_1_726' title='bbox 1992 4667 2198 4722; x_wconf 91' lang='lat' dir='ltr'><strong>Domini</strong></span> <span class='ocrx_word' id='word_1_727' title='bbox 2222 4668 2457 4722; x_wconf 86' lang='lat' dir='ltr'><strong>visitavit</strong></span> <span class='ocrx_word' id='word_1_728' title='bbox 2481 4667 2806 4736; x_wconf 90' lang='lat' dir='ltr'><strong>sepulcrum,</strong></span> <span class='ocrx_word' id='word_1_729' title='bbox 2839 4677 2996 4739; x_wconf 88' lang='lat' dir='ltr'><strong>atque</strong></span> <span class='ocrx_word' id='word_1_730' title='bbox 3023 4671 3170 4738; x_wconf 83' lang='lat' dir='ltr'><strong>juxta</strong></span> <span class='ocrx_word' id='word_1_731' title='bbox 3200 4685 3440 4739; x_wconf 86' lang='lat' dir='ltr'><strong>praesepe</strong></span> 
     </span>
    </p>
   </div>
   <div class='ocr_carea' id='block_1_107' title="bbox 1842 4758 3440 4826">
    <p class='ocr_par' dir='ltr' id='par_1_107' title="bbox 1842 4758 3440 4826">
     <span class='ocr_line' id='line_1_108' title="bbox 1842 4758 3440 4826; baseline 0 -13"><span class='ocrx_word' id='word_1_732' title='bbox 1842 4759 2300 4814; x_wconf 88' lang='lat' dir='ltr'><strong>Bethleemiticum</strong></span> <span class='ocrx_word' id='word_1_733' title='bbox 2333 4759 2509 4813; x_wconf 91' lang='lat' dir='ltr'><strong>locum</strong></span> <span class='ocrx_word' id='word_1_734' title='bbox 2565 4759 2664 4812; x_wconf 92' lang='lat' dir='ltr'><strong>sibi</strong></span> <span class='ocrx_word' id='word_1_735' title='bbox 2708 4758 3050 4814; x_wconf 85' lang='lat' dir='ltr'><strong>habitationis</strong></span> <span class='ocrx_word' id='word_1_736' title='bbox 3085 4760 3440 4826; x_wconf 88' lang='lat' dir='ltr'><strong>constituens,</strong></span> 
     </span>
    </p>
   </div>
   <div class='ocr_carea' id='block_1_108' title="bbox 1842 4846 3440 4918">
    <p class='ocr_par' dir='ltr' id='par_1_108' title="bbox 1842 4846 3440 4918">
     <span class='ocr_line' id='line_1_109' title="bbox 1842 4846 3440 4918; baseline -0.001 -16"><span class='ocrx_word' id='word_1_737' title='bbox 1842 4849 1936 4903; x_wconf 89' lang='lat' dir='ltr'><strong>toti</strong></span> <span class='ocrx_word' id='word_1_738' title='bbox 1955 4848 2153 4902; x_wconf 90' lang='lat' dir='ltr'><strong>mundo</strong></span> <span class='ocrx_word' id='word_1_739' title='bbox 2169 4849 2345 4903; x_wconf 90' lang='lat' dir='ltr'><strong>clarus</strong></span> <span class='ocrx_word' id='word_1_740' title='bbox 2359 4847 2611 4911; x_wconf 80' lang='lat' dir='ltr'><strong>innotuit,</strong></span> <span class='ocrx_word' id='word_1_741' title='bbox 2628 4847 2946 4918; x_wconf 89' lang='lat' dir='ltr'><strong>disponente</strong></span> <span class='ocrx_word' id='word_1_742' title='bbox 2967 4848 3018 4899; x_wconf 93' lang='lat' dir='ltr'><strong>id</strong></span> <span class='ocrx_word' id='word_1_743' title='bbox 3037 4847 3286 4900; x_wconf 89' lang='lat' dir='ltr'><strong>nimirum</strong></span> <span class='ocrx_word' id='word_1_744' title='bbox 3305 4846 3440 4901; x_wconf 79' lang='lat' dir='ltr'><strong>divi-</strong></span> 
     </span>
    </p>
   </div>
   <div class='ocr_carea' id='block_1_109' title="bbox 1845 4936 3440 5010">
    <p class='ocr_par' dir='ltr' id='par_1_109' title="bbox 1845 4936 3440 5010">
     <span class='ocr_line' id='line_1_110' title="bbox 1845 4936 3440 5010; baseline 0 -18"><span class='ocrx_word' id='word_1_745' title='bbox 1845 4955 1907 4993; x_wconf 84' lang='lat' dir='ltr'><strong>na</strong></span> <span class='ocrx_word' id='word_1_746' title='bbox 1923 4940 2278 5010; x_wconf 84' lang='lat' dir='ltr'><strong>providentia,</strong></span> <span class='ocrx_word' id='word_1_747' title='bbox 2291 4939 2432 4992; x_wconf 86' lang='lat' dir='ltr'><strong>utibi</strong></span> <span class='ocrx_word' id='word_1_748' title='bbox 2448 4939 2534 4993; x_wconf 87' lang='lat' dir='ltr'><strong>lux</strong></span> <span class='ocrx_word' id='word_1_749' title='bbox 2554 4939 3069 5007; x_wconf 88' lang='lat' dir='ltr'><strong>mundiquieseeret,</strong></span> <span class='ocrx_word' id='word_1_750' title='bbox 3087 4936 3174 4990; x_wconf 90' lang='lat' dir='ltr'><strong>ubi</strong></span> <span class='ocrx_word' id='word_1_751' title='bbox 3189 4951 3346 4990; x_wconf 88' lang='lat' dir='ltr'><strong>verus</strong></span> <span class='ocrx_word' id='word_1_752' title='bbox 3360 4939 3440 4992; x_wconf 90' lang='lat' dir='ltr'><strong>sol</strong></span> 
     </span>
    </p>
   </div>
   <div class='ocr_carea' id='block_1_110' title="bbox 1838 5024 3440 5100">
    <p class='ocr_par' dir='ltr' id='par_1_110' title="bbox 1838 5024 3440 5100">
     <span class='ocr_line' id='line_1_111' title="bbox 1838 5024 3440 5100; baseline -0.002 -16"><span class='ocrx_word' id='word_1_753' title='bbox 1838 5029 2060 5100; x_wconf 79' lang='lat' dir='ltr'><strong>justltia:</strong></span> <span class='ocrx_word' id='word_1_754' title='bbox 2101 5028 2405 5083; x_wconf 88' lang='lat' dir='ltr'><strong>hominibus</strong></span> <span class='ocrx_word' id='word_1_755' title='bbox 2432 5026 2700 5082; x_wconf 85' lang='lat' dir='ltr'><strong>nascendo</strong></span> <span class='ocrx_word' id='word_1_756' title='bbox 2730 5025 3066 5079; x_wconf 88' lang='lat' dir='ltr'><strong>innotuisset.</strong></span> <span class='ocrx_word' id='word_1_757' title='bbox 3103 5024 3440 5081; x_wconf 87' lang='lat' dir='ltr'><strong>Sanctissimi</strong></span> 
     </span>
    </p>
   </div>
   <div class='ocr_carea' id='block_1_111' title="bbox 1843 5113 3440 5184">
    <p class='ocr_par' dir='ltr' id='par_1_111' title="bbox 1843 5113 3440 5184">
     <span class='ocr_line' id='line_1_112' title="bbox 1843 5113 3440 5184; baseline -0.003 -11"><span class='ocrx_word' id='word_1_758' title='bbox 1843 5120 1946 5173; x_wconf 90' lang='lat' dir='ltr'><strong>loci</strong></span> <span class='ocrx_word' id='word_1_759' title='bbox 1978 5120 2243 5172; x_wconf 87' lang='lat' dir='ltr'><strong>habitator</strong></span> <span class='ocrx_word' id='word_1_760' title='bbox 2262 5124 2478 5171; x_wconf 87' lang='lat' dir='ltr'><strong>sanctus</strong></span> <span class='ocrx_word' id='word_1_761' title='bbox 2504 5124 2664 5184; x_wconf 88' lang='lat' dir='ltr'><strong>atque</strong></span> <span class='ocrx_word' id='word_1_762' title='bbox 2687 5113 3046 5178; x_wconf 89' lang='lat' dir='ltr'><strong>conveniens;</strong></span> <span class='ocrx_word' id='word_1_763' title='bbox 3080 5114 3184 5169; x_wconf 88' lang='lat' dir='ltr'><strong>flde</strong></span> <span class='ocrx_word' id='word_1_764' title='bbox 3231 5117 3440 5183; x_wconf 88' lang='lat' dir='ltr'><strong>firmus,</strong></span> 
     </span>
    </p>
   </div>
   <div class='ocr_carea' id='block_1_112' title="bbox 1843 5202 3444 5275">
    <p class='ocr_par' dir='ltr' id='par_1_112' title="bbox 1843 5202 3444 5275">
     <span class='ocr_line' id='line_1_113' title="bbox 1843 5202 3444 5275; baseline -0.003 -13"><span class='ocrx_word' id='word_1_765' title='bbox 1843 5210 2060 5263; x_wconf 86' lang='lat' dir='ltr'><strong>caritate</strong></span> <span class='ocrx_word' id='word_1_766' title='bbox 2089 5209 2304 5275; x_wconf 89' lang='lat' dir='ltr'><strong>ignitus,</strong></span> <span class='ocrx_word' id='word_1_767' title='bbox 2333 5204 2740 5259; x_wconf 83' lang='lat' dir='ltr'><strong>conversatione</strong></span> <span class='ocrx_word' id='word_1_768' title='bbox 2763 5211 3023 5268; x_wconf 89' lang='lat' dir='ltr'><strong>maturus,</strong></span> <span class='ocrx_word' id='word_1_769' title='bbox 3042 5203 3132 5272; x_wconf 90' lang='lat' dir='ltr'><strong>qui</strong></span> <span class='ocrx_word' id='word_1_770' title='bbox 3148 5202 3327 5257; x_wconf 85' lang='lat' dir='ltr'><strong>seduci</strong></span> <span class='ocrx_word' id='word_1_771' title='bbox 3357 5217 3444 5257; x_wconf 86' lang='lat' dir='ltr'><strong>re-</strong></span> 
     </span>
    </p>
   </div>
   <div class='ocr_carea' id='block_1_113' title="bbox 1843 5293 3436 5364">
    <p class='ocr_par' dir='ltr' id='par_1_113' title="bbox 1843 5293 3436 5364">
     <span class='ocr_line' id='line_1_114' title="bbox 1843 5293 3436 5364; baseline -0.003 -11"><span class='ocrx_word' id='word_1_772' title='bbox 1843 5299 1943 5354; x_wconf 88' lang='lat' dir='ltr'><strong>bus</strong></span> <span class='ocrx_word' id='word_1_773' title='bbox 1962 5297 2208 5352; x_wconf 87' lang='lat' dir='ltr'><strong>secundis</strong></span> <span class='ocrx_word' id='word_1_774' title='bbox 2231 5311 2334 5348; x_wconf 86' lang='lat' dir='ltr'><strong>non</strong></span> <span class='ocrx_word' id='word_1_775' title='bbox 2363 5296 2551 5364; x_wconf 91' lang='lat' dir='ltr'><strong>potuit,</strong></span> <span class='ocrx_word' id='word_1_776' title='bbox 2576 5308 2734 5364; x_wconf 89' lang='lat' dir='ltr'><strong>quem</strong></span> <span class='ocrx_word' id='word_1_777' title='bbox 2753 5308 2782 5346; x_wconf 91' lang='lat' dir='ltr'><strong>a</strong></span> <span class='ocrx_word' id='word_1_778' title='bbox 2798 5299 2983 5347; x_wconf 89' lang='lat' dir='ltr'><strong>sancto</strong></span> <span class='ocrx_word' id='word_1_779' title='bbox 2999 5294 3273 5363; x_wconf 88' lang='lat' dir='ltr'><strong>proposito</strong></span> <span class='ocrx_word' id='word_1_780' title='bbox 3289 5293 3436 5349; x_wconf 87' lang='lat' dir='ltr'><strong>nulla</strong></span> 
     </span>
    </p>
   </div>
   <div class='ocr_carea' id='block_1_114' title="bbox 1846 5381 3446 5457">
    <p class='ocr_par' dir='ltr' id='par_1_114' title="bbox 1846 5381 3446 5457">
     <span class='ocr_line' id='line_1_115' title="bbox 1846 5381 3446 5457; baseline -0.001 -15"><span class='ocrx_word' id='word_1_781' title='bbox 1846 5401 2076 5457; x_wconf 85' lang='lat' dir='ltr'><strong>unquam</strong></span> <span class='ocrx_word' id='word_1_782' title='bbox 2093 5385 2385 5440; x_wconf 85' lang='lat' dir='ltr'><strong>adversitas</strong></span> <span class='ocrx_word' id='word_1_783' title='bbox 2400 5384 2613 5453; x_wconf 82' lang='lat' dir='ltr'><strong>dejecit.</strong></span> <span class='ocrx_word' id='word_1_784' title='bbox 2633 5383 2738 5438; x_wconf 88' lang='lat' dir='ltr'><strong>Sed</strong></span> <span class='ocrx_word' id='word_1_785' title='bbox 2755 5382 2880 5454; x_wconf 90' lang='lat' dir='ltr'><strong>quid</strong></span> <span class='ocrx_word' id='word_1_786' title='bbox 2895 5381 3068 5438; x_wconf 69' lang='lat' dir='ltr'><strong>foedus</strong></span> <span class='ocrx_word' id='word_1_787' title='bbox 3081 5384 3326 5439; x_wconf 89' lang='lat' dir='ltr'><strong>laudator</strong></span> <span class='ocrx_word' id='word_1_788' title='bbox 3342 5386 3446 5441; x_wconf 86' lang='lat' dir='ltr'><strong>viri</strong></span> 
     </span>
    </p>
   </div>
   <div class='ocr_carea' id='block_1_115' title="bbox 1847 5474 3446 5546">
    <p class='ocr_par' dir='ltr' id='par_1_115' title="bbox 1847 5474 3446 5546">
     <span class='ocr_line' id='line_1_116' title="bbox 1847 5474 3446 5546; baseline -0.003 -10"><span class='ocrx_word' id='word_1_789' title='bbox 1847 5488 2088 5536; x_wconf 84' lang='lat' dir='ltr'><strong>sanctum</strong></span> <span class='ocrx_word' id='word_1_790' title='bbox 2130 5475 2390 5531; x_wconf 88' lang='lat' dir='ltr'><strong>verticem</strong></span> <span class='ocrx_word' id='word_1_791' title='bbox 2416 5475 2576 5530; x_wconf 87' lang='lat' dir='ltr'><strong>labris</strong></span> <span class='ocrx_word' id='word_1_792' title='bbox 2599 5476 2850 5546; x_wconf 87' lang='lat' dir='ltr'><strong>contingo</strong></span> <span class='ocrx_word' id='word_1_793' title='bbox 2874 5474 3138 5546; x_wconf 81' lang='lat' dir='ltr'><strong>impuris?</strong></span> <span class='ocrx_word' id='word_1_794' title='bbox 3177 5475 3446 5531; x_wconf 85' lang='lat' dir='ltr'><strong>silendum</strong></span> 
     </span>
    </p>
   </div>
   <div class='ocr_carea' id='block_1_116' title="bbox 1847 5567 3447 5640">
    <p class='ocr_par' dir='ltr' id='par_1_116' title="bbox 1847 5567 3447 5640">
     <span class='ocr_line' id='line_1_117' title="bbox 1847 5567 3447 5640; baseline -0.004 -14"><span class='ocrx_word' id='word_1_795' title='bbox 1847 5570 2014 5640; x_wconf 74' lang='lat' dir='ltr'><strong>magis</strong></span> <span class='ocrx_word' id='word_1_796' title='bbox 2029 5567 2298 5626; x_wconf 89' lang='lat' dir='ltr'><strong>humiliter</strong></span> <span class='ocrx_word' id='word_1_797' title='bbox 2323 5567 2452 5622; x_wconf 88' lang='lat' dir='ltr'><strong>mihi</strong></span> <span class='ocrx_word' id='word_1_798' title='bbox 2474 5567 2667 5633; x_wconf 87' lang='lat' dir='ltr'><strong>fuerat,</strong></span> <span class='ocrx_word' id='word_1_799' title='bbox 2687 5582 2846 5639; x_wconf 88' lang='lat' dir='ltr'><strong>quam</strong></span> <span class='ocrx_word' id='word_1_800' title='bbox 2867 5567 2935 5622; x_wconf 91' lang='lat' dir='ltr'><strong>de</strong></span> <span class='ocrx_word' id='word_1_801' title='bbox 2964 5568 3304 5624; x_wconf 87' lang='lat' dir='ltr'><strong>sanctissimo</strong></span> <span class='ocrx_word' id='word_1_802' title='bbox 3331 5567 3447 5621; x_wconf 90' lang='lat' dir='ltr'><strong>viro</strong></span> 
     </span>
    </p>
   </div>
   <div class='ocr_carea' id='block_1_117' title="bbox 1849 5658 3446 5732">
    <p class='ocr_par' dir='ltr' id='par_1_117' title="bbox 1849 5658 3446 5732">
     <span class='ocr_line' id='line_1_118' title="bbox 1849 5658 3446 5732; baseline -0.006 -13"><span class='ocrx_word' id='word_1_803' title='bbox 1849 5660 2230 5720; x_wconf 80' lang='lat' dir='ltr'><strong>insufilcicnter</strong></span> <span class='ocrx_word' id='word_1_804' title='bbox 2246 5659 2590 5731; x_wconf 85' lang='lat' dir='ltr'><strong>loquendum.</strong></span> <span class='ocrx_word' id='word_1_805' title='bbox 2605 5658 2754 5717; x_wconf 85' lang='lat' dir='ltr'><strong>Nunc</strong></span> <span class='ocrx_word' id='word_1_806' title='bbox 2769 5674 2915 5732; x_wconf 72' lang='lat' dir='ltr'><strong>ergo,</strong></span> <span class='ocrx_word' id='word_1_807' title='bbox 2929 5675 3046 5732; x_wconf 77' lang='lat' dir='ltr'><strong>qua:</strong></span> <span class='ocrx_word' id='word_1_808' title='bbox 3060 5659 3126 5718; x_wconf 90' lang='lat' dir='ltr'><strong>de</strong></span> <span class='ocrx_word' id='word_1_809' title='bbox 3140 5659 3373 5730; x_wconf 86' lang='lat' dir='ltr'><strong>scriptis,</strong></span> <span class='ocrx_word' id='word_1_810' title='bbox 3393 5665 3446 5712; x_wconf 88' lang='lat' dir='ltr'><strong>et</strong></span> 
     </span>
    </p>
   </div>
  </div>
