4048 6186
665 235 764 290 9.51
1114 207 1123 216 ’
1937 217 2248 277 SELECTA
2287 217 2620 278 VETERUM

678 351 948 404 Romanus
963 342 1204 401 Pontifex
1229 341 1508 402 Damasus,
1535 333 1877 391 doctissimus
1897 330 2242 402 Augustinus,

671 442 940 506 Paulinus,
965 433 1329 495 Chromatius,
1362 425 1696 492 Heliodorus,
1734 424 1991 494 multique
2016 424 2104 478 alii
2131 438 2250 493 pas-

668 533 768 588 sim
809 545 907 600 per
935 526 1165 586 Italiam,
1194 519 1447 584 Galliam,
1481 516 1784 586 Hispaniam
1807 554 1823 580 ,
1853 514 2114 580 Africam,
2145 513 2248 568 Pa-

669 623 926 678 laestinam
966 623 1020 669 et
1059 611 1319 668 Grmciam
1351 606 1696 664 eruditissimi
1723 605 1961 676 episcopi
2003 603 2070 659 ad
2106 604 2250 660 hunc

671 725 830 767 unum
866 704 1236 773 confugerunt,
1272 709 1538 769 tamquam
1578 697 1644 752 ad
1671 711 1814 762 eum,
1855 695 1946 765 qui
1971 695 2249 764 multiplici

667 803 964 868 linguarum
1007 793 1266 848 varietate
1317 789 1550 859 adjutus,
1581 801 1766 843 omnes
1795 785 2012 855 legisset
2057 783 2248 839 divinae

666 891 956 958 Scripturze
982 889 1332 954 interpretes,
1359 881 1595 945 Grmeos,
1621 878 1880 947 ,liebrreos
1924 885 1978 933 et
2007 876 2244 930 Latinos.

665 981 816 1050 Quod
845 990 898 1034 et
937 977 1260 1044 Augustinus
1297 973 1434 1026 libro
1469 970 1640 1039 primo
1682 968 1937 1023 adversus
1982 966 2248 1020 Julianum

667 1073 840 1142 palam
867 1069 950 1123 his
975 1067 1151 1121 verbis
1177 1061 1432 1128 ostendit,
1463 1059 1706 1128 inquiens
1733 1075 1746 1111 :
1776 1057 2001 1112 Sanetus
2027 1055 2248 1125 presby-

669 1175 749 1218 ter
791 1161 1164 1229 Hieronymus,
1214 1168 1409 1224 graeco,
1467 1151 1632 1206 latino
1669 1157 1724 1204 et
1763 1149 1976 1204 ltebrose
2013 1147 2252 1203 eruditus

667 1253 900 1324 eloquio,
925 1266 990 1306 ex
1018 1244 1331 1304 occidentali
1352 1244 1416 1299 ad
1444 1242 1754 1298 orientalem
1779 1240 2043 1295 transiens
2072 1239 2252 1294 Eccle-

669 1348 822 1407 sium,
855 1343 905 1397 in
931 1342 1058 1395 locis
1088 1336 1286 1394 sanctis
1315 1345 1476 1405 atque
1500 1335 1550 1387 in
1579 1331 1765 1386 litteris
1799 1330 1966 1386 sacris
1993 1343 2160 1398 usque
2185 1326 2250 1382 ad

668 1433 992 1499 decrepitam
1022 1429 1402 1484 vixitzetalem.
1429 1423 1525 1478 llic
1541 1435 1746 1485 omnes,
1777 1420 1862 1476 vel
1891 1435 2023 1490 pene
2043 1432 2248 1484 onmes,

669 1528 755 1597 qui
780 1535 904 1580 ante
933 1525 1078 1579 illum
1107 1537 1171 1590 ex
1203 1528 1422 1588 utraque
1440 1525 1587 1586 parte
1619 1514 1766 1570 orbis
1793 1513 1859 1569 de
1887 1512 2125 1568 doctrina
2147 1511 2253 1565 Ec-

669 1617 961 1670 clesiasdca
983 1613 1328 1682 scripserunt,
1359 1607 1507 1678 legit.

917 1727 1051 1780 As'r.
1076 1725 1424 1789 Posssvmus,
1456 1731 1587 1776 tomo
1617 1719 1669 1775 Ι.
1698 1721 2005 1790 Apparatus.

743 1838 889 1894 Adeo
919 1837 1190 1908 perspicax
1222 1833 1388 1889 divini
1422 1831 1657 1896 Codieis,
1708 1832 1820 1886 sive
1862 1830 2027 1897 ipsius
2053 1827 2254 1882 versio-

673 1951 818 2000 ntnn,
848 1931 943 1985 fuit
971 1931 1030 1985 ι).
1065 1927 1426 1996 Ilieronynms,
1456 1934 1511 1979 ut
1541 1923 1782 1980 Gelasius
1810 1921 2052 1977 Pontifex
2090 1920 2253 1974 Maxi-

671 2039 788 2078 mus
837 2038 937 2077 nna
984 2035 1102 2076 cum
1146 2016 1425 2087 Episc0pis
1470 2015 1799 2085 septuaginta
1829 2021 2048 2068 testatus
2075 2011 2162 2075 sit,
2194 2025 2254 2066 se

671 2114 937 2168 volumina
965 2111 1052 2166 illa
1084 2109 1357 2180 probasse,
1388 2121 1505 2176 que
1551 2104 1894 2175 Hieronymus
1925 2103 2035 2173 ipse
2061 2102 2254 2173 proba-

669 2215 837 2270 verat,
864 2216 1022 2274 atque
1043 2203 1093 2257 in
1120 2200 1368 2256 omnibus
1391 2206 1628 2253 secutum
1654 2197 1768 2267 ejus
1789 2211 1906 2251 esse
1933 2194 2250 2250 sententiam

669 2295 912 2351 renuiasc
942 2303 1120 2348 autem
1150 2305 1264 2360 qua:
1288 2290 1376 2344 ille
1399 2297 1670 2344 renuerat.
1701 2287 1803 2353 Qui
1832 2296 1884 2342 et
1914 2285 1982 2340 ab
2009 2283 2250 2339 Ecclesia

673 2385 904 2438 Doctoris
948 2382 1162 2437 Maximi
1188 2381 1240 2435 in
1272 2379 1437 2434 sacris
1473 2378 1687 2434 Litteris
1713 2391 1904 2432 nomen
1935 2385 2017 2432 est
2042 2390 2253 2431 assecu-

673 2485 777 2538 tus,
833 2482 887 2528 et
929 2488 958 2527 a
1002 2473 1226 2527 Damaso
1272 2468 1531 2525 Pontiﬁce
1575 2468 1808 2522 maximo
1859 2466 2009 2538 quasi
2057 2465 2256 2520 arbiter

670 2565 880 2636 quidam
908 2564 1204 2619 divinarum
1239 2562 1633 2631 Scriplttrarum
1675 2561 2020 2614 constitutus.
2047 2556 2152 2612 Sed
2201 2565 2256 2612 et

669 2672 790 2712 cum
820 2657 880 2710 ι).
909 2654 1234 2724 Augustinus
1251 2667 1372 2708 eum
1401 2651 1733 2720 perlittcras,
1761 2663 1960 2719 perque
1983 2647 2251 2711 Orosium,

671 2763 825 2819 quem
858 2745 922 2800 ad
952 2746 1100 2800 illum
1129 2742 1496 2813 ablegavit,de
1522 2741 1702 2795 arduis
1719 2741 2100 2811 quaestionibus
2124 2753 2253 2793 con-

675 2892 1687 2928 L’Wﬂm”

1257 2888 1470 2896 .——-——.—

3833 223 3942 281 232

2355 334 2532 389 sulere
2559 333 2773 402 soleret,
2812 332 2928 404 ejus
2953 348 3079 390 vero
3111 334 3274 389 libros
3303 333 3558 389 adversus
3597 333 3942 394 Jorinianum

2355 426 2627 480 vocaverit
2663 424 3048 491 lucidissimos,
3081 425 3423 482 suavissimos
3450 434 3611 496 atque
3641 427 3942 497 praeclaris-

2354 501 2542 581 simo’s,
2570 517 2910 586 intelligimus
2935 517 3115 586 quanti
3137 516 3362 571 faciendi
3391 517 3519 585 sint,
3552 518 3641 587 qui
3668 518 3722 572 in
3747 516 3937 573 Hiero-

2357 611 2496 678 nymi
2521 608 2731 677 scriptis
2758 616 2968 662 exstant
2988 605 3240 662 thesauri.

2561 717 2866 772 Ricuanws
2901 718 3066 773 SIION
3104 718 3156 772 in
3185 716 3414 771 Historia
3440 718 3614 772 critica
3645 720 3734 774 lib.

2429 829 2556 884 Post
2600 828 2882 899 Origenem
2911 828 3117 885 doctior
3147 827 3488 899 Hieronymus
3529 832 3708 886 existit
3729 873 3744 899 ,
3776 846 3938 903 quem

2359 923 2549 977 merit-0
2595 922 2899 977 Latinorum
2942 922 3220 992 Origencm
3258 921 3457 977 dixeris
3479 964 3495 990 ,
3526 925 3614 993 qui
3645 925 3789 980 idem
3825 941 3941 981 sua:

2359 1013 2612 1068 Ecclesiae
2635 1055 2649 1078 ,
2678 1013 2816 1082 quod
2853 1023 2977 1068 ante
3005 1029 3114 1068 suae
3141 1011 3422 1083 Origenes,
3453 1024 3703 1083 priestare
3725 1016 3940 1082 voluit;

2358 1112 2413 1157 at
2453 1104 2504 1158 in
2534 1118 2597 1159 eo
2626 1103 2851 1174 Origene
2879 1104 3212 1174 przestantior
3232 1144 3247 1167 ,
3275 1103 3416 1174 quod
3461 1105 3550 1158 illo
3579 1105 3631 1159 in
3660 1106 3943 1162 Hebraicis

2360 1193 2513 1263 longe
2539 1192 2758 1264 peritior
2782 1201 2946 1261 esset,
2979 1203 3032 1248 et
3061 1193 3178 1263 plus
3208 1193 3298 1247 illo
3323 1192 3519 1248 Judzeis
3549 1208 3695 1260 usus,
3723 1195 3940 1251 subtili-

2362 1293 2467 1338 tate
2511 1293 2683 1338 tamen
2719 1293 2773 1338 et
2813 1282 3056 1338 acumine
3095 1283 3166 1337 illi
3209 1281 3447 1337 inferior.
3492 1284 3751 1351 Quocirca
3794 1285 3944 1340 haud

2361 1375 2430 1428 ita
2461 1376 2654 1443 saepius
2682 1389 2743 1429 ac
2765 1373 3020 1444 Origenes
3039 1373 3306 1443 allegoriis
3334 1373 3484 1438 ludit,
3515 1384 3772 1445 prmterea
3804 1375 3939 1430 Hie-

2358 1467 2557 1537 ronymi
2595 1468 2860 1535 allegoria:
2885 1507 2899 1532 ,
2931 1466 3264 1538 etymologia:
3300 1466 3567 1538 pleneque
3592 1478 3646 1522 et
3675 1469 3727 1523 in
3758 1469 3942 1524 verbis

2360 1559 2665 1613 allusiones.
2717 1557 2828 1611 Prze
2870 1556 3082 1612 eteteris
3112 1556 3489 1626 Interpretibus
3516 1557 3815 1627 seligendus
3837 1598 3853 1623 ,
3883 1568 3946 1613 et

2362 1649 2708 1715 cvolvendus,
2735 1658 2842 1703 tum
2869 1649 3010 1719 quod
3039 1648 3313 1715 l‘lcbraice,
3339 1647 3492 1720 Syre,
3519 1647 3723 1714 Grarce,
3751 1649 3946 1704 Latine

2362 1743 2559 1806 sciret,
2590 1741 2682 1794 sed
2712 1749 2766 1795 et
2791 1740 3028 1794 omnium
3055 1739 3279 1794 aliorum
3301 1738 3572 1795 versiones
3602 1739 3851 1810 legisset,
3883 1751 3945 1795 et

2362 1833 2598 1902 quotidie
2635 1831 2845 1885 Judaeos
2873 1829 3194 1885 consuleret.
3228 1828 3428 1884 Deinde
3459 1829 3511 1883 in
3545 1829 3779 1900 profanis
3806 1845 3944 1884 em-

2363 1924 2652 1979 ditissimus
2679 1931 2793 1977 erat
2819 1940 2831 1976 :
2862 1936 2966 1976 non
2993 1920 3186 1992 ubique
3211 1930 3386 1976 tamen
3412 1929 3657 1988 exactus,
3684 1921 3945 1992 quoniam

2363 2029 2468 2069 non
2499 2015 2627 2068 satis
2655 2013 2742 2067 diu
2769 2054 2784 2079 ,
2811 2028 2928 2083 qua:
2954 2011 3222 2078 dictabat,
3251 2011 3601 2066 meditabatur
3620 2053 3636 2077 ,
3665 2027 3849 2067 verum
3879 2023 3947 2068 ut

2362 2105 2476 2174 ipse
2503 2102 2714 2170 latetur,
2743 2118 2860 2172 quae
2889 2101 3025 2173 apttd
3049 2102 3180 2157 alios
3207 2101 3425 2170 legerat,
3451 2111 3541 2156 aut
3565 2117 3593 2155 a
3623 2101 3820 2158 Judzeis
3847 2119 3946 2160 ac-

2362 2206 2611 2266 ceperat,
2638 2195 2840 2250 dictare
2863 2195 2992 2248 satis
3019 2193 3256 2248 haberet.
3289 2192 3422 2247 Hinc
3452 2193 3550 2262 ipsi
3577 2193 3794 2248 minime
3820 2209 3945 2248 om-

2363 2287 2471 2353 nia,
2494 2300 2610 2355 quze
2636 2285 2687 2338 in
2711 2281 3119 2338 Commentariis
3141 2282 3324 2348 habet,
3345 2282 3618 2337 tribuenda
3637 2291 3778 2338 sunt.
3803 2282 3944 2339 Nam

2363 2383 2416 2431 ct
2433 2373 2694 2429 interdum
2712 2373 3037 2440 Judaeorum,
3054 2372 3432 2428 Harreticorum
3449 2371 3710 2427 interdum
3733 2381 3946 2429 senten-

2365 2465 2464 2520 tias
2501 2465 2908 2533 dietabatzquas
2943 2473 2999 2518 ut
3043 2479 3073 2519 a
3103 2464 3329 2534 propriis
3367 2464 3536 2520 lector
3573 2464 3941 2530 discerneret,

2366 2556 2572 2626 regulas
2607 2555 3015 2626 praescripserat.
3054 2555 3233 2624 quue
3259 2553 3418 2608 modo
3443 2554 3725 2622 impactum
3756 2555 3944 2608 incon-

2364 2646 2572 2700 stantia:
2611 2646 2808 2700 crimen
2855 2644 3104 2700 diluebat.
3150 2641 3346 2713 Optimi
3391 2647 3626 2699 omnium
3674 2643 3842 2714 ipsius
3885 2645 3942 2700 in

2366 2737 2660 2806 Prophetas
2685 2735 3078 2802 Commentarii,
3105 2744 3209 2791 etc.

3786 2902 3848 2919 ἐί
3855 2902 3909 2919 ΓΞ

1676 3032 2004 3103 ΡΕΤΒΙ
2053 3032 2373 3104 PAULI
2426 3031 2903 3102 VERGERI

1772 3196 2802 3282 JUSTINOPOLITANI

1331 3369 1568 3480 DE
1635 3368 2095 3484 ΙΠπο
2169 3369 3276 3484 Πιειιοιιῐγιιιο

2127 3573 2479 3671 ῶναιῑο.

1551 3753 1601 3812 κ

741 3884 1147 3944 Sanctissimum
1177 3880 1450 3938 doctorem
1479 3879 1600 3936 fidei
1627 3889 1822 3936 nostra:
1849 3879 2252 3952 Hieronymum,

673 3978 824 4047 cujus
849 3976 966 4030 dies
994 3975 1249 4029 solemnis
1291 3973 1464 4038 adest,
1496 3974 1567 4026 ita
1603 3971 1730 4027 mihi
1770 3972 1884 4028 dari
1920 3974 2076 4044 cupio
2114 3984 2258 4032 recte

674 4067 892 4122 laudare
919 4106 934 4128 ,
966 4075 1023 4118 ut
1066 4064 1118 4118 in
1157 4078 1223 4118 eo
1257 4061 1520 4116 laudando
1557 4061 1766 4118 laudem
1806 4063 1919 4133 ipse
1947 4079 2118 4120 meam
2151 4080 2256 4120 non

677 4171 912 4228 quarram
935 4173 948 4210 :
971 4153 1064 4210 sed
1091 4153 1159 4208 sit
1177 4153 1225 4208 ei
1246 4150 1687 4222 quemadmodum
1711 4167 1911 4220 sermo,
1936 4154 2007 4208 ita
2034 4165 2087 4209 et
2110 4169 2258 4211 mens

681 4248 892 4318 propria
923 4246 1215 4301 intentione
1242 4243 1504 4300 dedicata.
1533 4243 1859 4314 Quamquam
1887 4245 2010 4315 quid
2040 4262 2259 4316 speran-

679 4337 803 4392 dum
831 4339 900 4392 sit
927 4335 1094 4392 laudis
1124 4337 1425 4405 loquuturo,
1457 4350 1560 4391 non
1593 4336 1750 4389 video
1782 4353 1794 4388 :
1825 4335 1912 4390 ubi
1940 4337 2258 4407 magnitudi-

680 4443 750 4483 ne
791 4444 966 4484 rerum
991 4469 1007 4493 ,
1039 4429 1355 4497 eloquentia:
1382 4427 1464 4480 vis
1491 4427 1664 4482 omnis
1692 4427 1934 4484 obruitur
1957 4470 1971 4495 ,
2003 4437 2055 4485 et
2083 4431 2260 4486 excel-

677 4520 861 4574 lentia:
904 4519 1213 4573 meritorum
1255 4518 1428 4573 omnis
1473 4518 1641 4588 impar
1679 4529 1761 4574 est
1796 4535 1994 4575 sermo.
2026 4521 2109 4576 Me
2134 4538 2260 4579 vero

657 4611 907 4667 .minime
927 4609 1159 4664 omnium
1183 4625 1398 4678 sperare
1419 4608 1468 4664 id
1489 4611 1755 4675 convenit,
1779 4626 1842 4667 ac
1865 4615 1907 4667 si
1929 4613 2052 4683 quid
2081 4615 2259 4671 talium

684 4711 919 4760 mentem
934 4699 1141 4765 subeat,
1161 4699 1372 4768 placere
1399 4699 1602 4767 desipio
1630 4717 1643 4752 :
1667 4700 1754 4768 qui
1784 4716 1902 4754 cum
1930 4702 2082 4757 obire
2109 4713 2261 4774 quot-

681 4796 837 4850 annis
867 4806 1061 4850 munus
1084 4791 1185 4847 hoc
1213 4789 1428 4844 laudum
1456 4790 1605 4846 soleo
1629 4833 1643 4856 ,
1673 4804 1884 4861 semper
1910 4802 2082 4848 tamen
2110 4807 2258 4865 post-

679 4901 902 4957 eaquam
935 4883 986 4940 id
1014 4881 1173 4953 ccepi,
1195 4883 1263 4935 ita
1283 4879 1535 4949 deinceps
1565 4896 1654 4950 per
1683 4895 1850 4936 annos
1878 4883 2099 4939 affectus
2119 4900 2257 4955 sum,

683 4989 743 5035 ut
769 4979 949 5050 augeri
975 4975 1103 5032 mihi
1130 4972 1451 5031 desiderium
1473 4973 1720 5040 sentiam,
1749 4975 1913 5028 minui
1937 4974 2256 5033 facultatem.

681 5073 872 5127 Evenit
909 5079 1085 5126 autem
1127 5069 1227 5124 hoc
1263 5066 1488 5122 fortasse
1511 5107 1526 5132 ,
1562 5066 1674 5121 sive
1700 5066 1838 5136 quod
1872 5066 2102 5122 nondum
2132 5071 2262 5124 satis

680 5163 787 5216 sint
813 5161 940 5214 mihi
965 5161 1106 5214 vires
1132 5157 1323 5230 ingenii
1351 5156 1453 5212 mei
1483 5171 1756 5227 perpensa:
1774 5197 1789 5223 ,
1815 5161 1902 5226 qui
1928 5156 2108 5214 subire
2131 5160 2260 5214 tanti

679 5253 862 5308 oneris
913 5264 1128 5305 causam
1181 5263 1284 5303 non
1336 5263 1565 5303 verear:
1593 5245 1733 5317 quod
1771 5257 2025 5317 quantum
2065 5249 2166 5316 sit,
2207 5257 2262 5304 et

682 5342 914 5398 intellexi
942 5342 1199 5411 tantisper
1223 5339 1440 5406 dudum,
1469 5350 1520 5395 et
1547 5341 1598 5394 in
1627 5339 1742 5395 dies
1770 5341 2032 5410 perspicio
2055 5342 2256 5410 magis:

683 5436 794 5489 sive
819 5434 959 5504 quod
987 5433 1126 5487 illius
1151 5432 1338 5489 merita
1360 5432 1497 5503 apud
1526 5432 1784 5503 plurimos
1807 5432 2018 5501 quidem
2039 5432 2262 5501 diligen-

685 5533 764 5579 ter
803 5538 989 5592 parum
1037 5522 1398 5577 ammadversa
1423 5564 1438 5588 ,
1483 5538 1513 5576 a
1556 5538 1643 5577 me
1685 5537 1811 5576 vero
1850 5524 2007 5578 etiam
2052 5537 2262 5578 summo

1927 3789 2210 3803 —

683 5614 862 5670 studio
898 5609 1228 5666 considerata
1251 5653 1266 5677 ,
1301 5628 1405 5682 quo
1433 5615 1596 5682 magis
1625 5614 1930 5667 elucescunt
1952 5655 1966 5679 ,
1998 5628 2064 5670 eo
2093 5615 2261 5682 magis

681 5703 931 5762 aﬂ‘ectum
962 5697 1154 5755 mentis
1181 5700 1444 5766 alliciunt,
1471 5711 1523 5757 et
1550 5716 1578 5757 a
1608 5702 1964 5771 consequendi
1995 5716 2087 5775 Spe
2115 5704 2261 5773 inge-

2217 3768 2376 3824 φωρ)

2379 3785 2654 3803 0.-

2361 3887 2435 3941 nii
2464 3901 2683 3942 acumen
2711 3885 2875 3958 magis
2898 3887 3169 3957 magisque
3193 3887 3497 3943 deterrent:
3521 3886 3634 3944 sive
3658 3890 3802 3960 quod
3832 3905 3947 3961 prae

2361 3975 2628 4032 desiderio
2666 3991 2786 4031 meo
2808 4018 2823 4044 ,
2855 3976 3134 4048 studioque
3174 3978 3445 4048 religionis
3484 3979 3535 4032 in
3573 3979 3716 4034 illum
3743 4021 3758 4046 ,
3791 3989 3949 4036 tanto

2362 4065 2492 4121 mihi
2534 4065 2789 4122 retardari
2833 4065 3050 4123 facultas
3075 4065 3280 4123 videtur
3305 4068 3540 4138 ingenii,
3569 4078 3768 4140 quanto
3795 4084 3942 4141 prte-

2362 4157 2528 4212 currit
2560 4158 2792 4212 Studium
2819 4151 3123 4214 voluntatis.

2433 4249 2666 4316 Quarum
2694 4249 2936 4318 equidem
2968 4265 3168 4318 rerum,
3200 4258 3255 4306 ut
3281 4250 3498 4308 subesse
3525 4259 3805 4322 utramque
3831 4254 3947 4324 pri-

2305 4415 2310 4420 ι
2363 4356 2566 4394 marum
2597 4355 2700 4394 non
2731 4356 2864 4409 nego
2890 4381 2904 4404 ,
2935 4340 3002 4393 ita
3041 4339 3230 4395 adesse
3269 4352 3590 4410 postremam
3619 4357 3951 4412 magnopere

2362 4431 2492 4484 mihi
2517 4431 2690 4501 cupio.
2722 4430 2850 4485 Nam
2877 4430 3047 4486 ofﬁcio
3072 4431 3394 4502 quidemille
3415 4448 3556 4500 meo,
3575 4441 3667 4488 aut
3685 4433 3952 4505 cujusque

2363 4521 2578 4576 alterius
2618 4521 2671 4576 in
2699 4521 2984 4578 reddendis
3008 4521 3076 4577 de
3104 4537 3164 4579 se
3191 4523 3434 4580 laudibus
3459 4523 3586 4578 nihil
3611 4523 3811 4595 indiget
3837 4543 3851 4580 :
3880 4542 3953 4583 ae

2363 4626 2469 4666 non
2499 4609 2752 4667 delectari
2795 4613 2985 4683 opinor
3007 4653 3022 4678 ,
3057 4613 3159 4668 nisi
3201 4613 3325 4669 boni
3374 4613 3746 4684 profectusque
3771 4621 3951 4671 nostri

2361 4703 2564 4772 gratia;
2595 4717 2713 4757 eum
2740 4718 2834 4772 per
2859 4717 2919 4759 se
2945 4704 3055 4774 ipse
3083 4703 3287 4758 infinito
3314 4705 3525 4775 proprio
3548 4706 3689 4759 bono
3711 4707 3763 4760 in
3785 4705 3952 4762 beata

2365 4792 2453 4845 illa
2494 4801 2796 4864 aeternaque
2823 4793 2926 4847 vita
2970 4795 3208 4858 fruatur;
3247 4794 3526 4850 devotione
3553 4808 3681 4848 vero
3706 4835 3722 4860 ,
3754 4797 3905 4850 cultu
3931 4839 3952 4865 ,

2363 4884 2646 4952 religione,
2675 4885 2901 4954 pietate,
2932 4900 2994 4940 ac
3024 4885 3147 4950 fide,
3176 4901 3295 4941 cum
3323 4886 3372 4940 in
3404 4886 3563 4951 hunc,
3591 4893 3701 4939 tum
3731 4887 3784 4939 in
3815 4889 3954 4943 reli-

2364 4990 2496 5044 quos
2516 4975 2732 5032 Caelites
2770 4991 2866 5032 nos
2895 4977 2991 5047 ipsi
3023 4986 3202 5034 nostra
3226 4992 3382 5034 causa
3421 4976 3737 5047 indigemus.
3769 4979 3957 5052 Atque

2365 5066 2416 5120 in
2447 5067 2628 5135 primis
2652 5081 2770 5137 ego,
2796 5067 2884 5136 qui
2909 5067 3109 5122 meritis
3135 5067 3292 5137 hujus
3314 5067 3490 5124 Sancti
3514 5067 3749 5136 gloriosi,
3777 5070 3955 5124 multa

2365 5172 2658 5227 magnaque
2696 5171 3063 5226 saepenumero
3102 5155 3361 5213 beneﬁcia
3382 5156 3520 5228 apud
3546 5157 3709 5211 Deum
3734 5157 3960 5214 immor-

2369 5249 2527 5301 talem
2554 5256 2893 5302 consecutum
2919 5288 2934 5312 ,
2967 5246 3244 5302 manifesta
3275 5247 3379 5302 fide
3405 5262 3492 5303 me
3517 5246 3872 5317 deprehendi,
3898 5259 3960 5303 et

2365 5340 2687 5396 difficillimis
2713 5341 3038 5410 temporibus
3062 5337 3227 5394 fuisse
3253 5339 3319 5395 de
3345 5339 3670 5408 gravissimis
3694 5340 3960 5410 periculis

2366 5433 2483 5502 ejus
2509 5447 2610 5502 0pc
2636 5442 2794 5503 atque
2821 5433 3197 5487 intercessione
3227 5431 3529 5488 liberatum.

2437 5522 2586 5590 Quod
2627 5524 2672 5576 si
2713 5522 2936 5576 antehac
2972 5521 3269 5576 devotionis
3311 5522 3474 5575 ullum
3533 5521 3764 5576 studium
3797 5536 3826 5575 a
3867 5538 3962 5577 me

2367 5613 2679 5675 debebatur,
2707 5613 2872 5667 multo
2897 5623 3044 5667 certe
3069 5627 3209 5666 nunc
3233 5613 3464 5682 amplius
3487 5612 3846 5668 adhibendum
3874 5622 3964 5669 est

2369 5702 2519 5769 mihi,
2552 5711 2606 5757 ut
2637 5703 2866 5772 parentis
2893 5701 3190 5772 nuperrime
3217 5701 3354 5756 diem
3384 5700 3551 5757 funeti
3579 5701 3691 5774 (qui
3713 5709 3834 5773 erat
3860 5701 3966 5759 do-
