4048 6186
197 282 312 343 153

201 399 519 456 votissintus
549 400 680 468 tibi,
705 401 1079 459 Sancte'f’ater
1107 398 1469 473 Hieronyme)
1497 399 1665 455 vicem
1695 399 1782 456 hic

199 489 458 558 referam,
482 493 636 561 cujus
659 491 798 563 apud
823 501 874 549 te
898 507 1104 564 preces,
1131 507 1249 548 mea
1273 505 1432 546 causa
1451 531 1468 558 ,
1495 489 1782 561 plurimmu

197 583 434 639 valuisse
455 623 472 648 ,
518 599 638 640 sum
674 584 862 641 crebro
903 594 1157 656 expertus
1190 602 1204 639 :
1238 592 1297 639 ut
1335 581 1780 654 quemadmodum

198 673 444 743 praclari
488 673 641 744 hujus
677 673 941 742 instituti,
972 674 1354 745 familiarisque
1381 672 1676 729 devotionis
1703 671 1784 725 di-

197 763 436 832 scipulus
473 765 697 820 viventis
729 765 850 832 sui,
884 765 955 821 ita
989 775 1044 820 et
1074 766 1123 820 ei
1165 779 1378 836 quoque
1405 763 1654 819 defuncto
1682 762 1781 818 sim

199 849 372 909 haeres
403 871 417 908 :
447 862 503 910 et
529 855 672 926 quod
703 853 833 911 mihi
861 855 1211 926 patrocinium
1249 855 1302 909 in
1333 854 1423 908 illo
1460 861 1576 909 erat
1595 894 1610 918 ,
1644 867 1784 908 nunc

192 960 357 1002 omne
381 944 453 1001 sit
476 947 529 1001 in
556 947 780 1016 meipso.
808 947 1118 1018 Quanquam
1146 960 1268 1001 eum
1297 943 1508 1000 eonlido
1540 944 1644 1000 tuis
1667 959 1780 997 meo

190 1035 310 1091 ritis
337 1046 501 1107 atque
525 1037 788 1106 precibus,
810 1046 1066 1106 prmterea
1089 1035 1228 1107 quod
1256 1044 1434 1090 rectus
1458 1035 1619 1089 homo
1643 1042 1780 1098 erat,

187 1136 243 1180 et
272 1126 477 1182 timens
512 1127 679 1182 Deum
701 1168 718 1193 ,
745 1127 1089 1182 excedentem
1115 1141 1181 1182 ex
1219 1125 1317 1180 hac
1346 1125 1465 1179 luce
1493 1124 1544 1178 in
1573 1137 1635 1178 ea
1665 1122 1782 1176 loca

184 1215 512 1282 deductum,
543 1216 630 1271 ubi
659 1231 690 1270 a
721 1225 793 1280 te,
823 1226 878 1272 et
903 1231 997 1286 per
1027 1225 1079 1272 te
1107 1216 1272 1271 multo
1300 1215 1505 1270 facilius
1529 1212 1785 1281 consequi

180 1306 412 1375 quidvis
436 1306 627 1375 possit.

258 1396 428 1464 Quod
459 1396 616 1467 igitur
637 1394 704 1450 ad
733 1409 820 1452 me
844 1396 1036 1452 attinet
1058 1437 1074 1463 ,
1101 1393 1546 1467 quemadmodum
1575 1392 1785 1449 devotio

177 1489 363 1542 animi
401 1497 458 1544 et
497 1487 756 1544 servanda
779 1529 795 1553 ,
829 1497 884 1543 et
918 1487 1306 1560 augmentanda
1345 1495 1426 1543 est
1454 1505 1467 1540 :
1495 1487 1565 1542 ita
1595 1499 1784 1541 munus

185 1577 299 1632 hoc
329 1591 570 1631 annuum
599 1576 988 1633 reddendarum
1019 1577 1256 1644 laudum,
1288 1577 1591 1633 nullatenus
1622 1577 1785 1646 negli-

187 1667 428 1738 gendum
447 1708 464 1732 ,
495 1667 548 1722 in
577 1680 682 1737 quo
707 1667 1107 1737 qualiscumque
1135 1669 1205 1721 sit
1232 1682 1410 1721 sermo
1433 1707 1448 1731 ,
1479 1667 1602 1721 dum
1631 1681 1782 1720 mens

191 1762 260 1814 sit
286 1759 592 1829 integra,ae
616 1757 825 1828 penitus
852 1757 924 1812 illi
949 1757 1159 1822 devota,
1178 1771 1282 1810 non
1304 1756 1777 1826 magnifaciendum

193 1852 426 1908 arbitror
443 1893 458 1918 ,
487 1851 628 1921 quod
659 1851 710 1904 in
737 1866 859 1906 eum
887 1851 1053 1919 magis
1078 1864 1198 1904 esse
1224 1857 1409 1920 gratus
1432 1848 1588 1917 cupio
1619 1863 1775 1915 quam

195 1943 444 2000 disertus.
484 1940 594 1997 Nec
632 1956 715 1995 me
749 1940 914 2006 fallit,
941 1955 1064 1994 eum
1098 1939 1186 2010 qui
1225 1938 1441 1993 laudare
1473 1939 1774 2007 quempiam

197 2047 258 2088 ex
294 2031 589 2087 illustribus
627 2029 882 2096 accedat,
924 2029 1151 2083 maxime
1185 2043 1312 2083 vero
1337 2069 1351 2094 ,
1381 2027 1522 2099 quod
1556 2027 1622 2082 ad
1662 2043 1774 2082 rem

196 2121 426 2176 divinam
455 2121 715 2185 attineat,
740 2118 940 2174 debere
969 2126 1023 2174 et
1061 2119 1231 2189 ipsum
1261 2131 1472 2188 quoque
1499 2117 1655 2173 laude
1691 2117 1775 2171 di-

197 2228 356 2282 gnum
384 2225 504 2266 esse
527 2252 542 2278 ,
573 2210 796 2280 tabeque
824 2209 968 2264 omnii
1006 2224 1189 2264 emere
1213 2250 1230 2276 ,
1273 2223 1341 2262 ne
1369 2207 1594 2262 dicentis
1617 2208 1776 2262 vitam

198 2301 550 2372 reprehendat
575 2301 764 2367 oratio,
788 2301 1072 2367 verbisque
1096 2299 1352 2370 speciosis
1379 2314 1556 2354 mores
1579 2299 1778 2353 sordidi

201 2393 356 2450 ﬁdem
386 2394 659 2464 abrogent.
689 2392 840 2460 Quod
873 2403 933 2447 ut
961 2392 1013 2447 in
1051 2407 1140 2446 me
1175 2405 1279 2446 non
1317 2391 1423 2457 sit,
1452 2390 1575 2445 boni
1603 2399 1777 2445 tamen

200 2487 374 2556 piique
394 2485 586 2556 ingenii
611 2485 746 2540 solet
761 2498 880 2540 esse
895 2491 1293 2552 argumentum,
1312 2481 1528 2536 laudare
1545 2480 1778 2536 studiose

200 2581 464 2642 virtutem,
487 2587 541 2632 et
567 2577 725 2634 rebus
746 2577 913 2632 sacris
931 2577 1131 2632 cultum
1157 2573 1412 2629 adhibere
1433 2574 1774 2644 pmipuum.

199 2669 346 2737 Quod
389 2667 432 2724 si
459 2687 524 2725 ex
552 2685 638 2725 me
662 2669 923 2740 quispiam
960 2676 1164 2738 qua-rat
1183 2708 1200 2734 ,
1228 2682 1388 2738 quam
1417 2666 1571 2735 hujus
1598 2665 1776 2722 Sancti

199 2761 410 2833 gloriosi
457 2760 683 2830 primam
728 2759 1160 2829 potissimamqne
1199 2757 1408 2812 laudem
1436 2757 1730 2812 existimem
1757 2799 1771 2822 ,

202 2855 333 2910 hanc
357 2855 560 2910 scilicet
583 2855 953 2909 incunctanter
974 2851 1325 2923 respondebo,
1349 2851 1492 2924 quod
1521 2868 1638 2907 meo
1657 2852 1773 2923 qni-

201 2945 318 3001 dem
359 2946 562 3015 judicio
597 2961 702 3000 non
745 2944 913 3014 possit
951 2943 1108 3014 digne
1144 2943 1374 3012 humano
1402 2957 1496 2998 ore
1524 2943 1723 2997 laudari
1757 2962 1771 2998 :

201 3038 387 3094 deinde
424 3036 564 3106 quod
605 3038 656 3091 in
704 3051 1016 3107 unoquoque
1054 3051 1250 3107 genere
1290 3036 1501 3090 laudum
1545 3051 1728 3090 earum
1753 3077 1771 3102 ,

201 3144 313 3196 qua:
339 3125 404 3180 ad
434 3126 647 3181 doctum
690 3139 996 3196 reetumque
1027 3127 1293 3181 hominem
1323 3168 1338 3192 ,
1373 3141 1435 3181 ac
1465 3126 1619 3196 plane
1647 3127 1772 3181 reli-

201 3216 548 3285 giosissimum
592 3215 948 3270 Christianum
990 3215 1295 3284 pertinent,
1337 3215 1540 3270 laudari
1579 3214 1774 3270 eximie

202 3307 264 3360 de
291 3305 508 3375 singulis
538 3315 730 3375 potest.
771 3304 921 3373 Quod
956 3305 998 3358 si
1036 3305 1146 3374 jam
1181 3320 1246 3360 eo
1272 3304 1535 3359 laudando
1561 3320 1776 3376 erepere

202 3395 490 3451 litterarum
522 3395 761 3465 peritiam
781 3409 1228 3461 cornmemorare,
1253 3394 1582 3450 diversarum
1609 3409 1772 3465 expe-

201 3487 436 3541 rientiam
463 3486 778 3555 linguarum,
803 3485 1058 3541 orationis
1081 3485 1397 3554 facundiam,
1427 3495 1600 3542 rectos
1627 3486 1775 3541 fabu-

202 3575 364 3630 larum
391 3591 580 3630 sensus
597 3617 613 3642 ,
641 3575 857 3630 multam
885 3575 1221 3631 historiarum
1246 3577 1553 3631 memoriam
1571 3617 1586 3643 ,
1617 3587 1774 3632 natu-

202 3669 382 3723 ralium
412 3683 590 3723 rerum
616 3667 994 3738 cognitionem,
1021 3667 1402 3736 moraliumque
1427 3681 1728 3746 sermonum
1757 3686 1770 3722 :

203 3767 307 3814 tum
340 3773 470 3814 vero
495 3759 784 3829 Scriptura:
811 3772 979 3814 sacrae
1001 3797 1017 3823 ,
1047 3773 1291 3829 vet-atque
1317 3758 1618 3830 Theologiae
1648 3776 1773 3830 per-

202 3850 490 3919 ceptionem
518 3890 534 3915 ,
587 3864 693 3903 non
737 3847 958 3904 videbor
1005 3847 1223 3902 forsitan
1277 3849 1473 3919 aliquid
1521 3865 1771 3920 magnum

203 3940 390 4004 dicere,
414 3939 554 4010 quod
581 3940 696 3994 hmc
723 3940 834 4010 ipsa
863 3940 1015 3994 malis
1038 3942 1196 3995 etiam
1225 3939 1526 3994 hominibus
1554 3953 1775 4010 possunt

203 4031 445 4085 advenire
465 4046 478 4083 :
498 4045 670 4100 neque
688 4031 829 4084 enim
844 4030 952 4085 ista
973 4029 1141 4085 bonos
1162 4028 1378 4095 faciunt,
1401 4029 1495 4084 sed
1511 4031 1770 4088 eruditos.

200 4122 299 4177 Aut
327 4123 370 4176 si
400 4132 654 4192 praeterea
681 4121 1060 4176 continentiam
1086 4163 1102 4186 ,
1134 4119 1514 4186 fortitudinem,
1547 4122 1776 4190 pruden-

205 4212 738 4278 tiam,constantiam,
762 4210 1240 4274 mansuetudinem,
1273 4209 1596 4281 patientiam,
1630 4211 1776 4267 beni-

204 4303 554 4374 gnitatemque
589 4302 643 4357 in
682 4302 822 4358 illius
863 4302 1103 4357 laudibus
1143 4316 1503 4372 recognovero
1530 4318 1544 4356 :
1574 4316 1672 4358 nec
1699 4303 1778 4358 sic

205 4393 404 4462 quidem
444 4393 667 4447 forsitan
712 4407 1028 4463 magnopere
1069 4407 1190 4448 eum
1232 4408 1424 4448 ornare
1465 4392 1773 4462 judicabor,

207 4486 334 4555 quod
386 4495 442 4541 et
491 4485 578 4539 his
629 4484 910 4538 virtutibus
965 4484 1176 4554 plurimi
1229 4483 1513 4538 Gentilium
1570 4483 1775 4553 pratditi

205 4577 341 4632 fuere
368 4594 383 4630 :
414 4587 646 4646 suntque
689 4575 772 4630 ha:
817 4575 1037 4640 laudes,
1080 4584 1138 4629 ut
1173 4574 1365 4629 debita:
1403 4573 1619 4644 quidem
1662 4574 1778 4630 viro

205 4665 354 4734 bono,
387 4669 456 4723 ita
487 4669 644 4739 plane
669 4683 777 4722 non
809 4667 1034 4736 propria:
1065 4667 1266 4722 homini
1293 4665 1593 4722 Christiano
1626 4684 1639 4720 :
1672 4666 1774 4722 Po-

203 4767 394 4819 stremo
422 4764 468 4819 si
494 4763 654 4820 tidem
681 4771 1032 4827 constantem,
1062 4775 1209 4831 spem
1239 4770 1436 4816 certam
1459 4801 1475 4829 ,
1502 4761 1776 4816 caritatem

204 4856 478 4925 intensam,
496 4870 818 4926 omnemque
837 4853 1263 4916 sanctimoniam,
1280 4861 1334 4908 et
1353 4853 1776 4908 ceremoniarum

201 4951 421 5014 cultum,
447 4947 824 5020 religionisque
849 4946 1078 5002 studium
1103 4945 1556 5011 demonstravcro,
1582 4959 1679 4999 nec
1702 4945 1780 4999 sic

202 5055 416 5110 quoque
441 5039 676 5095 fortassis
699 5041 814 5094 laus
834 5039 932 5094 erit
953 5039 1164 5101 eximia,
1189 5037 1326 5108 quod
1357 5039 1470 5092 Inee
1490 5038 1600 5106 ipsa
1621 5036 1782 5092 debet

204 5132 562 5203 unusquisque
589 5130 653 5187 de
683 5146 742 5186 se
772 5139 947 5186 rectus
975 5129 1246 5199 ﬁdelisque
1272 5127 1604 5183 Christianus
1631 5127 1780 5182 exhi-

205 5221 342 5277 bere.
376 5223 444 5278 At
472 5237 624 5289 vero,
655 5222 700 5276 si
732 5221 844 5276 haec
870 5221 1046 5275 omnia
1073 5261 1086 5284 ,
1119 5230 1172 5274 et
1201 5233 1546 5289 quaecumque
1575 5217 1659 5271 his
1687 5233 1783 5270 no-

204 5315 444 5380 minibus,
475 5324 569 5369 aut
597 5314 816 5368 omnino
844 5311 1052 5366 virtutis
1076 5311 1288 5364 nomine
1319 5312 1658 5364 continentur
1681 5349 1697 5374 ,
1730 5307 1781 5361 iu

203 5423 260 5462 eo
287 5408 449 5464 fuisse
477 5407 728 5463 universa
758 5414 1024 5460 contester
1046 5444 1059 5471 ,
1099 5414 1268 5469 eaque
1298 5401 1409 5470 ipsa
1450 5417 1556 5456 non
1584 5400 1784 5453 medio-

200 5501 352 5556 eriter
374 5541 389 5564 ,
421 5509 517 5553 aut
548 5495 751 5566 vulgari
790 5494 1021 5565 quodam
1060 5498 1424 5546 summotenus
1460 5489 1656 5553 modo,
1690 5488 1784 5541 sed

195 5587 647 5646 excellentissime
686 5593 843 5651 atque
877 5579 1360 5649 incomparabiliter
1395 5577 1611 5632 aifuissc
1653 5589 1784 5628 eon-

193 5689 288 5734 stct
314 5699 327 5735 :
357 5692 545 5735 nonne
576 5675 683 5728 hoc
710 5671 945 5725 divinum
973 5669 1221 5740 quiddam
1240 5710 1254 5734 ,
1287 5669 1339 5723 in
1372 5665 1586 5722 homine
1619 5663 1783 5718 videri

189 5785 407 5832 necesse
435 5769 559 5830 est?
591 5765 708 5835 Ego
733 5777 861 5820 sane
887 5778 1007 5820 cum
1039 5763 1156 5818 trita
1187 5762 1284 5819 ista
1311 5763 1467 5835 vulgo
1490 5755 1741 5818 vocabula
1762 5797 1778 5826 ,

1606 283 2041 342 TESTIMONIA.

3361 295 3468 355 εει

1892 399 2271 464 eruditionem,
2294 398 2669 470 eloquentiam,
2694 402 3074 469 fortitudinem.
3104 406 3464 480 prudentiam,

1894 489 2052 545 fidem
2073 505 2137 545 ac
2152 491 2426 546 caritatem
2445 533 2463 559 ,
2486 502 2537 546 ct
2557 503 2748 549 cartcra
2769 494 3062 564 hujusmodi
3083 513 3465 569 commemoro,

1895 579 2020 634 talia
2065 579 2305 648 quasdam
2332 581 2522 650 dicere
2568 583 2699 639 mihi
2739 583 2954 652 videor,
2989 590 3162 657 qualia
3201 594 3373 650 solent
3415 597 3467 652 in

1890 671 2162 724 communi
2191 670 2462 726 hominum
2490 675 2593 728 vita
2621 674 2876 744 reperiri,
2903 683 2958 730 et
2983 692 3086 730 non
3117 682 3468 740 eminentissi-

1891 774 2005 815 mas
2033 760 2152 814 illas
2179 761 2418 827 virtutes,
2441 779 2574 833 quas
2605 764 2655 819 in
2685 765 3142 824 excellentissimis
3167 771 3315 839 viris,
3343 791 3467 844 pau-

1891 849 1968 905 cis
1994 851 2100 906 illis
2128 852 2342 922 quidem
2370 855 2515 909 omni
2544 865 2701 912 aetate
2736 855 2898 913 fuisse
2927 869 3157 915 constat.

1961 940 2316 1008 Quamobrem
2358 960 2497 1015 a-gre
2541 945 2679 1002 ferre
2717 947 2904 1015 soleo,
2932 959 2986 1004 et
3021 950 3198 1007 latina:
3241 956 3467 1012 orationi

1892 1029 2150 1099 indignari
2173 1074 2190 1099 ,
2222 1033 2363 1104 quod
2407 1037 2634 1105 propriis
2672 1046 2831 1107 atque
2857 1041 3135 1110 exquisitis
3172 1046 3472 1104 nominibus

1891 1120 2334 1188 exquisitissimas
2360 1124 2547 1180 laudes
2577 1125 2768 1182 ell'erre
2791 1144 2896 1183 non
2925 1129 3049 1186 licet
3082 1151 3094 1186 :
3127 1148 3244 1202 qua:
3269 1143 3470 1195 tantum

1893 1224 2030 1279 pene
2058 1226 2087 1265 a
2109 1215 2479 1273 communibus
2503 1217 2703 1274 distant
2729 1219 3030 1290 virtutibus,
3077 1237 3334 1294 quantum
3364 1230 3472 1286 fer-

1893 1315 1980 1354 me
2018 1302 2184 1358 virtus
2220 1319 2250 1357 a
2284 1305 2432 1360 vitio.
2473 1306 2668 1362 Verum
2708 1311 2845 1380 quod
2882 1315 3111 1370 orationi
3154 1317 3340 1387 dceSI,
3371 1338 3471 1377 oro

1891 1392 2135 1462 suppleat
2180 1394 2444 1452 audientis
2485 1397 2780 1456 intellectus
2813 1421 2825 1457 :
2855 1413 2908 1458 et
2947 1421 3050 1460 non
3081 1411 3220 1479 quod
3257 1411 3430 1467 dicam
3454 1456 3469 1480 ,

1891 1481 2161 1574 sedquod
2189 1483 2368 1540 dicere
2393 1486 2548 1542 velim
2575 1489 2816 1561 accipiat.
2848 1492 3002 1558 Quod
3023 1506 3081 1550 et
3108 1497 3231 1555 hinc
3260 1517 3472 1574 quoque

1892 1569 2070 1626 licebit
2095 1573 2426 1644 intelligere;
2457 1592 2578 1631 nam
2606 1580 2778 1634 solent
2805 1597 2972 1651 pauca
3003 1584 3213 1656 horum,
3241 1569 3332 1646 aut
3356 1569 3468 1648 sin-

1888 1661 2009 1730 gula
2047 1663 2288 1730 qumdam
2311 1705 2326 1729 ,
2360 1665 2484 1720 dum
2524 1667 2733 1723 iutenso
2772 1671 2936 1740 gradu
2967 1675 3193 1743 cuipiam
3233 1679 3466 1746 adsunt,

1887 1765 2134 1821 magnum
2162 1752 2331 1808 virum
2357 1756 2681 1812 constituere
2699 1797 2714 1824 ,
2745 1759 3177 1834 admirabilisque
3202 1769 3468 1826 excellen-

1885 1840 1972 1895 tia’.
1995 1858 2115 1896 eum
2141 1844 2345 1913 videri,
2375 1846 2462 1918 qui
2493 1848 2643 1917 plura
2669 1865 2732 1904 ex
2761 1851 2841 1905 his
2868 1853 2940 1906 sit
2965 1868 3298 1925 assequutus.
3329 1861 3464 1929 Quid

1882 1947 2011 2002 ergo
2031 1932 2077 1988 is
2101 1933 2259 1989 debet
2278 1937 2591 2005 existimari,
2610 1942 2697 2010 qui
2720 1942 2954 1997 omnium
2977 1945 3044 1998 vii
3062 1955 3227 2002 tutum
3243 1962 3464 2007 cuncta-

1885 2038 2107 2094 rumque
2138 2025 2394 2082 bonarum
2419 2029 2613 2084 artium
2642 2033 2909 2088 cumulum
2941 2050 3045 2090 non
3073 2040 3426 2106 perfunctorie
3445 2086 3462 2110 ,

1883 2114 1978 2170 scd
2017 2115 2083 2170 ad
2122 2131 2385 2173 summum
2417 2120 2470 2174 iu
2509 2135 2569 2176 se
2606 2123 2947 2193 collegisset:
2975 2141 3096 2180 cum
3127 2129 3231 2184 vita
3253 2171 3269 2197 ,
3303 2135 3464 2188 totius

1883 2207 2181 2263 sanctitatis
2206 2211 2504 2280 exemplum
2534 2233 2547 2267 :
2573 2213 2875 2283 eloquentia
2901 2255 2915 2280 ,
2947 2226 3132 2287 stupor
3159 2237 3172 2272 :
3199 2221 3460 2288 doctrina,

1877 2298 2220 2355 miraculum.
2250 2301 2431 2372 Itaque
2469 2319 2575 2358 non
2613 2313 2717 2358 tam
2755 2315 2997 2362 sanctum
3025 2325 3218 2366 nomen
3244 2313 3458 2383 habuit,

1883 2388 2024 2459 quod
2060 2391 2270 2460 quidem
2313 2393 2484 2463 ipsum
2519 2394 2737 2448 denotat
2772 2395 3076 2468 Hieronymi
3109 2404 3417 2459 vocabulum
3441 2449 3460 2474 ,

1881 2493 2041 2548 quam
2069 2480 2236 2550 ipsam
2267 2481 2320 2536 in
2349 2495 2408 2537 se
2434 2481 2617 2537 habuit
2644 2486 2996 2542 sanctitatem.
3029 2489 3159 2545 Nam
3186 2506 3305 2547 eum
3331 2495 3464 2550 dua-

1882 2568 1982 2624 bus
2008 2569 2166 2625 rebus
2193 2571 2406 2626 fundata
2433 2581 2515 2628 est
2544 2575 2595 2628 in
2621 2575 2772 2630 initio
2795 2590 2944 2632 sacra
2973 2579 3178 2651 religio,
3204 2585 3464 2652 praedica-

1882 2661 2024 2716 tione
2062 2663 2263 2718 scilicet
2292 2664 2665 2735 Apostolorum
2688 2707 2705 2735 ,
2733 2676 2790 2722 et
2825 2670 3081 2740 sanguine
3121 2683 3412 2746 martyrum
3447 2695 3462 2731 :

1879 2767 1998 2808 cum
2029 2753 2171 2824 quod
2211 2754 2286 2810 illi
2322 2769 2568 2812 sermone
2596 2757 2858 2813 docebant
2881 2801 2897 2827 ,
2931 2761 2982 2815 hi
3011 2777 3108 2833 per
3135 2781 3377 2822 carceres
3404 2781 3460 2822 et

1882 2855 2141 2901 tormenta
2163 2888 2180 2912 ,
2210 2861 2274 2902 ac
2304 2845 2532 2918 denique
2565 2859 2791 2905 mortem
2831 2852 2995 2920 ipsam
3032 2863 3331 2910 astruerent
3362 2875 3373 2910 :
3407 2861 3456 2912 in

1882 2945 2226 3008 utrorumque
2262 2937 2434 2992 locum
2461 2953 2558 2993 suo
2583 2939 2750 3008 gradu
2781 2941 3057 2995 subierunt
3080 2945 3247 2998 sancti
3278 2946 3462 3002 doctu-

1880 3040 1966 3080 res
1985 3066 2000 3092 ,
2031 3024 2122 3096 qui
2153 3025 2292 3096 quod
2321 3027 2394 3081 illi
2421 3027 2803 3096 compendiose
2829 3029 3154 3097 docuerant,
3188 3034 3343 3089 latius
3371 3054 3464 3092 ex-

1879 3117 2140 3187 plicarent
2159 3134 2172 3168 :
2192 3117 2438 3187 quodque
2459 3117 2716 3188 Martyres
2735 3121 2991 3190 sanguine
3006 3137 3103 3178 suo
3122 3127 3296 3180 testati
3318 3141 3463 3200 sunt,

1883 3209 1983 3263 hoc
2011 3208 2099 3262 isti
2128 3208 2477 3263 sanctimonia
2504 3209 2627 3264 vita:
2655 3210 3065 3282 confirmarent,
3095 3225 3252 3287 atque
3275 3221 3466 3277 adver-

1881 3314 1971 3354 Stts
1997 3314 2210 3353 onmem
2240 3297 2507 3367 hmresim,
2530 3315 2849 3372 omnemque
2875 3304 3118 3360 vitiorum
3146 3308 3340 3378 labem,
3366 3329 3462 3382 pro

1884 3391 1986 3446 lide
2024 3391 2336 3462 jnstitiaque
2367 3393 2723 3449 consisterent
2751 3407 2768 3448 :
2797 3394 2955 3451 iidem
2985 3407 3038 3452 et
3065 3400 3290 3457 militum
3321 3405 3464 3462 vices

1879 3491 2124 3554 gerentes
2151 3492 2202 3536 et
2228 3481 2527 3538 ductorum.

1949 3573 2107 3628 Multa
2133 3581 2308 3628 autem
2332 3576 2578 3646 variaque
2601 3575 2976 3648 Hieronymus,
3001 3581 3072 3635 uti
3102 3583 3255 3638 furtis
3282 3587 3454 3653 miles,

1879 3661 1930 3717 in
1950 3663 2048 3718 hac
2074 3663 2176 3718 vita
2207 3664 2341 3719 bella
2368 3666 2783 3721 sustinuit:cuin
2815 3670 3013 3724 mundo
3038 3674 3232 3744 quippe
3263 3675 3456 3732 bellum

1878 3756 2040 3826 gessit
2067 3765 2122 3810 et
2145 3755 2289 3820 vicit,
2315 3756 2528 3826 quando
2550 3758 2798 3812 sacerdos
2817 3758 2926 3826 jam
2956 3760 3142 3823 laetus,
3169 3773 3224 3818 et
3249 3782 3459 3821 summo

1878 3849 2176 3903 sacerdotio
2201 3848 2392 3917 dignus
2421 3847 2652 3913 habitus,
2677 3848 2745 3902 ab
2772 3849 2912 3904 Urbe
2935 3855 3115 3917 cessit,
3145 3858 3458 3927 pompisquc

1881 3941 2059 3994 szeculi
2091 3949 2142 3996 et
2174 3940 2320 3995 omni
2352 3940 2624 3994 ambitioni
2654 3939 3040 3996 mundanorum
3071 3941 3331 4000 honorum
3371 3964 3465 4003 re-

1882 4031 2161 4095 nuntiavit,
2184 4045 2304 4084 cum
2327 4044 2488 4084 carne
2510 4045 2572 4083 ac
2591 4029 2920 4087 daemonibus
2941 4051 2954 4087 :
2973 4049 3096 4089 cum
3128 4036 3178 4090 in
3207 4037 3292 4092 illa
3316 4047 3461 4094 trans

1881 4134 2027 4172 mare
2057 4126 2202 4171 vasta
2230 4119 2516 4174 solitudine
2538 4161 2554 4186 ,
2581 4135 2717 4189 qum,
2750 4129 2806 4175 ut
2830 4123 2940 4193 ipse
2980 4127 3088 4191 ait,
3118 4137 3302 4183 exusta
3330 4132 3460 4185 solis

1879 4208 2178 4274 ardoribus,
2198 4207 2470 4262 horridum
2487 4210 2760 4264 monachis
2777 4211 3127 4268 habitaculum
3143 4222 3426 4286 praestabat
3446 4244 3460 4276 :

1880 4313 2095 4354 carnem
2133 4298 2346 4369 quidem
2387 4299 2606 4368 jejuniis
2645 4299 2945 4370 frangeret,
2977 4307 3239 4375 spiritales
3280 4320 3454 4367 autem

1883 4389 2061 4446 hostes
2113 4389 2442 4445 orationibus
2488 4390 2743 4462 eil'ugaret
2786 4411 2800 4446 :
2839 4409 2958 4449 cum
3005 4396 3259 4468 improbis
3301 4412 3460 4475 atque

1881 4481 2104 4548 aemulis,
2133 4481 2186 4536 in
2213 4496 2318 4552 quo
2342 4496 2484 4553 stupe
2513 4497 2605 4554 per
2632 4483 2883 4556 Prologos
2909 4502 3050 4559 stupe
3076 4506 3169 4560 per
3193 4491 3459 4566 Epistolas

1881 4574 2162 4629 scribendo
2200 4575 2438 4630 invectus
2482 4585 2566 4631 est
2595 4593 2607 4630 :
2637 4591 2757 4632 cum
2801 4578 3062 4636 hmrcticis
3086 4625 3101 4650 ,
3141 4600 3274 4655 quos
3315 4589 3461 4643 libris

1885 4666 2300 4739 tractatibusque
2349 4668 2642 4724 scribendis
2697 4683 3062 4740 saepenumero
3116 4677 3183 4731 de
3235 4678 3461 4734 diversis

1882 4761 2111 4813 convicit
2138 4760 2442 4824 erroribus,
2471 4759 2890 4833 disputandoque
2923 4766 2968 4818 vi
3007 4767 3267 4818 rationum
3301 4781 3464 4837 Stipe-

1886 4849 2040 4904 r.ivit.
2079 4850 2318 4905 Doctoris
2347 4865 2474 4920 ergo
2508 4865 2702 4906 nomen
2733 4863 2786 4905 ut
2814 4854 3005 4917 habet,
3049 4854 3114 4906 ita
3146 4863 3200 4907 et
3227 4854 3461 4911 cilicium

1885 4941 2267 4996 studiosissime
2292 4939 2477 4994 vivens
2501 4943 2664 5010 gessit
2690 4960 2702 4994 :
2730 4950 3020 5010 prmsentes
3046 4957 3175 4997 voce
3199 4953 3254 4998 et
3282 4959 3461 5000 exem-

1888 5031 1984 5099 plis
2031 5030 2277 5084 erudiens
2306 5047 2318 5083 :
2347 5031 2593 5084 absentes
2633 5031 2862 5100 scriptis.
2907 5029 3171 5100 Utrosque
3199 5050 3325 5091 vero
3356 5047 3458 5092 tam

1885 5136 1994 5173 sua:
2024 5121 2214 5186 :elatis,
2245 5135 2402 5188 quam
2432 5131 2690 5187 posteros,
2728 5121 3081 5176 voluminibus
3105 5123 3302 5182 diversi
3331 5130 3464 5184 idio-

1889 5210 2075 5272 matis,
2105 5210 2250 5262 varia
2295 5209 2730 5277 interpretatione
2771 5209 3068 5279 linguarum
3099 5216 3334 5271 vivorum
3365 5219 3464 5274 do-

1888 5312 2089 5356 ctorum
2114 5299 2466 5354 eruditionem
2490 5298 2743 5368 adjuvans
2769 5316 2781 5352 :
2808 5300 3047 5357 rudiores
3079 5304 3294 5360 historia
3318 5309 3464 5365 dele-

1888 5403 2036 5448 ctans
2062 5411 2073 5444 :
2100 5392 2362 5446 acutiores
2388 5390 2654 5448 instruens
2680 5393 2885 5448 arcanis
2911 5391 3200 5466 Scriptura:
3223 5403 3465 5460 sensibus

1889 5482 2234 5554 explicandis.

1961 5573 2328 5644 Eloquentiam
2354 5581 2500 5629 certe
2521 5572 2630 5643 jam
2658 5576 2771 5646 ejus
2794 5576 3006 5634 laudare
3032 5587 3327 5638 tentarem:
3350 5601 3466 5656 qua:

1890 5676 2134 5738 tauquam
2159 5665 2302 5721 rivus
2325 5665 2726 5733 limpidissimus
2752 5669 2938 5724 leniter
2955 5671 3210 5738 deﬂuens,
3239 5683 3291 5728 et
3313 5691 3467 5743 aspc-

1889 5767 1976 5817 ctu
2014 5766 2067 5816 et
2104 5772 2238 5815 sono
2276 5757 2504 5814 delectat
2533 5775 2545 5812 :
2576 5758 2674 5815 nisi
2709 5761 2820 5831 ipse
2846 5763 3010 5819 multo
3039 5767 3228 5821 melius
3254 5779 3407 5833 quam
3438 5780 3465 5819 a
