4048 6186
553 297 658 352 255

554 428 642 469 me
665 412 780 468 tieri
802 409 983 483 possit,
1003 403 1259 476 elegantia
1281 417 1374 458 sua
1395 399 1689 471 legentibus
1704 396 2132 453 commendaret:

555 504 622 558 ad
663 519 820 574 quam
854 500 1010 569 digne
1047 491 1470 565 pne-dicandam,
1501 491 1617 560 ejus
1647 489 1810 560 ipsius
1835 488 2136 558 eloquentia

555 611 693 665 opus
731 602 889 650 esset.
936 589 1042 644 Nec
1075 600 1160 641 me
1193 586 1427 641 deterret
1455 626 1470 651 ,
1503 581 1642 653 quod
1671 581 1952 636 damnatus
1981 578 2140 635 fuerit

556 687 678 756 ejus
701 684 857 742 studii
884 677 1167 749 aliquando
1189 676 1562 747 Hieronymus,
1586 689 1705 730 cum
1733 673 1956 729 extatica
1979 671 2139 726 visioé

557 797 624 834 ne
651 787 844 832 tractus
867 772 930 828 ad
948 771 1149 827 Judicis
1173 771 1358 826 aeterni
1382 769 1630 834 tribunal,
1655 775 1710 822 et
1731 767 1971 837 quisnam
1997 773 2140 821 esset

557 870 942 935 interrogatus,
973 876 1068 932 pro
1091 860 1383 918 Christiani
1413 860 1656 925 nomine,
1685 857 1828 928 quod
1861 857 1998 910 inter
2025 871 2138 911 me-

557 969 668 1013 tum
711 954 1220 1026 trepidationemque
1262 951 1607 1022 proﬁtebatur
1630 991 1645 1014 ,
1675 947 2008 1004 Ciceroniani
2039 946 2140 1001 sibi

555 1065 748 1106 nomen
792 1046 949 1119 cbjici
989 1046 1208 1102 audivit.
1240 1045 1422 1114 Neque
1450 1044 1590 1098 enim
1623 1057 1709 1097 res
1750 1042 1862 1110 ipsa
1892 1039 2138 1093 damnata

554 1151 655 1206 cst,
681 1139 774 1196 sed
802 1139 1043 1194 fortassis
1066 1138 1184 1207 ejus
1209 1135 1440 1190 studium
1471 1133 1836 1188 vehementius
1860 1146 1874 1184 :
1898 1130 2014 1183 sine
2037 1142 2141 1198 qua

556 1233 798 1305 profecto
825 1233 910 1286 vix
939 1245 1105 1287 saera:
1133 1229 1344 1292 litterm,
1364 1233 1509 1281 certe
1539 1239 1644 1279 non
1674 1231 1814 1277 tanta
1841 1236 1960 1276 eum
1990 1219 2142 1273 volu-

556 1336 703 1398 ptate
728 1327 1052 1396 legerentur.

629 1418 756 1473 [hec
801 1417 958 1487 igitur
987 1423 1043 1470 ut
1071 1423 1280 1469 extera:
1321 1424 1532 1481 quoque
1569 1407 1721 1462 dotes
1758 1418 1889 1475 quas
1918 1402 2142 1458 strictim

559 1509 1016 1578 commemoravi,
1058 1509 1253 1563 multos
1294 1490 1773 1570 acerbissimosque
1812 1499 1885 1554 illi
1922 1499 2145 1552 :eniulos

559 1618 936 1676 comparavere
965 1620 978 1655 :
1005 1614 1229 1672 quorum
1256 1607 1311 1652 ut
1339 1594 1660 1666 improbitati
1687 1591 1900 1647 cederet
1925 1633 1939 1656 ,
1977 1591 2145 1644 Roma

561 1698 843 1768 migravit,
876 1703 930 1750 ct
957 1693 1046 1762 qui
1086 1691 1273 1746 doctor
1302 1689 1406 1742 late
1443 1685 1771 1741 clarissimus
1813 1683 2106 1737 hahehilur
2127 1722 2144 1748 ,

563 1786 818 1857 Gregorio
848 1777 1178 1838 Nazianzcno
1206 1781 1257 1833 in
1285 1778 1616 1847 disciplinam
1645 1790 1708 1830 se
1734 1773 1969 1828 tradidit.
2001 1773 2149 1828 Post~

564 1896 669 1949 que
693 1877 886 1944 studia,
913 1889 1032 1931 cum
1060 1873 1128 1930 de
1157 1871 1581 1942 frequentissima
1613 1867 1741 1924 urbe
1769 1868 2048 1930 cessisset,
2078 1865 2146 1920 ad

570 2009 1853 2039 _____________________

1825 281 2137 340 SELECTA
2181 274 2511 340 VETEBUM

3133 201 3175 215 ν.

3720 279 3828 338 236

2243 411 2482 454 eremum
2507 412 2565 454 se
2592 395 2875 464 transtulit,
2899 404 2948 451 et
2969 395 3059 466 qui
3087 395 3139 450 in
3167 393 3298 449 urbe
3321 393 3558 449 omnium
3586 398 3832 452 uroanis-

2241 492 2374 546 sima
2405 491 2648 546 homines
2674 504 2959 561 perpessus
2985 498 3100 544 erat
3131 487 3407 553 bestiales,
3437 487 3492 542 in
3522 486 3833 544 desertissi-

2244 597 2328 636 ma
2364 597 2545 638 eremo
2588 583 2784 639 bestias
2812 591 2894 638 est
2930 587 3182 651 expertus
3212 578 3493 635 humanas.
3538 581 3718 651 Ibique
3746 582 3824 638 let

2244 682 2429 727 natura
2474 674 2802 729 satvissimus
2842 673 3122 743 imperium
3153 670 3270 740 ejus
3303 671 3522 740 pertulit
3549 712 3564 736 ,
3594 687 3714 727 cum
3747 674 3832 732 his

2244 763 2406 820 homo
2433 773 2618 819 natura
2644 765 2786 820 mitis
2811 765 2863 819 in
2889 779 2948 819 se
2974 762 3204 817 sazviret.
3236 760 3404 815 Roma
3432 762 3590 832 igitur
3615 762 3831 818 Bethle-

2245 872 2329 913 em
2374 858 2693 929 permutavit
2722 872 2738 910 :
2766 856 3021 926 divitique
3061 869 3129 909 cx
3170 853 3300 907 urbe
3330 868 3438 908 non
3467 863 3570 908 tam
3603 854 3820 924 pulsus,

2244 965 2402 1020 quam
2439 949 2672 1014 cedens,
2702 949 2864 1020 elegit
2906 948 2976 1002 ibi
3018 961 3218 1017 panper
3246 946 3456 1010 vivere,
3499 946 3585 1000 ubi
3627 962 3831 1016 pauper

2246 1043 2488 1099 Christus
2511 1052 2593 1097 est
2618 1053 2794 1107 natus,
2817 1050 2870 1094 et
2894 1039 3016 1094 inde
3039 1038 3263 1092 salutem
3291 1047 3494 1107 petere,
3517 1037 3656 1091 unde
3679 1048 3826 1091 ortu;

2247 1144 2332 1191 cst
2369 1144 2554 1189 auctor
2583 1134 2698 1204 ipse
2725 1131 2928 1187 salutis.
2959 1129 3093 1197 Quid
3123 1128 3266 1183 enim
3301 1126 3557 1182 adversus
3588 1127 3836 1196 maligni-

2250 1236 2410 1283 tatem
2441 1234 2607 1279 tutum
2639 1224 2842 1293 uspiam
2871 1236 2990 1276 esse
3021 1219 3234 1289 poterit,
3261 1217 3473 1288 quando
3500 1226 3642 1270 tanta
3667 1217 3840 1271 virtus

2249 1324 2592 1392 persecutore
2619 1330 2724 1368 non
2752 1313 2956 1368 caruit?
2984 1311 3135 1378 Quod
3163 1310 3206 1364 si
3233 1309 3356 1380 quid
3385 1308 3537 1364 nobis
3563 1309 3670 1363 tale
3695 1310 3839 1363 acci~

2250 1411 2357 1474 dat,
2384 1424 2449 1463 ex
2470 1407 2586 1477 ejus
2606 1421 2733 1460 casu
2755 1402 3022 1458 consolari
3047 1415 3148 1455 nos
3170 1403 3312 1469 ipsos
3332 1400 3608 1455 debemus.
3631 1399 3838 1454 Interea

2251 1517 2377 1558 vero
2394 1497 2680 1554 maledicos
2701 1491 3082 1549 benefaciendo
3105 1491 3340 1552 vincere,
3363 1499 3417 1544 et
3439 1505 3624 1544 eorum
3655 1490 3708 1544 in
3738 1505 3840 1545 nos

2251 1594 2428 1648 odium
2461 1591 2653 1644 virtute
2683 1584 2951 1656 patientia:
2981 1580 3508 1650 mansuetudinisquc
3535 1595 3792 1650 superare
3822 1621 3838 1644 ,

2252 1685 2342 1740 illo
2373 1688 2654 1751 praestante
2677 1719 2693 1746 ,
2724 1675 2812 1747 qui
2839 1674 2964 1729 vivit
3001 1680 3055 1728 et
3082 1681 3265 1743 regnat
3303 1671 3356 1725 in
3385 1670 3579 1726 secula
3607 1670 3840 1726 sacculo-

2253 1791 2393 1831 rum.

1859 1993 3843 2019 ____________.____—______—————

1078 2116 1218 2187 EX
1264 2113 1644 2198 ANTIQ.
1692 2109 1930 2180 COD.
1984 2099 2649 2177 AMBROSIAN.
2703 2095 3308 2168 BIBLIOTEG.

1572 2280 1758 2356 QUAE
1801 2277 2256 2342 MEDIOLANI
2299 2273 2470 2348 EST,
2514 2273 2589 2333 N.
2638 2271 2776 2332 173.

1078 2471 1214 2518 DIVI
1257 2466 1617 2514 BIRRONYI"
1662 2466 1810 2512 VITA
1853 2465 1975 2506 PER
2018 2461 2152 2506 EUSI

2257 2457 2346 2502 υκ
2389 2452 2858 2500 εηεωοκεηεωί
2904 2451 3095 2494 EDITA
3139 2449 3296 2493 INIT.

2035 2623 2392 2679 οὒθᾘῖὓᾶθ

639 2811 991 2880 Hieronymus
1019 2801 1232 2860 Eusebii
1253 2799 1349 2856 viri
1371 2793 1684 2854 nobilissimi
1707 2791 1844 2848 lilius
1863 2791 1930 2846 ab
1951 2786 2145 2860 oppido

566 2899 849 2964 Stridonis,
876 2895 1015 2967 quod
1041 2891 1316 2960 Dalmatia:
1337 2898 1392 2944 et
1414 2885 1700 2943 Pannonize
1721 2880 1946 2938 conﬁnia
1976 2888 2149 2945 tenet,

562 2993 764 3050 exstitit
789 2988 1063 3046 oriundus.
1085 2984 1182 3040 llic
1211 2983 1384 3038 adhuc
1406 2995 1538 3051 ptter
1566 2979 1790 3033 Romam
1817 2974 2038 3039 adiit,et
2067 2970 2154 3026 lit-

563 3086 693 3140 tcris
719 3081 941 3146 Graecis,
970 3076 1198 3139 Latinis,
1226 3083 1280 3130 et
1305 3071 1580 3128 Hebraicis
1609 3068 1762 3138 plene
1784 3065 2022 3121 eruditus
2047 3072 2148 3118 est.

563 3175 620 3231 ln
647 3186 761 3230 arte
781 3169 1134 3230 Grammatiea
1167 3167 1427 3221 Donatum
1452 3162 1635 3217 habuit
1660 3159 2071 3227 Praeceptorem,
2099 3156 2153 3210 in

567 3266 850 3323 Rhetorica
880 3272 1057 3318 autem
1083 3256 1415 3314 Victorinum
1441 3253 1742 3308 Oratorem.
1776 3250 1836 3305 ln
1866 3247 2154 3320 Scripturis

565 3368 743 3414 autem
792 3354 990 3410 Divinis
1018 3352 1037 3423 (
1065 3349 1161 3405 Ms.
1205 3348 1462 3404 excibatur
1491 3345 1512 3416 )
1545 3343 1932 3399 exercitabatur
1967 3341 2053 3395 die
2091 3353 2156 3394 ac

565 3459 722 3505 necte
741 3488 756 3511 ,
784 3456 835 3501 et
866 3443 987 3499 inde
1014 3440 1190 3495 hausit
1214 3437 1368 3492 avide
1387 3477 1404 3502 ,
1432 3435 1574 3506 quod
1605 3433 1940 3505 postmodum
1969 3430 2158 3486 ell‘udtt

571 3539 803 3598 abunde.
831 3535 1073 3608 Quodam
1097 3544 1226 3588 vero
1252 3539 1512 3600 tempore,
1539 3529 1674 3582 sicut
1705 3528 1816 3595 ipse
1843 3527 1895 3580 in
1923 3525 2154 3595 Epistula

571 3631 638 3687 ad
668 3627 1015 3685 Eustochium
1045 3621 1323 3694 perhibet,
1350 3619 1475 3675 dum
1504 3617 1592 3673 die
1621 3616 1850 3671 Tullium
1871 3657 1886 3679 ,
1919 3625 1973 3670 et
2003 3627 2158 3670 nocte

571 3725 847 3780 Platonem
876 3717 1030 3774 avide
1061 3714 1300 3786 legeret,
1330 3725 1395 3767 eo
1420 3708 1563 3781 quod
1591 3721 1770 3763 sermo
1802 3707 2032 3760 incultus
2059 3706 2155 3760 sibi

570 3819 621 3872 in
653 3814 799 3870 libris
821 3808 1156 3882 Propheticis
1182 3820 1288 3860 non
1316 3803 1574 3874 placeret,
1597 3799 1736 3854 circa
1763 3797 1991 3853 mediam
2018 3797 2157 3865 Qua-

572 3906 923 3979 dragesimam
951 3912 1056 3958 tam
1084 3899 1279 3961 subita,
1301 3905 1354 3950 et
1375 3893 1580 3949 ardenti
1605 3893 1751 3947 febre
1773 3890 2076 3959 corripitur,
2102 3897 2160 3944 ut

572 4011 682 4056 toto
705 4000 815 4068 jam
855 3995 1169 4063 I‘rigescente
1193 4001 1417 4058 corpore
1441 3983 1614 4039 vitalis
1642 3981 1782 4054 (Ms.
1809 3980 1947 4034 color
1971 3981 1987 4045 )
2015 3980 2158 4034 calor

571 4096 625 4148 in
656 4090 774 4146 solo
804 4095 1018 4159 pectore
1047 4081 1346 4152 palpitaret.
1381 4077 1516 4132 Dum
1543 4089 1670 4145 ergo
1695 4073 1931 4143 exequiae
1961 4072 2158 4127 funeris

567 4187 884 4254 pararentur
903 4215 922 4242 ,
949 4173 1126 4228 subito
1155 4178 1278 4224 ante
1308 4167 1537 4223 tribunal
1575 4165 1778 4222 Iudicis
1808 4165 2036 4219 trahitur
2061 4204 2076 4230 ,
2103 4171 2159 4218 et

571 4278 926 4342 interrogatus
951 4265 1103 4337 cujus
1129 4261 1448 4320 conditionis
1472 4268 1635 4322 esset,
1657 4257 2014 4312 Christianum
2038 4270 2157 4311 esse

571 4380 631 4420 se
656 4365 820 4418 libere
846 4361 1138 4444 prolitetur.
1167 4354 1246 4410 Ad
1273 4368 1430 4423 quem
1459 4351 1648 4416 Judex,
1673 4348 1909 4405 Mentiris
1928 4390 1941 4415 ,
1965 4348 2154 4417 inquit,

572 4442 952 4512 Ciceronianus
975 4469 1035 4508 es
1059 4493 1075 4518 ,
1106 4466 1210 4505 non
1237 4447 1574 4503 Christianus
1603 4463 1616 4499 :
1644 4443 1732 4498 ubi
1758 4451 1838 4498 est
1867 4442 2007 4497 enim
2039 4442 2157 4496 thc-

573 4561 766 4605 saurus
796 4553 916 4600 tuus
941 4584 957 4609 ,
989 4541 1059 4596 ibi
1094 4551 1147 4596 et
1174 4553 1268 4595 cor
1297 4547 1464 4592 tuum.
1497 4534 1646 4589 'l'unc
1676 4533 2030 4602 Hieronymus
2059 4532 2156 4585 ob-

575 4639 787 4702 mutuit,
819 4643 874 4691 et
902 4632 1154 4688 continuo
1183 4629 1351 4685 Judex
1382 4627 1552 4696 ipsum
1579 4623 1861 4678 durissime
1888 4622 2018 4676 caedi
2041 4623 2158 4691 jus-

575 4734 665 4786 sit.
695 4729 843 4784 Tunc
864 4720 1198 4785 exclamavit,
1225 4729 1274 4773 et
1300 4717 1451 4782 dixit,
1479 4715 1730 4769 Miserere
1755 4713 1879 4779 mei,
1912 4712 2154 4768 Domine.

572 4820 724 4878 Tunc
751 4819 842 4889 qui
868 4813 1145 4878 astabant,
1173 4807 1524 4880 precabantur
1543 4845 1558 4871 ,
1590 4813 1646 4858 ut
1670 4803 1878 4858 veniam
1907 4803 2161 4859 tribueret

571 4908 917 4968 adolescenti.
969 4903 1086 4975 Ipse
1123 4909 1300 4956 autem
1345 4914 1439 4970 per
1482 4898 1646 4952 Deum
1688 4894 1871 4967 iurare
1908 4895 2065 4966 ccepit
2107 4905 2160 4950 et

577 5005 757 5058 dicere
776 5043 791 5068 ,
823 4998 1077 5064 Domine,
1108 4995 1154 5050 si
1184 5008 1414 5064 unquam
1444 4990 1679 5047 habuero
1705 4989 1916 5046 codices
1941 4989 2160 5046 s:ecula-

573 5109 660 5151 res
692 5114 703 5148 :
734 5094 780 5148 si
826 5093 1036 5161 legero,
1066 5098 1117 5143 te
1162 5085 1386 5156 negabo.
1432 5082 1487 5138 In
1531 5081 1630 5136 hoc
1675 5081 1832 5152 igitur
1871 5079 2159 5149 juramenti

576 5187 738 5246 verbo
779 5183 1031 5239 dimissus
1056 5220 1071 5244 ,
1098 5179 1274 5234 subito
1317 5176 1603 5231 reviviscit.
1640 5174 1788 5229 Tunc
1826 5173 2074 5246 laerymis
2101 5189 2162 5228 se

574 5285 743 5331 totum
775 5272 975 5328 invenit
1009 5268 1278 5340 perfusum
1297 5307 1312 5332 ,
1344 5277 1396 5321 et
1421 5281 1488 5321 ex
1515 5263 1827 5320 verberibus
1847 5303 1862 5328 ,
1892 5279 2013 5333 qua:
2038 5271 2162 5318 ante

575 5365 805 5422 tribunal
845 5367 1184 5430 susceperat,
1215 5356 1457 5426 scapulas
1488 5355 1792 5409 terribiliter
1840 5353 2044 5422 reperit
2096 5353 2163 5407 li-

579 5466 784 5512 ventes.
825 5454 996 5508 Tanto
1032 5459 1211 5503 autent
1244 5448 1419 5501 studio
1449 5445 1634 5502 Libros
1673 5445 1880 5499 divinos
1923 5461 1988 5500 ex
2040 5454 2164 5498 tunc

585 5548 713 5616 legit
741 5586 754 5609 ,
785 5553 978 5612 quanto
1005 5541 1168 5596 libros
1197 5538 1481 5595 Gentilium
1513 5553 1742 5608 unquam
1778 5537 1996 5606 legerat.
2032 5537 2164 5590 Dum

587 5648 847 5694 annorum
893 5632 1103 5701 triginta
1142 5643 1332 5682 novem
1362 5636 1536 5692 esset,
1567 5629 1618 5681 in
1661 5628 1896 5680 Ecclesia
1928 5628 2165 5682 Romana

582 5729 857 5790 ordinatus
885 5737 964 5781 est
993 5721 1278 5792 Presbyter
1305 5716 1620 5773 Cardiualis.
1649 5717 1855 5772 Mortuo
1879 5727 2056 5773 autem
2083 5719 2169 5773 Li-

2259 2783 2408 2839 bet-io
2435 2779 2598 2850 Papa,
2628 2776 2982 2847 llieronymus
3006 2770 3200 2843 dignus
3224 2785 3432 2827 summo
3454 2769 3754 2827 sacerdotio
3781 2772 3854 2825 ah

2258 2873 2503 2929 omnibus
2522 2870 2874 2930 acclamatur;
2893 2865 2989 2921 sed
3008 2865 3134 2919 dum
3152 2863 3499 2934 quorumdam
3520 2863 3852 2917 Clerieortnn

2259 2977 2310 3023 et
2342 2962 2718 3019 Monaehorum
2753 2959 3020 3014 lasciviam
3051 2958 3372 3027 increparet,
3404 2956 3476 3010 illi
3508 2956 3727 3009 nimintn
3762 2957 3849 3008 iu-

2258 3056 2458 3127 dignati
2502 3055 2550 3109 ei
2603 3051 2823 3108 insidias
2865 3058 3208 3122 paraverunt.
3259 3047 3364 3105 Sed
3405 3057 3459 3102 et
3502 3063 3598 3118 per
3643 3058 3847 3102 vestem

2259 3145 2572 3202 muliebrem
2594 3186 2609 3209 ,
2641 3152 2698 3198 ut
2737 3143 2812 3198 ait
2841 3141 3075 3198 Joannes
3101 3140 3247 3196 Belet
3272 3181 3287 3206 ,
3315 3141 3382 3194 ah
3411 3142 3490 3195 eis
3521 3141 3739 3211 turpiter
3765 3149 3852 3194 est

2259 3239 2486 3296 derisus.
2531 3236 2660 3292 Nam
2702 3251 2823 3291 cum
2864 3235 3218 3306 Hieronymus
3247 3232 3313 3288 ad
3350 3233 3658 3286 Matutinum
3690 3234 3852 3286 solito

2259 3347 2410 3387 more
2448 3339 2725 3400 surgeret,
2756 3338 2958 3384 vestem
2997 3326 3236 3382 mulieris
3256 3368 3271 3390 ,
3302 3343 3459 3396 quam
3489 3327 3666 3380 :emuli
3696 3326 3850 3395 juxta

2260 3435 2453 3490 lectum
2483 3442 2788 3502 posuerant,
2817 3429 3036 3499 reperit,
3068 3442 3323 3496 suamque
3353 3425 3612 3490 credens,
3638 3424 3801 3478 induit
3830 3466 3847 3488 ,

2260 3537 2316 3585 et
2341 3530 2392 3584 in
2418 3527 2714 3583 Ecclesium
2742 3527 2820 3580 sic
2847 3523 3124 3596 processit.
3154 3521 3264 3577 lloc
3285 3529 3461 3575 autem
3489 3518 3664 3575 cernuli
3687 3516 3853 3571 l'acie-

2261 3620 2427 3686 bant,
2475 3628 2529 3673 ut
2572 3616 2850 3672 mulierem
2898 3615 2952 3669 in
2997 3613 3231 3668 thalamo
3281 3612 3475 3665 habere
3517 3609 3850 3674 crederetur.

2261 3711 2413 3779 Quod
2457 3711 2547 3766 ille
2580 3709 2766 3764 videns
2805 3717 2965 3763 tanta:
2993 3707 3224 3762 vesaniae
3268 3706 3442 3760 locum
3479 3702 3626 3758 dedit
3656 3723 3669 3758 :
3700 3710 3753 3756 et
3781 3702 3853 3755 ad

2262 3802 2576 3872 Gregorium
2622 3799 3010 3855 Nazianzenum
3057 3795 3657 3866 Constantinopolitanae
3703 3793 3852 3848 urbis

2261 3893 2584 3964 Episcopum
2624 3891 2883 3961 pervenit.
2915 3890 3200 3960 Postquam
3231 3897 3408 3942 autem
3433 3885 3502 3938 ab
3528 3885 3642 3955 ipso
3668 3898 3854 3937 sacras

2261 3986 2467 4040 litteras
2495 3985 2718 4050 didicit,
2749 3985 2802 4038 in
2850 3998 3088 4038 eremum
3129 3979 3470 4052 properavit,
3521 3978 3608 4032 ubi
3651 3985 3854 4046 quanta

2261 4092 2358 4147 pro
2385 4077 2598 4133 Christo
2626 4075 2978 4140 sustinuerit,
3021 4075 3135 4144 ipse
3179 4073 3244 4127 ad
3286 4072 3634 4128 Eustochium
3666 4078 3854 4124 narrat

2261 4170 2462 4225 dicens.
2496 4168 2703 4236 Quoties
2727 4169 2778 4221 in
2807 4182 2972 4222 eremo
3000 4167 3298 4220 constitutus
3341 4167 3391 4218 in
3418 4165 3508 4217 illa
3539 4174 3676 4218 vasta
3720 4162 3851 4215 soli-

2261 4261 2458 4327 tudine,
2487 4272 2605 4324 etc.,
2636 4275 2803 4328 u:-que
2831 4258 2898 4312 ad
2937 4259 3172 4312 interesse
3207 4256 3489 4328 agminibus
3517 4252 3845 4324 Angelarum.

2261 4351 2364 4407 Per
2401 4348 2807 4419 quadriennium
2844 4349 2999 4417 igitur
3036 4346 3345 4416 poenitentia
3391 4347 3468 4399 sic
3496 4351 3706 4415 peracta
3731 4381 3746 4406 ,
3779 4339 3851 4396 ad

2262 4440 2532 4497 Bethleem
2549 4438 2798 4508 Oppidum
2825 4438 3097 4502 remeavit,
3115 4436 3200 4491 ubi
3227 4446 3280 4490 ut
3306 4435 3540 4506 prudens
3564 4431 3756 4486 animal
3779 4432 3852 4488 ad

2262 4533 2511 4606 Praesepe
2542 4535 2751 4590 Domini
2779 4549 2838 4588 se
2865 4533 3058 4588 obtulit
3091 4545 3520 4603 permansurum.
3552 4524 3852 4583 Bibliothe-

2259 4641 2378 4683 cam
2400 4636 2580 4683 autem
2605 4641 2778 4691 suam,
2801 4641 2958 4697 quam
2984 4639 3193 4679 summo
3214 4622 3388 4678 studio
3412 4621 3512 4677 sibi
3537 4616 3854 4675 condiderat

2261 4720 2496 4775 clausam
2518 4761 2533 4785 ,
2561 4718 2800 4788 aliosque
2831 4718 2994 4772 libros
3021 4717 3206 4770 iterum
3234 4715 3476 4784 relegens
3497 4753 3514 4779 ,
3542 4711 3680 4767 diem
3702 4707 3849 4779 jeju-

2262 4825 2362 4865 nus
2405 4809 2633 4865 ducebat
2675 4809 2741 4864 ad
2781 4824 3078 4878 vesperam.
3121 4806 3313 4862 Multos
3353 4815 3526 4859 autem
3555 4799 3854 4869 discipulos

2262 4901 2572 4958 eoadunans
2593 4943 2608 4967 ,
2644 4903 2695 4956 in
2736 4911 2921 4959 sancto
2951 4900 3224 4971 proposito
3250 4907 3304 4953 et
3334 4895 3673 4952 translatione
3700 4891 3856 4946 Scri-

2263 5003 2539 5064 pturarum
2566 4993 2946 5063 quinquaginta
2968 4992 3120 5046 annis
3136 4999 3188 5045 et
3211 5005 3300 5044 sex
3320 4986 3590 5043 mensibus
3617 4982 3854 5038 desuda-

2264 5087 2378 5150 vit,
2407 5095 2460 5139 et
2491 5100 2658 5154 usque
2690 5085 2755 5139 ad
2785 5086 2943 5138 linem
2977 5085 3127 5153 virgo
3153 5080 3462 5154 permansit.
3493 5079 3640 5136 Licet
3667 5088 3854 5133 autem

2265 5173 2353 5229 hic
2375 5173 2583 5228 dicatur
2603 5215 2619 5238 ,
2645 5176 2767 5245 quia
2797 5174 2943 5244 virgo
2972 5188 3186 5243 semper
3214 5171 3371 5228 fuerit
3393 5211 3410 5238 ,
3439 5171 3554 5242 ipse
3579 5178 3753 5223 tamen
3783 5168 3859 5223 de

2265 5281 2324 5321 se
2370 5266 2440 5319 ita
2479 5265 2660 5320 scribit
2688 5281 2701 5317 :
2737 5282 2757 5316 ‹
2795 5265 3157 5335 Virginitatem
3187 5264 3240 5318 in
3268 5261 3406 5316 caelo
3437 5261 3664 5334 praefero
3687 5302 3702 5323 ,
3743 5275 3856 5316 non

2267 5354 2392 5424 quia
2426 5353 2630 5419 habeo,
2662 5353 2756 5408 sed
2785 5355 2903 5424 quia
2933 5355 3101 5423 magis
3129 5351 3270 5423 quod
3303 5367 3407 5406 non
3439 5351 3626 5406 habeo.
3659 5367 3678 5401 ι
3707 5349 3855 5403 Tan-

2269 5455 2426 5514 taque
2449 5441 2753 5499 lassitudine
2776 5443 3018 5513 l'atigatus
3036 5451 3138 5508 est,
3165 5453 3221 5496 ut
3241 5456 3338 5496 suo
3359 5441 3496 5496 lecto
3511 5440 3694 5514 jacens
3717 5437 3862 5491 l‘uni-

2267 5534 2388 5589 culo
2411 5532 2476 5586 ad
2506 5534 2705 5588 trabem
2733 5548 3012 5603 suspenso,
3033 5534 3252 5602 supinus
3277 5532 3522 5587 manibus
3549 5547 3608 5587 se
3629 5533 3858 5589 levaret.

2269 5627 2506 5693 Quadam
2533 5643 2658 5681 vero
2681 5628 2768 5682 die
2793 5628 3268 5692 advesperasceute
3290 5667 3306 5693 ,
3334 5641 3458 5681 cum
3500 5627 3864 5698 Hieronymus

2271 5733 2392 5776 cum
2433 5717 2542 5772 suis
2592 5718 2838 5774 lratribus
2882 5717 2946 5775 ad
2988 5731 3192 5773 sacram
3223 5717 3508 5774 lectionem
3536 5718 3866 5794 audiendam
