4048 6186
187 318 290 380 tm
764 300 767 303 “
820 292 830 297 ’
1040 291 1063 294 ⁷
1282 300 1285 301 ’
1564 291 1998 362 TESTNONIA.
3336 292 3444 352 πε

192 434 400 495 sederet,
429 431 543 487 Leo
589 415 801 501 quidam
826 410 1146 492 claudicans,
1168 418 1546 479 Monasterium
1576 418 1753 487 ingre-
1858 411 2115 484 presbyter
2134 410 2187 465 in
2208 409 2434 464 Bethlem
2454 416 2556 464 toto
2568 407 2682 481 jam
2704 408 2888 464 mundo
2902 410 3069 465 clarus
3088 410 3287 481 egregio
3303 412 3447 482 inge.

192 539 267 581 sus
292 533 393 591 est,
425 537 539 591 qua
561 521 794 592 superius
820 518 1024 574 totidem
1053 516 1209 570 verbis
1238 512 1391 568 ltabss
1418 510 1515 565 col.
1551 507 1676 565 509.
1706 514 1753 560 et
1859 508 2028 571 nio,et
2049 505 2216 559 studio
2235 505 2479 559 universa:
2500 501 2745 556 Ecclesiw
2766 502 2980 555 serviens
3009 502 3220 556 habitat.
3238 502 3295 559 In
3320 504 3447 558 Dia-

191 631 309 683 “qq,
1861 597 1983 667 logo
2012 612 2226 666 quoque
2256 593 2441 650 Severi
2466 593 2710 663 discipuli
2748 593 2917 647 sancti
2948 592 3177 657 Martini,
3206 595 3296 664 qui
3324 594 3441 664 ejus

248 704 372 757 Cum
403 703 531 758 olim
563 703 614 757 in
646 701 883 757 Ecclesia
910 699 1272 769 unusquisque
1298 701 1577 757 cantaret,
1610 688 1755 760 quod
1863 698 2106 759 tempore
2125 687 2241 753 fuit,
2262 686 2330 741 de
2345 702 2409 742 eo
2425 686 2503 742 sic
2528 683 2812 741 scribitur:
2840 683 3179 755 Hieronymus
3196 688 3449 757 presbyter

190 795 383 848 volebat
408 792 742 849 Theodosius
768 792 1081 862 Imperator,
1111 781 1167 843 ut
1193 788 1265 843 ait
1289 786 1521 841 Joannes
1546 779 1752 846 Beleth,
1863 780 1981 850 ﬁdei
2010 781 2210 845 merito,
2244 780 2454 848 dataque
2494 778 2732 831 virtutum
2758 792 2859 831 non
2892 777 3057 831 solum
3095 776 3263 831 latinis
3302 785 3453 845 atque

192 888 457 940 Damasum
486 884 681 955 Papam
708 882 949 953 rogavit,
979 892 1037 935 ut
1064 879 1218 935 alicui
1248 878 1360 932 viro
1386 877 1543 931 docto
1571 872 1769 928 Ecclc~
1866 870 2077 939 Graecis,
2099 874 2188 926 sed
2216 873 2367 925 etiam
2396 870 2656 925 Inebrm'cis
2685 868 2755 922 ita
2782 868 2962 922 litteris
2996 868 3267 921 instructus
3285 877 3377 933 est,
3401 878 3456 920 ut

189 974 448 1029 siastieum
479 974 713 1029 alliciam
740 972 1091 1027 committeret
1117 967 1489 1025 ordinandum.
1522 962 1638 1033 Ipse
1665 960 1760 1031 igi-
1866 979 1917 1019 se
1947 964 2025 1018 illi
2045 965 2181 1019 omni
2202 965 2408 1019 scientia
2433 979 2576 1018 nemo
2603 962 2789 1016 audeat
2818 978 3134 1032 comparare.
3160 960 3255 1015 Cui
3264 962 3457 1032 jugt'tcr

189 1075 263 1118 tur
296 1065 477 1120 sciens
521 1064 896 1135 Hieronymum
935 1061 988 1116 in
1028 1061 1203 1131 lingua
1245 1059 1442 1122 latina,
1486 1068 1657 1126 grarca
1708 1059 1763 1106 et
1866 1055 2107 1109 adversus
2158 1056 2321 1109 malos
2354 1072 2555 1127 pugna,
2590 1065 2979 1125 perpetuumque
3021 1063 3290 1109 certamen.
3325 1054 3461 1109 Ode-

186 1155 390 1209 bcbrma
437 1155 729 1225 perfectum
773 1154 826 1207 in
875 1153 1111 1207 omnium
1154 1150 1410 1221 sapientia
1453 1160 1719 1202 summum
1745 1184 1760 1208 ,
1868 1154 1988 1198 runt
2042 1162 2151 1199 enin
2198 1147 2453 1212 Iiazretici,
2480 1150 2599 1216 quia
2648 1162 2731 1200 eos
2779 1146 3074 1216 impugnare
3112 1162 3212 1200 non
3254 1146 3457 1201 desinit.

183 1247 351 1301 eidem
402 1246 716 1315 praedictum
766 1244 1001 1300 ofﬁcium
1050 1241 1354 1297 committit.
1407 1239 1764 1308 Hieronymus

177 1336 341 1406 gitur
380 1335 696 1390 Psalterium
740 1349 834 1403 per
872 1333 1031 1388 ferias
1069 1331 1349 1393 distinxit,
1388 1338 1445 1384 et
1485 1327 1767 1395 unicuique

175 1425 329 1480 feria:
348 1423 675 1479 Nocturnum
706 1423 974 1493 proprium
999 1422 1309 1492 assignavit,
1335 1429 1389 1477 et
1417 1418 1595 1474 Gloria
1622 1416 1769 1471 Patri

178 1518 232 1571 in
285 1516 393 1570 line
438 1515 720 1584 cujuslibet
770 1514 963 1569 Psalmi
1011 1513 1221 1568 dicendi
1270 1513 1514 1567 instituit.
1569 1508 1769 1565 Deinde

185 1607 448 1677 Epistolas
470 1646 488 1673 ,
520 1615 573 1660 et
599 1606 887 1674 Evangelia
916 1618 1014 1674 per
1039 1604 1163 1658 anni
1192 1604 1447 1659 circulum
1474 1602 1767 1656 decantan-

182 1700 266 1763 di,
293 1704 599 1765 cane-raque
624 1696 691 1748 ad
714 1693 951 1749 ofﬁcium
984 1693 1300 1763 pertinentia
1333 1702 1524 1760 praeter
1547 1700 1763 1745 cantum

187 1785 569 1843 rationabiliter
609 1785 890 1839 ordinavit.
933 1783 1177 1852 Misitque
1214 1782 1342 1837 illud
1384 1779 1451 1834 ad
1493 1794 1764 1835 summum

190 1875 499 1933 Pontiﬁcem
525 1916 541 1942 ,
570 1884 624 1930 et
658 1874 728 1929 ab
767 1889 835 1930 eo
870 1884 924 1931 et
959 1872 1329 1928 Cardinalibus
1359 1871 1456 1925 fuit
1481 1869 1640 1925 valde
1669 1884 1767 1940 ap-

192 1969 485 2036 probatum,
513 1976 566 2022 et
596 1974 848 2035 perpetuo
884 1963 1320 2019 autenthicatum.
1349 1962 1477 2017 Post
1512 1970 1687 2015 autem
1715 1960 1769 2016 in

192 2074 275 2113 ore
300 2057 592 2128 speluncae,
623 2057 675 2111 in
703 2071 808 2127 qua
837 2055 1092 2110 Dominus
1115 2055 1260 2109 venit
1286 2063 1340 2109 et
1359 2054 1556 2123 jacuit,
1588 2052 1770 2107 Mona-

193 2149 402 2202 sterinm
434 2148 539 2203 sibi
567 2146 883 2209 construxit,
912 2145 999 2200 ubi
1025 2144 1313 2214 completis
1340 2144 1626 2216 nonaginta
1651 2151 1774 2198 octo

193 2240 335 2292 annis
364 2246 420 2292 et
453 2252 548 2292 sex
573 2236 846 2292 mensibus
871 2236 1109 2305 sepultus
1134 2234 1250 2289 fuit.

257 2330 308 2383 ln
337 2338 546 2397 quanta
576 2329 874 2387 reverentia
900 2328 1229 2399 Augustinus
1253 2342 1374 2384 eum
1394 2329 1657 2394 habuerit,
1687 2343 1779 2398 pa-

195 2430 261 2475 tet
290 2420 341 2475 in
364 2420 655 2490 Epistolis,
678 2436 810 2489 quas
837 2420 939 2475 sibi
969 2420 1115 2475 misit
1144 2437 1156 2472 :
1183 2420 1237 2475 in
1277 2435 1379 2475 una
1417 2436 1643 2491 quarum
1689 2420 1781 2475 tali

197 2512 348 2567 modo
370 2513 424 2567 ei
457 2510 647 2566 scribit
674 2529 687 2563 :
721 2510 944 2565 Domino
967 2511 1311 2577 dilectissimo,
1325 2520 1371 2566 et
1388 2511 1523 2565 cultu
1543 2510 1779 2565 sinceris-

196 2605 325 2658 sima:
340 2604 615 2658 charitatis
631 2602 1116 2673 obseruando,atque
1133 2603 1508 2672 complectendo
1520 2602 1778 2673 Hierony-

196 2710 268 2747 mo
284 2695 625 2765 Augustinus.
644 2693 783 2748 Alibi
811 2708 1023 2763 quoque
1038 2693 1107 2749 de
1132 2708 1199 2749 eo
1219 2694 1297 2749 sic
1321 2693 1503 2748 scribit
1527 2711 1540 2747 :
1562 2694 1782 2748 Sanctus

200 2784 541 2857 Hieronymus
565 2786 825 2855 presbyter
858 2800 1043 2856 grwco,
1071 2786 1230 2839 latino
1265 2794 1311 2838 et
1337 2784 1550 2839 luebrteo
1586 2786 1782 2853 eloquio

194 2880 434 2946 eruditus,
464 2880 523 2933 in
552 2880 675 2933 locis
698 2878 883 2933 sanctis
911 2888 1059 2948 atque
1081 2879 1133 2932 in
1162 2877 1340 2932 litteris
1363 2878 1518 2933 sacris
1542 2894 1695 2947 usque
1717 2878 1784 2930 ad

197 2969 507 3038 decrepitam
525 2969 650 3023 vixit
672 2978 871 3023 (etatem
891 3009 906 3033 ,
933 2970 1081 3039 cujus
1124 2968 1267 3022 nobis
1292 2967 1478 3037 eloquii
1501 2968 1561 3020 ab
1584 2968 1787 3021 Oriente

195 3060 240 3110 in
272 3059 607 3113 Occidentem
649 3059 808 3112 instar
833 3059 954 3112 solis
982 3059 1180 3127 lampas
1224 3058 1550 3126 resplenduit.
1592 3057 1788 3112 Beatus

196 3160 359 3206 autem
392 3166 633 3223 prosper
662 3152 714 3206 in
743 3152 853 3207 suis
879 3150 1159 3206 Chronicis
1184 3150 1261 3205 sic
1284 3150 1357 3203 ait
1387 3167 1400 3202 :
1432 3148 1780 3219 Hieronymus

1876 1226 2103 1282 Oderunt
2130 1229 2253 1282 mali
2279 1229 2460 1284 Clerici
2483 1271 2497 1295 ,
2528 1230 2647 1299 quia
2676 1230 2828 1282 vitam
2851 1246 3023 1283 eorum
3052 1230 3386 1284 insectabatur
3411 1239 3463 1284 et

1873 1321 2087 1373 crimina
2110 1336 2128 1385 ;
2153 1320 2242 1375 sed
2266 1321 2416 1390 plane
2449 1320 2562 1374 boni
2586 1336 2756 1375 omnes
2781 1330 2827 1375 et
2859 1322 3135 1386 mirantur,
3154 1330 3201 1375 et
3221 1320 3461 1392 diligunt.

1877 1408 2019 1464 Nam
2032 1411 2117 1481 qui
2138 1427 2250 1465 eum
2270 1411 2557 1464 Ita’reticum
2582 1428 2689 1466 esse
2720 1411 3337 1479 arbitrantur,insaniunt.
3360 1411 3467 1465 To-

1876 1515 1956 1559 tus
1967 1522 2163 1575 semper
2172 1507 2222 1559 in
2245 1505 2476 1573 lectione,
2493 1515 2621 1561 totus
2635 1507 2686 1560 in
2708 1507 2850 1561 libris
2865 1517 2961 1571 est;
2975 1522 3076 1561 non
3096 1505 3303 1571 die,non
3323 1514 3467 1558 nocte

1874 1599 2083 1666 quiescit
2109 1614 2127 1651 :
2155 1606 2243 1651 aut
2263 1599 2381 1668 legit
2401 1598 2594 1667 aliquid
2612 1615 2826 1668 semper,
2840 1609 2927 1652 aut
2954 1600 3147 1653 scribit.
3166 1598 3291 1653 lla‘c
3305 1597 3468 1653 Seve-

1873 1701 1986 1744 rus.
2005 1688 2071 1742 Et
2092 1690 2229 1743 sicut
2244 1703 2307 1742 ex
2325 1688 2408 1743 his
2419 1689 2595 1744 verbis
2608 1690 2914 1759 patet,sicut
2928 1690 3040 1760 ipse
3064 1704 3207 1759 saepe
3219 1697 3465 1753 testatur,

1873 1783 2073 1861 multos
2100 1790 2489 1851 persecutores,
2522 1789 2575 1837 et
2600 1782 2797 1837 multos
2825 1781 3157 1837 detractores
3178 1794 3468 1851 perpessus

1875 1880 1976 1927 est.
2016 1871 2162 1939 Quas
2205 1880 2383 1927 tamen
2416 1871 2841 1942 persecutiones,
2866 1887 3024 1942 quam
3052 1871 3281 1927 libenter
3307 1872 3468 1926 sustis

1875 1964 2073 2031 nuerit,
2103 1973 2250 2033 patet
2278 1980 2344 2019 ex
2377 1966 2512 2029 hoc,
2546 1964 2687 2034 quod
2734 1963 2813 2018 sic
2859 1964 2988 2018 dicit
3035 1964 3087 2017 in
3129 1962 3365 2032 Epistola
3402 1965 3469 2017 ad

1876 2055 2112 2111 Asellam
2137 2074 2151 2109 :
2182 2054 2383 2110 Gratias
2426 2072 2525 2126 ago
2572 2056 2679 2109 Deo
2702 2098 2715 2121 ,
2744 2057 2861 2125 quia
2889 2058 3074 2127 dignus
3108 2072 3220 2109 sum
3248 2055 3469 2116 habitus,

1877 2167 2023 2221 quem
2046 2150 2206 2204 oderit
2231 2150 2487 2214 mundus;
2518 2151 2803 2218 maleﬁcum
2844 2165 2923 2203 me
2963 2150 3191 2219 garriunt
3217 2190 3231 2215 ,
3256 2150 3344 2202 sed
3370 2148 3474 2201 scio

1880 2243 1947 2295 ad
1988 2257 2197 2311 regnum
2237 2240 2481 2310 perveniri
2525 2256 2613 2310 per
2654 2240 2918 2309 infamiam
2958 2249 3002 2293 et
3051 2238 3233 2294 bonam
3258 2240 3471 2308 famam.

1882 2331 2036 2401 Item,
2068 2331 2279 2388 Utinam
2330 2334 2393 2386 ob
2446 2331 2653 2385 Domini
2684 2331 2781 2385 mei
2805 2347 2985 2385 nomen
3028 2339 3179 2400 atque
3217 2330 3475 2399 justitiam

1883 2426 2116 2479 universa
2158 2441 2237 2479 nte
2275 2424 2558 2493 inﬁdelium
2606 2422 2752 2476 turba
2792 2431 3136 2493 persequatur.
3172 2421 3379 2477 Utinam
3421 2423 3476 2474 in

1885 2516 2212 2587 opprobrium
2242 2531 2408 2569 meum
2429 2514 2641 2568 solidius
2669 2522 2879 2585 exurgat
2904 2514 2985 2567 hic
3006 2514 3222 2567 mundus
3240 2528 3259 2566 :
3280 2523 3477 2566 tantum

1886 2620 1941 2664 ut
1967 2626 2161 2665 merear
2181 2625 2212 2661 a
2241 2607 2443 2663 Christo
2467 2607 2673 2662 laudari
2693 2647 2709 2673 ,
2737 2616 2783 2659 et
2808 2622 2916 2661 sua:
2946 2606 3326 2676 pollicitationis
3355 2621 3474 2673 spe-

1885 2718 2001 2756 rare
2028 2699 2323 2754 mercedem.
2355 2699 2518 2754 Grata
2559 2699 2736 2768 itaque
2765 2711 2826 2751 ac
2853 2695 3205 2752 desideranda
3247 2704 3329 2749 est
3360 2702 3478 2749 teu-

1890 2795 2054 2858 tatio,
2082 2792 2235 2862 cujus
2289 2792 2566 2862 praemium
2620 2804 2649 2842 a
2696 2788 2914 2843 Christo
2962 2795 3344 2856 comparatur:
3378 2800 3479 2839 nec

1889 2885 2197 2940 maledictio
2224 2885 2404 2954 gravis
2428 2890 2535 2946 est,
2567 2895 2687 2950 qua:
2716 2880 2950 2933 divinam
2982 2877 3192 2931 laudem
3219 2876 3475 2930 imitatur.

1890 2974 2034 3030 Obiit
2087 2984 2268 3027 autem
2326 2971 2747 3042 praenominatus
2803 2968 2865 3021 Ι).
2913 2967 3272 3036 Hieronymus
3338 2967 3478 3021 circa

1892 3066 1995 3119 An.
2026 3063 2237 3119 Domini
2265 3064 2432 3117 nostri
2456 3060 2586 3116 Jesu
2613 3057 2812 3115 Christi
2843 3057 2969 3113 598.
3002 3056 3168 3113 Finis.

956 3398 1099 3470 EX
1151 3397 1407 3468 ALIO
1456 3397 1693 3469 COD.
1750 3398 2403 3473 AMBROSIAN.
2460 3400 2533 3471 Ι.
2583 3400 2795 3471 LIII.

1047 3552 1558 3615 TRANSLATIO
1593 3552 1984 3615 CORPORIS
2027 3554 2089 3615 S.
2135 3554 2620 3616 HIERONYMI.

293 3717 631 3772 QUALITEB
673 3715 902 3760 CORPUB
944 3717 1007 3757 Ι).
1055 3715 1417 3759 HIERONYMI
1458 3716 1764 3761 DELATUM
1810 3717 1925 3761 EST
1968 3715 2221 3774 ROMAM,
2270 3718 2352 3761 ET
2394 3718 2459 3762 IN
2506 3718 2789 3761 BASILICA
2834 3718 3057 3759 REATE
3105 3717 3378 3762 VIBGINIS

752 3817 970 3861 ΠΔΠΙΕ
1015 3818 1177 3861 ANTE
1221 3818 1517 3861 PII/ESEPE
1560 3817 1793 3861 DOMINI
1837 3818 2259 3863 DEVOTISSIME
2306 3819 2460 3861 FUIT
2500 3817 2938 3861 COLLOCATUM.

1450 3961 1782 3978 ———

265 4101 411 4157 Inter
465 4100 777 4157 laudabiles
824 4100 1222 4172 praerogativas,
1279 4114 1414 4170 quas
1467 4102 1801 4158 reverentius

201 4193 350 4249 almae
402 4195 546 4251 Urbi
596 4193 774 4249 divina
828 4193 1112 4248 clementia
1166 4194 1395 4247 contulit
1436 4193 1796 4261 abundanter,

204 4296 421 4352 corpora
453 4284 857 4353 prmcipuorum
885 4284 1262 4352 Apostolorum
1291 4284 1497 4339 scilicet
1538 4284 1679 4339 Petri
1703 4325 1718 4349 ,
1747 4293 1803 4340 et

205 4372 364 4442 Pauli,
417 4377 690 4448 Philippi,
732 4386 786 4431 et
824 4375 1027 4441 Jacobi,
1061 4376 1437 4432 Bartholomzei
1471 4386 1631 4448 atque
1664 4376 1801 4433 Mat-

206 4465 342 4531 thiae.
370 4469 642 4538 Symonis
670 4468 908 4535 etJudaa,
936 4483 1035 4524 nec
1077 4485 1183 4523 non
1218 4471 1570 4538 pretiosorum
1602 4470 1800 4543 Marty~

205 4570 335 4620 rum,
389 4560 811 4624 Confessorum,
859 4558 1133 4629 Virginum
1173 4558 1238 4613 ad
1274 4560 1552 4615 tuitionem
1604 4559 1803 4615 lirtnis-

204 4648 428 4715 simam,
486 4658 548 4704 et
594 4649 817 4719 gloriam
871 4662 1179 4719 perpetuam
1233 4650 1607 4720 possidendam
1638 4691 1654 4718 ,
1700 4650 1802 4706 sibi

202 4739 427 4794 brarhuit
457 4740 776 4795 exultanter
814 4758 827 4793 :
875 4756 1101 4811 quorum
1133 4742 1517 4811 potentissimis
1541 4741 1803 4813 suffragiis

218 4830 587 4896 cmporaliter
616 4831 948 4900 magnilicata
965 4832 1187 4899 eniteat,
1210 4841 1264 4886 et
1292 4833 1360 4886 ab
1388 4842 1587 4888 aeterna
1606 4832 1802 4901 jucun-

211 4914 368 4973 litate
407 4921 731 4988 perenniter
768 4920 820 4976 in
847 4922 1155 4977 caelestibus
1182 4922 1414 4993 gloriosa
1438 4922 1799 4992 reSpleudeal.

212 5004 352 5061 'ntcr
398 5024 539 5077 quos
583 5012 777 5067 Beatus
808 5012 1161 5084 Hieronymus
1204 5014 1399 5067 Doctor
1440 5014 1687 5083 egregius
1718 5013 1803 5068 lo-

207 5110 316 5151 tum
344 5100 704 5171 magnificum
736 5104 786 5157 in
820 5103 1093 5174 pra-libata
1122 5103 1260 5172 apud
1294 5104 1573 5157 Basilicam
1605 5118 1802 5174 perpe-

210 5192 297 5242 ‘urc
325 5190 576 5260 Virginis
601 5192 802 5257 Marini.
830 5210 948 5263 quae
979 5194 1194 5265 ponitur
1214 5194 1278 5248 ad
1309 5194 1574 5263 Prmsepe,
1609 5196 1805 5248 meruit

212 5278 465 5337 )btinere.
498 5281 578 5338 Ut
608 5282 664 5336 in
692 5283 854 5352 ipsius
885 5280 1049 5353 rogali
1072 5283 1233 5337 domo
1258 5285 1537 5339 decentius
1565 5285 1807 5353 quiesce-

202 5381 295 5434 ret,
329 5388 502 5442 quam
538 5373 597 5427 in
634 5375 738 5427 vita
762 5375 1056 5444 magnificis
1082 5383 1134 5429 et
1169 5374 1529 5431 devotissimis
1562 5376 1806 5432 laudibus

202 5464 399 5519 studuit
428 5465 801 5521 excellentius
822 5466 1202 5522 Commendare
1232 5466 1484 5522 ﬁdeliter.

268 5554 526 5620 Qualiter
556 5546 749 5622 itaque
783 5570 978 5625 corpus
1008 5556 1536 5626 cinsdem'mirabilis
1566 5558 1807 5615 Doctoris

204 5654 228 5691 α
254 5641 540 5705 Reducem
565 5684 583 5709 ,
618 5642 714 5697 ubi
744 5648 1007 5713 sepultura
1045 5645 1235 5711 fuerat,
1278 5647 1343 5701 ad
1395 5645 1664 5718 prmfatam
1695 5648 1809 5717 glo-

207 5745 348 5791 "osa:
374 5736 629 5808 Virginis
656 5734 832 5789 aulam
858 5736 1088 5793 delatum
1108 5737 1285 5807 fuerit,
1312 5739 1446 5797 sicut
1471 5738 1731 5810 asanctis,
1754 5749 1807 5798 ct

1791 3944 1939 4000 ΘΕΩ

1911 4103 2153 4158 honestis
2179 4102 2476 4171 Episcopis,
2504 4112 2558 4156 et
2587 4102 2654 4157 ab
2687 4102 3076 4172 antiquioribus
3113 4099 3358 4157 Patribus
3384 4141 3398 4166 ,
3432 4112 3489 4157 et

1906 4192 2285 4249 Sacerdotibus
2344 4193 2509 4247 Deum
2556 4193 2863 4247 timentibus
2913 4193 3210 4248 assertione
3260 4192 3492 4249 veridica

1907 4284 2230 4354 accepimus,
2255 4284 2320 4339 ad
2355 4284 2564 4340 laudem
2594 4285 2761 4354 ipsius
2786 4284 3080 4340 beatissimi
3104 4285 3251 4341 brevi
3278 4285 3494 4356 quidem

1907 4390 2154 4431 sermone
2182 4391 2303 4430 cum
2333 4375 2687 4431 delectatione
2716 4374 3016 4448 legentibus
3045 4377 3360 4435 referamus.
3388 4380 3497 4451 lgi-

1910 4474 1994 4519 tur
2022 4475 2301 4536 postquam
2332 4466 2419 4520 illa
2447 4476 2628 4521 sancta
2662 4467 2849 4522 civitas
2876 4467 3206 4525 Hierusalem
3230 4512 3245 4536 ,
3278 4479 3497 4541 propter

1911 4568 2125 4626 peccata
2154 4559 2478 4622 mortalium,
2509 4560 2880 4625 sanctissimis,
2921 4562 3028 4615 imo
3053 4563 3259 4618 cunctis
3298 4562 3498 4617 mansit

1909 4648 2093 4704 orbata
2124 4650 2384 4720 reliquiis,
2414 4650 2530 4705 solo
2560 4650 2846 4706 venerandi
2872 4652 3105 4709 doctoris
3127 4665 3352 4720 corpore
3378 4666 3498 4705 ma-

1909 4750 2187 4797 nente.....
2216 4742 2281 4796 ad
2305 4743 2635 4812 magniﬁcam
2663 4744 2872 4808 urbem,
2892 4744 3030 4798 unde
3050 4744 3196 4811 prius
3212 4741 3499 4799 cardinalis

1910 4843 2242 4900 recesserat,
2270 4850 2423 4889 suum
2473 4850 2668 4905 corpus
2715 4834 3110 4889 sanctissimum
3141 4832 3421 4901 reportari,
3448 4843 3504 4891 et

1913 4924 1963 4979 in
1996 4926 2247 4995 praedicta
2295 4926 2456 4981 domo
2485 4924 2771 4981 Gcnitricis
2812 4924 3071 4978 Altissimi
3120 4924 3491 4982 venerabilitct

1914 5014 2097 5070 locari.

1982 5107 2241 5174 Apparuit
2268 5106 2476 5161 cuidam
2505 5106 2843 5161 sanctissimo
2876 5108 3140 5163 monacho
3178 5109 3231 5163 in
3263 5110 3499 5177 partibus

1914 5196 2272 5250 ullramarinis
2322 5197 2590 5259 manenti,
2618 5198 2703 5251 cui
2752 5197 2979 5266 placido,
3004 5209 3058 5254 et
3096 5199 3235 5255 dulci
3259 5204 3499 5268 oraculo,

1914 5285 2118 5355 inquit,
2144 5286 2331 5340 Frater
2376 5286 2636 5351 amande,
2667 5286 2801 5342 etin
2845 5289 3053 5344 cmlesti
3089 5292 3254 5361 gloria
3292 5309 3501 5359 mecum

1914 5375 2157 5442 locande,
2188 5377 2327 5431 scias
2348 5392 2433 5431 tne
2453 5391 2574 5431 cum
2605 5380 2807 5435 auxilio
2835 5380 3049 5451 Regina:
3074 5383 3307 5439 caelestis
3333 5400 3361 5438 a
3391 5386 3501 5443 Deo

1915 5468 2249 5536 impetrasse,
2266 5478 2320 5522 ut
2340 5482 2533 5537 corpus
2560 5484 2738 5525 meum
2769 5473 2879 5525 suis
2906 5472 3196 5543 laboribus,
3220 5484 3275 5532 et
3303 5491 3504 5550 expon-

1914 5560 1987 5613 sis
2012 5558 2208 5614 debeas
2238 5561 2592 5627 extumulare,
2624 5572 2677 5617 et
2708 5562 2930 5619 Romam
2961 5580 3157 5637 quanto
3182 5569 3338 5625 citius
3362 5571 3501 5624 inlc-

1914 5652 2145 5720 graliter,
2176 5659 2230 5705 et
2258 5650 2447 5707 devote
2476 5664 2720 5722 portare,
2745 5664 2798 5710 et
2829 5656 3045 5727 januam
3076 5660 3217 5715 illius
3259 5660 3504 5713 beatis-si.

1851 5831 1861 5836 _
1919 5760 2018 5801 tua:
2052 5753 2284 5814 cryptae,
2312 5759 2430 5815 qua:
2473 5748 2540 5801 ad
2578 5765 2799 5823 pt'wsepc
2843 5749 3051 5807 Domini
3078 5750 3407 5822 appellatur,
3444 5749 3499 5801 ia
