4048 6186
543 402 754 459 tumulo
780 395 969 456 humili
1017 401 1264 462 satagens
1291 386 1552 443 collocare
1572 425 1587 450 ,
1617 394 1676 439 ιιι
1719 398 1914 454 corpus
1948 395 2128 437 meum

541 494 599 551 in
635 502 821 550 sancta
851 489 938 546 illa
965 483 1191 540 Basilica
1221 478 1542 534 dulcissima:
1570 475 1788 546 Regina:
1819 473 2091 529 adimerent
2110 512 2128 538 ,

550 599 715 656 quam
769 583 950 638 vivens
999 574 1067 628 ab
1120 569 1343 625 infantia
1393 582 1515 623 mea
1560 565 1746 634 dilexi,
1781 564 2130 634 injuventute

542 655 794 745 quaesivi,
809 679 863 727 et
886 667 941 722 in
965 671 1242 721 senectute
1259 659 1382 717 totis
1400 659 1622 723 viribus,
1639 658 1763 713 licet
1779 655 2128 723 insufliciens,

539 761 859 832 pricdicavi,
890 765 945 814 et
967 771 1137 827 usque
1177 755 1245 809 ad
1281 753 1440 810 finem
1471 765 1648 807 meum
1675 749 1811 820 piis,
1843 757 1899 805 et
1933 747 2132 804 sanctis

540 855 938 925 Scripturarum
963 847 1284 904 testimoniis
1309 842 1632 901 collaudavi.

610 945 894 1013 Quumque
918 940 1010 996 ille
1055 939 1220 994 homo
1243 947 1461 992 sanctus
1493 934 1616 989 talia
1641 947 1671 987 a
1720 933 1780 986 Β.
1805 930 2134 1000 llieronymo

538 1036 632 1092 illa
660 1035 965 1089 visitatione
987 1029 1264 1096 audisset,
1296 1025 1530 1083 surrexit
1574 1037 1802 1094 propere
1823 1063 1840 1087 ,
1871 1030 1926 1076 et
1952 1018 2019 1074 ad
2046 1018 2134 1074 lo-

538 1143 662 1187 cum
688 1125 952 1192 accessit,
980 1131 1037 1179 et
1084 1128 1238 1177 caute
1281 1118 1492 1174 duobus
1534 1115 1695 1173 sociis
1731 1110 2129 1178 comitantibus,

540 1217 912 1276 beatissimum
968 1228 1164 1286 corpus
1193 1211 1446 1275 sustulit,
1490 1207 1615 1263 miri
1644 1206 1826 1262 odoris
1855 1203 2132 1274 ﬂagrantia

540 1310 739 1366 ibidem
757 1307 1106 1366 exuberante.
1123 1303 1341 1360 Occulte
1358 1299 1425 1355 ad
1455 1298 1665 1370 propria
1684 1295 1862 1361 rediit,
1879 1310 1946 1350 ne
1971 1308 2132 1350 scan-

539 1401 718 1458 dalum
768 1401 823 1456 in
872 1399 1004 1455 locis
1044 1397 1152 1452 illis
1198 1400 1532 1451 excresceret
1559 1407 1573 1444 :
1605 1396 1869 1444 secretum
1922 1384 2128 1450 tenuit,

540 1495 714 1550 donec
740 1491 807 1547 ad
856 1491 1053 1548 Urbem
1077 1529 1092 1554 ,
1119 1487 1260 1542 sicut
1286 1489 1602 1556 poposcerat
1632 1479 1862 1536 Sanctus
1879 1518 1898 1544 ,
1924 1476 2132 1532 veniret

540 1585 804 1642 devotius.
826 1582 891 1638 Et
915 1585 1039 1652 quia
1058 1580 1170 1650 jam
1195 1578 1370 1633 dictus
1395 1573 1686 1630 Monachus
1706 1571 1904 1627 Christi
1928 1568 2132 1624 ﬁdelis-

541 1679 711 1735 simus
730 1691 762 1731 a
790 1674 849 1732 S.
883 1675 1210 1743 Hieronymo
1233 1669 1652 1734 intellexerat,ut
1673 1666 1724 1719 in
1749 1663 1940 1719 talibus
1967 1677 2134 1733 popu-

541 1769 685 1825 lares
706 1767 900 1823 vitaret
929 1777 1087 1820 auras
1114 1760 1408 1832 obsequiis,
1433 1773 1501 1814 ne
1543 1773 1575 1812 a
1618 1755 1778 1812 Curia
1820 1752 2134 1809 minoratio-

542 1877 668 1916 nem
687 1873 904 1916 suarum
935 1855 1278 1927 reliquiarum
1304 1854 1534 1923 aliquam
1565 1856 1861 1922 pateretur,
1887 1847 1955 1903 ad
1985 1846 2182 1926 Basi-J

541 1952 702 2008 licam
727 1963 875 2020 smpe
899 1948 1095 2003 dictam
1135 1960 1257 2002 cum
1301 1943 1511 1999 duobus
1540 1941 1645 1997 illis
1675 1940 1858 2004 sociis,
1889 1938 2134 1994 clanculo

540 2044 610 2100 de
641 2050 800 2099 nocte
830 2041 1069 2106 veniens,
1090 2039 1224 2094 solis
1243 2035 1528 2093 Canonicis
1555 2033 1720 2105 ipsius
1735 2032 1872 2087 aulae
1893 2031 2130 2086 existen-

540 2134 723 2200 tibus,
751 2140 808 2188 et
855 2140 960 2188 tam
1007 2129 1191 2194 corde.
1223 2143 1380 2198 quam
1424 2134 1638 2192 mente,
1668 2123 1933 2180 submissa
1975 2137 2128 2190 voce,

537 2223 724 2279 laudes
754 2223 884 2289 Deo,
915 2228 970 2278 et
997 2220 1055 2275 Β.
1089 2219 1292 2290 Virgini
1329 2217 1709 2274 dcvotissimas
1750 2214 2132 2282 referentibus,

538 2316 681 2372 inter
711 2316 990 2372 columnas
1031 2313 1272 2369 Basilica:
1295 2351 1311 2379 ,
1351 2321 1401 2368 et
1442 2311 1658 2382 januam
1689 2308 1946 2379 prmsepis
1972 2307 2129 2380 plena

539 2410 736 2465 mentis
764 2408 1036 2479 vigilantia
1062 2397 1329 2477 sepelivit.

611 2500 670 2556 in
694 2515 799 2570 quo
827 2498 1115 2570 sepulturae
1138 2496 1314 2553 officio
1356 2494 1610 2550 nominati
1639 2492 1852 2564 quidem
1876 2491 2132 2548 Canonici

544 2607 666 2646 cum
695 2589 980 2656 monacho,
1003 2597 1066 2648 et
1113 2587 1274 2644 sociis
1316 2586 1428 2641 suis
1476 2584 1724 2651 duobus,
1757 2581 2132 2639 inenarrabilis

540 2684 724 2739 odoris
739 2682 1054 2738 suavitatem
1071 2687 1377 2745 senserunt,
1399 2687 1454 2734 et
1476 2677 1768 2732 claritatem
1791 2675 2130 2742 immensam,

539 2790 698 2845 quant
738 2775 792 2830 in
842 2773 1030 2829 eadem
1077 2771 1305 2827 Basilica
1333 2783 1603 2840 nunquam
1654 2767 1932 2832 viderant,
1962 2767 2132 2824 beatis

539 2869 712 2926 oculis
737 2879 1157 2940 conspexerunt.
1205 2866 1405 2923 Aderat
1449 2880 1680 2937 namque
1717 2864 2002 2937 sepultura:
2027 2863 2126 2918 do-

1552 266 1906 335 EUSEBIUS,
1950 264 2040 321 DE
2079 263 2315 322 MORTE
2354 263 2753 325 HIERONYMI.

2235 381 2461 437 ctissimi
2492 383 2807 451 landatoris,
2830 392 2885 440 et
2903 383 3332 444 devotissimisui
3360 387 3671 464 Hieronymi
3701 397 3834 454 luna

2237 473 2464 529 lucidior
2480 515 2496 541 ,
2523 483 2578 530 et
2607 476 2722 532 sole
2747 477 3078 546 splendidior
3094 519 3115 546 ,
3134 480 3388 537 omnibus
3423 481 3834 544 adornamentis

2235 568 2471 634 suavior,
2494 570 2632 624 rosis
2661 579 2713 625 et
2741 571 3062 627 convallium
3093 573 3334 644 mysticis
3360 575 3554 633 vallata
3578 581 3836 648 pretiosis

2236 660 2363 716 liliis
2388 702 2404 727 ,
2429 661 2856 732 splendidissima
2884 663 3048 734 Virgo
3087 664 3248 724 Maria
3271 706 3289 734 ,
3324 683 3444 738 quae
3469 682 3660 729 cuncta
3684 690 3834 745 pm

2236 752 2399 808 missa
2423 752 2489 808 ad
2511 753 2770 810 honorem
2805 755 2884 811 sui
2918 756 3213 814 ﬁdelissimi
3232 769 3327 828 ,et
3346 761 3415 816 ad
3444 765 3836 833 possidendum

2236 843 2581 914 ineffabilem,
2609 862 2769 918 quam
2799 849 2912 919 ipse
2935 859 3206 906 memerat
3227 893 3242 915 ,
3269 853 3496 929 gloriar-
3536 861 3835 931 sempiter-

2236 950 2361 992 nam
2388 935 2698 994 dulcissima
2750 939 2977 996 Domina
3003 941 3325 1000 ministravit
3354 962 3368 998 :
3398 927 3513 1016 ipsa
3551 927 3834 1018 per—Salo-

2237 1042 2450 1084 monem
2494 1028 2563 1083 de
2605 1043 2665 1085 se
2705 1029 2821 1100 ipsa
2865 1030 3180 1102 perhibente
3219 1049 3384 1091 suave
3435 1039 3835 1113 testimonium,

2242 1119 2345 1188 Qui
2371 1121 2591 1176 elucidat
2615 1137 2718 1189 me,
2750 1123 2901 1177 vitam
2929 1134 3172 1179 internum
3199 1128 3494 1197 possidebit.

2308 1213 2491 1270 Gaude
2517 1215 2714 1286 itaque,
2737 1217 2924 1273 doctor
2947 1218 3109 1274 Beate
3129 1260 3147 1286 ,
3167 1221 3343 1290 gaude
3376 1231 3435 1278 et
3458 1225 3642 1281 esttlta
3657 1268 3671 1290 ,
3697 1226 3837 1284 Jests

2235 1303 2436 1360 Christi
2479 1308 2689 1374 amice,
2738 1307 2792 1363 in
2841 1311 3064 1366 caritate
3101 1325 3226 1365 vera
3278 1311 3682 1385 fundate,qnia
3739 1320 3835 1374 illa

2237 1396 2549 1454 dulcissima
2587 1398 2732 1466 caeli,
2755 1407 2809 1454 ct
2839 1400 3024 1456 mundi
3073 1400 3275 1472 Regina
3303 1445 3317 1467 ,
3348 1419 3508 1475 quam
3554 1408 3742 1464 vivens
3772 1411 3835 1466 in

2235 1491 2436 1546 sacculo
2462 1491 2738 1546 immensis
2761 1491 3028 1557 laudibus,
3055 1500 3111 1548 et
3154 1494 3404 1563 pretiosis
3429 1498 3826 1567 prmdicatiuni-

2237 1581 2339 1638 bus
2352 1582 2652 1648 elueidasti,
2679 1582 2730 1636 in
2746 1590 2836 1637 tuo
2853 1590 2908 1638 te
2922 1583 3150 1638 adventu
3175 1586 3496 1643 mirabiliter
3521 1589 3835 1660 honoravit,

2236 1686 2416 1728 coram
2457 1672 2637 1742 judice
2665 1681 2850 1728 nostro
2896 1673 2989 1728 illo
3024 1669 3258 1745 superno
3300 1679 3671 1748 arquanimiter
3711 1699 3830 1738 nia-

2235 1766 2523 1838 gnilicavit,
2557 1776 2610 1823 et
2631 1767 2684 1823 in
2702 1768 2904 1824 ccclein
2928 1770 3123 1841 palatio
3141 1785 3261 1826 cum
3282 1773 3500 1844 Angelis
3515 1783 3571 1830 et
3585 1775 3832 1831 Archarr-

2235 1860 2372 1930 gelis
2401 1860 2704 1930 perenniter
2727 1861 3025 1927 coronavit,
3052 1872 3212 1934 atque
3228 1864 3279 1918 in
3304 1863 3402 1919 hac
3427 1877 3521 1920 sua
3547 1867 3711 1937 regali
3731 1909 3746 1934 ,
3770 1877 3830 1923 et

2236 1950 2359 2005 aula
2387 1951 2616 2021 pretiosa
2655 1950 2832 2007 locum
2861 1951 3112 2008 idoneum
3166 1953 3376 2009 tandem
3408 1955 3498 2010 tibi
3537 1956 3827 2013 honorabio

2237 2041 2361 2096 liter
2404 2042 2740 2112 praeparavit.
2791 2043 3075 2098 Poscimus
3115 2043 3277 2099 etiam
3320 2054 3373 2100 te
3411 2058 3826 2118 consequenter,

2237 2133 2556 2190 Venerande
2597 2144 2652 2191 et
2691 2135 3005 2192 Beatissimo
3037 2135 3263 2208 Virgtnis
3291 2138 3835 2206 sacerdos,nostan-

2238 2235 2306 2285 tae
2330 2237 2384 2285 et
2401 2229 2649 2300 gloriosa:
2677 2229 2931 2300 Virginis,
2953 2238 3009 2286 et
3035 2239 3138 2286 tua:
3157 2230 3453 2286 sanctitatis
3479 2272 3494 2295 ,
3521 2232 3644 2288 licet
3681 2233 3834 2289 indi-

2237 2322 2352 2392 gni,
2379 2331 2558 2376 tamen
2578 2320 2799 2388 assidui,
2827 2330 2882 2376 et
2900 2321 3228 2376 devotissimi
3277 2322 3579 2379 laudatores
3597 2365 3613 2391 ,
3639 2333 3832 2394 quate-

2238 2427 2341 2468 nus
2365 2452 2379 2477 ,
2408 2411 2546 2466 sient
2575 2425 2674 2467 nos
2713 2421 2861 2466 tuum
2900 2413 3318 2468 sacratissimum
3363 2428 3560 2484 corpus
3596 2415 3833 2471 assiduis

2238 2503 2484 2560 laudibus
2500 2504 2901 2575 magniﬁeamus
2920 2503 2973 2558 in
3001 2504 3178 2570 terris,
3198 2504 3276 2560 sic
3293 2505 3400 2560 tuis
3422 2505 3669 2575 precibus
3698 2507 3831 2562 Sal-

2239 2596 2413 2650 vatori
2438 2603 2623 2650 nostro
2652 2609 2750 2651 nos
2776 2605 3088 2665 peccatores
3115 2596 3403 2652 efﬁcaciter
3424 2597 3746 2654 commenda
3770 2599 3836 2655 in

2238 2686 2412 2743 caelis.
2453 2686 2573 2758 lpso
2627 2685 2979 2752 concedente,
3001 2687 3094 2756 qui
3140 2694 3223 2742 cst
3272 2701 3434 2756 super
3465 2689 3648 2745 omnia
3685 2688 3838 2746 Deus

2237 2778 2549 2835 benedictus
2577 2779 2630 2834 in
2656 2778 2852 2836 sarcula
2877 2779 3217 2835 saeculorum.
3247 2779 3438 2836 Amen.

546 2975 3814 3036 Ἥ

1641 3069 2698 3188 ΔιιιποΝιτιο

1447 3223 1564 3286 DE
1621 3219 2316 3295 SUBSEQUENTE
2374 3218 2897 3283 OPUSCULO.

537 3421 720 3490 Istud,
747 3430 798 3478 et
835 3436 950 3491 qua:
969 3419 1338 3490 subsequantmr
1385 3416 1486 3470 duo
1537 3417 1782 3486 opuscula
1802 3457 1818 3482 ,
1865 3425 2121 3470 auctorem

607 3515 789 3570 habere
801 3513 1085 3569 Damasum
1114 3506 1471 3577 Portueusem,
1487 3510 1569 3578 qui
1589 3510 1679 3563 sub
1707 3509 1827 3562 noui
1858 3507 2031 3563 surculi
2054 3507 2120 3571 ﬁ-

610 3625 723 3662 nem
748 3606 1009 3661 Romanus
1041 3603 1282 3672 Pontifex
1308 3609 1504 3656 creatus
1535 3611 1629 3665 est,
1653 3616 1803 3668 seque
1827 3598 2129 3653 Formosum

609 3699 905 3763 nominavit,
929 3695 1163 3750 Oudiuus
1182 3693 1428 3764 singulari
1451 3691 1514 3746 de
1539 3692 1646 3762 ejus
1675 3689 1785 3743 Vita
1815 3699 1961 3758 atque
1987 3687 2129 3758 Ope-

609 3790 750 3845 ribus
780 3789 1148 3845 Dissertatione
1175 3786 1448 3841 contendit.
1484 3782 1606 3839 Non
1631 3793 1797 3836 tamen
1837 3783 1946 3849 ejus
1974 3797 2133 3851 argu-

610 3889 782 3937 menta
807 3895 964 3949 usque
1008 3879 1135 3934 adeo
1167 3878 1295 3932 bona
1321 3877 1425 3930 visa
1451 3884 1566 3929 sunt
1589 3916 1603 3938 ,
1641 3883 1688 3928 et
1713 3875 1908 3944 gravia,
1939 3882 1991 3925 ut
2025 3888 2130 3926 rem

611 3973 949 4046 persuadeant
975 3988 995 4037 ,°
1020 3971 1154 4040 quod
1187 3971 1319 4023 enim
1343 3968 1429 4022 ille
1448 3967 1696 4038 singulari
1723 3967 1858 4020 cultu
1917 3965 1978 4022 S.
2007 3964 2132 4019 Hie-

609 4079 819 4136 nymum
866 4068 1270 4134 prosequentur,
1308 4074 1455 4129 seque
1494 4057 1638 4112 uellet
1681 4058 1790 4128 ejus
1826 4056 2132 4126 discipulum

610 4157 664 4210 in
692 4153 921 4208 doctrina
945 4151 1140 4217 haberi,
1167 4149 1344 4205 evincit
1372 4150 1528 4220 fuisse
1551 4150 1700 4204 etiam
1735 4147 1965 4201 absurdis
1988 4162 2130 4200 cout-

610 4246 791 4303 mentis
837 4263 983 4301 usum
1010 4287 1024 4311 ,
1048 4245 1116 4298 ad
1154 4245 1208 4297 id
1231 4284 1248 4310 ,
1273 4242 1409 4314 quod
1449 4240 1719 4310 affectabat
1743 4281 1758 4307 ,
1781 4226 2128 4294 obtinendum.

612 4337 858 4393 Erasmus
898 4348 943 4392 et
981 4336 1279 4391 Criticornm
1320 4334 1449 4403 ﬁlii,
1479 4333 1548 4386 ad
1574 4347 1787 4403 quorum
1829 4331 1936 4385 luto
1961 4344 2134 4383 censo-

612 4429 743 4484 riam
771 4427 1016 4497 virgulam
1043 4425 1301 4490 det'euere,
1329 4425 1458 4477 nihil
1484 4441 1590 4478 esse
1621 4423 1892 4476 admonent
1910 4463 1926 4491 ,
1953 4421 2005 4474 in
2033 4435 2136 4491 quo

614 4522 855 4576 horarum
885 4519 1040 4572 ullam
1067 4528 1258 4588 portent
1284 4517 1394 4588 quis
1421 4516 1653 4571 collucet.

755 4651 1108 4719 EUSEBIUS,
1144 4652 1232 4708 DE
1263 4651 1506 4712 ,MOBTE
1545 4649 1921 4706 HIERONYMI

1153 4781 1222 4822 AD
1261 4779 1505 4819 DAMASUI
1514 4806 1527 4819 .

547 4877 698 4936 Patri
749 4877 1182 4936 Revereudissimo
1238 4875 1464 4930 Damaso
1524 4874 1792 4930 Portuensi
1839 4873 2134 4944 Episcopo:

618 4983 665 5030 et
692 4971 1122 5028 Christianissimo
1165 4967 1451 5024 Theodosio
1496 4966 1843 5022 Romanorum
1876 4965 2133 5034 Senatori,

617 5067 869 5122 Eusebius
941 5066 1062 5120 olim
1105 5062 1405 5134 Hieronymi
1478 5059 1782 5116 sanctissimi
1834 5058 2135 5128 discipulus,

617 5173 755 5213 nunc
795 5173 910 5212 vero
954 5155 1128 5210 eodem
1177 5157 1384 5210 orbatus
1415 5153 1640 5221 lumine,
1673 5151 1813 5222 pium
1840 5149 2064 5205 dolorem
2090 5158 2137 5205 et

615 5249 970 5304 suavissimum
995 5246 1261 5317 gaudiuut.

615 5339 746 5394 (In.
803 5340 842 5394 ι.
893 5335 1232 5394 Multilariam
1287 5335 1572 5407 multisque
1624 5331 1798 5388 modis
1843 5331 1968 5386 olim
2000 5329 2141 5385 Deus

544 5431 762 5488 loculus
803 5441 886 5485 est
927 5427 1176 5484 omnibus
1207 5428 1361 5482 nobis
1406 5443 1499 5499 per
1546 5441 1699 5481 suum
1737 5423 2140 5479 dilectissimum

544 5522 719 5577 ﬁlittm
745 5530 989 5575 sanctum
1019 5517 1420 5592 Hieronymum,
1447 5519 1514 5576 de
1541 5517 1831 5588 Scripturis
1851 5515 2048 5570 sanctis
2089 5515 2140 5570 in

543 5609 834 5670 virtutibus
853 5620 906 5667 et
933 5607 1194 5681 prodigiis
1220 5611 1420 5679 mnltis,
1445 5627 1564 5682 quae
1585 5625 1678 5681 per
1706 5608 1852 5662 illum
1883 5607 2005 5661 fecit
2031 5607 2143 5678 ipse

546 5699 807 5763 Dominus
847 5701 901 5762 in
933 5695 1117 5758 medio
1147 5701 1347 5772 nostri,
1369 5703 1503 5760 sicut
1536 5713 1630 5759 vos
1657 5698 1805 5756 scitis
1828 5737 1842 5766 ,
1871 5695 1938 5755 de
1962 5711 2067 5769 quo
2091 5707 2145 5758 et

2230 3423 2394 3471 testes
2420 3431 2623 3482 sumus,
2657 3415 2746 3487 qui
2775 3430 2897 3471 eum
2926 3415 3174 3482 vidimus,
3194 3425 3249 3471 et
3273 3417 3445 3473 oculis
3475 3418 3672 3474 nostris
3707 3419 3829 3490 ejus

2227 3507 2562 3565 sanctitatem
2596 3507 3006 3578 perspeximus:
3035 3517 3090 3563 et
3135 3523 3325 3564 manus
3366 3518 3564 3565 nostra:
3605 3520 3829 3567 contre~

2236 3609 2516 3656 etaverunt
2557 3599 2625 3656 de
2655 3599 2819 3656 verbo
2848 3599 2964 3670 ejus
2983 3601 3219 3656 scientia:
3247 3609 3301 3656 et
3326 3600 3601 3668 doctrinm,
3632 3603 3830 3673 quibus

2234 3693 2337 3747 vita
2369 3691 2706 3748 manifestata
2728 3701 2830 3748 est.
2856 3692 3010 3760 Quod
3033 3708 3163 3764 ergo
3191 3693 3420 3749 vidimus
3448 3703 3502 3750 et
3525 3695 3831 3752 audivimus

2234 3785 2617 3839 annuntiamus
2655 3783 2830 3840 vobis.
2863 3783 3092 3840 Eramus
3117 3784 3262 3840 enim
3299 3794 3544 3854 tanquam
3574 3800 3701 3840 oves
3732 3802 3829 3841 er-

2234 3884 2417 3930 rantes
2440 3917 2453 3940 ,
2483 3875 2724 3931 erroneis
2766 3875 3244 3944 etsurerstitiosis
3309 3875 3540 3931 fabulis:
3574 3892 3679 3930 non
3724 3892 3828 3930 an-

2234 3965 2443 4021 dientes
2492 3981 2675 4021 sanam
2719 3965 3022 4021 doctrinam
3048 4007 3062 4030 ,
3106 3964 3202 4021 sed
3247 3975 3624 4022 coacervantes
3671 3967 3830 4023 nobis

2235 4055 2768 4128 pseudopropbctas,
2796 4056 2884 4128 qui
2925 4063 3204 4128 surgentes
3247 4057 3299 4111 in
3347 4057 3542 4128 papqu
3586 4057 3829 4128 magistri

2236 4147 2562 4214 mendaces,
2611 4147 3020 4204 introducebant
3067 4155 3244 4202 sectas
3280 4149 3440 4202 variae
3491 4147 3827 4220 perditionis,

2235 4238 2407 4296 donec
2429 4240 2527 4295 iste
2553 4239 2886 4296 illucesccret
2912 4239 3062 4307 dics,
3105 4239 3196 4310 qui
3237 4247 3487 4310 tanquam
3537 4240 3616 4294 sol
3659 4238 3830 4294 reful-

2235 4346 2388 4402 gens,
2417 4331 2795 4402 quinquaginta
2844 4332 2997 4386 annis
3054 4339 3110 4386 et
3161 4345 3256 4386 sex
3307 4332 3614 4395 mensibus,
3645 4331 3830 4387 multis

2237 4421 2507 4478 laboribus
2549 4431 2604 4477 et
2629 4424 2903 4490 aerumnis,
2947 4422 3000 4478 in
3044 4421 3365 4478 lectionibus
3405 4432 3462 4478 et
3500 4423 3736 4494 vigiliis;
3769 4437 3832 4478 ut

2239 4515 2392 4569 nobis
2440 4513 2713 4584 frangeret
2756 4529 2946 4585 panem
2976 4513 3233 4570 doctrinm.
3257 4513 3839 4582 desudans,tenebras

2238 4621 2475 4660 errorum
2506 4605 2815 4676 profugans,
2843 4616 2895 4661 et
2921 4615 3144 4662 cunctos
3173 4621 3204 4660 a
3235 4605 3533 4676 perditione
3569 4607 3828 4671 libemus,

2238 4697 2433 4753 cllulsit
2456 4699 2510 4754 in
2535 4699 2735 4770 templo
2767 4698 2890 4764 Dei;
2924 4698 3291 4768 incipieusque
3315 4698 3382 4752 ab
3413 4696 3630 4753 Oriente
3656 4712 3838 4767 usque

2238 4786 2304 4842 ad
2329 4786 2694 4856 Occidentem,
2721 4787 2973 4845 auferens
3002 4787 3144 4844 bella
3176 4788 3545 4845 hatretieorum
3564 4827 3584 4854 ,
3606 4802 3837 4842 corum-

2239 4892 2341 4947 qnc
2367 4891 2548 4932 arcum
2578 4886 2885 4941 conterens,
2912 4893 3061 4934 arma
3075 4887 3130 4934 et
3159 4889 3306 4935 scuta
3323 4891 3504 4934 eorum
3532 4876 3836 4934 combussit

2241 4967 2372 5039 igni.
2409 4969 2668 5035 Quoniam
2715 4969 2766 5024 in
2814 4970 2930 5039 ipso
2973 4970 3116 5026 Deus
3159 4971 3337 5041 posuit
3385 4968 3624 5040 prodigia
3666 4984 3836 5040 super

2244 5067 2463 5124 terram,
2493 5069 2549 5114 ut
2567 5075 2762 5115 nomen
2789 5076 2943 5115 suum
2974 5059 3311 5116 manifestum
3339 5061 3490 5118 ﬁeret
3518 5061 3571 5116 in
3596 5060 3838 5116 nationi-

2243 5149 2362 5206 bus.

2313 5241 2442 5295 Car.
2471 5241 2529 5296 ll.
2570 5241 2768 5298 Deinde
2795 5246 3161 5313 pcrtransiens
3185 5259 3355 5315 usque
3393 5244 3462 5299 ad
3491 5244 3624 5301 lines
3649 5253 3834 5313 terrm,

2245 5333 2484 5388 sanando
2511 5349 2795 5405 oppressos
2843 5337 2913 5392 ab
2957 5338 3326 5394 hereticorum
3371 5337 3561 5406 iaculis
3588 5377 3604 5403 ,
3638 5337 3840 5394 illumi-

2246 5425 2425 5482 nando
2451 5437 2655 5482 mentes
2684 5428 2980 5497 hominum,
3013 5429 3408 5499 Scripturarum
3435 5410 3844 5500 mnigmatare-

2247 5516 2496 5585 serando,
2526 5518 2782 5574 solvemlo
2805 5519 2996 5586 nodos,
3027 5520 3256 5576 obscura
3283 5520 3644 5588 dilucidando,
3672 5519 3842 5577 dubia

2249 5611 2570 5678 exponendo
2595 5650 2609 5675 .
2641 5609 2965 5666 confutando
3013 5619 3069 5667 et
3113 5611 3426 5681 corrigendo
3466 5611 3761 5675 lalsitates.
3787 5621 3844 5668 et

2253 5697 2530 5758 verissima
2556 5715 2621 5758 ex
2646 5699 2840 5772 linguis
2868 5698 3275 5773 quamplurimis
3310 5699 3600 5762 adiuuando
3616 5741 3635 5774 ,
3658 5711 3720 5762 ut
3738 5719 3833 5764 ιο-
