4048 6186
181 281 285 338 εει

181 490 364 545 lzrtitia
393 501 448 545 et
469 489 790 545 exultatione
823 505 836 540 :
867 486 1120 555 templum
1153 485 1357 538 Domini
1385 481 1771 544 corroboi-avit,

180 593 236 638 et
262 583 382 652 ejus
423 582 626 635 aditum
677 581 843 634 instar
888 578 1121 631 lucerna:
1165 591 1267 628 non
1306 573 1405 626 sub
1428 573 1647 627 modio.
1676 570 1768 624 sed

182 690 344 744 supra
372 672 746 728 candelabrum
775 671 827 725 in
872 668 1082 723 Domini
1111 667 1228 719 aula
1256 665 1440 735 posit-.9
1460 704 1476 729 ,
1504 663 1773 716 dominim

183 766 385 836 irriguo
411 779 534 820 rore
561 763 867 834 plenissime
915 758 1249 821 fmzundatze,
1279 756 1506 826 posteris
1525 753 1770 806 omnibus

170 872 402 934 .suornm
450 858 734 913 verborum
779 870 891 927 pra:
928 853 1141 910 cmteris
1190 849 1452 921 elegantia
1493 845 1768 917 singulari,

177 951 530 1007 excellentius
559 947 808 1003 omnibus
828 947 950 1001 aliis
979 943 1228 1016 patefecit
1254 958 1269 995 :
1301 951 1360 996 ut
1386 942 1525 996 irent
1551 941 1604 994 in
1633 937 1767 992 civi-

179 1051 342 1099 tatem
371 1041 739 1108 habitationis,
769 1049 818 1096 ct
846 1041 1021 1097 locum
1049 1036 1230 1106 gloria:
1250 1033 1550 1089 invenirent
1577 1047 1591 1084 :
1619 1039 1674 1085 et
1700 1042 1769 1084 ne

177 1133 375 1189 fierent
399 1135 546 1189 velut
569 1134 775 1204 priores
801 1147 1008 1194 eorum,
1029 1145 1200 1202 genus
1227 1139 1564 1198 peramarum
1586 1165 1600 1190 ,
1633 1136 1768 1194 quos

171 1227 398 1293 direxit,
413 1234 468 1280 et
486 1223 731 1278 liberavit
745 1222 814 1278 ab
829 1237 1074 1278 errorum
1096 1220 1409 1291 perditione.

231 1318 386 1375 Car.
411 1318 503 1373 ill.
530 1317 664 1372 Cum
688 1316 831 1372 enim
875 1315 974 1370 sim
1015 1316 1152 1370 sicut
1189 1313 1385 1382 stipula
1424 1317 1551 1366 ante
1581 1309 1769 1364 faciem

165 1412 358 1472 venti,
387 1421 443 1466 et
485 1411 623 1466 sicut
665 1410 832 1464 lutum
885 1408 1179 1478 platearum
1234 1405 1534 1460 balbutiens
1560 1445 1576 1469 ,
1627 1402 1769 1472 loqui

167 1501 448 1565 nesciens,
484 1517 584 1555 nec
609 1501 768 1555 verba
795 1501 952 1571 plene
995 1499 1226 1554 formare
1253 1498 1436 1552 valens
1466 1512 1480 1546 :
1511 1493 1636 1565 quid
1667 1494 1768 1547 im-

168 1593 380 1662 pertiar
403 1591 576 1655 vobis,
603 1592 865 1646 carissimi
897 1602 1077 1661 patres
1103 1599 1156 1646 et
1183 1589 1405 1654 domini,
1422 1603 1533 1642 sua:
1556 1586 1767 1641 laudis?

166 1682 378 1752 Nempe
400 1681 550 1750 juxta
573 1680 702 1736 illud
732 1680 974 1750 Apostoli
1005 1697 1020 1732 :
1047 1679 1109 1734 Si
1153 1678 1341 1748 linguis
1383 1677 1641 1730 hominum
1683 1676 1763 1728 lo-

167 1790 352 1844 querer
379 1782 425 1826 et
463 1770 773 1843 Angelorum
795 1811 812 1837 ,
842 1785 994 1824 suum
1023 1767 1273 1822 laudandi
1324 1781 1494 1836 genus
1535 1764 1758 1819 necdum

167 1868 514 1937 attingerem.
569 1863 766 1918 idcirco
814 1877 919 1916 non
968 1862 1020 1915 in
1069 1877 1190 1914 arcu
1235 1876 1346 1913 meo
1391 1859 1639 1928 sperabo:
1669 1873 1760 1911 nec

167 1960 373 2028 gladius
402 1971 540 2010 urens
568 1955 779 2008 saloabit
819 1971 897 2007 me
921 1969 939 2017 ,'
967 1953 1058 2007 sed
1088 1952 1345 2006 Dominus
1358 1951 1459 2006 erit
1489 1950 1756 2004 illumina-

171 2050 244 2103 tio
276 2064 418 2103 mea.
447 2047 546 2116 Qui
571 2047 746 2102 docuit
775 2054 828 2100 ct
846 2044 1057 2099 docebit
1085 2054 1300 2097 manum
1329 2056 1498 2096 meam
1529 2041 1594 2094 ad
1621 2040 1757 2094 scri-

170 2139 425 2202 bendum,
450 2148 505 2194 et
525 2136 707 2208 dirigit
742 2137 970 2206 linguam
1013 2150 1185 2189 meam
1215 2132 1280 2188 ad
1317 2132 1638 2203 loquendum
1659 2175 1672 2196 ,
1699 2140 1757 2186 ut

167 2231 436 2302 quondam
469 2230 632 2286 asina:
668 2229 900 2282 Balaam.
932 2227 1191 2295 Quoniam
1223 2226 1389 2296 ipsius
1415 2234 1498 2280 est
1533 2239 1755 2295 regnum

169 2335 219 2378 et
243 2323 550 2394 imperium,
577 2331 631 2376 et
652 2322 942 2375 dominatur
965 2337 996 2372 a
1022 2319 1150 2372 mari
1170 2334 1324 2389 usque
1344 2317 1410 2370 ad
1439 2333 1577 2370 mare
1609 2332 1626 2370 :
1649 2327 1697 2370 et
1726 2332 1760 2371 τι

166 2417 381 2485 ﬂumine
423 2431 580 2484 usque
610 2413 678 2466 ad
731 2414 968 2467 terminos
1023 2411 1157 2466 orbis
1196 2420 1463 2465 terrarum.
1506 2407 1564 2462 In
1603 2409 1759 2477 cujus

168 2515 358 2560 cuncta
384 2515 508 2558 sunt
533 2488 701 2575 posita
731 2504 933 2559 ditione
961 2521 974 2558 :
1001 2518 1184 2560 coram
1219 2517 1324 2572 quo
1352 2501 1628 2571 procident
1665 2517 1755 2557 re-

167 2615 262 2669 gcs
294 2619 307 2651 :
342 2615 442 2653 nec
469 2608 549 2653 est
570 2598 659 2668 qui
689 2611 800 2651 sum
823 2597 987 2666 possit
1013 2594 1264 2650 resistere
1295 2595 1569 2648 voluntati.
1610 2593 1755 2660 Quo-

169 2693 310 2744 niam
339 2690 516 2744 omnia
538 2703 884 2759 qua-cumque
912 2687 1095 2750 voluit,
1127 2684 1273 2750 fecit,
1301 2685 1353 2738 in
1376 2686 1507 2739 ccelo
1530 2727 1543 2749 ,
1578 2693 1714 2738 terra
1735 2726 1751 2750 ,

167 2786 301 2837 mari
331 2792 390 2838 et
420 2784 471 2836 in
503 2781 733 2854 abyssis.
767 2781 835 2835 Et
882 2780 959 2834 sic
988 2778 1164 2848 lingua
1203 2791 1319 2831 mea
1347 2776 1475 2830 tanti
1505 2776 1600 2830 viri
1645 2777 1754 2830 lau-

165 2875 293 2930 dcm
341 2875 724 2930 meditabitur:
755 2881 810 2928 et
837 2886 1029 2926 nomen
1061 2884 1215 2924 suum
1253 2867 1587 2922 aununtiabit
1631 2866 1752 2922 uni.

166 2966 358 3022 versis.

236 3058 366 3114 Car.
413 3057 502 3113 ιν.
533 3056 629 3112 llic
658 3072 782 3111 vere
812 3054 907 3109 fuit
936 3053 1165 3109 lsraelita
1191 3094 1206 3118 ,
1239 3052 1292 3105 in
1321 3066 1426 3121 quo
1465 3050 1618 3104 dolus
1646 3064 1750 3105 non

165 3148 542 3203 fuitzelectus
588 3146 881 3202 secundum
936 3161 1031 3202 cor
1095 3143 1343 3207 Domini,
1399 3141 1466 3196 ad
1525 3141 1752 3210 loquen-

164 3246 291 3300 dum
320 3244 496 3296 omnia
526 3258 644 3311 qua:
672 3242 774 3296 sibi
800 3241 1142 3294 mamlaverat
1170 3236 1424 3291 Dominus
1449 3276 1462 3298 ,
1491 3234 1754 3288 universis

165 3337 428 3407 gentibus,
447 3344 501 3390 et
518 3335 715 3406 regnis,
734 3344 782 3389 et
799 3334 986 3388 doctor
1002 3331 1158 3386 datus
1182 3331 1233 3385 in
1253 3328 1499 3400 gentibus
1516 3345 1528 3380 :
1543 3341 1600 3382 ut
1624 3341 1750 3381 sen-

165 3441 246 3484 tes
273 3429 521 3484 evelleret
548 3469 566 3494 ,
585 3428 906 3490 destrueret,
924 3424 1254 3496 disperderet
1274 3431 1327 3477 et
1346 3420 1628 3490 dissiparet
1654 3436 1668 3472 :
1698 3428 1754 3474 et

165 3521 478 3591 sapientiam
502 3535 684 3575 veram
707 3520 1015 3582 seminaret,
1047 3515 1332 3571 a-dificaret
1353 3524 1510 3582 atque
1541 3512 1749 3580 planta-

167 3623 268 3668 ret.
298 3613 393 3667 llic
419 3621 503 3666 est
532 3613 750 3666 fratrum
777 3621 982 3663 amator
1014 3627 1027 3664 :
1065 3608 1148 3662 hic
1171 3607 1353 3677 estqui
1382 3605 1578 3676 populo
1600 3603 1752 3659 Chri-

165 3705 338 3758 stiano
367 3711 446 3758 tot
475 3704 734 3758 librorum
767 3701 1033 3755 volumina
1077 3715 1140 3754 ex
1173 3698 1364 3767 linguis
1410 3695 1666 3751 Hebraica
1697 3703 1752 3750 et

165 3795 346 3849 (ἐι-πω
368 3794 421 3850 in
443 3792 708 3858 Latinam,
733 3807 836 3847 non
861 3805 1021 3861 parvo
1062 3789 1296 3860 pondere
1322 3788 1606 3842 transtulit.
1647 3785 1751 3842 Ec-

166 3889 342 3943 clesia:
367 3886 603 3943 officium
635 3886 930 3956 primitivus
965 3883 1231 3954 ordinavit
1260 3899 1273 3934 :
1305 3888 1357 3935 et
1397 3880 1557 3934 totius
1584 3893 1750 3933 sacra:

169 3980 453 4050 Scriptura:
480 3993 670 4049 aspera
703 3977 830 4033 fecit
859 3977 1035 4048 plana.
1064 3976 1221 4030 Certe
1259 3973 1312 4026 in
1365 3971 1752 4042 hujus‘lumine

168 4067 404 4122 videmus
449 4066 627 4120 lumen
669 4081 683 4118 :
725 4075 780 4120 et
824 4078 958 4133 pane
1004 4078 1114 4114 suae
1161 4059 1450 4114 salutiferae
1491 4057 1750 4112 doctrina:

169 4161 319 4228 pasti,
348 4157 686 4212 ambulamus
713 4170 881 4225 usque
899 4153 964 4207 ad
983 4160 1218 4206 montem
1248 4148 1339 4203 Dei
1365 4146 1522 4202 Oreb.
1549 4146 1646 4201 Hic
1671 4154 1752 4202 est

171 4252 356 4306 flumen
385 4264 541 4320 aqua:
589 4248 721 4302 viva:
767 4243 1101 4315 Splendidam
1149 4252 1396 4311 tanquam
1431 4239 1750 4308 crystallus,

171 4342 454 4412 procedens
483 4340 552 4396 de
577 4340 705 4395 sede
733 4339 824 4394 Dei
848 4339 898 4392 in
928 4335 1104 4391 medio
1133 4331 1408 4400 Ecclesiae,
1437 4339 1490 4386 et
1515 4345 1580 4385 ex
1609 4339 1755 4384 utra-

169 4451 265 4504 que
314 4442 466 4506 parte
507 4433 622 4502 ejus
668 4432 867 4502 lignum
910 4426 1323 4493 vitm,al1‘erens
1365 4424 1564 4480 fructus
1614 4431 1752 4479 tem-

172 4541 290 4594 pore
328 4541 472 4579 suo:
503 4523 656 4594 cujus
701 4521 826 4602 folia
877 4520 1004 4588 ligni
1031 4527 1155 4576 sunt
1181 4517 1248 4572 ad
1287 4517 1526 4587 gentium
1553 4515 1748 4570 sanita-

173 4630 290 4676 tem.
315 4620 410 4673 Vir
441 4619 541 4674 iste
569 4618 620 4672 in
663 4617 859 4687 populo
903 4629 1000 4670 s20
1041 4614 1352 4668 mitissimus
1385 4612 1649 4683 apparuit,
1693 4617 1748 4664 et

173 4713 271 4768 Deo
296 4712 528 4768 dilectus
567 4719 621 4766 et
651 4709 956 4764 hominibus
978 4750 992 4773 ,
1020 4717 1136 4761 orat
1180 4722 1324 4762 nunc
1363 4721 1462 4776 pro
1508 4703 1750 4759 Ecclesia

169 4813 366 4858 sancta.
401 4802 508 4858 Vas
534 4816 659 4857 vere
695 4799 1008 4856 admirabile
1037 4841 1052 4865 ,
1081 4800 1228 4854 omni
1279 4807 1524 4853 ornatum
1576 4796 1752 4866 lapide

167 4895 424 4962 pretioso,
453 4906 588 4964 opps
611 4891 830 4949 excelsi.

238 4982 820 5038 Car.V.\-'erumtamen
838 4982 905 5037 de
933 4983 1033 5038 hoc
1056 4981 1182 5052 quid
1204 4979 1352 5052 plura
1367 4980 1581 5036 dicam?
1601 4978 1754 5049 cujus

103 5127 106 5131 .
167 5082 419 5133 enarrant
447 5075 564 5131 curii
589 5076 836 5145 gloriam,
851 5085 903 5130 et
923 5090 1084 5146 opera
1106 5077 1486 5145 scripturarum
1503 5087 1751 5127 manuum

169 5169 276 5240 ejus
301 5167 586 5223 annuntiat
613 5167 1007 5223 firmamentum
1033 5165 1057 5219 τ
1087 5180 1184 5221 nec
1205 5166 1311 5220 sint
1332 5162 1557 5233 loquela:
1579 5177 1751 5232 neque

171 5275 466 5328 sermones,
496 5259 652 5329 cujus
679 5274 784 5314 non
811 5258 1096 5314 audiantur
1121 5257 1378 5311 doctrinae
1409 5253 1605 5310 verba:
1629 5268 1752 5307 cum

171 5353 220 5407 in
246 5368 461 5410 omnem
489 5361 685 5408 terram
722 5353 852 5409 exiit
893 5364 1058 5407 sonus
1086 5349 1239 5418 ejus?
1266 5348 1312 5403 0
1339 5347 1620 5403 ineﬂ‘abilis
1648 5346 1752 5401 mi-

169 5444 451 5501 sericordia
479 5443 808 5508 Salvatoris,
839 5457 958 5512 qua:
985 5448 1063 5494 tot
1087 5438 1370 5509 gratiarum
1413 5436 1655 5492 cumulos
1702 5436 1756 5490 in

172 5536 491 5611 llieronymo
514 5536 762 5592 adunasti
794 5552 808 5589 :
839 5544 896 5590 ut
941 5533 1006 5589 ad
1055 5548 1115 5588 ea
1162 5546 1280 5600 quae
1321 5529 1466 5582 solus
1497 5528 1753 5598 possidet,

173 5643 295 5698 pene
313 5629 449 5685 nulli
473 5629 752 5684 hominum
781 5627 879 5682 nisi
898 5623 1289 5696 particularitcr
1311 5619 1390 5674 fas
1415 5619 1754 5689 sitaspirare.

173 5719 258 5777 llic
278 5729 427 5778 certe
458 5719 568 5778 dux
602 5725 802 5777 nostris
842 5715 963 5774 fidei
991 5713 1060 5772 ad
1101 5730 1159 5774 se
1202 5720 1481 5772 currentes
1529 5709 1583 5767 in
1630 5709 1752 5766 coeli

1213 272 1573 342 EUSEBIUS,
1614 273 1706 330 DE
1742 270 1974 331 MORTE
2017 274 2414 335 lllERONﬂil.

182 401 267 454 bis
285 408 442 453 notas
470 398 666 454 faceret
693 397 801 451 vias
831 395 973 461 vitzr,
1002 403 1055 450 et
1091 408 1186 448 nos
1212 392 1529 462 adimpleret
1554 389 1771 460 gaudio,
1817 466 1822 471 .

3365 289 3473 347 εις

1882 391 2150 446 contrahit
2175 409 2370 450 arcem.
2407 395 2556 450 Ilnnc
2585 409 2696 464 pra:
2736 395 2949 450 cmteris
2993 397 3283 465 potioribus
3311 417 3458 456 orna-

1882 495 1992 538 tum
2022 485 2260 554 insigniis
2289 485 2603 555 dignitatum
2624 527 2639 550 ,
2674 487 2729 540 in
2767 487 3044 544 cantilenis
3070 499 3122 545 et
3146 492 3461 560 proverbiis,

1879 579 2279 647 operationibus
2308 589 2362 635 et
2401 579 2932 649 interpretationibus
2957 583 3161 639 mirata:
3183 594 3308 641 sunt
3328 601 3462 657 gen-

1881 680 1981 726 tes.
2009 671 2176 742 Cujus
2202 682 2325 728 nota
2354 674 2488 728 facta
2534 682 2616 729 est
2647 673 2698 728 in
2734 673 2946 744 populis
2968 674 3135 731 virtus
3164 695 3178 732 :
3211 679 3329 748 quia
3357 680 3461 735 im-

1879 765 2051 832 pletus
2070 763 2169 818 fuit
2193 766 2344 835 quasi
2367 764 2584 820 flumine
2604 765 2888 836 sapientia.
2907 765 3009 822 Sed
3032 775 3090 822 ut
3119 781 3242 823 vera
3267 769 3462 832 dicam,

1870 854 2021 924 juxta
2052 855 2179 910 illud
2209 855 2424 927 Regina:
2454 856 2609 912 Saba:
2635 875 2647 910 :
2674 856 2851 929 Major
2875 867 2947 912 est
2980 860 3115 912 enim
3139 859 3388 927 sapientia
3418 872 3468 914 et

1873 962 2030 1016 opera
2070 965 2168 1001 sua
2192 990 2207 1013 ,
2233 966 2384 1020 quam
2428 967 2602 1005 rumor
2639 966 2788 1017 quem
2825 951 3060 1006 audistis.
3104 951 3274 1019 Quam
3319 964 3474 1009 certe

1874 1037 2048 1094 bonus
2076 1048 2158 1094 est
2181 1041 2282 1095 iste
2305 1041 2387 1096 his
2412 1042 2501 1110 qui
2531 1051 2679 1097 recto
2706 1050 2832 1097 sunt
2852 1041 3014 1098 corde
3042 1059 3057 1096 :
3081 1043 3329 1112 quoniam
3354 1059 3462 1096 ητα»

1873 1131 2039 1186 litiam
2088 1146 2300 1202 semper
2333 1133 2518 1188 odivit.
2565 1135 2713 1189 Fecit
2752 1135 2894 1190 enim
2941 1133 3203 1190 mirabilia
3231 1136 3284 1189 in
3324 1144 3465 1190 terra

1874 1233 2076 1278 nostra.
2112 1225 2222 1280 Sub
2266 1226 2452 1280 umbra
2497 1226 2638 1280 illius
2678 1225 2945 1292 sedimus,
2982 1235 3036 1281 et
3064 1225 3270 1280 fructus
3318 1226 3459 1280 illius

1873 1313 2047 1369 dulcis
2070 1317 2268 1384 gutturi
2297 1327 2500 1374 nostro.
2521 1318 2727 1385 Quanta
2747 1327 2922 1373 autem
2951 1316 3016 1373 de
3051 1333 3120 1374 eo
3155 1317 3457 1373 audivimus

1873 1412 1928 1460 et
1957 1407 2304 1476 cognovimus
2332 1426 2346 1462 :
2374 1407 2640 1478 quomodo
2666 1409 3140 1464 aununtiabimus?

1942 1497 2073 1552 Car.
2107 1498 2188 1552 Vl.
2213 1500 2385 1568 Atque
2425 1515 2526 1570 ego
2567 1500 2686 1570 quis
2716 1514 2857 1566 sum,
2886 1509 2945 1554 ut
2983 1515 3193 1556 narrem
3246 1497 3454 1554 laudem

1870 1587 2024 1656 ejus.
2066 1598 2120 1644 et
2166 1589 2387 1644 virtutes
2434 1590 2654 1658 ejus,et
2694 1591 2953 1646 mirabilia
2998 1607 3116 1662 qum
3155 1591 3321 1646 fecit?
3349 1591 3453 1646 Sed

1869 1678 2120 1747 quoniam
2147 1693 2254 1732 non
2282 1691 2400 1733 sum
2435 1679 2689 1748 eloquens
2713 1679 2782 1733 ab
2807 1681 2921 1735 heri
2949 1690 3001 1735 et
3024 1680 3216 1734 nudius
3246 1682 3450 1743 tertius,

1867 1778 1923 1821 ut
1956 1767 2187 1822 breviter
2213 1767 2469 1835 dicani,si
2500 1770 2658 1825 vultis
2685 1771 2946 1840 accipere,
2961 1770 3196 1826 Joannes
3216 1771 3450 1840 Baptista

1865 1859 1982 1928 ipse
2013 1873 2094 1914 cSt
2123 1877 2135 1912 :
2169 1869 2392 1931 uterque
2422 1862 2589 1929 virgo,
2616 1871 2839 1934 uterque
2859 1863 3106 1919 eretnita.
3136 1864 3212 1919 De
3245 1863 3450 1918 Joanne

1862 1950 2056 2006 dicitur
2079 1970 2091 2005 :
2129 1951 2258 2007 Erat
2278 1952 2511 2009 Joannes
2532 1956 2754 2010 vestitus
2775 1956 2894 2025 pilis
2915 1956 3242 2012 camelorum
3268 1956 3320 2010 in
3350 1956 3449 2011 de-

1861 2055 2026 2098 serto.
2059 2044 2133 2100 De
2157 2059 2216 2100 se
2243 2045 2379 2100 idem
2405 2045 2760 2118 Hieronymus
2783 2046 2941 2102 dicit:
2968 2045 3268 2103 llorrebaut
3295 2061 3447 2101 sacco

1865 2137 2106 2191 membra
2132 2137 2414 2203 deformia,
2446 2146 2501 2192 et
2534 2137 2774 2206 squalida
2815 2138 2952 2192 cutis
2989 2137 3148 2191 situm
3177 2136 3448 2205 Ethiopi-

1862 2241 1940 2288 cre
1961 2227 2140 2280 carnis
2169 2227 2481 2282 obduxerat.
2516 2227 2590 2281 De
2613 2226 2817 2282 Joanne
2843 2227 3034 2282 iterum
3069 2243 3081 2279 :
3112 2227 3366 2282 Locustas
3395 2236 3448 2280 et

1862 2317 1968 2371 mel
1989 2317 2249 2388 sylvestre
2271 2319 2484 2374 edebat.
2518 2320 2590 2375 De
2611 2333 2670 2374 se
2695 2319 2884 2374 iterum
2907 2318 3263 2391 Hieronymus
3289 2320 3445 2376 dicit:

1864 2411 1939 2466 De
1965 2411 2100 2466 cibis
2126 2419 2179 2466 ct
2223 2419 2349 2482 potu
2379 2419 2532 2467 taceo
2551 2429 2564 2465 :
2582 2426 2704 2466 cum
2731 2412 2890 2467 etiam
2921 2412 3233 2482 languentes
3259 2428 3451 2468 mona-

1860 2501 1946 2557 chi
1971 2519 2109 2574 aqua
2139 2502 2325 2574 frigida
2356 2513 2593 2569 utantur,
2616 2513 2672 2559 et
2690 2513 2900 2559 coctum
2927 2503 3126 2574 aliquid
3153 2506 3446 2576 accepisse,

1861 2592 2068 2648 luxuria
2086 2594 2172 2649 sit.
2189 2594 2326 2662 Quid
2357 2594 2551 2664 plura?
2573 2594 2666 2650 ille
2692 2603 2911 2666 propter
2933 2594 3192 2665 justitiam
3211 2606 3445 2667 martyr:

1860 2686 1961 2742 iste
2005 2701 2135 2740 vero
2177 2687 2276 2740 etsi
2316 2686 2436 2756 ejus
2481 2686 2728 2756 Spiritum
2763 2687 3040 2742 materiale
3087 2687 3287 2743 ferrum
3340 2703 3447 2743 non

1857 2779 2096 2842 abstulit,
2131 2787 2303 2834 tamen
2335 2779 2575 2850 martyrii
2603 2778 2804 2849 praemii
2832 2794 2938 2834 non
2979 2787 3061 2834 est
3097 2793 3312 2846 expers.
3338 2779 3448 2833 Du-

1855 2871 1975 2941 plex
2005 2885 2233 2941 namque
2255 2872 2567 2942 martyrium
2589 2879 2690 2926 est.
2717 2870 2914 2934 Unum,
2942 2871 3294 2925 succumbere
3329 2872 3450 2940 gla-

1854 2965 1960 3019 diis
1986 2965 2267 3034 impiorum
2302 2982 2316 3017 :
2348 2966 2574 3020 alterum
2597 3006 2610 3027 ,
2640 2964 2693 3018 in
2717 2963 3110 3018 infirmitatibus
3129 2971 3184 3019 et
3205 2963 3447 3019 adversi~

1859 3052 2055 3107 tatibus
2075 3054 2126 3106 in
2156 3055 2334 3107 animo
2365 3053 2672 3122 patientiam
2699 3051 2992 3108 custodire.

1929 3141 2178 3198 Car.Vll.
2209 3142 2366 3198 Certe
2397 3143 2482 3198 hie
2511 3152 2590 3198 est
2611 3153 2830 3214 martyr,
2850 3144 2938 3213 qui
2959 3152 3176 3213 propter
3191 3143 3446 3214 justitiam

1855 3247 1910 3292 et
1938 3236 2422 3303 mansuetudinem,
2453 3245 2507 3292 et
2532 3235 2803 3290 salutifera
2838 3235 3095 3291 doctrinas
3121 3252 3233 3291 suae
3261 3237 3442 3302 verba,

1858 3327 1910 3380 in
1959 3325 2115 3396 hujus
2155 3324 2335 3380 mundi
2378 3325 2735 3396 lacrymarnm
2763 3325 2877 3381 salo
2901 3367 2916 3391 ,
2945 3336 3217 3382 certamen
3247 3326 3385 3382 forte
3413 3343 3444 3382 a

1857 3420 2121 3473 malorum
2151 3427 2293 3473 coetu
2340 3417 2562 3472 viriliter
2589 3417 2926 3488 supportavit
2945 3459 2959 3483 ,
2994 3418 3169 3474 sciens
3194 3420 3442 3488 quoniam

1855 3511 2090 3565 omnium
2137 3508 2325 3563 fortior
2381 3518 2464 3563 est
2517 3509 2798 3578 sapientia.
2855 3508 2964 3564 Nec
3011 3509 3172 3578 impie
3196 3510 3360 3580 gessit
3392 3512 3442 3564 in

1853 3609 2142 3671 conspectu
2188 3600 2300 3664 Dei,
2333 3599 2425 3654 sed
2469 3599 2520 3654 in
2563 3599 2812 3654 Ollllllbus
2855 3600 3286 3656 tribulationibus
3310 3602 3442 3663 suis,

1856 3693 2110 3748 invocans
2156 3691 2485 3756 Dominum,
2516 3705 2620 3746 non
2669 3692 2907 3761 peccavit
2953 3690 3107 3746 labiis
3144 3691 3257 3746 suis
3298 3708 3310 3744 :
3347 3707 3443 3746 nec

1855 3786 2074 3841 stultum
2125 3783 2324 3854 aliquid
2370 3792 2559 3839 contra
2606 3783 2772 3838 Deum
2819 3783 3032 3836 locutus
3067 3790 3171 3838 est.
3215 3782 3441 3836 Taceani

1855 3893 2083 3948 namque
2108 3885 2237 3947 quot
2268 3874 2660 3938 tribulationes,
2693 3875 2925 3936 labores,
2949 3872 3265 3926 afflictiones
3287 3913 3302 3935 ,
3323 3887 3443 3927 cru-

1852 3969 2046 4031 ciatus,
2077 3981 2299 4037 agones,
2324 3964 2530 4036 ﬂagella
2555 4005 2569 4029 ,
2599 3964 2765 4019 fames
2784 4005 2799 4031 ,
2827 3963 2969 4018 sitim
2987 4002 3002 4029 ,
3030 3960 3440 4024 amaritudine-3,

1855 4064 2222 4128 tempestates,
2255 4057 2597 4121 tentationes,
2627 4054 2995 4120 abstinentias,
3025 4053 3232 4124 vigilias
3252 4094 3268 4121 ,
3290 4068 3441 4123 pere-

1853 4152 2199 4222 grinationes,
2217 4149 2394 4204 carnis
2438 4149 2859 4214 macerationes,
2898 4147 3194 4215 nuditates,
3220 4146 3442 4216 jejunia,

1855 4257 2122 4300 aerumnas
2145 4283 2159 4308 ,
2189 4251 2243 4298 et
2293 4257 2400 4296 non
2433 4241 2604 4297 solum
2636 4241 2753 4295 bare
2773 4282 2788 4307 ,
2811 4240 2902 4295 sed
2929 4239 3170 4309 graviora
3193 4249 3247 4294 et
3286 4241 3440 4293 innu-

1855 4332 2132 4390 merabilia
2161 4341 2380 4402 propter
2397 4331 2524 4387 Jesu
2552 4330 2753 4386 Christi
2798 4343 3016 4397 nomen,
3037 4329 3089 4384 in
3121 4343 3219 4383 suo
3247 4331 3442 4399 glorio-

1855 4425 2069 4480 sissimo
2095 4436 2380 4495 perpessus
2404 4433 2486 4478 est
2505 4436 2732 4492 corpore
2748 4461 2763 4489 ,
2796 4429 2854 4475 ut
2879 4420 3019 4476 idem
3047 4420 3300 4490 loquitur.

1929 4515 2142 4572 Stabam
2179 4516 2233 4569 in
2259 4531 2422 4570 eremo
2449 4515 2746 4568 constitutus
2766 4555 2781 4578 ,
2813 4521 2858 4567 et
2886 4514 2940 4568 in
2969 4514 3062 4568 illa
3089 4521 3230 4567 vasta
3255 4513 3436 4568 solitu-

1857 4612 2003 4677 dine,
2045 4625 2158 4677 qua:
2187 4617 2364 4664 exusta
2392 4608 2514 4662 solis
2544 4606 2815 4660 ardoribus
2833 4647 2848 4671 ,
2876 4605 3137 4660 monachis
3181 4605 3442 4659 horridum

1858 4715 2067 4776 prtestat
2094 4705 2469 4772 habitaculum,
2493 4704 2722 4774 cogitans
2750 4719 2827 4756 me
2853 4702 3097 4756 Romanis
3128 4699 3279 4768 potiri
3307 4699 3438 4750 deli-

1857 4799 1972 4856 ciis.
2005 4798 2229 4868 quotidie
2257 4797 2493 4867 gemitus,
2527 4794 2752 4864 quotidie
2780 4792 3038 4863 lacrynue.
3069 4788 3134 4840 Et
3163 4788 3207 4840 si
3237 4788 3440 4856 quando

1860 4908 1938 4945 me
1965 4907 2171 4945 somnus
2201 4891 2468 4944 imminens
2498 4886 2828 4957 oppressisset
2872 4887 3270 4950 repugnantem,
3300 4880 3440 4930 nulla

1859 4987 2012 5039 [tumo
2055 4985 2140 5038 via:
2186 4999 2302 5037 ossa
2344 4981 2587 5034 ha'rentia
2617 4975 2936 5030 collidebam.
2972 4969 3260 5023 Horrebam
3298 4984 3444 5021 sacro

1859 5076 2081 5130 membra
2130 5072 2415 5143 deformia,
2447 5085 2581 5137 aqua
2625 5064 2815 5136 frigida
2860 5063 3106 5132 languens
3152 5063 3356 5122 utebar,
3401 5071 3443 5111 ct

1861 5175 2056 5220 coctum
2085 5160 2284 5230 aliquid
2309 5160 2582 5228 accepisse,
2617 5154 2824 5209 luxuria
2851 5161 2980 5206 erat.
3010 5149 3152 5205 Cutis
3188 5166 3298 5202 mea
3325 5166 3444 5218 pro-

1864 5266 1975 5324 pter
2001 5253 2324 5306 incommoda
2353 5246 2608 5320 squalida,
2641 5244 2810 5298 carnis
2833 5241 3152 5311 {ﬁt/tiopica:
3172 5240 3324 5294 situm
3351 5239 3440 5290 cb-

1865 5343 2079 5397 duxernt
2103 5358 2121 5395 :
2142 5349 2189 5394 et
2216 5350 2384 5393 tamen
2413 5336 2580 5392 socius
2621 5334 2950 5404 scorpionum
2988 5340 3183 5385 tantum
3211 5347 3272 5382 ac
3300 5330 3440 5397 fera-

1864 5451 1979 5491 rum
1999 5476 2014 5501 ,
2045 5447 2179 5502 sirpe
2221 5430 2387 5485 choris
2407 5429 2696 5482 intereram
2727 5427 3016 5498 puellarum
3043 5439 3061 5478 :
3087 5433 3134 5478 et
3173 5423 3228 5476 in
3255 5422 3442 5494 frigido

1867 5541 2098 5597 corpore,
2130 5523 2282 5577 etiam
2312 5531 2616 5592 prarmortuo
2635 5521 2747 5592 jam
2780 5520 3002 5586 homine,
3034 5515 3146 5574 soia
3174 5518 3441 5573 libidinum

1867 5617 2101 5674 incendia
2125 5615 2418 5669 bulliebant.
2442 5612 2592 5668 Teste
2621 5613 2748 5679 Deo,
2774 5613 2998 5679 utemini,
3024 5629 3101 5666 me
3119 5612 3253 5665 diem
3274 5610 3445 5663 cret-vo

1861 5711 2095 5783 junxisse
2120 5723 2232 5762 cum
2263 5715 2406 5762 nocte
2425 5746 2441 5774 ,
2470 5721 2557 5760 nec
2587 5725 2618 5761 u
2648 5705 2865 5778 pccfort's
2889 5721 3112 5761 cessasse
3139 5700 3445 5760 verberibus,
