4048 6186
619 259 724 317 2ἱῖ

619 376 781 428 donec
800 374 1008 445 jubente
1029 370 1269 433 Domino,
1292 367 1345 420 in
1375 379 1453 418 me
1480 362 1664 418 rediret
1687 360 2051 430 tranquillitas.
2079 357 2194 412 Fle-

618 467 736 520 bant
762 467 998 521 continue
1015 505 1029 529 ,
1061 473 1109 516 et
1137 464 1504 532 repugnantem
1527 471 1732 510 carnem
1758 453 2196 508 hebdomadarum

617 559 791 613 inedia
814 555 1162 625 subiugabam.
1193 547 1443 604 Cellulam
1471 563 1632 600 meam
1657 546 1807 616 quasi
1832 543 2196 616 cogitationum

619 649 874 704 consciam
919 640 1327 713 pertimescebam
1348 680 1364 706 ,
1391 646 1439 693 et
1464 637 1690 690 mihimet
1717 637 1882 690 iratus
1906 643 1952 689 et
1975 634 2194 705 rigidus,

617 744 755 798 solus
779 739 975 792 deserta
1001 733 1325 801 penetrabam
1343 749 1361 786 :
1379 743 1425 786 et
1448 733 1492 787 si
1515 746 1734 785 concava
1755 729 1986 794 vallium,
2006 739 2052 782 et
2073 742 2196 798 prte-

613 839 764 901 rupta
789 827 1038 882 montium
1064 824 1329 880 cernebam
1345 864 1360 890 ,
1388 821 1524 877 illud
1554 836 1678 875 mea:
1703 819 2000 874 miserrima:
2026 817 2199 872 carnis

613 926 721 972 erat
747 915 1077 988 ergastulum,
1110 913 1179 966 ibi
1208 927 1331 966 metu
1358 911 1608 966 orationis
1638 910 1802 964 locus.

688 1008 818 1063 Car.
853 1005 991 1060 VIII.
1031 1003 1164 1072 Quis
1189 1018 1319 1074 ergo
1346 1001 1646 1056 inﬁrmatus
1672 1009 1757 1056 est
1777 1043 1790 1063 ,
1819 1009 1876 1055 et
1907 1014 2011 1054 non
2043 997 2196 1068 ipse?

613 1100 746 1168 Quis
775 1097 1172 1154 scandalizatus
1196 1135 1212 1163 ,
1245 1103 1298 1150 et
1326 1108 1434 1149 non
1465 1092 1589 1148 ille?
1619 1091 1723 1148 Sed
1751 1092 1794 1145 si
1827 1091 1879 1145 in
1910 1091 2196 1145 inﬁrmita-

523 1197 546 1271 ί
622 1192 766 1246 tibus
793 1199 848 1246 et
878 1189 1155 1245 laboribus
1185 1185 1436 1242 laudandi
1468 1194 1595 1238 sunt
1624 1183 1828 1247 Sancti,
1857 1190 2004 1237 certe
2029 1190 2084 1236 et
2109 1180 2196 1236 hic

513 1275 521 1288 ί
615 1280 912 1335 laudandus
956 1288 1060 1334 est.
1093 1277 1316 1332 Veniam
1360 1282 1540 1330 autem
1590 1273 1656 1328 ad
1702 1272 2094 1338 contumelias,
2144 1279 2199 1325 et

589 1372 1062 1441 ‘persecutiones,
1106 1384 1241 1440 quas
1281 1367 1352 1422 ab
1395 1366 1652 1438 improbis
1689 1375 1745 1421 et
1783 1364 1934 1420 falsis
1980 1364 2201 1435 pertulit

614 1463 870 1518 fratribus
901 1463 954 1517 in
984 1461 1145 1532 hujus
1168 1461 1307 1516 valle
1332 1460 1585 1515 miserim.
1619 1458 1760 1527 Quid
1799 1457 1946 1513 aliud
1991 1458 2048 1512 in
2095 1457 2198 1512 hoc

615 1554 815 1610 mundo
840 1570 936 1611 sua
963 1569 1178 1625 semper
1201 1554 1298 1608 fuit
1322 1553 1435 1607 vita
1455 1593 1470 1618 ,
1499 1551 1602 1607 nisi
1647 1550 1895 1621 quaedam
1929 1550 2070 1620 jugis
2099 1549 2199 1604 ad-

613 1661 805 1701 versus
834 1645 1112 1714 improbos
1144 1644 1524 1699 bazreticorum
1553 1642 1792 1696 omnium
1836 1650 1890 1697 et
1933 1641 2196 1706 malorum

616 1750 817 1791 cuneos
845 1749 1044 1806 pugna,
1075 1734 1501 1802 continuumque
1530 1731 1840 1787 certamen?
1869 1730 2045 1802 Super
2073 1747 2195 1787 eum

621 1827 933 1895 rugiernnt,
977 1834 1034 1880 ut
1077 1825 1300 1890 leones,
1333 1823 1607 1890 bzeretici,
1641 1823 1895 1892 quoniam
1940 1823 2200 1893 corripuit

617 1934 734 1986 eos,
751 1927 804 1974 et
825 1919 1101 1974 tabescere
1125 1917 1246 1972 fecit
1262 1913 1488 1990 sicut(a)
1504 1931 1730 1971 araneas
1749 1916 1955 1970 animas
1977 1929 2161 1970 eorum
2184 1934 2197 1971 :

621 2023 676 2066 et
707 2012 912 2067 fruetus
935 2025 1122 2066 eorum
1152 2014 1220 2064 de
1250 2019 1388 2065 terra
1423 2008 1686 2079 perdidit,
1717 2017 1772 2063 et
1800 2022 1982 2064 semen
2013 2023 2199 2064 eorum

619 2121 648 2158 a
682 2105 806 2160 ﬁliis
834 2103 1516 2172 bominum.'Aperuerunt
1558 2102 1609 2156 in
1651 2116 1775 2157 eum
1812 2100 2007 2157 Clerici
2039 2102 2201 2157 lasci-

617 2196 717 2249 viis
763 2194 930 2250 dediti
977 2208 1068 2249 ora
1112 2207 1228 2260 sua,
1262 2202 1315 2250 et
1359 2193 1728 2263 despexerunt
1770 2209 1914 2259 eum,
1944 2203 1998 2249 et
2027 2194 2194 2250 locuti

616 2297 742 2342 sunt
769 2287 926 2342 labiis
951 2285 1174 2350 dolosis,
1198 2295 1251 2342 et
1271 2285 1398 2341 odio
1423 2287 1605 2356 inique
1629 2286 1859 2341 oderunt
1879 2303 2003 2342 eum
2030 2305 2042 2341 :
2068 2304 2203 2356 quo-

619 2383 762 2436 niam
789 2395 974 2436 eorum
1003 2380 1300 2436 insectatus
1323 2388 1402 2434 est
1430 2379 1594 2433 vitam
1625 2379 1912 2449 pessimam
1938 2388 1992 2434 ct
2022 2380 2202 2436 erimi-

620 2489 708 2527 na.
748 2471 1232 2529 Circumdederunt
1257 2488 1378 2527 eum
1406 2486 1568 2527 canes
1599 2471 1751 2526 multi
1777 2513 1792 2538 ,
1823 2482 1877 2527 et
1908 2473 2043 2527 tauri
2078 2473 2201 2542 plu,-

618 2578 751 2632 gues
793 2563 1120 2618 obsederunt
1167 2577 1289 2617 eum
1337 2580 1350 2616 :
1394 2572 1449 2617 et
1498 2562 1912 2618 insurrexerunt
1969 2564 2021 2618 in
2080 2579 2203 2619 eum

621 2665 790 2712 testes
819 2655 1011 2726 iniqui,
1042 2663 1298 2711 acuentes
1324 2654 1533 2724 linguas
1562 2669 1690 2708 snas
1717 2654 1854 2709 sicut
1885 2665 2165 2725 serpentes
2185 2696 2200 2719 ,

619 2758 674 2803 et
702 2762 967 2803 venenum
999 2747 1256 2817 ‘aspidum
1297 2747 1400 2802 sub
1446 2746 1603 2801 labiis
1644 2760 1832 2801 eorum
1856 2788 1872 2813 ,
1905 2747 2203 2818 cogitantes

621 2840 852 2895 malitias
904 2838 959 2894 iu
1010 2838 1214 2906 corde,
1264 2847 1373 2893 tota
1421 2836 1510 2892 die
1557 2837 1953 2892 constituentes
2001 2837 2200 2906 praelia,

619 2929 1026 3002 supplantantes
1048 2943 1272 3001 gressus
1300 2929 1440 2998 ejus.
1481 2927 1549 2982 Et
1576 2926 1736 2982 funes
1762 2928 2122 2984 extenderunt
2148 2929 2202 2983 in

620 3025 840 3094 laqueos
865 3023 1095 3094 pedibus
1115 3022 1252 3094 ejus,
1276 3031 1335 3077 ut
1355 3021 1600 3077 delerent
1627 3021 1696 3076 de
1723 3029 1867 3076 terra
1889 3022 2204 3076 memoriam

617 3115 753 3183 ejus,
786 3122 841 3169 et
866 3113 1128 3185 ejicerent
1151 3127 1277 3169 eum
1300 3111 1368 3168 de
1390 3111 1723 3180 nationibus,
1757 3121 1817 3167 ut
1846 3111 2202 3208 opprohripm

601 3210 771 3263 .lleret
799 3207 988 3262 vicinis
1018 3208 1149 3262 suis.

686 3296 815 3352 Car.
861 3297 956 3352 lx.
997 3297 1171 3366 Super
1195 3297 1501 3353 Romanum
1545 3297 1804 3368 populum
1835 3298 1935 3354 fuit
1961 3299 2205 3372 magniﬁ-

617 3390 797 3444 centia
824 3389 962 3458 ejus,
992 3397 1048 3444 et
1070 3389 1243 3443 virtus
1269 3388 1388 3457 ejus
1413 3389 1676 3444 mirabilis
1705 3389 1756 3444 in
1781 3392 1977 3457 verbis,
2007 3402 2059 3446 et
2080 3407 2206 3446 sau-

618 3489 736 3534 etus
763 3478 1097 3534 inomnibus
1123 3478 1380 3547 operibus
1411 3479 1523 3533 suis
1554 3498 1566 3533 :
1595 3480 1835 3534 allevans
1860 3492 2200 3548 corrueutes,

621 3570 841 3625 solvens
884 3569 1218 3639 compeditos
1240 3609 1255 3631 .
1286 3569 1594 3623 illuminans
1635 3583 1808 3625 cazcos
1828 3612 1842 3635 ,
1871 3581 1926 3626 et
1965 3572 2202 3642 dirigens

615 3661 792 3729 justus
815 3700 829 3724 ,
861 3659 996 3714 dans
1046 3657 1411 3714 fortitudinem
1444 3670 1498 3714 et
1526 3659 1776 3714 virtutem
1804 3661 1944 3729 plebi
1979 3662 2070 3718 Dei
2093 3705 2107 3726 ,
2148 3673 2202 3718 et

617 3753 771 3823 quasi
821 3751 943 3806 tuba
989 3751 1322 3817 altisonans,
1371 3751 1698 3806 annuntians
1753 3754 1960 3808 cunctis
2008 3754 2202 3824 iniquis

618 3843 822 3899 scelera
853 3861 866 3897 :
899 3850 1081 3912 portas
1110 3851 1452 3912 peccatorum
1473 3885 1490 3910 ,
1513 3851 1569 3898 et
1595 3849 1782 3898 vectes
1819 3842 2026 3899 ferreos
2069 3859 2200 3900 eon-

617 3934 775 4005 fregit
803 3933 1077 4002 romphma
1109 3933 1372 3988 doctrina:
1401 3947 1534 3987 suae.
1564 3931 1858 3988 Audientes
1882 3942 2059 3988 autem
2087 3934 2202 3992 lucc

617 4027 804 4096 impii,
849 4024 1258 4080 dissecabantur
1305 4023 1559 4080 cordibus
1606 4025 1765 4080 suis:
1809 4034 1864 4080 et
1913 4026 2202 4082 stridentes

616 4117 867 4173 dentibus
895 4116 950 4170 in
977 4117 1124 4182 eum,
1157 4116 1548 4187 cogitaverunt,
1582 4125 1637 4171 et
1667 4116 1830 4172 loculi
1861 4127 1985 4174 sunt
2016 4121 2202 4189 nequi-

619 4208 740 4262 tias.
775 4209 972 4261 Arcum
1003 4220 1162 4261 suum
1191 4205 1561 4270 tetenderunt,
1596 4215 1651 4262 et
1679 4202 1827 4262 illum
1856 4220 2198 4279 paraverunt,

614 4307 670 4352 ct
698 4299 752 4353 in
782 4303 900 4369 ipso
929 4306 1254 4368 paraverunt
1279 4313 1406 4354 vasa
1435 4299 1646 4355 mortis.
1691 4299 1826 4356 Cum
1853 4309 2031 4355 autem
2055 4313 2201 4358 esset

617 4390 709 4444 ille
737 4390 926 4457 plenus
956 4389 1162 4459 Spiritu
1193 4390 1394 4446 Sancto
1419 4433 1435 4457 ,
1462 4391 1516 4446 in
1544 4391 1882 4447 orationibus
1908 4401 1964 4448 et
1993 4393 2044 4447 in
2073 4409 2202 4462 ope-

615 4479 765 4534 ribus
787 4479 939 4534 bonis
961 4495 1331 4548 perseverans,
1359 4480 1486 4534 vitia
1516 4481 1871 4548 mortiﬁcans,
1899 4483 2039 4538 bona
2065 4483 2200 4538 vivi-

615 4571 784 4624 ﬁcans
804 4610 819 4636 ,
848 4569 1112 4624 suscitans
1136 4569 1205 4625 de
1247 4570 1465 4639 pulvere
1491 4585 1719 4640 egenum
1743 4612 1758 4636 ,
1789 4581 1843 4626 et
1866 4571 1934 4627 de
1963 4581 2200 4629 stercore

612 4665 827 4734 erigens
859 4677 1168 4733 pauperem.
1215 4663 1478 4730 Quoniam
1522 4677 1630 4716 non
1680 4663 1733 4718 in
1793 4664 1995 4720 viribus
2038 4667 2196 4736 equi,

613 4769 786 4824 neque
830 4753 883 4808 in
928 4753 1291 4808 tabernaculis
1328 4753 1428 4806 viri
1474 4751 1869 4822 heneplacitum
1913 4755 2013 4810 fuit
2055 4757 2194 4824 sibi,

612 4862 711 4900 nec
739 4844 974 4915 speravit
1003 4843 1054 4898 in
1083 4842 1320 4906 divitiis,
1349 4842 1444 4897 sed
1472 4841 1787 4899 fortitudine
1819 4844 2026 4901 Domini
2070 4861 2195 4902 cor-

611 4937 930 5002 roboratus,
975 4951 1085 4992 non
1130 4933 1441 4991 formidavit
1487 4935 1864 5004 adversarios,
1893 4937 1989 4994 sed
2032 4953 2197 5010 super

613 5032 758 5098 ipsos
787 5029 1220 5086 correctionibus
1243 5037 1298 5084 et
1322 5027 1585 5084 doctrinis
1612 5031 1812 5089 sanetis
1840 5033 2032 5098 tonuit,
2060 5033 2196 5096 dans

611 5121 893 5190 imperium
923 5121 1036 5190 regi
1079 5135 1179 5176 suo
1198 5163 1214 5188 ,
1246 5129 1303 5176 et
1330 5120 1630 5178 sublimans
1656 5138 1824 5178 cornu
1855 5123 2056 5179 Christi
2085 5126 2190 5182 sui.

611 5215 762 5269 Alios
787 5213 991 5269 docens
1027 5212 1356 5280 laborando,
1383 5215 1525 5270 sicut
1566 5214 1740 5271 bonus
1789 5215 1946 5272 miles
1994 5217 2190 5272 Christi

607 5305 783 5359 sciens
806 5305 950 5374 quod
979 5320 1086 5359 non
1109 5305 1456 5361 coronabitur
1474 5306 1566 5376 qui
1590 5306 1642 5360 in
1667 5321 1842 5377 agone
1863 5313 2054 5373 certat,
2078 5307 2181 5362 nisi

608 5393 842 5463 legitime
866 5395 1174 5448 certaverit.
1208 5393 1466 5452 Videntes
1491 5404 1672 5452 autem
1715 5397 1831 5451 lucc
1856 5397 1955 5453 viri
1985 5398 2148 5472 iniqui
2171 5439 2188 5465 ,

609 5482 729 5536 irati
748 5489 893 5544 sunt,
919 5490 972 5534 et
995 5480 1210 5537 dolores
1229 5485 1754 5552 comprehenderunt
1774 5501 1868 5542 eos
1888 5504 1900 5540 :
1921 5486 2043 5558 quia
2067 5498 2190 5544 sunt

605 5572 886 5642 generatio
911 5583 1073 5637 prava
1099 5580 1151 5622 et
1179 5586 1431 5639 perversa
1452 5615 1468 5637 ,
1496 5575 1590 5629 ﬁlii
1619 5577 1673 5631 in
1698 5577 1895 5646 quibus
1932 5578 2066 5635 ﬁdes
2086 5578 2185 5634 ali-

669 5669 744 5736 (α)
782 5667 1051 5730 Pcrperam
1064 5672 1230 5716 autem
1251 5667 1452 5734 lectum,
1475 5672 1598 5723 sicut
1619 5687 1808 5727 arenas.

2041 5745 2102 5757 -κ

1660 248 2008 317 EUSEBIUS,
2052 246 2140 303 DE
2178 245 2413 302 MOB'I'E
2451 245 2853 307 HIERONYMI.

3788 261 3898 317 ιιι

2305 371 2410 427 qua
2438 374 2544 414 non
2571 369 2675 417 est.
2722 361 2792 417 Et
2814 362 3273 419 exacerbaverunt
3299 378 3422 420 eum
3447 366 3500 422 in
3530 369 3772 426 consiliis
3793 415 3807 438 ,
3841 385 3898 430 et

2303 446 2356 502 in
2377 447 2871 506 abominatiouibns
2891 452 3004 508 suis
3026 453 3095 508 ad
3122 454 3458 510 iracundiam
3485 460 3897 520 concitaverunt

2303 539 2497 608 ipsum.
2532 540 2601 596 Et
2628 543 2836 612 perdito
2862 545 3092 601 consilio
3117 546 3235 601 sine
3259 546 3565 618 disciplina,
3591 562 3745 609 veste
3774 571 3897 610 mu-

2303 629 2454 684 liebri
2487 630 2769 687 irridentes
2789 634 2861 698 ei,
2887 643 3146 705 tanquam
3169 637 3285 691 viro
3307 638 3582 696 luxurioso
3605 651 3658 698 et
3679 643 3890 716 iniquo,

2303 720 2563 791 impetum
2615 723 2856 779 fecerunt
2894 727 3220 783 unanimiter
3248 727 3302 782 in
3329 744 3489 798 eum,
3525 740 3581 787 et
3613 733 3898 804 ejecerunt

2303 825 2421 880 eam
2444 823 2595 868 extra
2625 814 2921 870 Romanam
2950 817 3241 874 civitatem.
3278 819 3346 874 At
3372 821 3463 876 ille
3492 822 3776 900 benignus,
3807 842 3897 896 pa-

2307 901 2462 970 tiens,
2497 905 2714 961 lmmilis
2734 947 2750 970 ,
2777 914 2834 962 et
2855 918 3167 964 mansuetus
3185 951 3201 975 ,
3229 925 3417 966 eorum
3445 915 3675 970 vesani:c
3705 917 3916 974 locum-

2303 993 2472 1060 dans,
2507 997 2794 1067 projiciens
2838 1008 2962 1069 post
3005 1009 3209 1072 tergum
3251 1016 3412 1057 suum
3450 1005 3627 1060 omnia
3670 1019 3896 1078 peccata

2305 1101 2488 1142 eorum
2498 1126 2512 1140 .

2366 1178 2500 1232 Car.
2520 1178 2589 1235 Χ.
2609 1179 2888 1260 Recedens
2909 1181 3033 1237 inde
3049 1185 3354 1254 peragravit
3372 1185 3425 1240 in
3441 1185 3897 1261 Constantinopo-

2306 1269 2420 1333 lim.
2449 1271 2514 1325 ad
2544 1272 2852 1327 Antistitem
2882 1274 3281 1330 sanctissimum
3312 1276 3630 1349 Gregorium
3661 1281 3894 1339 Nazian-

2306 1377 2516 1417 zenum.
2550 1362 2595 1418 Ο
2623 1363 2704 1417 vir
2729 1363 3018 1420 ineﬁ‘abilis
3038 1407 3054 1432 ,
3082 1381 3115 1420 ο
3146 1367 3399 1423 virtutum
3430 1385 3526 1425 vas
3551 1372 3889 1441 admirabile,

2306 1468 2339 1510 ο
2366 1454 2620 1524 splendor
2645 1456 2919 1527 patientiae
2940 1500 2955 1525 ,
2986 1472 3020 1512 ο
3048 1459 3252 1528 lampas
3280 1461 3591 1534 prazfulgida
3609 1505 3626 1530 ,
3649 1479 3685 1519 ο
3708 1465 3894 1521 diade-

2305 1561 2391 1625 ma
2423 1546 2643 1602 honoris
2671 1555 2725 1601 et
2753 1547 2938 1618 gloria:
2958 1590 2972 1613 ,
3015 1551 3284 1620 angularis
3329 1553 3466 1623 lapis
3513 1555 3852 1612 firmissimus
3873 1599 3890 1625 ,
3967 1619 3973 1624 ,

2305 1641 2580 1710 exemplar
2600 1640 2940 1705 innocentize,
2963 1642 3208 1698 columna
3230 1659 3418 1713 aurea,
3441 1655 3496 1702 et
3517 1648 3676 1702 totius
3705 1649 3894 1705 Eccle-

2307 1731 2400 1786 sia:
2423 1731 2850 1788 fundamentum.
2875 1733 3006 1790 Cum
3035 1736 3156 1805 plus
3180 1737 3443 1806 tunderis,
3469 1741 3646 1796 minus
3671 1742 3893 1798 confun.

2307 1822 2471 1878 deris.
2504 1825 2688 1894 Agnus
2732 1824 2991 1881 innocens
3027 1828 3155 1896 quid
3198 1827 3433 1899 loqueris
3455 1871 3471 1896 ,
3499 1845 3717 1900 pressus
3747 1833 3892 1889 collo

2308 1922 2386 1979 tot
2428 1916 2606 1984 jugis?
2651 1915 2863 1971 Gratias
2893 1931 2992 1989 ago
3024 1917 3133 1972 Deo
3159 1933 3321 1984 meo,
3362 1920 3484 1990 quia
3527 1921 3718 1994 dignus
3759 1937 3881 1979 sum

2308 2004 2554 2072 habitus,
2581 2016 2638 2061 ut
2664 2021 2750 2063 me
2772 2007 2921 2062 odiat
2947 2009 3199 2064 mundus.
3243 2009 3367 2064 Scio
3395 2027 3481 2066 me
3509 2028 3736 2084 namque
3762 2030 3892 2085 per-

2306 2099 2491 2153 venire
2517 2097 2583 2154 ad
2609 2100 2884 2155 cmlestem
2910 2101 3137 2171 gloriam
3169 2117 3264 2172 per
3298 2101 3568 2157 infamiam
3594 2112 3648 2160 et
3692 2105 3895 2161 bonam

2307 2188 2525 2245 famam.
2556 2192 2781 2261 Aperuit
2803 2201 2982 2248 autem
3009 2194 3177 2249 emlos
3204 2195 3452 2264 patientia
3481 2197 3597 2265 ejus
3623 2215 3638 2252 :
3663 2198 3786 2267 quia
3818 2199 3893 2254 ibi

2307 2283 2621 2363 conﬁrmata
2652 2297 2867 2363 semper
2896 2284 2990 2339 fuit
3017 2286 3190 2340 virtus
3217 2287 3401 2358 gloria:
3425 2287 3543 2358 ejus
3567 2305 3580 2341 :
3605 2297 3660 2344 et
3694 2290 3746 2343 in
3779 2290 3895 2346 Deo

2307 2361 2487 2445 posuit
2512 2373 2718 2428 ﬁrmam
2752 2361 3120 2431 fortitudinem
3149 2390 3302 2430 suam
3330 2394 3343 2430 :
3372 2391 3472 2432 nec
3496 2393 3526 2431 a
3553 2377 3780 2433 Domino
3807 2396 3896 2436 re-

2307 2463 2470 2519 cessit
2495 2479 2725 2535 unquam
2754 2480 2852 2520 cor
2875 2467 3010 2536 ejus.
3042 2467 3214 2522 Arcus
3240 2467 3456 2526 fortium
3477 2477 3758 2539 superatus
3779 2479 3891 2525 est:

2309 2566 2362 2613 et
2388 2557 2501 2628 ipse
2525 2560 2799 2613 accinctus
2822 2568 2906 2614 est
2929 2560 3144 2624 robore,
3168 2570 3224 2615 et
3253 2561 3535 2630 prmvaluit
3573 2562 3626 2616 in
3663 2563 3894 2617 inﬁrmi-

2310 2660 2418 2710 tate
2446 2668 2538 2708 sua
2563 2697 2577 2721 ,
2606 2664 2660 2710 et
2689 2655 2843 2711 fortis
2871 2654 3044 2711 factus
3068 2664 3152 2712 est
3178 2641 3231 2711 iu
3256 2656 3397 2712 bello
3418 2697 3434 2723 ,
3463 2665 3518 2712 et
3543 2656 3762 2712 dextera
3795 2673 3894 2712 sua

2309 2745 2604 2817 gloriﬁcata
2631 2755 2712 2801 est
2739 2747 2791 2802 in
2818 2748 3034 2803 virtute.
3069 2748 3298 2803 Dextera
3333 2762 3523 2802 manus
3553 2762 3646 2803 sua
3675 2747 3898 2804 confre-

2308 2836 2387 2910 git
2415 2836 2660 2891 inimicos
2686 2853 2699 2888 :
2727 2837 2979 2907 quoniam
3003 2837 3216 2907 adjutor
3237 2847 3290 2892 et
3313 2847 3586 2906 protector
3611 2838 3783 2892 factus
3809 2847 3898 2892 est

2310 2928 2409 2982 sibi
2442 2928 2694 2982 Dominus
2724 2929 2775 2982 in
2803 2928 3050 2983 salutem.
3085 2929 3146 2984 Et
3180 2929 3300 2982 ideo
3329 2939 3606 2984 cantemus
3644 2929 3896 2992 Domino,

2310 3019 2561 3089 quoniam
2595 3019 2874 3090 magniﬁce
2903 3018 3048 3075 fecit.
3096 3020 3489 3075 Anuunticmns
3533 3019 3634 3076 hoc
3676 3021 3726 3072 in
3772 3021 3897 3073 uni-

2311 3124 2464 3165 versa
2497 3119 2656 3166 terra.
2701 3109 3023 3164 llauriamus
3061 3125 3226 3180 aquas
3253 3111 3304 3165 iu
3335 3110 3528 3180 gaudio
3557 3110 3626 3165 de
3655 3111 3898 3165 fontilms

2309 3201 2619 3258 Salvatoris.
2649 3203 2996 3258 Evanuerunt
3023 3203 3168 3274 impii
3199 3201 3267 3258 de
3292 3201 3710 3272 cogitationibus
3745 3203 3856 3256 suis
3883 3221 3898 3256 :

2309 3295 2430 3362 quia
2459 3295 2808 3350 obscuratum
2835 3293 2932 3348 fuit
2961 3294 3222 3364 insipiens
3243 3308 3337 3349 eor
3357 3309 3562 3357 eorum,
3595 3302 3649 3348 et
3669 3287 3901 3348 credeu-

2312 3393 2391 3439 tes
2412 3400 2470 3440 se
2491 3400 2612 3441 esse
2633 3385 2903 3454 sapientes
2931 3385 2982 3439 in
3013 3385 3229 3440 malitiis
3249 3386 3386 3450 suis,
3417 3384 3561 3440 stulti
3589 3383 3709 3439 facti
3735 3397 3856 3438 sun'
3882 3404 3897 3440 :

2309 3475 2430 3544 quia
2464 3484 2803 3530 mutaverunt
2819 3477 3096 3531 veritatem
3121 3476 3171 3530 in
3195 3475 3530 3530 mendacium
3556 3490 3571 3529 :
3595 3475 3690 3530 sed
3714 3484 3897 3531 tamen

2309 3567 2504 3621 veritas
2522 3565 2591 3622 de
2613 3576 2749 3622 terra
2772 3576 2886 3622 orta
2909 3576 3012 3634 est,
3042 3575 3097 3622 et
3132 3567 3336 3638 juStitia
3357 3567 3424 3622 de
3441 3566 3579 3622 cmlo
3597 3568 3895 3636 prospexit.

2311 3658 2519 3713 Etenim
2540 3657 2667 3712 fatui
2692 3659 2746 3713 in
2776 3659 2971 3720 laeum.
2996 3674 3154 3728 quem
3175 3667 3520 3728 aperuerunt,
3545 3666 3601 3713 et
3619 3658 3671 3712 in
3685 3658 3899 3711 foveam

2309 3763 2468 3818 quam
2501 3748 2760 3816 fecerunt,
2793 3749 3116 3804 inciderunt.
3151 3748 3219 3803 Et
3265 3750 3440 3819 justus
3482 3764 3750 3820 nunquam
3796 3747 3902 3804 fuit

2309 3838 2654 3893 conturbatus
2679 3857 2692 3892 :
2718 3839 2839 3908 quia
2874 3839 3126 3894 Dominus
3151 3840 3381 3894 firmavit
3401 3839 3516 3909 ejus
3546 3855 3778 3894 manum.

2379 3928 2505 3989 CAP.
2539 3927 2632 3984 XI.
2673 3929 2847 3994 Unde,
2871 3931 3195 3986 sanctissimi
3228 3931 3413 3986 Patres
3439 3939 3494 3987 et
3519 3929 3738 3994 domini,
3763 3944 3902 3983 cou-

2309 4019 2539 4076 siderate
2568 4019 2741 4075 virum
2769 4021 2930 4076 istum
2955 4063 2970 4087 ,
3001 4037 3161 4092 quam
3192 4021 3363 4076 ﬁdelis
3395 4029 3450 4076 et
3475 4021 3650 4090 justus
3677 4035 3899 4089 semper

2310 4111 2362 4164 in
2403 4111 2564 4168 domo
2608 4111 2818 4169 Domini
2861 4113 2991 4180 fuit,
3019 4113 3085 4170 ad
3112 4103 3416 4168 docendum
3444 4128 3540 4166 nos
3561 4154 3576 4178 ,
3606 4122 3658 4166 et
3687 4111 3898 4165 illumi-

2310 4204 2542 4259 nandum
2573 4204 2883 4259 abscondita
2916 4205 3291 4269 tenebrarum,
3323 4215 3376 4260 et
3406 4203 3746 4275 emigandum
3787 4219 3895 4259 ne-

2273 4280 2282 4362 ί
2307 4295 2502 4364 quitias
2528 4303 2891 4365 peccatorum.
2925 4297 3001 4352 De
3030 4311 3138 4367 quo
3167 4297 3322 4351 nobis
3345 4297 3562 4367 grandis
3587 4305 3729 4350 esset
3769 4310 3898 4350 ser-

2309 4403 2416 4454 tuo,
2464 4397 2520 4444 et
2566 4388 3041 4459 iniuterpretabilis
3095 4389 3163 4444 ad
3210 4388 3531 4454 dicendum,
3588 4385 3684 4442 sed
3730 4387 3899 4442 nimis

2308 4479 2585 4536 imbecillis
2624 4480 2796 4536 laetus
2840 4495 2995 4547 sum,
3023 4481 3277 4551 quoniam
3318 4480 3559 4536 introivit
3599 4487 3802 4534 tremor
3831 4479 3893 4533 in

2307 4584 2427 4624 ossa
2466 4586 2582 4625 mea
2610 4578 2703 4626 :et
2726 4571 2914 4626 subtus
2950 4585 3035 4624 me
3073 4572 3284 4626 turbata
3324 4579 3450 4625 sunt
3477 4570 3701 4640 vestigia
3729 4584 3851 4625 mea
3877 4613 3893 4636 ,

2305 4676 2374 4716 ne
2403 4662 2560 4718 nimis
2584 4661 2889 4717 ascendam.
2919 4662 3017 4718 Est
3040 4663 3182 4717 enim
3206 4673 3430 4733 angusta
3463 4671 3638 4732 porta,
3663 4671 3719 4716 et
3740 4673 3893 4717 arcta

2304 4756 2409 4819 via,
2429 4765 2484 4810 et
2512 4756 2663 4812 cibus
2690 4757 2789 4812 iste
2816 4756 3019 4810 solidus
3042 4755 3400 4826 perfectorum
3431 4761 3515 4810 est
3539 4754 3892 4823 sapientium,

2304 4850 2393 4919 qui
2418 4850 2738 4906 exercitatos
2765 4848 2964 4904 habent
2989 4863 3184 4904 sensus
3205 4847 3270 4902 ad
3297 4847 3697 4903 discretionem.
3732 4845 3890 4911 Qua-

2305 4951 2523 5010 propter
2565 4955 2670 4996 non
2720 4939 2927 4996 modica
2977 4940 3325 5010 relinquens,
3373 4935 3608 4991 difﬁcilia
3637 4942 3693 4990 et
3719 4935 3893 4991 ardua

2305 5036 2434 5094 lauti
2457 5035 2556 5089 viri
2580 5034 2869 5090 ineffabilis
2893 5051 2907 5088 :
2931 5033 3086 5103 cujus
3116 5033 3275 5088 laude
3307 5033 3459 5103 plena
3489 5039 3572 5086 est
3599 5040 3762 5096 terra,
3791 5045 3894 5085 cu-

2297 5125 2386 5196 jus
2411 5124 2670 5196 Splendor
2689 5134 2773 5180 est
2793 5124 2931 5178 sicut
2956 5124 3047 5193 (al.
3075 5124 3268 5192 (tum)
3293 5123 3438 5188 luna,
3464 5130 3517 5176 et
3538 5136 3736 5176 cornua
3760 5129 3893 5175 sunt

2302 5217 2354 5272 in
2387 5215 2632 5276 manibus
2659 5215 2776 5288 ejus
2797 5255 2811 5280 ,
2843 5213 2910 5271 ad
2943 5229 3180 5290 praesens
3206 5215 3288 5269 sul
3320 5215 3500 5268 exitus
3529 5211 3750 5284 gloriosi
3782 5212 3890 5266 ali-

2300 5320 2404 5378 qua
2447 5305 2763 5362 brevissime
2803 5305 2961 5374 cupio
2991 5318 3256 5360 reserare.
3297 5302 3437 5356 Deus
3465 5304 3608 5358 enirn
3636 5302 3886 5372 omnipo-

2302 5407 2456 5462 tens,
2487 5397 2639 5468 cujus
2680 5395 3047 5453 misericordia
3093 5394 3248 5464 praeit
3285 5405 3409 5449 ante
3454 5395 3645 5448 faciem
3689 5408 3884 5450 suam:

2299 5491 2392 5560 qui
2423 5498 2476 5544 et
2496 5489 2671 5558 justus
2699 5497 2802 5556 est,
2829 5497 2883 5544 et
2907 5499 3114 5542 reetum
3137 5486 3396 5556 judicium
3430 5501 3586 5541 suum
3608 5527 3623 5551 ,
3652 5485 3888 5541 reddens

2300 5578 2604 5636 mercedem
2627 5581 2871 5635 laborum
2894 5577 3212 5633 Sanctorum
3233 5589 3454 5631 suorum
3481 5594 3495 5630 :
3519 5585 3702 5647 pastor
3725 5592 3889 5634 verus

2301 5683 2356 5729 et
2385 5670 2555 5726 bonus
2575 5710 2590 5737 ,
2619 5672 2671 5727 in
2702 5667 3065 5732 misericordia
3095 5666 3389 5738 disponens
3416 5669 3595 5724 omnia
3619 5709 3634 5737 ,
3665 5679 3721 5726 ct
3748 5684 3885 5725 con-
