4048 6186
187 283 291 340 Ἃό

192 414 415 473 gregans
445 414 585 456 oves
610 414 733 456 suas
759 399 809 455 in
836 399 956 453 sinu
981 411 1099 461 suo,
1123 410 1242 465 quae
1264 394 1555 449 novissime
1577 386 1767 444 diebus

194 495 306 548 istis
332 507 491 547 cursu
525 490 843 546 intolerabili
876 498 929 543 et
958 501 1192 543 onet'oso
1221 485 1406 554 agonis
1434 478 1762 552 gravissimi,

193 588 243 639 in
266 600 368 654 quo
393 598 519 639 caro
541 583 867 652 concupiscit
892 581 1151 635 adversus
1175 576 1442 646 spiritum,
1468 582 1522 628 et
1544 570 1764 641 Spiritus

190 679 443 732 adversus
485 691 701 730 carnem
723 718 736 740 ,
770 673 991 729 feliciter
1016 678 1390 727 consummato
1411 709 1425 731 ,
1452 674 1607 735 portu
1651 663 1760 731 jam

189 768 278 823 diu
305 767 607 835 concupita,
637 765 704 820 de
726 764 1064 834 navigatione
1085 761 1244 829 hujus
1269 757 1431 813 maris
1451 752 1758 825 procellosi,

189 862 239 912 in
262 872 366 927 quo
386 866 510 911 sunt
536 855 742 925 reptilia
770 851 1203 917 innumerabilia,
1225 849 1562 904 inimicorum
1593 842 1763 913 agmi-

185 967 249 1005 na
294 950 633 1005 colluctantia
677 966 691 1001 :
729 956 787 1002 ut
833 946 1137 1017 decipiant,
1176 951 1231 997 ct
1274 939 1541 995 trucident
1583 946 1761 991 rectos

180 1041 339 1097 corde
362 1042 473 1111 jam
505 1040 727 1095 obtento
749 1080 763 1103 ,
792 1037 1195 1093 dilectissimum
1226 1034 1392 1087 filium
1436 1044 1590 1095 suum
1630 1027 1760 1082 llic-

178 1148 461 1204 ronymum
503 1139 730 1186 exutum
772 1124 893 1197 tega
940 1127 1316 1190 mortalitatis,
1357 1132 1412 1178 et
1460 1118 1756 1190 putredinis

172 1222 333 1289 hujus
355 1220 535 1275 carnis
562 1219 899 1283 miserrimae,
925 1226 1183 1287 perpetuo
1210 1211 1625 1268 immortalitatis
1645 1208 1759 1262 bra-

167 1315 253 1365 vio
284 1312 600 1367 decoratum
622 1352 637 1376 ,
664 1309 729 1363 ad
758 1309 979 1363 coaleste
1002 1308 1194 1362 atrium
1223 1304 1497 1367 evocavit,
1528 1310 1587 1355 ut
1614 1299 1757 1371 quod

158 1405 393 1459 ridebat
420 1403 506 1458 hic
536 1404 587 1457 in
614 1402 920 1470 aanigmate,
948 1398 1024 1452 ibi
1053 1398 1231 1453 videat
1256 1396 1392 1451 facie
1427 1393 1496 1449 ad
1540 1392 1753 1448 faciem.

231 1494 372 1547 Car.
408 1494 522 1547 XII.
564 1493 732 1559 Quem
765 1506 885 1545 cum
917 1501 1159 1547 extrema
1206 1490 1325 1559 ejus
1369 1487 1498 1541 hora
1521 1527 1538 1552 ,
1569 1483 1753 1556 egredi

161 1585 226 1638 de
257 1597 490 1651 corpore
516 1581 632 1649 ejus
664 1592 873 1650 urgeret
898 1581 1037 1650 :jam
1054 1580 1329 1649 completis
1358 1576 1433 1649 (α)
1465 1576 1751 1645 nonaginta

162 1686 214 1728 et
245 1689 342 1729 sex
374 1672 553 1735 annis,
583 1672 731 1725 febre
760 1680 996 1725 aestuans
1026 1670 1217 1733 valida,
1246 1683 1377 1722 suos
1399 1668 1541 1720 circa
1567 1681 1626 1719 se
1655 1681 1747 1718 vo-

162 1766 259 1819 luit
285 1779 407 1820 esse
438 1764 487 1816 in
519 1778 679 1816 unttnt
710 1762 881 1825 ﬁlios,
912 1776 1049 1829 quos
1092 1761 1229 1812 sicut
1271 1757 1512 1812 novellas
1541 1755 1747 1823 planta-

165 1857 336 1908 tiones
357 1851 610 1906 stabilivit
637 1865 666 1904 a
687 1851 968 1920 juventute
991 1863 1109 1902 sua.
1134 1847 1369 1914 Quorum
1393 1845 1539 1898 luctu
1563 1844 1741 1896 vultus

161 1960 351 2015 graves
393 1943 605 1996 intuens
627 1982 642 2007 ,
673 1950 728 1994 ut
758 1941 877 2009 pius
907 1947 961 1993 et
987 1938 1296 1991 misericors
1315 1976 1333 2001 ,
1364 1934 1444 1988 his
1472 1932 1741 2002 paulisper

160 2047 338 2091 motus
367 2035 579 2089 fletibus
608 2032 880 2087 infremuit
908 2030 1101 2099 spiritu
1140 2037 1193 2084 et
1240 2028 1544 2098 lacrymans
1568 2065 1584 2091 ,
1628 2026 1736 2079 imo

158 2129 545 2198 aliquantulum
589 2126 806 2180 elevans
845 2124 1066 2186 oculos,
1116 2123 1273 2190 plana
1319 2134 1493 2182 voce,
1525 2117 1731 2185 inquit:

160 2221 255 2275 i-‘ili
280 2219 494 2285 Eusebi,
516 2232 613 2271 cur
633 2218 761 2270 istas
782 2213 998 2268 inutiles
1025 2211 1203 2265 fundis
1228 2208 1525 2279 lacrymas?
1550 2206 1737 2260 Nonne

160 2329 349 2369 vanum
380 2319 462 2365 est
490 2324 655 2378 super
683 2305 988 2361 defunctum
1018 2302 1243 2357 fundere
1274 2299 1579 2371 lacrymas?
1606 2298 1737 2364 Quis

158 2405 339 2458 vivens
386 2417 491 2455 non
539 2397 737 2453 videbit
788 2396 947 2465 hujus
995 2391 1240 2463 corporis
1289 2389 1735 2446 dissolutionem?

159 2494 305 2562 Quod
338 2492 505 2547 semei
535 2491 747 2545 locutus
770 2497 851 2543 est
881 2488 1039 2551 Deus,
1069 2494 1124 2539 et
1148 2483 1342 2538 audisti
1366 2523 1382 2549 ,
1413 2480 1578 2536 audes
1608 2494 1735 2534 con-

158 2586 457 2641 tradicere?
504 2583 568 2637 Et
595 2581 733 2637 nosti
762 2580 967 2635 nullum
1000 2593 1161 2649 posse
1191 2577 1450 2632 resistere
1470 2573 1728 2628 voluntati

158 2680 286 2748 ejus.
312 2678 451 2743 Jam,
479 2678 572 2741 fili,
604 2690 734 2745 rogo
762 2690 867 2729 non
894 2672 1190 2728 secundum
1212 2685 1430 2726 carnem
1453 2667 1729 2723 ambules:

156 2773 279 2824 dere
304 2769 511 2824 desine.
540 2768 700 2822 Certe
727 2775 925 2820 nostra:
953 2764 1159 2818 militia:
1184 2777 1332 2816 arma
1358 2760 1595 2815 carnalia
1622 2774 1728 2813 non

157 2872 303 2916 sunt.
332 2859 532 2915 Deinde
560 2858 705 2913 vultu
734 2856 889 2912 hilari
915 2864 969 2911 et
993 2853 1252 2925 jucunde,
1280 2852 1443 2907 alacri
1468 2865 1600 2906 voce
1628 2864 1732 2905 cte-

156 2970 297 3011 teros
345 2954 623 3024 alloquens
670 2951 846 3015 filios,
887 2945 1457 3004 exelamavit:Cessct
1505 2957 1728 3007 mceror,

154 3055 325 3101 metus
347 3046 505 3099 abeat
524 3085 539 3110 ,
565 3042 634 3097 sit
658 3042 898 3096 omnium
921 3055 1027 3092 una
1052 3053 1157 3092 vox
1183 3035 1552 3107 gaudentium.
1587 3032 1731 3100 Quo-

154 3141 290 3193 uiam
321 3151 445 3192 ecce
474 3144 685 3204 tempus
710 3130 1037 3201 acccptabile
1058 3169 1071 3192 ,
1098 3142 1225 3183 ecce
1253 3125 1370 3180 dies
1397 3122 1731 3194 jubilationis

152 3242 201 3286 et
243 3229 459 3293 laetitite,
503 3242 611 3297 pra:
652 3225 903 3280 omnibus
945 3220 1135 3276 diebus
1168 3218 1291 3272 vita:
1322 3230 1493 3271 meze:
1531 3213 1584 3267 iu
1625 3226 1731 3283 quo

149 3323 323 3378 ﬁdelis
352 3322 609 3375 Dominus
636 3319 689 3374 in
720 3316 897 3373 verbis
926 3314 1057 3379 suis,
1083 3321 1137 3369 et
1163 3317 1383 3366 sanctus
1406 3308 1462 3363 in
1481 3306 1729 3362 omnibus

150 3416 402 3487 operibus
423 3416 552 3480 suis,
579 3412 786 3484 aperuit
806 3422 1023 3465 manuni
1045 3422 1222 3471 suam,
1241 3413 1297 3458 ut
1319 3416 1492 3458 meam
1515 3399 1727 3455 exulem

148 3507 378 3561 animam
414 3508 687 3573 hucustjue
715 3504 770 3557 in
795 3514 1010 3556 carcere
1036 3496 1223 3552 mortis
1268 3493 1427 3563 hujus
1458 3491 1526 3547 ob
1552 3500 1729 3545 reatus

148 3601 250 3655 mei
294 3598 552 3669 genitoris
591 3594 755 3658 Adm,
782 3600 996 3648 revocet
1019 3589 1086 3643 ad
1129 3602 1415 3657 supernam
1463 3583 1726 3654 patriam,

152 3698 518 3761 recuperatam
547 3686 627 3743 sui
658 3685 778 3741 Filii
808 3683 1069 3753 sanguine
1094 3680 1353 3751 pretioso.
1382 3676 1560 3733 Nolite
1582 3718 1597 3743 ,
1631 3675 1725 3728 lilii

148 3782 513 3845 dilectissimi,
538 3795 673 3851 quos
698 3793 912 3848 semper
941 3777 1099 3832 habui
1127 3777 1179 3829 in
1210 3772 1502 3829 visceribus
1527 3771 1725 3825 carita-

150 3880 234 3945 tis,
264 3875 525 3945 impedirc
552 3873 805 3944 gaudium
832 3885 1031 3936 meum,
1061 3884 1128 3924 ne
1149 3865 1479 3938 prohibeatis
1501 3864 1726 3920 reddere

150 3979 301 4021 terra:
346 3964 489 4036 quod
529 3980 683 4019 suum
720 3971 824 4016 est.
855 3960 1061 4030 Corpus
1089 3974 1267 4014 meum
1297 3957 1477 4012 statim
1505 3955 1685 4011 exuite
1705 3993 1721 4019 ,

149 4071 303 4114 terra:
332 4059 478 4123 date,
512 4072 577 4112 ex
605 4071 707 4126 qua
735 4054 935 4110 factum
958 4062 1060 4119 est,
1092 4062 1149 4108 ut
1176 4052 1362 4107 redeat
1389 4049 1530 4104 unde
1557 4048 1721 4103 venit.

148 4151 347 4220 Quibus
397 4148 560 4203 (initis
599 4147 813 4214 verbis,
833 4158 1022 4201 omnes
1048 4144 1240 4198 fratres
1268 4141 1520 4212 lacrymis
1544 4138 1726 4194 made-

148 4245 297 4307 facti,
328 4239 667 4295 denudantes
713 4252 870 4292 suum
913 4235 1340 4291 sacratissimum
1378 4246 1607 4300 corpus,
1654 4230 1724 4283 ita

146 4334 440 4403 squalidum
470 4340 523 4387 et
546 4330 786 4386 deforme
811 4328 1175 4394 abstinentiis,
1203 4325 1347 4398 quod
1373 4324 1593 4396 quidem
1620 4330 1725 4377 ter-

146 4427 293 4480 ribile
320 4432 638 4481 cunctorum
670 4422 840 4489 visui,
865 4421 1190 4478 cernebatur
1223 4434 1238 4473 :
1278 4433 1400 4472 nam
1430 4424 1574 4471 tanta
1605 4421 1724 4469 erat

146 4518 388 4573 affectum
418 4518 611 4583 macie,
643 4527 700 4570 ut
725 4530 847 4569 ossa
873 4514 991 4584 ejus
1018 4514 1319 4583 potuissent
1349 4526 1446 4581 per
1466 4506 1723 4567 articulos

144 4613 408 4667 numerari
439 4628 456 4667 :
485 4612 563 4664 sic
592 4608 905 4665 verberibus
935 4616 1295 4671 cruentatum,
1326 4613 1383 4658 ut
1409 4601 1605 4672 leprosi
1630 4615 1725 4668 po-

146 4702 243 4757 tius
266 4719 463 4771 corpus
487 4699 798 4755 crederetur
824 4716 837 4752 :
863 4696 999 4752 nuda
1028 4698 1190 4751 humo
1218 4696 1461 4765 protinus
1490 4690 1724 4747 tradide-

142 4807 283 4861 runt,
312 4804 369 4850 et
397 4796 573 4864 ipsum
602 4808 758 4848 sacco
788 4792 932 4846 lineo
959 4796 1379 4860 coeperuerunt.

207 4887 337 4942 CAP.
360 4884 503 4939 Xill.
546 4885 643 4939 Ast
667 4883 757 4938 ubi
779 4884 859 4937 vir
888 4882 1115 4945 Domini,
1144 4891 1301 4935 terra:
1326 4877 1494 4934 sensit
1516 4873 1719 4945 asperi-

141 4987 305 5032 tatem
330 4994 345 5027 :
368 4976 587 5029 nimium
613 4973 938 5044 jucundatus
957 5013 971 5039 ,
999 4984 1400 5038 conversusque
1423 4966 1492 5021 ad
1520 4965 1716 5020 fratres

142 5084 245 5139 pra:
272 5067 466 5123 dolore
509 5076 562 5121 et
596 5066 838 5136 angustia
884 5065 1241 5135 lacrymarum
1283 5058 1519 5114 fontibus
1562 5057 1719 5109 inun-

143 5164 343 5228 dantes,
374 5160 545 5231 inquit
569 5177 585 5215 :
610 5160 807 5214 ilortor
829 5172 945 5223 vos,
973 5156 1236 5211 carissimi
1266 5152 1370 5206 mei
1397 5159 1451 5206 et
1476 5148 1715 5203 dilectis-

144 5258 253 5309 simi
280 5256 412 5319 filii,
438 5266 576 5323 quos
600 5252 759 5319 genui
789 5250 842 5304 in
872 5248 1168 5303 visceribus
1192 5245 1321 5300 Jesu
1350 5240 1551 5297 Christi
1575 5281 1590 5305 ,
1622 5254 1716 5308 per

145 5348 479 5402 dilectionem
506 5352 562 5398 et
584 5343 864 5399 caritatem
889 5354 994 5409 qua
1018 5338 1177 5392 dilexi
1207 5352 1303 5390 vos
1330 5354 1343 5388 :
1369 5345 1428 5389 ut
1455 5331 1715 5403 paeiﬁcati

145 5453 266 5493 nunc
288 5452 481 5507 pacem
504 5434 769 5489 habeatis.
803 5431 1018 5487 Debetis
1041 5427 1187 5484 enim
1212 5441 1326 5491 vos,
1347 5434 1597 5494 tanquam
1622 5424 1717 5477 Dei

145 5533 431 5596 ministros,
460 5528 811 5591 domesticos,
842 5534 898 5578 et
923 5523 1125 5578 amicos
1149 5518 1303 5574 decet
1328 5558 1341 5581 ,
1373 5515 1438 5569 ad
1469 5515 1718 5584 spiritua-

146 5620 199 5675 lia
221 5622 480 5678 anhelare
507 5637 521 5672 :
548 5627 605 5674 ut
629 5616 747 5673 sitis
772 5615 892 5669 aliis
916 5616 983 5668 ad
1007 5612 1309 5681 exemplum
1360 5607 1465 5663 Vos
1491 5606 1583 5675 qui
1600 5604 1718 5689 ,διιί-
1798 5660 1799 5663 η

190 5725 255 5791 (a)
290 5722 421 5789 Quid
446 5719 654 5787 propius
678 5728 797 5769 vero
819 5716 899 5781 sit,
922 5714 1083 5767 disces
1101 5727 1161 5765 ex
1187 5712 1239 5763 S.
1260 5710 1484 5764 Doctoris
1505 5707 1598 5760 vita

1218 273 1573 340 EUSEBIUS,
1614 271 1702 328 DE
1736 267 1973 326 MORTE
2013 271 2406 345 IIIERONYMI.

3346 292 3452 354 246

1880 385 2099 482 rituales
2117 390 2268 455 estis,
2289 406 2385 446 cur
2405 392 2533 446 istas
2559 401 2635 450 tot
2662 395 3013 460 infructuosas
3035 404 3257 462 funditis
3278 409 3451 482 lacry-

1874 479 2024 532 mas?
2052 478 2400 536 Peccatorum
2428 483 2579 538 vobis
2616 500 2827 555 semper
2853 495 3148 552 recordatio
3178 478 3447 571 lacrymas

1874 571 2112 627 inducat.
2141 573 2312 629 Tanto
2341 577 2572 646 prompti
2598 586 2772 634 estote
2808 580 2873 634 ad
2915 583 3176 655 lacrymas
3198 632 3213 656 ,
3244 605 3443 661 qnantu

1873 661 2047 717 fuistis
2072 662 2140 717 ad
2164 664 2397 733 culpam.
2423 665 2476 721 Si
2505 667 2625 736 quis
2646 678 2863 737 peccato
2887 674 3129 740 moritur,
3153 677 3291 734 flete.
3312 682 3440 736 Nam

1871 753 1915 809 si
1939 753 2111 808 malus
2134 769 2255 808 cum
2279 771 2373 825 per
2400 758 2767 826 pteuitentiam
2789 773 2819 813 a
2842 771 3013 815 morte
3042 766 3230 834 surgit,
3256 770 3442 839 Angeli

1868 846 2101 916 gaudent
2128 848 2180 902 in
2207 849 2398 904 cadis:
2431 859 2579 905 certe
2628 851 2673 906 si
2717 851 2892 907 bonus
2934 866 3154 924 peccato
3201 861 3441 927 moritur,

1868 940 2058 1009 Angeli
2103 940 2306 997 dolent.
2363 942 2445 997 Me
2492 958 2623 999 vero
2671 958 2780 998 non
2827 953 3079 1015 tanquam
3128 950 3441 1006 morientem

1868 1029 2092 1101 lugeatis
2128 1051 2141 1086 :
2178 1033 2273 1087 sed
2303 1048 2510 1089 mecum
2547 1043 2794 1103 tanquam
2828 1046 3036 1105 portum
3065 1039 3249 1094 salutis
3287 1043 3442 1095 attin-

1866 1131 2080 1189 gentem
2122 1122 2417 1192 gaudeatis.
2470 1124 2605 1191 Quid
2654 1125 2974 1183 imbecillius
3020 1130 3232 1185 tniseria
3285 1130 3441 1201 hujus

1866 1212 2010 1277 vitat,
2035 1228 2137 1283 qua
2183 1221 2260 1268 tot
2305 1214 2550 1269 dolorum
2592 1224 2647 1269 et
2673 1217 2979 1285 paSsionum
3010 1220 3307 1290 agminibus
3337 1224 3441 1277 cir-

1863 1304 2218 1361 cumdamur:
2253 1315 2310 1360 ut
2356 1307 2500 1361 nulla
2546 1322 2683 1377 pene
2728 1308 2857 1363 hora
2884 1311 2985 1378 sit,
3018 1313 3069 1365 in
3113 1328 3217 1381 qua
3256 1314 3439 1370 vivens

1860 1396 2183 1467 quicumque
2230 1395 2393 1453 homo
2423 1398 2556 1453 liber
2597 1413 2626 1451 a
2672 1399 2856 1455 dolore
2885 1404 3147 1458 transeat?
3178 1404 3235 1459 Si
3266 1404 3434 1472 dives,

1863 1490 2096 1559 undique
2123 1492 2455 1560 angustiatur
2481 1492 2695 1557 timore,
2718 1508 2785 1547 ne
2814 1495 2953 1563 quod
2986 1496 3243 1565 possidet,
3276 1498 3435 1552 amit-

1860 1588 1952 1633 tat.
1972 1580 2025 1634 Si
2053 1596 2254 1650 pauper
2273 1597 2543 1650 nunquam
2564 1583 2791 1652 quiescit
2812 1595 2865 1638 ut
2895 1586 3148 1642 inveniat.
3167 1588 3219 1644 Si
3239 1588 3433 1653 bonus,

1855 1667 1979 1722 hinc
2006 1670 2202 1724 diaboli
2232 1671 2380 1725 timet
2407 1673 2702 1740 periculum
2728 1690 2742 1725 :
2769 1674 2893 1729 hinc
2920 1691 2991 1730 ne
3018 1679 3166 1732 navis
3187 1680 3432 1734 mortalis

1850 1760 2091 1825 Corporis
2139 1760 2191 1813 in
2240 1760 2398 1828 hujus
2446 1762 2626 1815 mundi
2674 1764 2864 1834 pelago
2907 1767 3273 1837 naufrago-tur,
3317 1785 3424 1823 non

1849 1847 2189 1903 mediocriter
2237 1851 2584 1917 pertimescit.
2633 1850 2837 1908 Idcirco
2881 1856 3057 1909 nullus
3103 1872 3299 1925 sexus,
3341 1860 3425 1913 vel

1846 1948 1973 1994 tetas
1994 1981 2011 2004 ,
2038 1940 2121 1993 vel
2149 1940 2383 1995 conditio
2405 1982 2418 2006 ,
2452 1941 2652 1997 doloris
2682 1945 2874 1998 transit
2901 1961 3114 2015 expers,
3142 1963 3421 2020 quousque

1846 2032 1897 2085 in
1927 2031 2024 2085 hac
2053 2043 2231 2087 manet
2261 2034 2473 2088 miseria
2503 2035 2643 2089 vitae.
2675 2037 2728 2091 Si
2760 2037 2890 2105 quid
2930 2038 2982 2091 in
3019 2054 3103 2093 me
3128 2056 3248 2096 esse
3272 2042 3423 2097 scitis

1844 2138 2020 2175 meum
2052 2123 2341 2192 impediens
2366 2124 2490 2190 iter,
2519 2126 2717 2181 delete.
2749 2126 2864 2181 ileu
2891 2128 3032 2198 quod
3058 2131 3417 2201 navigantium

1845 2228 1939 2279 per
1965 2213 2065 2266 hoc
2090 2228 2236 2267 mare
2263 2230 2511 2284 magnum
2536 2225 2589 2269 et
2614 2217 2906 2285 spatiosum
2935 2219 2989 2272 in
3018 2235 3125 2289 quo
3154 2236 3271 2276 sum
3294 2263 3310 2289 ,
3344 2233 3422 2279 tot

1841 2300 2049 2355 diversa
2077 2318 2272 2372 genera
2301 2306 2637 2360 inimicorum
2655 2348 2670 2372 ,
2701 2308 2996 2364 secundum
3024 2311 3310 2379 cujuslibet
3334 2314 3417 2369 vi-

1841 2395 1977 2447 rium
2005 2395 2355 2463 quantitatem
2382 2397 2781 2453 colluctantium
2804 2440 2820 2464 ,
2852 2409 2973 2471 post
3009 2401 3230 2457 multam
3273 2406 3418 2461 navi-

1840 2485 1997 2555 gandi
2026 2486 2355 2555 felicitatem,
2383 2498 2503 2558 post
2529 2490 2722 2546 multas
2746 2492 3023 2559 victorias,
3049 2493 3160 2563 jam
3184 2496 3413 2552 creden-

1842 2587 1922 2632 tes
1945 2578 2105 2633 finem
2129 2594 2323 2650 capere
2350 2590 2710 2652 pcr0ptatum,
2736 2585 2911 2655 aliqua
2937 2586 3195 2643 diabolica
3222 2605 3409 2662 sugge-

1836 2671 2009 2725 stione
2052 2671 2105 2726 in
2150 2671 2251 2728 hac
2290 2673 2421 2729 hora
2451 2675 2504 2729 in
2534 2676 2782 2747 laqueum
2812 2680 3128 2749 perditionis
3153 2697 3247 2737 sua
3276 2684 3417 2739 indi.

1836 2764 2103 2821 scretione
2129 2768 2529 2835 pervenerunt?
2555 2768 2669 2825 Heu
2694 2780 2823 2840 quot
2855 2770 2941 2827 hic
2975 2782 3029 2828 et
3066 2774 3170 2828 vita
3207 2791 3417 2831 recom-

1838 2856 2056 2911 ntcndat
2097 2866 2153 2912 et
2194 2857 2335 2913 fama
2360 2899 2375 2924 ,
2408 2861 2601 2930 quibus
2627 2863 2785 2917 unico
2816 2865 3016 2932 peccati
3047 2880 3268 2920 assensu
3300 2868 3416 2923 dira

1838 2961 1982 3001 mors
2011 2948 2251 3003 imminet
2276 2959 2330 3005 et
2357 2952 2547 3004 ruina?
2575 2950 2779 3005 idcirco
2800 2952 2926 3007 dum
2953 2955 3150 3019 vivitis,
3183 2956 3415 3013 titncatis

1840 3033 2057 3090 fratres.
2085 3036 2404 3106 Principium
2433 3041 2715 3109 sapientiai,
2745 3044 2895 3095 timor
2923 3043 3149 3097 Domini.
3174 3045 3289 3100 Vita
3320 3063 3417 3102 n0-

1836 3134 1946 3180 Stra
1972 3164 1987 3191 ,
2018 3126 2205 3181 ntilitia
2234 3138 2317 3182 est
2341 3143 2504 3199 super
2537 3140 2735 3185 terram
2764 3149 2776 3185 :
2804 3132 2894 3201 qui
2924 3132 3009 3187 hic
3037 3135 3255 3201 vicerit,
3285 3136 3415 3193 alibi

1836 3219 2200 3274 coronabitur.
2226 3220 2362 3276 Dum
2385 3220 2485 3276 hac
2503 3223 2641 3292 pelle
2665 3225 2909 3293 tegimur,
2935 3226 3079 3281 nulla
3102 3228 3257 3283 nobis
3278 3229 3418 3285 inest

1845 3322 1990 3368 certa
2020 3314 2262 3370 victoria.
2291 3314 2349 3371 Si
2378 3325 2560 3372 noster
2587 3318 2797 3387 genitor
2828 3318 3112 3387 timuisset,
3144 3337 3415 3391 nunquam

1835 3406 2141 3462 cecidisset.
2159 3408 2482 3479 Principium
2500 3410 2740 3465 omnium
2762 3411 3047 3477 malorum,
3066 3412 3146 3466 sui
3166 3427 3417 3481 praesum-

1837 3499 1967 3569 ptio.
1996 3500 2097 3565 Qui
2118 3515 2224 3555 non
2253 3502 2426 3567 timet,
2454 3500 2523 3556 de
2550 3515 2609 3556 se
2638 3502 2936 3571 pratsumit.
2966 3502 3247 3567 Quomodo
3274 3503 3417 3560 inter

1835 3592 2073 3648 latrones
2097 3593 2217 3663 quis
2243 3602 2469 3649 onustus
2496 3608 2630 3648 auro
2660 3607 2883 3649 securus
2913 3594 3189 3664 graditur?
3233 3594 3417 3649 Salva-

1834 3692 1917 3737 tor
1936 3683 2061 3754 quid
2088 3698 2189 3739 nos
2207 3684 2349 3739 aliud
2373 3684 2549 3749 docet,
2574 3685 2674 3739 nisi
2699 3686 2922 3740 timere?
2958 3683 3195 3755 Vigilate,
3220 3686 3413 3754 inquit,

1831 3791 1889 3844 φ.
1900 3776 1950 3829 ia
1977 3776 2178 3830 nescitis
2203 3792 2305 3846 qua
2330 3775 2458 3830 Itora
2483 3780 2833 3844 fur-venturus
2857 3785 2952 3830 est.
2979 3775 3110 3829 Nam
3158 3775 3220 3830 Si
3263 3777 3417 3830 sciret

1833 3868 2200 3938 paterfamilias
2228 3883 2330 3937 qua
2355 3867 2483 3920 liora
2510 3869 2594 3932 [ur
2626 3866 2834 3930 veniret,
2861 3865 3092 3933 vigilaret
3119 3865 3291 3930 utique
3312 3906 3328 3932 ,
3364 3877 3415 3920 et

1833 3973 1933 4013 non
1960 3959 2145 4011 sineret
2176 3957 2379 4027 perfodi
2405 3956 2616 4009 dontum
2640 3972 2809 4010 suam.
2853 3954 3107 4029 Summus
3132 3954 3220 4009 ille
3245 3954 3379 4008 clavi
3396 3985 3413 3996 -

1830 4066 1925 4119 ger
1948 4050 2136 4104 Petrus
2162 4066 2176 4104 :
2200 4048 2393 4115 Sobrii,
2422 4047 2628 4117 inquit,
2654 4055 2837 4114 estote,
2866 4048 3051 4117 fratres
3071 4085 3087 4112 ,
3114 4052 3160 4099 et
3187 4045 3415 4116 vigilate,

1831 4142 1951 4210 quia
1992 4140 2311 4194 adversarius
2352 4148 2509 4193 vester
2549 4139 2783 4191 diabolus
2813 4146 3055 4206 tanquam
3080 4136 3158 4191 leo
3186 4135 3414 4207 rugiens,

1832 4234 2062 4287 circumit
2092 4246 2318 4301 quwrens
2343 4248 2490 4299 quem
2516 4230 2737 4283 devoret.
2810 4254 2813 4255 ν

1901 4327 2029 4379 Cn.
2068 4323 2205 4377 XIV.
2246 4321 2420 4377 Nemo
2460 4323 2599 4376 inter
2636 4329 2914 4390 serpentes
2959 4334 3080 4375 cum
3125 4317 3414 4375 securitate

1833 4416 2033 4471 habitat
2057 4432 2071 4470 :
2095 4414 2195 4483 Qui
2221 4413 2458 4469 sanctior
2485 4422 2540 4468 et
2566 4412 2862 4482 sapientior
2886 4420 3002 4477 est,
3036 4411 3154 4482 plus
3194 4425 3413 4482 semper

1833 4510 2035 4562 timeat.
2079 4505 2211 4560 Nam
2256 4505 2346 4575 qui
2390 4505 2550 4559 altius
2591 4513 2673 4560 est
2708 4503 2937 4571 cadens,
2982 4502 3212 4575 majores
3254 4517 3411 4558 casus

1832 4598 2039 4669 recipit.
2070 4598 2207 4655 Esca
2237 4596 2453 4664 diaboli,
2486 4596 2655 4652 electa
2680 4604 2799 4651 est:
2826 4594 2893 4651 de
2919 4596 3073 4652 malis
3098 4612 3202 4650 non
3223 4603 3398 4657 curat,

1829 4692 1952 4763 quia
1992 4692 2074 4747 sui
2114 4699 2257 4747 sunt.
2290 4690 2496 4747 Cecidit
2524 4689 2617 4744 ille
2644 4689 2859 4758 sapiens
2896 4688 3149 4744 Salomon
3175 4704 3189 4740 :
3215 4685 3409 4740 cecidit

1828 4794 1884 4840 et
1921 4785 2037 4854 ejus
2073 4784 2282 4855 genitor
2324 4782 2523 4847 David,
2570 4783 2774 4837 electus
2816 4779 3106 4834 secundum
3153 4791 3246 4829 cor
3290 4775 3402 4828 Dei.

1829 4875 2083 4931 Timeatis
2110 4875 2323 4943 fratres,
2354 4875 2546 4930 iterum
2573 4887 2702 4942 rogo
2728 4871 2961 4938 undique
2989 4866 3221 4925 timentis
3244 4881 3259 4921 :
3283 4865 3406 4932 quia

1829 4968 2018 5024 beatus
2039 4978 2121 5023 est
2142 4969 2221 5022 vir
2248 4969 2442 5022 timens
2464 4966 2771 5020 Dominum.
2797 4960 3009 5014 Etenim
3040 4959 3084 5011 si
3109 4956 3408 5011 consistant

1829 5059 2110 5113 adversum
2155 5073 2277 5112 eum
2327 5064 2502 5110 castra
2553 5071 2566 5108 :
2614 5069 2719 5106 non
2770 5049 2975 5103 timebit
3018 5062 3111 5102 cor
3158 5047 3289 5116 ejus.
3346 5044 3404 5101 Si

1832 5148 2197 5203 exsurrexerit
2226 5147 2278 5199 in
2309 5161 2431 5199 eum
2459 5143 2703 5213 pra-lium
2730 5157 2742 5192 :
2782 5140 2835 5193 in
2865 5137 2968 5193 hoc
2994 5139 3108 5207 ipse
3136 5136 3393 5206 sperabit.

1829 5240 2108 5295 Perfectus
2135 5236 2223 5290 Dei
2252 5235 2410 5289 timor
2432 5233 2575 5286 foras
2602 5243 2793 5283 vanum
2820 5228 2978 5283 mittit
3014 5228 3277 5281 timorem.
3308 5224 3398 5279 Ti-

1830 5345 2034 5385 morem
2079 5342 2274 5382 vanum
2323 5340 2427 5378 non
2474 5321 2637 5376 habet
2675 5321 2889 5375 caritas.
2918 5319 3127 5375 Caritas
3156 5328 3209 5372 et
3239 5319 3395 5371 timor

1831 5422 1966 5485 Dei,
1991 5433 2156 5473 unum
2187 5424 2332 5470 sunt.
2383 5411 2740 5469 Considerans
2765 5411 2907 5466 enim
2939 5410 3054 5465 inec
3086 5409 3348 5475 Pmpheta
3382 5452 3399 5477 ,

1829 5513 2067 5568 clamans
2086 5507 2296 5563 dicebat
2319 5492 2567 5573 :Con/ige
2592 5503 2767 5556 timore
2794 5512 2880 5556 tuo
2905 5518 3081 5555 carnes
3113 5515 3265 5553 meas.
3296 5500 3397 5567 Qui

1831 5621 1896 5660 ex
1924 5603 2075 5658 vobis
2101 5611 2183 5655 est
2208 5598 2431 5667 cupiens
2461 5594 2645 5650 videre
2665 5593 2780 5649 dies
2806 5593 2997 5661 bonos,
3026 5590 3247 5647 accedat
3275 5588 3401 5658 hue,

1832 5708 1886 5756 ct
1934 5694 2260 5754 illutninetur
2284 5708 2297 5747 :
2323 5700 2375 5749 ct
2412 5689 2576 5747 facies
2611 5702 2705 5745 sua
2745 5699 2851 5745 non
2879 5684 3257 5745 confundetur.
3293 5682 3392 5749 Qui
