  <div class='ocr_page' id='page_1' title='image "/cluster/home/n/w/nwhite01/storage/ocr_20150623/22/uva.x000826587/191.png"; bbox 0 0 4048 6186; ppageno 0'>
   <div class='ocr_carea' id='block_1_1' title="bbox 600 273 708 330">
    <p class='ocr_par' dir='ltr' id='par_1_1' title="bbox 600 273 708 330">
     <span class='ocr_line' id='line_1_1' title="bbox 600 273 708 330; baseline 0.019 -2"><span class='ocrx_word' id='word_1_1' title='bbox 600 273 708 330; x_wconf 77' lang='lat' dir='ltr'><strong>2n</strong></span> 
     </span>
    </p>
   </div>
   <div class='ocr_carea' id='block_1_2' title="bbox 607 363 2180 444">
    <p class='ocr_par' dir='ltr' id='par_1_2' title="bbox 607 363 2180 444">
     <span class='ocr_line' id='line_1_2' title="bbox 607 363 2180 444; baseline -0.014 -4"><span class='ocrx_word' id='word_1_2' title='bbox 607 385 762 440; x_wconf 92' lang='lat' dir='ltr'><strong>timet</strong></span> <span class='ocrx_word' id='word_1_3' title='bbox 808 381 882 439; x_wconf 89' lang='lat' dir='ltr'><strong>De</strong></span> <span class='ocrx_word' id='word_1_4' title='bbox 901 393 987 434; x_wconf 91' lang='lat' dir='ltr'><strong>um</strong></span> <span class='ocrx_word' id='word_1_5' title='bbox 1005 420 1020 444; x_wconf 94' lang='lat'><strong>,</strong></span> <span class='ocrx_word' id='word_1_6' title='bbox 1054 375 1212 432; x_wconf 91' lang='lat' dir='ltr'><strong>faciet</strong></span> <span class='ocrx_word' id='word_1_7' title='bbox 1257 371 1395 430; x_wconf 82' lang='lat' dir='ltr'><strong>bona</strong></span> <span class='ocrx_word' id='word_1_8' title='bbox 1418 410 1433 436; x_wconf 91' lang='lat'><strong>,</strong></span> <span class='ocrx_word' id='word_1_9' title='bbox 1463 377 1519 426; x_wconf 92' lang='lat' dir='ltr'><strong>et</strong></span> <span class='ocrx_word' id='word_1_10' title='bbox 1547 366 1914 424; x_wconf 78' lang='lat' dir='ltr'><strong>demorabitur</strong></span> <span class='ocrx_word' id='word_1_11' title='bbox 1942 365 1995 418; x_wconf 91' lang='lat' dir='ltr'><strong>in</strong></span> <span class='ocrx_word' id='word_1_12' title='bbox 2025 363 2180 418; x_wconf 85' lang='lat' dir='ltr'><strong>bonis</strong></span> 
     </span>
    </p>
   </div>
   <div class='ocr_carea' id='block_1_3' title="bbox 603 454 2184 545">
    <p class='ocr_par' dir='ltr' id='par_1_3' title="bbox 603 454 2184 545">
     <span class='ocr_line' id='line_1_3' title="bbox 603 454 2184 545; baseline -0.013 -16"><span class='ocrx_word' id='word_1_13' title='bbox 603 475 779 530; x_wconf 90' lang='lat' dir='ltr'><strong>anima</strong></span> <span class='ocrx_word' id='word_1_14' title='bbox 803 472 938 545; x_wconf 86' lang='lat' dir='ltr'><strong>ejus,</strong></span> <span class='ocrx_word' id='word_1_15' title='bbox 967 478 1022 524; x_wconf 91' lang='lat' dir='ltr'><strong>et</strong></span> <span class='ocrx_word' id='word_1_16' title='bbox 1050 480 1233 522; x_wconf 89' lang='lat' dir='ltr'><strong>semen</strong></span> <span class='ocrx_word' id='word_1_17' title='bbox 1260 463 1378 533; x_wconf 86' lang='lat' dir='ltr'><strong>ejus</strong></span> <span class='ocrx_word' id='word_1_18' title='bbox 1403 459 1720 516; x_wconf 73' lang='lat' dir='ltr'><strong>haereditate</strong></span> <span class='ocrx_word' id='word_1_19' title='bbox 1749 454 2043 528; x_wconf 76' lang='lat' dir='ltr'><strong>possidebit</strong></span> <span class='ocrx_word' id='word_1_20' title='bbox 2068 463 2184 509; x_wconf 84' lang='lat' dir='ltr'><strong>ter-</strong></span> 
     </span>
    </p>
   </div>
   <div class='ocr_carea' id='block_1_4' title="bbox 606 546 2182 632">
    <p class='ocr_par' dir='ltr' id='par_1_4' title="bbox 606 546 2182 632">
     <span class='ocr_line' id='line_1_4' title="bbox 606 546 2182 632; baseline -0.011 -13"><span class='ocrx_word' id='word_1_21' title='bbox 606 579 742 620; x_wconf 79' lang='lat' dir='ltr'><strong>ram.</strong></span> <span class='ocrx_word' id='word_1_22' title='bbox 794 563 924 632; x_wconf 82' lang='lat' dir='ltr'><strong>Quia</strong></span> <span class='ocrx_word' id='word_1_23' title='bbox 976 559 1373 612; x_wconf 83' lang='lat' dir='ltr'><strong>ﬁrmamentum</strong></span> <span class='ocrx_word' id='word_1_24' title='bbox 1417 561 1501 607; x_wconf 91' lang='lat' dir='ltr'><strong>est</strong></span> <span class='ocrx_word' id='word_1_25' title='bbox 1551 548 1812 606; x_wconf 86' lang='lat' dir='ltr'><strong>Dominus</strong></span> <span class='ocrx_word' id='word_1_26' title='bbox 1867 546 2182 602; x_wconf 89' lang='lat' dir='ltr'><strong>timentibus</strong></span> 
     </span>
    </p>
   </div>
   <div class='ocr_carea' id='block_1_5' title="bbox 604 640 2176 718">
    <p class='ocr_par' dir='ltr' id='par_1_5' title="bbox 604 640 2176 718">
     <span class='ocr_line' id='line_1_5' title="bbox 604 640 2176 718; baseline -0.011 -9"><span class='ocrx_word' id='word_1_27' title='bbox 604 671 725 710; x_wconf 90' lang='lat' dir='ltr'><strong>eum</strong></span> <span class='ocrx_word' id='word_1_28' title='bbox 752 671 766 707; x_wconf 89' lang='lat'><strong>:</strong></span> <span class='ocrx_word' id='word_1_29' title='bbox 791 661 845 715; x_wconf 84' lang='lat' dir='ltr'><strong>et</strong></span> <span class='ocrx_word' id='word_1_30' title='bbox 884 654 1264 704; x_wconf 79' lang='lat' dir='ltr'><strong>testamentum</strong></span> <span class='ocrx_word' id='word_1_31' title='bbox 1295 645 1500 718; x_wconf 78' lang='lat' dir='ltr'><strong>ipsius,</strong></span> <span class='ocrx_word' id='word_1_32' title='bbox 1530 652 1589 698; x_wconf 91' lang='lat' dir='ltr'><strong>ut</strong></span> <span class='ocrx_word' id='word_1_33' title='bbox 1629 641 2007 698; x_wconf 76' lang='lat' dir='ltr'><strong>manifestatur</strong></span> <span class='ocrx_word' id='word_1_34' title='bbox 2049 640 2176 695; x_wconf 85' lang='lat' dir='ltr'><strong>illis.</strong></span> 
     </span>
    </p>
   </div>
   <div class='ocr_carea' id='block_1_6' title="bbox 605 731 2178 812">
    <p class='ocr_par' dir='ltr' id='par_1_6' title="bbox 605 731 2178 812">
     <span class='ocr_line' id='line_1_6' title="bbox 605 731 2178 812; baseline -0.009 -13"><span class='ocrx_word' id='word_1_35' title='bbox 605 746 662 799; x_wconf 86' lang='lat' dir='ltr'><strong>Si</strong></span> <span class='ocrx_word' id='word_1_36' title='bbox 689 741 812 812; x_wconf 88' lang='lat' dir='ltr'><strong>quid</strong></span> <span class='ocrx_word' id='word_1_37' title='bbox 837 737 964 794; x_wconf 87' lang='lat' dir='ltr'><strong>boni</strong></span> <span class='ocrx_word' id='word_1_38' title='bbox 994 737 1192 806; x_wconf 86' lang='lat' dir='ltr'><strong>facitis,</strong></span> <span class='ocrx_word' id='word_1_39' title='bbox 1218 751 1339 796; x_wconf 90' lang='lat' dir='ltr'><strong>cum</strong></span> <span class='ocrx_word' id='word_1_40' title='bbox 1368 751 1560 809; x_wconf 87' lang='lat' dir='ltr'><strong>magna</strong></span> <span class='ocrx_word' id='word_1_41' title='bbox 1585 733 1794 791; x_wconf 88' lang='lat' dir='ltr'><strong>cautela</strong></span> <span class='ocrx_word' id='word_1_42' title='bbox 1821 732 1896 807; x_wconf 92' lang='lat' dir='ltr'><strong>(a)</strong></span> <span class='ocrx_word' id='word_1_43' title='bbox 1925 731 2178 788; x_wconf 86' lang='lat' dir='ltr'><strong>timeatis.</strong></span> 
     </span>
    </p>
   </div>
   <div class='ocr_carea' id='block_1_7' title="bbox 605 824 2181 900">
    <p class='ocr_par' dir='ltr' id='par_1_7' title="bbox 605 824 2181 900">
     <span class='ocr_line' id='line_1_7' title="bbox 605 824 2181 900; baseline -0.008 -10"><span class='ocrx_word' id='word_1_44' title='bbox 605 833 752 890; x_wconf 78' lang='lat' dir='ltr'><strong>Multi</strong></span> <span class='ocrx_word' id='word_1_45' title='bbox 781 831 918 892; x_wconf 88' lang='lat' dir='ltr'><strong>bona</strong></span> <span class='ocrx_word' id='word_1_46' title='bbox 945 830 1167 896; x_wconf 85' lang='lat' dir='ltr'><strong>faciunt,</strong></span> <span class='ocrx_word' id='word_1_47' title='bbox 1190 843 1421 900; x_wconf 90' lang='lat' dir='ltr'><strong>quorum</strong></span> <span class='ocrx_word' id='word_1_48' title='bbox 1446 826 1650 883; x_wconf 90' lang='lat' dir='ltr'><strong>fructus</strong></span> <span class='ocrx_word' id='word_1_49' title='bbox 1680 825 1904 897; x_wconf 88' lang='lat' dir='ltr'><strong>surripit</strong></span> <span class='ocrx_word' id='word_1_50' title='bbox 1932 824 2181 879; x_wconf 75' lang='lat' dir='ltr'><strong>humanm</strong></span> 
     </span>
    </p>
   </div>
   <div class='ocr_carea' id='block_1_8' title="bbox 603 919 2180 996">
    <p class='ocr_par' dir='ltr' id='par_1_8' title="bbox 603 919 2180 996">
     <span class='ocr_line' id='line_1_8' title="bbox 603 919 2180 996; baseline -0.008 -15"><span class='ocrx_word' id='word_1_51' title='bbox 603 925 772 982; x_wconf 83' lang='lat' dir='ltr'><strong>laudis</strong></span> <span class='ocrx_word' id='word_1_52' title='bbox 795 924 1083 996; x_wconf 78' lang='lat' dir='ltr'><strong>appetitus.</strong></span> <span class='ocrx_word' id='word_1_53' title='bbox 1134 922 1330 978; x_wconf 78' lang='lat' dir='ltr'><strong>Decem</strong></span> <span class='ocrx_word' id='word_1_54' title='bbox 1371 920 1595 976; x_wconf 90' lang='lat' dir='ltr'><strong>fuerunt</strong></span> <span class='ocrx_word' id='word_1_55' title='bbox 1619 919 1892 989; x_wconf 82' lang='lat' dir='ltr'><strong>virgines:</strong></span> <span class='ocrx_word' id='word_1_56' title='bbox 1922 925 1976 973; x_wconf 89' lang='lat' dir='ltr'><strong>et</strong></span> <span class='ocrx_word' id='word_1_57' title='bbox 2002 925 2180 971; x_wconf 88' lang='lat' dir='ltr'><strong>tamen</strong></span> 
     </span>
    </p>
   </div>
   <div class='ocr_carea' id='block_1_9' title="bbox 601 1007 2192 1081">
    <p class='ocr_par' dir='ltr' id='par_1_9' title="bbox 601 1007 2192 1081">
     <span class='ocr_line' id='line_1_9' title="bbox 601 1007 2192 1081; baseline -0.007 -7"><span class='ocrx_word' id='word_1_58' title='bbox 601 1018 845 1074; x_wconf 73' lang='lat' dir='ltr'><strong>niedizea</strong></span> <span class='ocrx_word' id='word_1_59' title='bbox 871 1016 996 1073; x_wconf 70' lang='grc' dir='ltr'><strong>οωιί</strong></span> <span class='ocrx_word' id='word_1_60' title='bbox 1024 1016 1166 1071; x_wconf 93' lang='lat' dir='ltr'><strong>ostio</strong></span> <span class='ocrx_word' id='word_1_61' title='bbox 1209 1022 1336 1072; x_wconf 83' lang='lat' dir='ltr'><strong>sunt</strong></span> <span class='ocrx_word' id='word_1_62' title='bbox 1377 1013 1631 1070; x_wconf 67' lang='lat' dir='ltr'><strong>exclusae.</strong></span> <span class='ocrx_word' id='word_1_63' title='bbox 1681 1011 1795 1068; x_wconf 81' lang='lat' dir='ltr'><strong>lien</strong></span> <span class='ocrx_word' id='word_1_64' title='bbox 1843 1017 1975 1081; x_wconf 83' lang='lat' dir='ltr'><strong>quot</strong></span> <span class='ocrx_word' id='word_1_65' title='bbox 2021 1007 2192 1063; x_wconf 88' lang='lat' dir='ltr'><strong>hodie</strong></span> 
     </span>
    </p>
   </div>
   <div class='ocr_carea' id='block_1_10' title="bbox 601 1099 2186 1176">
    <p class='ocr_par' dir='ltr' id='par_1_10' title="bbox 601 1099 2186 1176">
     <span class='ocr_line' id='line_1_10' title="bbox 601 1099 2186 1176; baseline -0.009 -10"><span class='ocrx_word' id='word_1_66' title='bbox 601 1124 758 1168; x_wconf 91' lang='lat' dir='ltr'><strong>sacro</strong></span> <span class='ocrx_word' id='word_1_67' title='bbox 785 1117 909 1166; x_wconf 87' lang='lat' dir='ltr'><strong>sunt</strong></span> <span class='ocrx_word' id='word_1_68' title='bbox 935 1107 1110 1166; x_wconf 91' lang='lat' dir='ltr'><strong>renati</strong></span> <span class='ocrx_word' id='word_1_69' title='bbox 1139 1106 1459 1176; x_wconf 83' lang='lat' dir='ltr'><strong>baptismate</strong></span> <span class='ocrx_word' id='word_1_70' title='bbox 1479 1146 1495 1170; x_wconf 92' lang='lat'><strong>,</strong></span> <span class='ocrx_word' id='word_1_71' title='bbox 1524 1113 1580 1160; x_wconf 92' lang='lat' dir='ltr'><strong>et</strong></span> <span class='ocrx_word' id='word_1_72' title='bbox 1613 1102 1920 1158; x_wconf 80' lang='lat' dir='ltr'><strong>Christiano</strong></span> <span class='ocrx_word' id='word_1_73' title='bbox 1949 1099 2186 1170; x_wconf 62' lang='lat' dir='ltr'><strong>fungun-</strong></span> 
     </span>
    </p>
   </div>
   <div class='ocr_carea' id='block_1_11' title="bbox 603 1187 2183 1269">
    <p class='ocr_par' dir='ltr' id='par_1_11' title="bbox 603 1187 2183 1269">
     <span class='ocr_line' id='line_1_11' title="bbox 603 1187 2183 1269; baseline -0.009 -13"><span class='ocrx_word' id='word_1_74' title='bbox 603 1211 689 1256; x_wconf 90' lang='lat' dir='ltr'><strong>tur</strong></span> <span class='ocrx_word' id='word_1_75' title='bbox 713 1198 964 1257; x_wconf 87' lang='lat' dir='ltr'><strong>nomine:</strong></span> <span class='ocrx_word' id='word_1_76' title='bbox 986 1197 1179 1269; x_wconf 89' lang='lat' dir='ltr'><strong>quibus</strong></span> <span class='ocrx_word' id='word_1_77' title='bbox 1201 1195 1338 1252; x_wconf 89' lang='lat' dir='ltr'><strong>foret</strong></span> <span class='ocrx_word' id='word_1_78' title='bbox 1361 1194 1550 1250; x_wconf 89' lang='lat' dir='ltr'><strong>melius</strong></span> <span class='ocrx_word' id='word_1_79' title='bbox 1575 1207 1687 1248; x_wconf 91' lang='lat' dir='ltr'><strong>non</strong></span> <span class='ocrx_word' id='word_1_80' title='bbox 1716 1190 1902 1246; x_wconf 88' lang='lat' dir='ltr'><strong>fuisse.</strong></span> <span class='ocrx_word' id='word_1_81' title='bbox 1921 1189 2016 1245; x_wconf 86' lang='lat' dir='ltr'><strong>Est</strong></span> <span class='ocrx_word' id='word_1_82' title='bbox 2039 1187 2183 1243; x_wconf 90' lang='lat' dir='ltr'><strong>enim</strong></span> 
     </span>
    </p>
   </div>
   <div class='ocr_carea' id='block_1_12' title="bbox 600 1281 2180 1364">
    <p class='ocr_par' dir='ltr' id='par_1_12' title="bbox 600 1281 2180 1364">
     <span class='ocr_line' id='line_1_12' title="bbox 600 1281 2180 1364; baseline -0.008 -18"><span class='ocrx_word' id='word_1_83' title='bbox 600 1290 916 1364; x_wconf 79' lang='lat' dir='ltr'><strong>gehennalis</strong></span> <span class='ocrx_word' id='word_1_84' title='bbox 960 1303 1121 1360; x_wconf 78' lang='lat' dir='ltr'><strong>pmna</strong></span> <span class='ocrx_word' id='word_1_85' title='bbox 1163 1299 1494 1357; x_wconf 76' lang='lat' dir='ltr'><strong>paganorum</strong></span> <span class='ocrx_word' id='word_1_86' title='bbox 1532 1282 1745 1338; x_wconf 77' lang='lat' dir='ltr'><strong>inﬁnito</strong></span> <span class='ocrx_word' id='word_1_87' title='bbox 1781 1281 1992 1346; x_wconf 89' lang='lat' dir='ltr'><strong>minor,</strong></span> <span class='ocrx_word' id='word_1_88' title='bbox 2021 1293 2180 1350; x_wconf 86' lang='lat' dir='ltr'><strong>quam</strong></span> 
     </span>
    </p>
   </div>
   <div class='ocr_carea' id='block_1_13' title="bbox 600 1370 2183 1437">
    <p class='ocr_par' dir='ltr' id='par_1_13' title="bbox 600 1370 2183 1437">
     <span class='ocr_line' id='line_1_13' title="bbox 600 1370 2183 1437; baseline -0.009 0"><span class='ocrx_word' id='word_1_89' title='bbox 600 1382 864 1437; x_wconf 90' lang='lat' dir='ltr'><strong>malorum</strong></span> <span class='ocrx_word' id='word_1_90' title='bbox 913 1378 1362 1436; x_wconf 88' lang='lat' dir='ltr'><strong>Christianorum.</strong></span> <span class='ocrx_word' id='word_1_91' title='bbox 1397 1374 1617 1432; x_wconf 78' lang='lat' dir='ltr'><strong>Utinam</strong></span> <span class='ocrx_word' id='word_1_92' title='bbox 1665 1387 1771 1428; x_wconf 89' lang='lat' dir='ltr'><strong>non</strong></span> <span class='ocrx_word' id='word_1_93' title='bbox 1814 1370 1955 1427; x_wconf 87' lang='lat' dir='ltr'><strong>foret</strong></span> <span class='ocrx_word' id='word_1_94' title='bbox 1994 1370 2183 1424; x_wconf 87' lang='lat' dir='ltr'><strong>talium</strong></span> 
     </span>
    </p>
   </div>
   <div class='ocr_carea' id='block_1_14' title="bbox 603 1462 2187 1546">
    <p class='ocr_par' dir='ltr' id='par_1_14' title="bbox 603 1462 2187 1546">
     <span class='ocr_line' id='line_1_14' title="bbox 603 1462 2187 1546; baseline -0.009 -16"><span class='ocrx_word' id='word_1_95' title='bbox 603 1475 775 1545; x_wconf 86' lang='lat' dir='ltr'><strong>major</strong></span> <span class='ocrx_word' id='word_1_96' title='bbox 805 1487 950 1546; x_wconf 86' lang='lat' dir='ltr'><strong>pars.</strong></span> <span class='ocrx_word' id='word_1_97' title='bbox 985 1471 1148 1528; x_wconf 83' lang='lat' dir='ltr'><strong>Navis</strong></span> <span class='ocrx_word' id='word_1_98' title='bbox 1173 1468 1410 1541; x_wconf 84' lang='lat' dir='ltr'><strong>undique</strong></span> <span class='ocrx_word' id='word_1_99' title='bbox 1437 1482 1566 1524; x_wconf 86' lang='lat' dir='ltr'><strong>sana</strong></span> <span class='ocrx_word' id='word_1_100' title='bbox 1589 1508 1605 1533; x_wconf 94' lang='lat'><strong>,</strong></span> <span class='ocrx_word' id='word_1_101' title='bbox 1634 1465 1797 1521; x_wconf 89' lang='lat' dir='ltr'><strong>unico</strong></span> <span class='ocrx_word' id='word_1_102' title='bbox 1824 1465 2081 1534; x_wconf 79' lang='lat' dir='ltr'><strong>mergitur</strong></span> <span class='ocrx_word' id='word_1_103' title='bbox 2105 1462 2187 1517; x_wconf 92' lang='lat' dir='ltr'><strong>fo-</strong></span> 
     </span>
    </p>
   </div>
   <div class='ocr_carea' id='block_1_15' title="bbox 602 1554 2183 1621">
    <p class='ocr_par' dir='ltr' id='par_1_15' title="bbox 602 1554 2183 1621">
     <span class='ocr_line' id='line_1_15' title="bbox 602 1554 2183 1621; baseline -0.006 -3"><span class='ocrx_word' id='word_1_104' title='bbox 602 1565 831 1620; x_wconf 85' lang='lat' dir='ltr'><strong>ramine.</strong></span> <span class='ocrx_word' id='word_1_105' title='bbox 861 1564 1185 1621; x_wconf 87' lang='lat' dir='ltr'><strong>Erravernnt</strong></span> <span class='ocrx_word' id='word_1_106' title='bbox 1215 1561 1463 1616; x_wconf 84' lang='lat' dir='ltr'><strong>homines</strong></span> <span class='ocrx_word' id='word_1_107' title='bbox 1489 1561 1541 1613; x_wconf 89' lang='lat' dir='ltr'><strong>in</strong></span> <span class='ocrx_word' id='word_1_108' title='bbox 1570 1557 1671 1613; x_wconf 89' lang='lat' dir='ltr'><strong>hac</strong></span> <span class='ocrx_word' id='word_1_109' title='bbox 1711 1557 1817 1612; x_wconf 90' lang='lat' dir='ltr'><strong>lata</strong></span> <span class='ocrx_word' id='word_1_110' title='bbox 1857 1554 2145 1611; x_wconf 87' lang='lat' dir='ltr'><strong>solitudine</strong></span> <span class='ocrx_word' id='word_1_111' title='bbox 2165 1593 2183 1620; x_wconf 94' lang='lat'><strong>,</strong></span> 
     </span>
    </p>
   </div>
   <div class='ocr_carea' id='block_1_16' title="bbox 602 1645 2185 1728">
    <p class='ocr_par' dir='ltr' id='par_1_16' title="bbox 602 1645 2185 1728">
     <span class='ocr_line' id='line_1_16' title="bbox 602 1645 2185 1728; baseline -0.007 -18"><span class='ocrx_word' id='word_1_112' title='bbox 602 1656 693 1711; x_wconf 84' lang='lat' dir='ltr'><strong>alii</strong></span> <span class='ocrx_word' id='word_1_113' title='bbox 740 1657 876 1711; x_wconf 91' lang='lat' dir='ltr'><strong>colla</strong></span> <span class='ocrx_word' id='word_1_114' title='bbox 920 1655 1048 1728; x_wconf 90' lang='lat' dir='ltr'><strong>jugo</strong></span> <span class='ocrx_word' id='word_1_115' title='bbox 1087 1654 1326 1709; x_wconf 66' lang='lat' dir='ltr'><strong>avaritiae</strong></span> <span class='ocrx_word' id='word_1_116' title='bbox 1369 1651 1785 1716; x_wconf 85' lang='lat' dir='ltr'><strong>snbmittentes,</strong></span> <span class='ocrx_word' id='word_1_117' title='bbox 1817 1647 1907 1703; x_wconf 92' lang='lat' dir='ltr'><strong>alii</strong></span> <span class='ocrx_word' id='word_1_118' title='bbox 1954 1645 2185 1702; x_wconf 69' lang='lat' dir='ltr'><strong>luxuria:</strong></span> 
     </span>
    </p>
   </div>
   <div class='ocr_carea' id='block_1_17' title="bbox 605 1737 2186 1815">
    <p class='ocr_par' dir='ltr' id='par_1_17' title="bbox 605 1737 2186 1815">
     <span class='ocr_line' id='line_1_17' title="bbox 605 1737 2186 1815; baseline -0.008 -13"><span class='ocrx_word' id='word_1_119' title='bbox 605 1745 880 1810; x_wconf 60' lang='lat' dir='ltr'><strong>foeditate,</strong></span> <span class='ocrx_word' id='word_1_120' title='bbox 923 1754 983 1800; x_wconf 89' lang='lat' dir='ltr'><strong>ut</strong></span> <span class='ocrx_word' id='word_1_121' title='bbox 1023 1743 1348 1815; x_wconf 67' lang='lat' dir='ltr'><strong>turpissima:</strong></span> <span class='ocrx_word' id='word_1_122' title='bbox 1395 1755 1519 1797; x_wconf 90' lang='lat' dir='ltr'><strong>sues</strong></span> <span class='ocrx_word' id='word_1_123' title='bbox 1565 1740 1836 1810; x_wconf 88' lang='lat' dir='ltr'><strong>deturpati</strong></span> <span class='ocrx_word' id='word_1_124' title='bbox 1866 1757 1880 1794; x_wconf 92' lang='lat'><strong>:</strong></span> <span class='ocrx_word' id='word_1_125' title='bbox 1906 1737 1997 1793; x_wconf 89' lang='lat' dir='ltr'><strong>alii</strong></span> <span class='ocrx_word' id='word_1_126' title='bbox 2043 1737 2186 1791; x_wconf 90' lang='lat' dir='ltr'><strong>circa</strong></span> 
     </span>
    </p>
   </div>
   <div class='ocr_carea' id='block_1_18' title="bbox 605 1828 2184 1908">
    <p class='ocr_par' dir='ltr' id='par_1_18' title="bbox 605 1828 2184 1908">
     <span class='ocr_line' id='line_1_18' title="bbox 605 1828 2184 1908; baseline -0.007 -16"><span class='ocrx_word' id='word_1_127' title='bbox 605 1835 812 1892; x_wconf 86' lang='lat' dir='ltr'><strong>inutilia</strong></span> <span class='ocrx_word' id='word_1_128' title='bbox 861 1835 1160 1908; x_wconf 90' lang='lat' dir='ltr'><strong>diripienda</strong></span> <span class='ocrx_word' id='word_1_129' title='bbox 1204 1833 1472 1904; x_wconf 81' lang='lat' dir='ltr'><strong>occupati.</strong></span> <span class='ocrx_word' id='word_1_130' title='bbox 1503 1831 1660 1888; x_wconf 89' lang='lat' dir='ltr'><strong>Unde</strong></span> <span class='ocrx_word' id='word_1_131' title='bbox 1706 1829 1916 1900; x_wconf 87' lang='lat' dir='ltr'><strong>abjecto</strong></span> <span class='ocrx_word' id='word_1_132' title='bbox 1960 1828 2184 1884; x_wconf 87' lang='lat' dir='ltr'><strong>rationis</strong></span> 
     </span>
    </p>
   </div>
   <div class='ocr_carea' id='block_1_19' title="bbox 603 1919 2188 1997">
    <p class='ocr_par' dir='ltr' id='par_1_19' title="bbox 603 1919 2188 1997">
     <span class='ocr_line' id='line_1_19' title="bbox 603 1919 2188 1997; baseline -0.006 -15"><span class='ocrx_word' id='word_1_133' title='bbox 603 1943 703 1983; x_wconf 89' lang='lat' dir='ltr'><strong>usu</strong></span> <span class='ocrx_word' id='word_1_134' title='bbox 722 1969 738 1995; x_wconf 95' lang='lat'><strong>,</strong></span> <span class='ocrx_word' id='word_1_135' title='bbox 767 1935 1119 1997; x_wconf 90' lang='lat' dir='ltr'><strong>cooperantes</strong></span> <span class='ocrx_word' id='word_1_136' title='bbox 1139 1967 1156 1993; x_wconf 93' lang='lat'><strong>,</strong></span> <span class='ocrx_word' id='word_1_137' title='bbox 1185 1934 1243 1980; x_wconf 90' lang='lat' dir='ltr'><strong>ut</strong></span> <span class='ocrx_word' id='word_1_138' title='bbox 1265 1926 1504 1995; x_wconf 81' lang='lat' dir='ltr'><strong>jnmenta</strong></span> <span class='ocrx_word' id='word_1_139' title='bbox 1536 1921 1864 1992; x_wconf 88' lang='lat' dir='ltr'><strong>insipientia,</strong></span> <span class='ocrx_word' id='word_1_140' title='bbox 1896 1928 1954 1976; x_wconf 92' lang='lat' dir='ltr'><strong>et</strong></span> <span class='ocrx_word' id='word_1_141' title='bbox 1982 1919 2188 1974; x_wconf 88' lang='lat' dir='ltr'><strong>utinam</strong></span> 
     </span>
    </p>
   </div>
   <div class='ocr_carea' id='block_1_20' title="bbox 603 2010 2181 2083">
    <p class='ocr_par' dir='ltr' id='par_1_20' title="bbox 603 2010 2181 2083">
     <span class='ocr_line' id='line_1_20' title="bbox 603 2010 2181 2083; baseline -0.006 -11"><span class='ocrx_word' id='word_1_142' title='bbox 603 2018 809 2074; x_wconf 87' lang='lat' dir='ltr'><strong>similes</strong></span> <span class='ocrx_word' id='word_1_143' title='bbox 853 2024 1034 2074; x_wconf 86' lang='lat' dir='ltr'><strong>essent</strong></span> <span class='ocrx_word' id='word_1_144' title='bbox 1077 2016 1180 2072; x_wconf 88' lang='lat' dir='ltr'><strong>illis</strong></span> <span class='ocrx_word' id='word_1_145' title='bbox 1201 2056 1223 2083; x_wconf 88' lang='lat'><strong>,</strong></span> <span class='ocrx_word' id='word_1_146' title='bbox 1263 2015 1407 2069; x_wconf 86' lang='lat' dir='ltr'><strong>viam</strong></span> <span class='ocrx_word' id='word_1_147' title='bbox 1431 2013 1670 2069; x_wconf 78' lang='lat' dir='ltr'><strong>civitatis</strong></span> <span class='ocrx_word' id='word_1_148' title='bbox 1703 2027 1856 2066; x_wconf 74' lang='lat' dir='ltr'><strong>nova:</strong></span> <span class='ocrx_word' id='word_1_149' title='bbox 1883 2010 2181 2066; x_wconf 85' lang='lat' dir='ltr'><strong>Jerusalem</strong></span> 
     </span>
    </p>
   </div>
   <div class='ocr_carea' id='block_1_21' title="bbox 603 2101 2190 2177">
    <p class='ocr_par' dir='ltr' id='par_1_21' title="bbox 603 2101 2190 2177">
     <span class='ocr_line' id='line_1_21' title="bbox 603 2101 2190 2177; baseline -0.004 -15"><span class='ocrx_word' id='word_1_150' title='bbox 603 2121 710 2162; x_wconf 92' lang='lat' dir='ltr'><strong>non</strong></span> <span class='ocrx_word' id='word_1_151' title='bbox 741 2108 1080 2163; x_wconf 90' lang='lat' dir='ltr'><strong>invenerunt.</strong></span> <span class='ocrx_word' id='word_1_152' title='bbox 1110 2105 1166 2160; x_wconf 88' lang='lat' dir='ltr'><strong>lu</strong></span> <span class='ocrx_word' id='word_1_153' title='bbox 1191 2120 1414 2177; x_wconf 76' lang='lat' dir='ltr'><strong>regnum</strong></span> <span class='ocrx_word' id='word_1_154' title='bbox 1437 2104 1696 2160; x_wconf 67' lang='lat' dir='ltr'><strong>caelorum</strong></span> <span class='ocrx_word' id='word_1_155' title='bbox 1721 2102 1982 2171; x_wconf 89' lang='lat' dir='ltr'><strong>reprobus</strong></span> <span class='ocrx_word' id='word_1_156' title='bbox 2007 2101 2190 2156; x_wconf 88' lang='lat' dir='ltr'><strong>nullus</strong></span> 
     </span>
    </p>
   </div>
   <div class='ocr_carea' id='block_1_22' title="bbox 601 2192 2180 2269">
    <p class='ocr_par' dir='ltr' id='par_1_22' title="bbox 601 2192 2180 2269">
     <span class='ocr_line' id='line_1_22' title="bbox 601 2192 2180 2269; baseline -0.005 -16"><span class='ocrx_word' id='word_1_157' title='bbox 601 2198 915 2269; x_wconf 89' lang='lat' dir='ltr'><strong>ingreditur.</strong></span> <span class='ocrx_word' id='word_1_158' title='bbox 941 2197 1205 2268; x_wconf 91' lang='lat' dir='ltr'><strong>Centuplo</strong></span> <span class='ocrx_word' id='word_1_159' title='bbox 1226 2206 1368 2252; x_wconf 88' lang='lat' dir='ltr'><strong>arcta</strong></span> <span class='ocrx_word' id='word_1_160' title='bbox 1389 2205 1472 2251; x_wconf 91' lang='lat' dir='ltr'><strong>est</strong></span> <span class='ocrx_word' id='word_1_161' title='bbox 1494 2196 1575 2250; x_wconf 91' lang='lat' dir='ltr'><strong>via</strong></span> <span class='ocrx_word' id='word_1_162' title='bbox 1601 2195 1718 2264; x_wconf 87' lang='lat' dir='ltr'><strong>ejus</strong></span> <span class='ocrx_word' id='word_1_163' title='bbox 1738 2208 1897 2266; x_wconf 82' lang='lat' dir='ltr'><strong>qaam</strong></span> <span class='ocrx_word' id='word_1_164' title='bbox 1919 2192 2180 2257; x_wconf 89' lang='lat' dir='ltr'><strong>creditur,</strong></span> 
     </span>
    </p>
   </div>
   <div class='ocr_carea' id='block_1_23' title="bbox 603 2285 2187 2360">
    <p class='ocr_par' dir='ltr' id='par_1_23' title="bbox 603 2285 2187 2360">
     <span class='ocr_line' id='line_1_23' title="bbox 603 2285 2187 2360; baseline -0.003 -16"><span class='ocrx_word' id='word_1_165' title='bbox 603 2289 847 2360; x_wconf 86' lang='lat' dir='ltr'><strong>quamvis</strong></span> <span class='ocrx_word' id='word_1_166' title='bbox 884 2290 1030 2360; x_wconf 87' lang='lat' dir='ltr'><strong>larga</strong></span> <span class='ocrx_word' id='word_1_167' title='bbox 1071 2291 1142 2345; x_wconf 88' lang='lat' dir='ltr'><strong>sit</strong></span> <span class='ocrx_word' id='word_1_168' title='bbox 1170 2304 1298 2346; x_wconf 86' lang='lat' dir='ltr'><strong>vere</strong></span> <span class='ocrx_word' id='word_1_169' title='bbox 1343 2287 1675 2344; x_wconf 91' lang='lat' dir='ltr'><strong>timentibus.</strong></span> <span class='ocrx_word' id='word_1_170' title='bbox 1701 2286 1936 2342; x_wconf 89' lang='lat' dir='ltr'><strong>Timenti</strong></span> <span class='ocrx_word' id='word_1_171' title='bbox 1981 2285 2187 2340; x_wconf 86' lang='lat' dir='ltr'><strong>Centu-</strong></span> 
     </span>
    </p>
   </div>
   <div class='ocr_carea' id='block_1_24' title="bbox 601 2376 2185 2452">
    <p class='ocr_par' dir='ltr' id='par_1_24' title="bbox 601 2376 2185 2452">
     <span class='ocr_line' id='line_1_24' title="bbox 601 2376 2185 2452; baseline -0.003 -16"><span class='ocrx_word' id='word_1_172' title='bbox 601 2380 740 2436; x_wconf 92' lang='lat' dir='ltr'><strong>rioni</strong></span> <span class='ocrx_word' id='word_1_173' title='bbox 785 2381 1049 2452; x_wconf 83' lang='lat' dir='ltr'><strong>promittit</strong></span> <span class='ocrx_word' id='word_1_174' title='bbox 1085 2380 1331 2436; x_wconf 74' lang='lat' dir='ltr'><strong>Christus</strong></span> <span class='ocrx_word' id='word_1_175' title='bbox 1369 2379 1437 2434; x_wconf 91' lang='lat' dir='ltr'><strong>ad</strong></span> <span class='ocrx_word' id='word_1_176' title='bbox 1488 2394 1610 2435; x_wconf 89' lang='lat' dir='ltr'><strong>eum</strong></span> <span class='ocrx_word' id='word_1_177' title='bbox 1651 2376 1948 2435; x_wconf 89' lang='lat' dir='ltr'><strong>accedere:</strong></span> <span class='ocrx_word' id='word_1_178' title='bbox 1977 2390 2185 2448; x_wconf 72' lang='lat' dir='ltr'><strong>praesu-</strong></span> 
     </span>
    </p>
   </div>
   <div class='ocr_carea' id='block_1_25' title="bbox 605 2469 1794 2542">
    <p class='ocr_par' dir='ltr' id='par_1_25' title="bbox 605 2469 1794 2542">
     <span class='ocr_line' id='line_1_25' title="bbox 605 2469 1794 2542; baseline -0.001 -15"><span class='ocrx_word' id='word_1_179' title='bbox 605 2472 769 2527; x_wconf 91' lang='lat' dir='ltr'><strong>menti</strong></span> <span class='ocrx_word' id='word_1_180' title='bbox 799 2473 1005 2542; x_wconf 84' lang='lat' dir='ltr'><strong>regulo;</strong></span> <span class='ocrx_word' id='word_1_181' title='bbox 1031 2487 1152 2526; x_wconf 91' lang='lat' dir='ltr'><strong>cum</strong></span> <span class='ocrx_word' id='word_1_182' title='bbox 1183 2471 1278 2526; x_wconf 90' lang='lat' dir='ltr'><strong>illo</strong></span> <span class='ocrx_word' id='word_1_183' title='bbox 1305 2471 1382 2526; x_wconf 91' lang='lat' dir='ltr'><strong>ire</strong></span> <span class='ocrx_word' id='word_1_184' title='bbox 1403 2472 1517 2542; x_wconf 88' lang='lat' dir='ltr'><strong>ipse</strong></span> <span class='ocrx_word' id='word_1_185' title='bbox 1544 2469 1794 2540; x_wconf 84' lang='lat' dir='ltr'><strong>denegat.</strong></span> 
     </span>
    </p>
   </div>
   <div class='ocr_carea' id='block_1_26' title="bbox 675 2559 2188 2617">
    <p class='ocr_par' dir='ltr' id='par_1_26' title="bbox 675 2559 2188 2617">
     <span class='ocr_line' id='line_1_26' title="bbox 675 2559 2188 2617; baseline -0.003 0"><span class='ocrx_word' id='word_1_186' title='bbox 675 2562 805 2617; x_wconf 69' lang='lat' dir='ltr'><strong>Car.</strong></span> <span class='ocrx_word' id='word_1_187' title='bbox 833 2561 952 2617; x_wconf 81' lang='lat' dir='ltr'><strong>XV.</strong></span> <span class='ocrx_word' id='word_1_188' title='bbox 995 2561 1135 2617; x_wconf 85' lang='lat' dir='ltr'><strong>Vere</strong></span> <span class='ocrx_word' id='word_1_189' title='bbox 1175 2576 1281 2616; x_wconf 86' lang='lat' dir='ltr'><strong>non</strong></span> <span class='ocrx_word' id='word_1_190' title='bbox 1311 2576 1502 2617; x_wconf 90' lang='lat' dir='ltr'><strong>omnes</strong></span> <span class='ocrx_word' id='word_1_191' title='bbox 1542 2559 1702 2616; x_wconf 84' lang='lat' dir='ltr'><strong>hodie</strong></span> <span class='ocrx_word' id='word_1_192' title='bbox 1727 2559 1982 2616; x_wconf 91' lang='lat' dir='ltr'><strong>obediunt</strong></span> <span class='ocrx_word' id='word_1_193' title='bbox 2009 2559 2188 2614; x_wconf 82' lang='lat' dir='ltr'><strong>Evan-</strong></span> 
     </span>
    </p>
   </div>
   <div class='ocr_carea' id='block_1_27' title="bbox 602 2650 2187 2722">
    <p class='ocr_par' dir='ltr' id='par_1_27' title="bbox 602 2650 2187 2722">
     <span class='ocr_line' id='line_1_27' title="bbox 602 2650 2187 2722; baseline -0.003 -15"><span class='ocrx_word' id='word_1_194' title='bbox 602 2651 764 2722; x_wconf 81' lang='lat' dir='ltr'><strong>gelia.</strong></span> <span class='ocrx_word' id='word_1_195' title='bbox 788 2650 984 2720; x_wconf 83' lang='lat' dir='ltr'><strong>Veniet,</strong></span> <span class='ocrx_word' id='word_1_196' title='bbox 1007 2650 1222 2707; x_wconf 80' lang='lat' dir='ltr'><strong>dicebat</strong></span> <span class='ocrx_word' id='word_1_197' title='bbox 1242 2651 1554 2721; x_wconf 76' lang='lat' dir='ltr'><strong>Apostolus,</strong></span> <span class='ocrx_word' id='word_1_198' title='bbox 1575 2660 1792 2722; x_wconf 85' lang='lat' dir='ltr'><strong>tempus,</strong></span> <span class='ocrx_word' id='word_1_199' title='bbox 1814 2651 1867 2704; x_wconf 84' lang='lat' dir='ltr'><strong>in</strong></span> <span class='ocrx_word' id='word_1_200' title='bbox 1887 2666 1986 2721; x_wconf 84' lang='lat' dir='ltr'><strong>quo</strong></span> <span class='ocrx_word' id='word_1_201' title='bbox 2005 2659 2187 2704; x_wconf 70' lang='lat' dir='ltr'><strong>sanant</strong></span> 
     </span>
    </p>
   </div>
   <div class='ocr_carea' id='block_1_28' title="bbox 603 2739 2186 2812">
    <p class='ocr_par' dir='ltr' id='par_1_28' title="bbox 603 2739 2186 2812">
     <span class='ocr_line' id='line_1_28' title="bbox 603 2739 2186 2812; baseline -0.001 -17"><span class='ocrx_word' id='word_1_202' title='bbox 603 2741 890 2796; x_wconf 81' lang='lat' dir='ltr'><strong>doctrinam</strong></span> <span class='ocrx_word' id='word_1_203' title='bbox 929 2758 1032 2796; x_wconf 87' lang='lat' dir='ltr'><strong>non</strong></span> <span class='ocrx_word' id='word_1_204' title='bbox 1076 2741 1393 2796; x_wconf 79' lang='lat' dir='ltr'><strong>sustinebant</strong></span> <span class='ocrx_word' id='word_1_205' title='bbox 1438 2740 1706 2797; x_wconf 80' lang='lat' dir='ltr'><strong>homines.</strong></span> <span class='ocrx_word' id='word_1_206' title='bbox 1755 2741 1947 2797; x_wconf 86' lang='lat' dir='ltr'><strong>Plures</strong></span> <span class='ocrx_word' id='word_1_207' title='bbox 1986 2739 2186 2812; x_wconf 73' lang='lat' dir='ltr'><strong>prmdi-</strong></span> 
     </span>
    </p>
   </div>
   <div class='ocr_carea' id='block_1_29' title="bbox 602 2831 2185 2905">
    <p class='ocr_par' dir='ltr' id='par_1_29' title="bbox 602 2831 2185 2905">
     <span class='ocr_line' id='line_1_29' title="bbox 602 2831 2185 2905; baseline -0.002 -16"><span class='ocrx_word' id='word_1_208' title='bbox 602 2841 735 2905; x_wconf 40' lang='lat' dir='ltr'><strong>cant.</strong></span> <span class='ocrx_word' id='word_1_209' title='bbox 762 2833 901 2890; x_wconf 78' lang='lat' dir='ltr'><strong>:sed</strong></span> <span class='ocrx_word' id='word_1_210' title='bbox 930 2849 1036 2889; x_wconf 90' lang='lat' dir='ltr'><strong>non</strong></span> <span class='ocrx_word' id='word_1_211' title='bbox 1068 2848 1257 2890; x_wconf 89' lang='lat' dir='ltr'><strong>omnes</strong></span> <span class='ocrx_word' id='word_1_212' title='bbox 1284 2833 1566 2889; x_wconf 84' lang='lat' dir='ltr'><strong>veritatem</strong></span> <span class='ocrx_word' id='word_1_213' title='bbox 1597 2832 1895 2904; x_wconf 63' lang='lat' dir='ltr'><strong>praedicant</strong></span> <span class='ocrx_word' id='word_1_214' title='bbox 1927 2849 1942 2886; x_wconf 88' lang='lat'><strong>:</strong></span> <span class='ocrx_word' id='word_1_215' title='bbox 1975 2831 2185 2900; x_wconf 89' lang='lat' dir='ltr'><strong>simpli-</strong></span> 
     </span>
    </p>
   </div>
   <div class='ocr_carea' id='block_1_30' title="bbox 601 2922 2185 2998">
    <p class='ocr_par' dir='ltr' id='par_1_30' title="bbox 601 2922 2185 2998">
     <span class='ocr_line' id='line_1_30' title="bbox 601 2922 2185 2998; baseline -0.004 -16"><span class='ocrx_word' id='word_1_216' title='bbox 601 2925 744 2982; x_wconf 88' lang='lat' dir='ltr'><strong>cium</strong></span> <span class='ocrx_word' id='word_1_217' title='bbox 769 2925 933 2982; x_wconf 91' lang='lat' dir='ltr'><strong>corda</strong></span> <span class='ocrx_word' id='word_1_218' title='bbox 955 2925 1008 2981; x_wconf 91' lang='lat' dir='ltr'><strong>in</strong></span> <span class='ocrx_word' id='word_1_219' title='bbox 1037 2926 1274 2998; x_wconf 87' lang='lat' dir='ltr'><strong>peccatis</strong></span> <span class='ocrx_word' id='word_1_220' title='bbox 1293 2924 1532 2996; x_wconf 89' lang='lat' dir='ltr'><strong>alligant.</strong></span> <span class='ocrx_word' id='word_1_221' title='bbox 1557 2925 1794 2995; x_wconf 76' lang='lat' dir='ltr'><strong>Alligant</strong></span> <span class='ocrx_word' id='word_1_222' title='bbox 1818 2939 1982 2979; x_wconf 86' lang='lat' dir='ltr'><strong>onera</strong></span> <span class='ocrx_word' id='word_1_223' title='bbox 2003 2922 2185 2994; x_wconf 88' lang='lat' dir='ltr'><strong>gravia</strong></span> 
     </span>
    </p>
   </div>
   <div class='ocr_carea' id='block_1_31' title="bbox 603 3017 2187 3091">
    <p class='ocr_par' dir='ltr' id='par_1_31' title="bbox 603 3017 2187 3091">
     <span class='ocr_line' id='line_1_31' title="bbox 603 3017 2187 3091; baseline -0.002 -16"><span class='ocrx_word' id='word_1_224' title='bbox 603 3019 655 3075; x_wconf 89' lang='lat' dir='ltr'><strong>in</strong></span> <span class='ocrx_word' id='word_1_225' title='bbox 680 3019 913 3091; x_wconf 85' lang='lat' dir='ltr'><strong>peccatis</strong></span> <span class='ocrx_word' id='word_1_226' title='bbox 933 3019 1189 3087; x_wconf 88' lang='lat' dir='ltr'><strong>minimis,</strong></span> <span class='ocrx_word' id='word_1_227' title='bbox 1215 3022 1268 3076; x_wconf 89' lang='lat' dir='ltr'><strong>in</strong></span> <span class='ocrx_word' id='word_1_228' title='bbox 1295 3017 1546 3091; x_wconf 80' lang='lat' dir='ltr'><strong>gravibus</strong></span> <span class='ocrx_word' id='word_1_229' title='bbox 1570 3019 1728 3075; x_wconf 92' lang='lat' dir='ltr'><strong>oculo</strong></span> <span class='ocrx_word' id='word_1_230' title='bbox 1758 3026 2038 3073; x_wconf 81' lang='lat' dir='ltr'><strong>transeunt</strong></span> <span class='ocrx_word' id='word_1_231' title='bbox 2058 3031 2187 3073; x_wconf 85' lang='lat' dir='ltr'><strong>con-</strong></span> 
     </span>
    </p>
   </div>
   <div class='ocr_carea' id='block_1_32' title="bbox 602 3110 2188 3182">
    <p class='ocr_par' dir='ltr' id='par_1_32' title="bbox 602 3110 2188 3182">
     <span class='ocr_line' id='line_1_32' title="bbox 602 3110 2188 3182; baseline 0 -16"><span class='ocrx_word' id='word_1_232' title='bbox 602 3110 839 3168; x_wconf 90' lang='lat' dir='ltr'><strong>nivente.</strong></span> <span class='ocrx_word' id='word_1_233' title='bbox 870 3112 964 3168; x_wconf 85' lang='lat' dir='ltr'><strong>Est</strong></span> <span class='ocrx_word' id='word_1_234' title='bbox 985 3111 1130 3169; x_wconf 90' lang='lat' dir='ltr'><strong>enim</strong></span> <span class='ocrx_word' id='word_1_235' title='bbox 1153 3111 1344 3168; x_wconf 90' lang='lat' dir='ltr'><strong>doctor</strong></span> <span class='ocrx_word' id='word_1_236' title='bbox 1370 3111 1534 3167; x_wconf 91' lang='lat' dir='ltr'><strong>falsus</strong></span> <span class='ocrx_word' id='word_1_237' title='bbox 1559 3111 1768 3182; x_wconf 87' lang='lat' dir='ltr'><strong>gladius</strong></span> <span class='ocrx_word' id='word_1_238' title='bbox 1795 3126 1993 3181; x_wconf 85' lang='lat' dir='ltr'><strong>anceps</strong></span> <span class='ocrx_word' id='word_1_239' title='bbox 2021 3128 2036 3165; x_wconf 90' lang='lat'><strong>:</strong></span> <span class='ocrx_word' id='word_1_240' title='bbox 2061 3110 2188 3166; x_wconf 91' lang='lat' dir='ltr'><strong>hinc</strong></span> 
     </span>
    </p>
   </div>
   <div class='ocr_carea' id='block_1_33' title="bbox 600 3200 2185 3275">
    <p class='ocr_par' dir='ltr' id='par_1_33' title="bbox 600 3200 2185 3275">
     <span class='ocr_line' id='line_1_33' title="bbox 600 3200 2185 3275; baseline -0.003 -15"><span class='ocrx_word' id='word_1_241' title='bbox 600 3204 796 3260; x_wconf 83' lang='lat' dir='ltr'><strong>scindit</strong></span> <span class='ocrx_word' id='word_1_242' title='bbox 824 3220 988 3275; x_wconf 88' lang='lat' dir='ltr'><strong>opere</strong></span> <span class='ocrx_word' id='word_1_243' title='bbox 1017 3213 1071 3260; x_wconf 92' lang='lat' dir='ltr'><strong>et</strong></span> <span class='ocrx_word' id='word_1_244' title='bbox 1097 3204 1350 3274; x_wconf 82' lang='lat' dir='ltr'><strong>exemplo</strong></span> <span class='ocrx_word' id='word_1_245' title='bbox 1379 3221 1394 3257; x_wconf 94' lang='lat'><strong>:</strong></span> <span class='ocrx_word' id='word_1_246' title='bbox 1428 3203 1553 3259; x_wconf 90' lang='lat' dir='ltr'><strong>hinc</strong></span> <span class='ocrx_word' id='word_1_247' title='bbox 1586 3203 1815 3274; x_wconf 87' lang='lat' dir='ltr'><strong>percutit</strong></span> <span class='ocrx_word' id='word_1_248' title='bbox 1843 3212 1898 3258; x_wconf 92' lang='lat' dir='ltr'><strong>ct</strong></span> <span class='ocrx_word' id='word_1_249' title='bbox 1928 3200 2185 3258; x_wconf 77' lang='lat' dir='ltr'><strong>interﬁcit</strong></span> 
     </span>
    </p>
   </div>
   <div class='ocr_carea' id='block_1_34' title="bbox 600 3293 2183 3366">
    <p class='ocr_par' dir='ltr' id='par_1_34' title="bbox 600 3293 2183 3366">
     <span class='ocr_line' id='line_1_34' title="bbox 600 3293 2183 3366; baseline -0.001 -17"><span class='ocrx_word' id='word_1_250' title='bbox 600 3295 783 3352; x_wconf 88' lang='lat' dir='ltr'><strong>verbis</strong></span> <span class='ocrx_word' id='word_1_251' title='bbox 810 3296 1014 3352; x_wconf 87' lang='lat' dir='ltr'><strong>dolosis</strong></span> <span class='ocrx_word' id='word_1_252' title='bbox 1043 3305 1097 3350; x_wconf 87' lang='lat' dir='ltr'><strong>et</strong></span> <span class='ocrx_word' id='word_1_253' title='bbox 1124 3296 1338 3366; x_wconf 84' lang='lat' dir='ltr'><strong>iniquis.</strong></span> <span class='ocrx_word' id='word_1_254' title='bbox 1365 3294 1647 3362; x_wconf 85' lang='lat' dir='ltr'><strong>Quomodo</strong></span> <span class='ocrx_word' id='word_1_255' title='bbox 1676 3294 1812 3365; x_wconf 89' lang='lat' dir='ltr'><strong>ignis</strong></span> <span class='ocrx_word' id='word_1_256' title='bbox 1840 3293 2183 3365; x_wconf 80' lang='lat' dir='ltr'><strong>frigiditatent</strong></span> 
     </span>
    </p>
   </div>
   <div class='ocr_carea' id='block_1_35' title="bbox 601 3385 2187 3458">
    <p class='ocr_par' dir='ltr' id='par_1_35' title="bbox 601 3385 2187 3458">
     <span class='ocr_line' id='line_1_35' title="bbox 601 3385 2187 3458; baseline -0.002 -16"><span class='ocrx_word' id='word_1_257' title='bbox 601 3387 787 3454; x_wconf 88' lang='lat' dir='ltr'><strong>donat,</strong></span> <span class='ocrx_word' id='word_1_258' title='bbox 804 3402 939 3458; x_wconf 84' lang='lat' dir='ltr'><strong>aqua</strong></span> <span class='ocrx_word' id='word_1_259' title='bbox 958 3387 1339 3442; x_wconf 81' lang='lat' dir='ltr'><strong>calliditatem?</strong></span> <span class='ocrx_word' id='word_1_260' title='bbox 1365 3386 1524 3456; x_wconf 86' lang='lat' dir='ltr'><strong>Lapis</strong></span> <span class='ocrx_word' id='word_1_261' title='bbox 1545 3385 1815 3456; x_wconf 90' lang='lat' dir='ltr'><strong>quomodo</strong></span> <span class='ocrx_word' id='word_1_262' title='bbox 1838 3401 2048 3441; x_wconf 90' lang='lat' dir='ltr'><strong>sursum</strong></span> <span class='ocrx_word' id='word_1_263' title='bbox 2071 3400 2187 3455; x_wconf 88' lang='lat' dir='ltr'><strong>gra-</strong></span> 
     </span>
    </p>
   </div>
   <div class='ocr_carea' id='block_1_36' title="bbox 603 3475 2185 3545">
    <p class='ocr_par' dir='ltr' id='par_1_36' title="bbox 603 3475 2185 3545">
     <span class='ocr_line' id='line_1_36' title="bbox 603 3475 2185 3545; baseline -0.001 -13"><span class='ocrx_word' id='word_1_264' title='bbox 603 3476 789 3532; x_wconf 79' lang='lat' dir='ltr'><strong>ditur?</strong></span> <span class='ocrx_word' id='word_1_265' title='bbox 833 3477 897 3531; x_wconf 87' lang='lat' dir='ltr'><strong>Et</strong></span> <span class='ocrx_word' id='word_1_266' title='bbox 921 3476 1003 3530; x_wconf 90' lang='lat' dir='ltr'><strong>vir</strong></span> <span class='ocrx_word' id='word_1_267' title='bbox 1030 3476 1336 3530; x_wconf 79' lang='lat' dir='ltr'><strong>luxuriosus</strong></span> <span class='ocrx_word' id='word_1_268' title='bbox 1359 3475 1632 3545; x_wconf 86' lang='lat' dir='ltr'><strong>quomodo</strong></span> <span class='ocrx_word' id='word_1_269' title='bbox 1673 3476 1988 3544; x_wconf 74' lang='lat' dir='ltr'><strong>prmdicabit</strong></span> <span class='ocrx_word' id='word_1_270' title='bbox 2019 3476 2185 3530; x_wconf 83' lang='lat' dir='ltr'><strong>casti-</strong></span> 
     </span>
    </p>
   </div>
   <div class='ocr_carea' id='block_1_37' title="bbox 604 3566 2188 3637">
    <p class='ocr_par' dir='ltr' id='par_1_37' title="bbox 604 3566 2188 3637">
     <span class='ocr_line' id='line_1_37' title="bbox 604 3566 2188 3637; baseline -0.001 -14"><span class='ocrx_word' id='word_1_271' title='bbox 604 3568 801 3623; x_wconf 78' lang='lat' dir='ltr'><strong>tatem?</strong></span> <span class='ocrx_word' id='word_1_272' title='bbox 829 3567 894 3623; x_wconf 86' lang='lat' dir='ltr'><strong>Et</strong></span> <span class='ocrx_word' id='word_1_273' title='bbox 933 3567 977 3622; x_wconf 91' lang='lat' dir='ltr'><strong>si</strong></span> <span class='ocrx_word' id='word_1_274' title='bbox 1022 3566 1312 3636; x_wconf 76' lang='lat' dir='ltr'><strong>prtedicat,</strong></span> <span class='ocrx_word' id='word_1_275' title='bbox 1346 3581 1466 3637; x_wconf 77' lang='lat' dir='ltr'><strong>qua:</strong></span> <span class='ocrx_word' id='word_1_276' title='bbox 1491 3566 1832 3621; x_wconf 89' lang='lat' dir='ltr'><strong>audientibus</strong></span> <span class='ocrx_word' id='word_1_277' title='bbox 1860 3567 1983 3623; x_wconf 90' lang='lat' dir='ltr'><strong>inde</strong></span> <span class='ocrx_word' id='word_1_278' title='bbox 2011 3569 2188 3622; x_wconf 88' lang='lat' dir='ltr'><strong>veniet</strong></span> 
     </span>
    </p>
   </div>
   <div class='ocr_carea' id='block_1_38' title="bbox 602 3655 2187 3729">
    <p class='ocr_par' dir='ltr' id='par_1_38' title="bbox 602 3655 2187 3729">
     <span class='ocr_line' id='line_1_38' title="bbox 602 3655 2187 3729; baseline 0.001 -16"><span class='ocrx_word' id='word_1_279' title='bbox 602 3658 843 3714; x_wconf 80' lang='lat' dir='ltr'><strong>utilitas?</strong></span> <span class='ocrx_word' id='word_1_280' title='bbox 867 3657 1005 3726; x_wconf 86' lang='lat' dir='ltr'><strong>Quid</strong></span> <span class='ocrx_word' id='word_1_281' title='bbox 1037 3667 1214 3729; x_wconf 90' lang='lat' dir='ltr'><strong>potest</strong></span> <span class='ocrx_word' id='word_1_282' title='bbox 1241 3657 1424 3713; x_wconf 90' lang='lat' dir='ltr'><strong>dicere</strong></span> <span class='ocrx_word' id='word_1_283' title='bbox 1453 3655 1701 3724; x_wconf 79' lang='lat' dir='ltr'><strong>audiens,</strong></span> <span class='ocrx_word' id='word_1_284' title='bbox 1727 3658 1831 3712; x_wconf 91' lang='lat' dir='ltr'><strong>nisi</strong></span> <span class='ocrx_word' id='word_1_285' title='bbox 1860 3673 2026 3726; x_wconf 86' lang='lat' dir='ltr'><strong>quare</strong></span> <span class='ocrx_word' id='word_1_286' title='bbox 2055 3673 2187 3714; x_wconf 89' lang='lat' dir='ltr'><strong>voce</strong></span> 
     </span>
    </p>
   </div>
   <div class='ocr_carea' id='block_1_39' title="bbox 603 3749 2188 3831">
    <p class='ocr_par' dir='ltr' id='par_1_39' title="bbox 603 3749 2188 3831">
     <span class='ocr_line' id='line_1_39' title="bbox 603 3749 2188 3831; baseline -0.001 -25"><span class='ocrx_word' id='word_1_287' title='bbox 603 3750 886 3822; x_wconf 53' lang='lat' dir='ltr'><strong>pradicas,</strong></span> <span class='ocrx_word' id='word_1_288' title='bbox 914 3765 1034 3822; x_wconf 73' lang='lat' dir='ltr'><strong>qua:</strong></span> <span class='ocrx_word' id='word_1_289' title='bbox 1063 3765 1225 3831; x_wconf 88' lang='lat' dir='ltr'><strong>opere</strong></span> <span class='ocrx_word' id='word_1_290' title='bbox 1250 3749 1517 3822; x_wconf 82' lang='lat' dir='ltr'><strong>denegas?</strong></span> <span class='ocrx_word' id='word_1_291' title='bbox 1547 3749 1695 3806; x_wconf 88' lang='lat' dir='ltr'><strong>Bene</strong></span> <span class='ocrx_word' id='word_1_292' title='bbox 1723 3749 1948 3820; x_wconf 85' lang='lat' dir='ltr'><strong>loquens</strong></span> <span class='ocrx_word' id='word_1_293' title='bbox 1973 3765 2067 3805; x_wconf 92' lang='lat' dir='ltr'><strong>ore</strong></span> <span class='ocrx_word' id='word_1_294' title='bbox 2087 3791 2100 3817; x_wconf 94' lang='lat'><strong>,</strong></span> <span class='ocrx_word' id='word_1_295' title='bbox 2133 3759 2188 3805; x_wconf 91' lang='lat' dir='ltr'><strong>et</strong></span> 
     </span>
    </p>
   </div>
   <div class='ocr_carea' id='block_1_40' title="bbox 603 3842 2187 3914">
    <p class='ocr_par' dir='ltr' id='par_1_40' title="bbox 603 3842 2187 3914">
     <span class='ocr_line' id='line_1_40' title="bbox 603 3842 2187 3914; baseline -0.002 -14"><span class='ocrx_word' id='word_1_296' title='bbox 603 3845 741 3900; x_wconf 91' lang='lat' dir='ltr'><strong>male</strong></span> <span class='ocrx_word' id='word_1_297' title='bbox 771 3844 952 3901; x_wconf 87' lang='lat' dir='ltr'><strong>vivens</strong></span> <span class='ocrx_word' id='word_1_298' title='bbox 981 3858 1165 3914; x_wconf 89' lang='lat' dir='ltr'><strong>opere.</strong></span> <span class='ocrx_word' id='word_1_299' title='bbox 1197 3845 1548 3913; x_wconf 88' lang='lat' dir='ltr'><strong>semetipsum</strong></span> <span class='ocrx_word' id='word_1_300' title='bbox 1577 3842 1817 3898; x_wconf 90' lang='lat' dir='ltr'><strong>damnat.</strong></span> <span class='ocrx_word' id='word_1_301' title='bbox 1847 3843 1988 3898; x_wconf 85' lang='lat' dir='ltr'><strong>Ecce</strong></span> <span class='ocrx_word' id='word_1_302' title='bbox 2018 3857 2187 3912; x_wconf 86' lang='lat' dir='ltr'><strong>quan-</strong></span> 
     </span>
    </p>
   </div>
   <div class='ocr_carea' id='block_1_41' title="bbox 603 3932 2188 4006">
    <p class='ocr_par' dir='ltr' id='par_1_41' title="bbox 603 3932 2188 4006">
     <span class='ocr_line' id='line_1_41' title="bbox 603 3932 2188 4006; baseline 0 -18"><span class='ocrx_word' id='word_1_303' title='bbox 603 3945 714 3989; x_wconf 91' lang='lat' dir='ltr'><strong>tum</strong></span> <span class='ocrx_word' id='word_1_304' title='bbox 745 3935 856 3990; x_wconf 91' lang='lat' dir='ltr'><strong>Deo</strong></span> <span class='ocrx_word' id='word_1_305' title='bbox 883 3935 1001 3989; x_wconf 91' lang='lat' dir='ltr'><strong>talis</strong></span> <span class='ocrx_word' id='word_1_306' title='bbox 1030 3933 1336 4006; x_wconf 73' lang='lat' dir='ltr'><strong>prmdicatio</strong></span> <span class='ocrx_word' id='word_1_307' title='bbox 1363 3933 1433 3990; x_wconf 91' lang='lat' dir='ltr'><strong>sit</strong></span> <span class='ocrx_word' id='word_1_308' title='bbox 1461 3932 1810 4003; x_wconf 89' lang='lat' dir='ltr'><strong>acceptabilis</strong></span> <span class='ocrx_word' id='word_1_309' title='bbox 1829 3973 1846 3999; x_wconf 92' lang='lat'><strong>,</strong></span> <span class='ocrx_word' id='word_1_310' title='bbox 1885 3933 2188 3988; x_wconf 89' lang='lat' dir='ltr'><strong>ostenditur</strong></span> 
     </span>
    </p>
   </div>
   <div class='ocr_carea' id='block_1_42' title="bbox 602 4024 2185 4099">
    <p class='ocr_par' dir='ltr' id='par_1_42' title="bbox 602 4024 2185 4099">
     <span class='ocr_line' id='line_1_42' title="bbox 602 4024 2185 4099; baseline -0.002 -16"><span class='ocrx_word' id='word_1_311' title='bbox 602 4043 700 4099; x_wconf 87' lang='lat' dir='ltr'><strong>per</strong></span> <span class='ocrx_word' id='word_1_312' title='bbox 729 4027 1062 4083; x_wconf 87' lang='lat' dir='ltr'><strong>Psalmistam</strong></span> <span class='ocrx_word' id='word_1_313' title='bbox 1090 4025 1395 4082; x_wconf 78' lang='lat' dir='ltr'><strong>:I’eccaton&#39;</strong></span> <span class='ocrx_word' id='word_1_314' title='bbox 1421 4026 1554 4081; x_wconf 71' lang='lat' dir='ltr'><strong>dixit</strong></span> <span class='ocrx_word' id='word_1_315' title='bbox 1581 4024 1740 4091; x_wconf 85' lang='lat' dir='ltr'><strong>Deus,</strong></span> <span class='ocrx_word' id='word_1_316' title='bbox 1768 4042 1925 4096; x_wconf 83' lang='lat' dir='ltr'><strong>quare</strong></span> <span class='ocrx_word' id='word_1_317' title='bbox 1953 4035 2006 4080; x_wconf 79' lang='lat' dir='ltr'><strong>tu</strong></span> <span class='ocrx_word' id='word_1_318' title='bbox 2031 4042 2185 4080; x_wconf 81' lang='lat' dir='ltr'><strong>enar-</strong></span> 
     </span>
    </p>
   </div>
   <div class='ocr_carea' id='block_1_43' title="bbox 600 4119 2185 4190">
    <p class='ocr_par' dir='ltr' id='par_1_43' title="bbox 600 4119 2185 4190">
     <span class='ocr_line' id='line_1_43' title="bbox 600 4119 2185 4190; baseline -0.001 -16"><span class='ocrx_word' id='word_1_319' title='bbox 600 4136 687 4174; x_wconf 88' lang='lat' dir='ltr'><strong>ras</strong></span> <span class='ocrx_word' id='word_1_320' title='bbox 721 4119 952 4190; x_wconf 83' lang='lat' dir='ltr'><strong>justitias</strong></span> <span class='ocrx_word' id='word_1_321' title='bbox 992 4135 1129 4174; x_wconf 86' lang='lat' dir='ltr'><strong>meas</strong></span> <span class='ocrx_word' id='word_1_322' title='bbox 1150 4161 1166 4187; x_wconf 93' lang='lat'><strong>,</strong></span> <span class='ocrx_word' id='word_1_323' title='bbox 1196 4129 1242 4175; x_wconf 87' lang='lat' dir='ltr'><strong>et</strong></span> <span class='ocrx_word' id='word_1_324' title='bbox 1268 4121 1486 4174; x_wconf 76' lang='lat' dir='ltr'><strong>assumis</strong></span> <span class='ocrx_word' id='word_1_325' title='bbox 1513 4128 1866 4174; x_wconf 81' lang='lat' dir='ltr'><strong>testamentum</strong></span> <span class='ocrx_word' id='word_1_326' title='bbox 1895 4132 2062 4173; x_wconf 86' lang='lat' dir='ltr'><strong>meum</strong></span> <span class='ocrx_word' id='word_1_327' title='bbox 2094 4135 2185 4189; x_wconf 83' lang='lat' dir='ltr'><strong>per</strong></span> 
     </span>
    </p>
   </div>
   <div class='ocr_carea' id='block_1_44' title="bbox 601 4211 2187 4284">
    <p class='ocr_par' dir='ltr' id='par_1_44' title="bbox 601 4211 2187 4284">
     <span class='ocr_line' id='line_1_44' title="bbox 601 4211 2187 4284; baseline -0.001 -16"><span class='ocrx_word' id='word_1_328' title='bbox 601 4230 657 4268; x_wconf 88' lang='lat' dir='ltr'><strong>os</strong></span> <span class='ocrx_word' id='word_1_329' title='bbox 690 4214 870 4268; x_wconf 80' lang='lat' dir='ltr'><strong>tuum?</strong></span> <span class='ocrx_word' id='word_1_330' title='bbox 895 4211 976 4268; x_wconf 83' lang='lat' dir='ltr'><strong>Tu</strong></span> <span class='ocrx_word' id='word_1_331' title='bbox 1005 4229 1120 4268; x_wconf 82' lang='lat' dir='ltr'><strong>vero</strong></span> <span class='ocrx_word' id='word_1_332' title='bbox 1151 4213 1304 4270; x_wconf 85' lang='lat' dir='ltr'><strong>odisti</strong></span> <span class='ocrx_word' id='word_1_333' title='bbox 1331 4211 1658 4284; x_wconf 79' lang='lat' dir='ltr'><strong>disciplinam</strong></span> <span class='ocrx_word' id='word_1_334' title='bbox 1681 4228 1701 4268; x_wconf 91' lang='lat'><strong><em>:</em></strong></span> <span class='ocrx_word' id='word_1_335' title='bbox 1720 4222 1768 4267; x_wconf 86' lang='lat' dir='ltr'><strong>et</strong></span> <span class='ocrx_word' id='word_1_336' title='bbox 1795 4213 2054 4284; x_wconf 84' lang='lat' dir='ltr'><strong>prajecisti</strong></span> <span class='ocrx_word' id='word_1_337' title='bbox 2077 4229 2187 4268; x_wconf 87' lang='lat' dir='ltr'><strong>ser-</strong></span> 
     </span>
    </p>
   </div>
   <div class='ocr_carea' id='block_1_45' title="bbox 601 4305 2185 4378">
    <p class='ocr_par' dir='ltr' id='par_1_45' title="bbox 601 4305 2185 4378">
     <span class='ocr_line' id='line_1_45' title="bbox 601 4305 2185 4378; baseline 0.002 -20"><span class='ocrx_word' id='word_1_338' title='bbox 601 4322 773 4361; x_wconf 86' lang='lat' dir='ltr'><strong>mones</strong></span> <span class='ocrx_word' id='word_1_339' title='bbox 813 4322 950 4360; x_wconf 86' lang='lat' dir='ltr'><strong>meos</strong></span> <span class='ocrx_word' id='word_1_340' title='bbox 989 4316 1102 4378; x_wconf 81' lang='lat' dir='ltr'><strong>post</strong></span> <span class='ocrx_word' id='word_1_341' title='bbox 1131 4316 1198 4362; x_wconf 84' lang='lat' dir='ltr'><strong>te.</strong></span> <span class='ocrx_word' id='word_1_342' title='bbox 1225 4307 1370 4362; x_wconf 84' lang='lat' dir='ltr'><strong>Multi</strong></span> <span class='ocrx_word' id='word_1_343' title='bbox 1403 4305 1586 4377; x_wconf 85' lang='lat' dir='ltr'><strong>legunt</strong></span> <span class='ocrx_word' id='word_1_344' title='bbox 1612 4305 1831 4377; x_wconf 88' lang='lat' dir='ltr'><strong>grandia</strong></span> <span class='ocrx_word' id='word_1_345' title='bbox 1854 4347 1870 4373; x_wconf 91' lang='lat'><strong>,</strong></span> <span class='ocrx_word' id='word_1_346' title='bbox 1900 4305 2185 4361; x_wconf 88' lang='lat' dir='ltr'><strong>addiscunt</strong></span> 
     </span>
    </p>
   </div>
   <div class='ocr_carea' id='block_1_46' title="bbox 601 4396 2182 4470">
    <p class='ocr_par' dir='ltr' id='par_1_46' title="bbox 601 4396 2182 4470">
     <span class='ocr_line' id='line_1_46' title="bbox 601 4396 2182 4470; baseline 0.001 -20"><span class='ocrx_word' id='word_1_347' title='bbox 601 4396 768 4452; x_wconf 89' lang='lat' dir='ltr'><strong>ardua</strong></span> <span class='ocrx_word' id='word_1_348' title='bbox 791 4439 806 4465; x_wconf 95' lang='lat'><strong>,</strong></span> <span class='ocrx_word' id='word_1_349' title='bbox 835 4399 1103 4455; x_wconf 89' lang='lat' dir='ltr'><strong>subtiliter</strong></span> <span class='ocrx_word' id='word_1_350' title='bbox 1144 4398 1447 4469; x_wconf 87' lang='lat' dir='ltr'><strong>disputant,</strong></span> <span class='ocrx_word' id='word_1_351' title='bbox 1491 4407 1681 4454; x_wconf 90' lang='lat' dir='ltr'><strong>ornate</strong></span> <span class='ocrx_word' id='word_1_352' title='bbox 1722 4396 2031 4470; x_wconf 83' lang='lat' dir='ltr'><strong>loquantur,</strong></span> <span class='ocrx_word' id='word_1_353' title='bbox 2066 4407 2124 4452; x_wconf 92' lang='lat' dir='ltr'><strong>nt</strong></span> <span class='ocrx_word' id='word_1_354' title='bbox 2150 4413 2182 4452; x_wconf 91' lang='lat' dir='ltr'><strong>a</strong></span> 
     </span>
    </p>
   </div>
   <div class='ocr_carea' id='block_1_47' title="bbox 601 4488 2182 4570">
    <p class='ocr_par' dir='ltr' id='par_1_47' title="bbox 601 4488 2182 4570">
     <span class='ocr_line' id='line_1_47' title="bbox 601 4488 2182 4570; baseline 0.003 -28"><span class='ocrx_word' id='word_1_355' title='bbox 601 4488 800 4560; x_wconf 88' lang='lat' dir='ltr'><strong>populo</strong></span> <span class='ocrx_word' id='word_1_356' title='bbox 827 4489 1058 4570; x_wconf 60' lang='lat' dir='ltr'><strong>honores</strong></span> <span class='ocrx_word' id='word_1_357' title='bbox 1087 4491 1320 4559; x_wconf 84' lang='lat' dir='ltr'><strong>capiant,</strong></span> <span class='ocrx_word' id='word_1_358' title='bbox 1355 4492 1406 4546; x_wconf 89' lang='lat' dir='ltr'><strong>in</strong></span> <span class='ocrx_word' id='word_1_359' title='bbox 1442 4491 1684 4563; x_wconf 88' lang='lat' dir='ltr'><strong>plebibus</strong></span> <span class='ocrx_word' id='word_1_360' title='bbox 1719 4491 1960 4562; x_wconf 89' lang='lat' dir='ltr'><strong>magistri</strong></span> <span class='ocrx_word' id='word_1_361' title='bbox 2003 4492 2182 4548; x_wconf 89' lang='lat' dir='ltr'><strong>nomi-</strong></span> 
     </span>
    </p>
   </div>
   <div class='ocr_carea' id='block_1_48' title="bbox 599 4581 2184 4654">
    <p class='ocr_par' dir='ltr' id='par_1_48' title="bbox 599 4581 2184 4654">
     <span class='ocr_line' id='line_1_48' title="bbox 599 4581 2184 4654; baseline 0 -18"><span class='ocrx_word' id='word_1_362' title='bbox 599 4589 916 4638; x_wconf 90' lang='lat' dir='ltr'><strong>nentur:et</strong></span> <span class='ocrx_word' id='word_1_363' title='bbox 957 4581 1088 4636; x_wconf 87' lang='lat' dir='ltr'><strong>nihil</strong></span> <span class='ocrx_word' id='word_1_364' title='bbox 1129 4583 1344 4638; x_wconf 91' lang='lat' dir='ltr'><strong>faciunt.</strong></span> <span class='ocrx_word' id='word_1_365' title='bbox 1391 4583 1446 4640; x_wconf 90' lang='lat' dir='ltr'><strong>Si</strong></span> <span class='ocrx_word' id='word_1_366' title='bbox 1490 4593 1714 4654; x_wconf 80' lang='lat' dir='ltr'><strong>experto</strong></span> <span class='ocrx_word' id='word_1_367' title='bbox 1755 4583 2012 4651; x_wconf 90' lang='lat' dir='ltr'><strong>creditur,</strong></span> <span class='ocrx_word' id='word_1_368' title='bbox 2050 4582 2184 4638; x_wconf 89' lang='lat' dir='ltr'><strong>mihi</strong></span> 
     </span>
    </p>
   </div>
   <div class='ocr_carea' id='block_1_49' title="bbox 599 4672 2180 4743">
    <p class='ocr_par' dir='ltr' id='par_1_49' title="bbox 599 4672 2180 4743">
     <span class='ocr_line' id='line_1_49' title="bbox 599 4672 2180 4743; baseline 0.001 -15"><span class='ocrx_word' id='word_1_369' title='bbox 599 4673 823 4729; x_wconf 91' lang='lat' dir='ltr'><strong>credite.</strong></span> <span class='ocrx_word' id='word_1_370' title='bbox 865 4672 994 4729; x_wconf 87' lang='lat' dir='ltr'><strong>Plus</strong></span> <span class='ocrx_word' id='word_1_371' title='bbox 1034 4683 1213 4729; x_wconf 86' lang='lat' dir='ltr'><strong>movet</strong></span> <span class='ocrx_word' id='word_1_372' title='bbox 1252 4674 1414 4729; x_wconf 85' lang='lat' dir='ltr'><strong>corda</strong></span> <span class='ocrx_word' id='word_1_373' title='bbox 1444 4674 1721 4732; x_wconf 87' lang='lat' dir='ltr'><strong>hominum</strong></span> <span class='ocrx_word' id='word_1_374' title='bbox 1751 4676 1876 4732; x_wconf 68' lang='lat' dir='ltr'><strong>vitae</strong></span> <span class='ocrx_word' id='word_1_375' title='bbox 1898 4676 2180 4743; x_wconf 85' lang='lat' dir='ltr'><strong>sanctitas,</strong></span> 
     </span>
    </p>
   </div>
   <div class='ocr_carea' id='block_1_50' title="bbox 598 4765 2179 4839">
    <p class='ocr_par' dir='ltr' id='par_1_50' title="bbox 598 4765 2179 4839">
     <span class='ocr_line' id='line_1_50' title="bbox 598 4765 2179 4839; baseline 0.004 -21"><span class='ocrx_word' id='word_1_376' title='bbox 598 4781 756 4835; x_wconf 89' lang='lat' dir='ltr'><strong>quam</strong></span> <span class='ocrx_word' id='word_1_377' title='bbox 805 4775 993 4822; x_wconf 90' lang='lat' dir='ltr'><strong>ornata</strong></span> <span class='ocrx_word' id='word_1_378' title='bbox 1032 4765 1264 4837; x_wconf 91' lang='lat' dir='ltr'><strong>eloquia.</strong></span> <span class='ocrx_word' id='word_1_379' title='bbox 1292 4767 1505 4836; x_wconf 87' lang='lat' dir='ltr'><strong>Facite,</strong></span> <span class='ocrx_word' id='word_1_380' title='bbox 1538 4779 1594 4825; x_wconf 91' lang='lat' dir='ltr'><strong>et</strong></span> <span class='ocrx_word' id='word_1_381' title='bbox 1636 4777 1820 4839; x_wconf 90' lang='lat' dir='ltr'><strong>postea</strong></span> <span class='ocrx_word' id='word_1_382' title='bbox 1868 4769 2179 4839; x_wconf 61' lang='lat' dir='ltr'><strong>praedicate.</strong></span> 
     </span>
    </p>
   </div>
   <div class='ocr_carea' id='block_1_51' title="bbox 595 4855 2178 4931">
    <p class='ocr_par' dir='ltr' id='par_1_51' title="bbox 595 4855 2178 4931">
     <span class='ocr_line' id='line_1_51' title="bbox 595 4855 2178 4931; baseline 0.004 -21"><span class='ocrx_word' id='word_1_383' title='bbox 595 4855 772 4928; x_wconf 82' lang='lat' dir='ltr'><strong>Cmpit</strong></span> <span class='ocrx_word' id='word_1_384' title='bbox 789 4855 946 4914; x_wconf 85' lang='lat' dir='ltr'><strong>Jesus</strong></span> <span class='ocrx_word' id='word_1_385' title='bbox 973 4856 1170 4925; x_wconf 90' lang='lat' dir='ltr'><strong>facere,</strong></span> <span class='ocrx_word' id='word_1_386' title='bbox 1188 4867 1244 4914; x_wconf 89' lang='lat' dir='ltr'><strong>et</strong></span> <span class='ocrx_word' id='word_1_387' title='bbox 1267 4869 1448 4930; x_wconf 91' lang='lat' dir='ltr'><strong>postea</strong></span> <span class='ocrx_word' id='word_1_388' title='bbox 1471 4860 1784 4931; x_wconf 76' lang='lat' dir='ltr'><strong>prmdicare.</strong></span> <span class='ocrx_word' id='word_1_389' title='bbox 1799 4858 1954 4914; x_wconf 82' lang='lat' dir='ltr'><strong>Valet</strong></span> <span class='ocrx_word' id='word_1_390' title='bbox 1978 4860 2178 4927; x_wconf 80' lang='lat' dir='ltr'><strong>facere,</strong></span> 
     </span>
    </p>
   </div>
   <div class='ocr_carea' id='block_1_52' title="bbox 601 4947 2177 5023">
    <p class='ocr_par' dir='ltr' id='par_1_52' title="bbox 601 4947 2177 5023">
     <span class='ocr_line' id='line_1_52' title="bbox 601 4947 2177 5023; baseline 0.003 -20"><span class='ocrx_word' id='word_1_391' title='bbox 601 4947 718 5003; x_wconf 84' lang='lat' dir='ltr'><strong>sine</strong></span> <span class='ocrx_word' id='word_1_392' title='bbox 747 4948 1075 5018; x_wconf 59' lang='lat' dir='ltr'><strong>praedicare;</strong></span> <span class='ocrx_word' id='word_1_393' title='bbox 1108 4951 1201 5007; x_wconf 85' lang='lat' dir='ltr'><strong>sed</strong></span> <span class='ocrx_word' id='word_1_394' title='bbox 1231 4967 1337 5006; x_wconf 88' lang='lat' dir='ltr'><strong>non</strong></span> <span class='ocrx_word' id='word_1_395' title='bbox 1364 4952 1657 5023; x_wconf 72' lang='lat' dir='ltr'><strong>prmdicare</strong></span> <span class='ocrx_word' id='word_1_396' title='bbox 1685 4953 1802 5008; x_wconf 89' lang='lat' dir='ltr'><strong>sine</strong></span> <span class='ocrx_word' id='word_1_397' title='bbox 1832 4954 2027 5008; x_wconf 86' lang='lat' dir='ltr'><strong>facere.</strong></span> <span class='ocrx_word' id='word_1_398' title='bbox 2059 4952 2177 5008; x_wconf 83' lang='lat' dir='ltr'><strong>Non</strong></span> 
     </span>
    </p>
   </div>
   <div class='ocr_carea' id='block_1_53' title="bbox 597 5037 2180 5115">
    <p class='ocr_par' dir='ltr' id='par_1_53' title="bbox 597 5037 2180 5115">
     <span class='ocr_line' id='line_1_53' title="bbox 597 5037 2180 5115; baseline 0.006 -20"><span class='ocrx_word' id='word_1_399' title='bbox 597 5037 730 5095; x_wconf 74' lang='lat' dir='ltr'><strong>dixit</strong></span> <span class='ocrx_word' id='word_1_400' title='bbox 758 5039 917 5103; x_wconf 86' lang='lat' dir='ltr'><strong>Deus,</strong></span> <span class='ocrx_word' id='word_1_401' title='bbox 941 5043 1042 5110; x_wconf 90' lang='lat' dir='ltr'><strong>Qui</strong></span> <span class='ocrx_word' id='word_1_402' title='bbox 1073 5043 1446 5115; x_wconf 68' lang='lat' dir='ltr'><strong>prmdicaverit</strong></span> <span class='ocrx_word' id='word_1_403' title='bbox 1476 5045 1807 5101; x_wconf 83' lang='lat' dir='ltr'><strong>voluntatem</strong></span> <span class='ocrx_word' id='word_1_404' title='bbox 1837 5047 2009 5102; x_wconf 84' lang='lat' dir='ltr'><strong>Patris</strong></span> <span class='ocrx_word' id='word_1_405' title='bbox 2035 5048 2137 5103; x_wconf 89' lang='lat' dir='ltr'><strong>mei</strong></span> <span class='ocrx_word' id='word_1_406' title='bbox 2163 5065 2180 5104; x_wconf 89' lang='lat'><strong>:</strong></span> 
     </span>
    </p>
   </div>
   <div class='ocr_carea' id='block_1_54' title="bbox 595 5130 2183 5206">
    <p class='ocr_par' dir='ltr' id='par_1_54' title="bbox 595 5130 2183 5206">
     <span class='ocr_line' id='line_1_54' title="bbox 595 5130 2183 5206; baseline 0.005 -20"><span class='ocrx_word' id='word_1_407' title='bbox 595 5130 689 5186; x_wconf 86' lang='lat' dir='ltr'><strong>sed</strong></span> <span class='ocrx_word' id='word_1_408' title='bbox 711 5173 726 5196; x_wconf 88' lang='lat'><strong>,</strong></span> <span class='ocrx_word' id='word_1_409' title='bbox 757 5132 847 5202; x_wconf 92' lang='lat' dir='ltr'><strong>qui</strong></span> <span class='ocrx_word' id='word_1_410' title='bbox 874 5133 1077 5191; x_wconf 78' lang='lat' dir='ltr'><strong>fecerit.</strong></span> <span class='ocrx_word' id='word_1_411' title='bbox 1107 5134 1224 5190; x_wconf 86' lang='lat' dir='ltr'><strong>Non</strong></span> <span class='ocrx_word' id='word_1_412' title='bbox 1267 5136 1513 5206; x_wconf 85' lang='lat' dir='ltr'><strong>vitupero</strong></span> <span class='ocrx_word' id='word_1_413' title='bbox 1560 5137 1992 5206; x_wconf 73' lang='lat' dir='ltr'><strong>prtedicalionem</strong></span> <span class='ocrx_word' id='word_1_414' title='bbox 2017 5181 2032 5206; x_wconf 95' lang='lat'><strong>,</strong></span> <span class='ocrx_word' id='word_1_415' title='bbox 2080 5139 2183 5194; x_wconf 89' lang='lat' dir='ltr'><strong>nisi</strong></span> 
     </span>
    </p>
   </div>
   <div class='ocr_carea' id='block_1_55' title="bbox 597 5222 2181 5298">
    <p class='ocr_par' dir='ltr' id='par_1_55' title="bbox 597 5222 2181 5298">
     <span class='ocr_line' id='line_1_55' title="bbox 597 5222 2181 5298; baseline 0.005 -22"><span class='ocrx_word' id='word_1_416' title='bbox 597 5238 704 5278; x_wconf 92' lang='lat' dir='ltr'><strong>non</strong></span> <span class='ocrx_word' id='word_1_417' title='bbox 733 5222 1042 5280; x_wconf 81' lang='lat' dir='ltr'><strong>facientium</strong></span> <span class='ocrx_word' id='word_1_418' title='bbox 1067 5241 1128 5282; x_wconf 84' lang='lat' dir='ltr'><strong>ea</strong></span> <span class='ocrx_word' id='word_1_419' title='bbox 1156 5243 1274 5298; x_wconf 73' lang='lat' dir='ltr'><strong>qnze</strong></span> <span class='ocrx_word' id='word_1_420' title='bbox 1306 5226 1616 5298; x_wconf 67' lang='lat' dir='ltr'><strong>praedicant.</strong></span> <span class='ocrx_word' id='word_1_421' title='bbox 1665 5227 1955 5285; x_wconf 90' lang='lat' dir='ltr'><strong>Subtilinm</strong></span> <span class='ocrx_word' id='word_1_422' title='bbox 1983 5230 2181 5284; x_wconf 86' lang='lat' dir='ltr'><strong>verbo-</strong></span> 
     </span>
    </p>
   </div>
   <div class='ocr_carea' id='block_1_56' title="bbox 596 5313 2184 5392">
    <p class='ocr_par' dir='ltr' id='par_1_56' title="bbox 596 5313 2184 5392">
     <span class='ocr_line' id='line_1_56' title="bbox 596 5313 2184 5392; baseline 0.007 -25"><span class='ocrx_word' id='word_1_423' title='bbox 596 5329 714 5367; x_wconf 91' lang='lat' dir='ltr'><strong>rum</strong></span> <span class='ocrx_word' id='word_1_424' title='bbox 741 5313 930 5370; x_wconf 91' lang='lat' dir='ltr'><strong>doctor</strong></span> <span class='ocrx_word' id='word_1_425' title='bbox 959 5325 1162 5371; x_wconf 87' lang='lat' dir='ltr'><strong>tantum</strong></span> <span class='ocrx_word' id='word_1_426' title='bbox 1190 5328 1245 5374; x_wconf 90' lang='lat' dir='ltr'><strong>et</strong></span> <span class='ocrx_word' id='word_1_427' title='bbox 1273 5335 1379 5374; x_wconf 86' lang='lat' dir='ltr'><strong>non</strong></span> <span class='ocrx_word' id='word_1_428' title='bbox 1409 5335 1655 5390; x_wconf 84' lang='lat' dir='ltr'><strong>operum,</strong></span> <span class='ocrx_word' id='word_1_429' title='bbox 1676 5330 1762 5377; x_wconf 86' lang='lat' dir='ltr'><strong>est</strong></span> <span class='ocrx_word' id='word_1_430' title='bbox 1783 5321 2025 5392; x_wconf 74' lang='lat' dir='ltr'><strong>qumdant</strong></span> <span class='ocrx_word' id='word_1_431' title='bbox 2049 5321 2184 5378; x_wconf 89' lang='lat' dir='ltr'><strong>levis</strong></span> 
     </span>
    </p>
   </div>
   <div class='ocr_carea' id='block_1_57' title="bbox 599 5406 2182 5482">
    <p class='ocr_par' dir='ltr' id='par_1_57' title="bbox 599 5406 2182 5482">
     <span class='ocr_line' id='line_1_57' title="bbox 599 5406 2182 5482; baseline 0.006 -23"><span class='ocrx_word' id='word_1_432' title='bbox 599 5407 808 5460; x_wconf 88' lang='lat' dir='ltr'><strong>aurium</strong></span> <span class='ocrx_word' id='word_1_433' title='bbox 852 5406 1090 5476; x_wconf 73' lang='lat' dir='ltr'><strong>inﬂatio,</strong></span> <span class='ocrx_word' id='word_1_434' title='bbox 1122 5419 1176 5466; x_wconf 90' lang='lat' dir='ltr'><strong>et</strong></span> <span class='ocrx_word' id='word_1_435' title='bbox 1202 5413 1444 5469; x_wconf 88' lang='lat' dir='ltr'><strong>veritatis</strong></span> <span class='ocrx_word' id='word_1_436' title='bbox 1487 5411 1665 5468; x_wconf 92' lang='lat' dir='ltr'><strong>fumus</strong></span> <span class='ocrx_word' id='word_1_437' title='bbox 1685 5455 1700 5482; x_wconf 88' lang='lat'><strong>,</strong></span> <span class='ocrx_word' id='word_1_438' title='bbox 1728 5413 1834 5468; x_wconf 90' lang='lat' dir='ltr'><strong>cito</strong></span> <span class='ocrx_word' id='word_1_439' title='bbox 1861 5413 1980 5469; x_wconf 82' lang='lat' dir='ltr'><strong>sine</strong></span> <span class='ocrx_word' id='word_1_440' title='bbox 2007 5413 2182 5469; x_wconf 89' lang='lat' dir='ltr'><strong>fructu</strong></span> 
     </span>
    </p>
   </div>
   <div class='ocr_carea' id='block_1_58' title="bbox 651 5579 2180 5650">
    <p class='ocr_par' dir='ltr' id='par_1_58' title="bbox 651 5579 2180 5650">
     <span class='ocr_line' id='line_1_58' title="bbox 651 5579 2180 5650; baseline 0.005 -21"><span class='ocrx_word' id='word_1_441' title='bbox 651 5581 726 5642; x_wconf 85' lang='lat' dir='ltr'><strong>(a)</strong></span> <span class='ocrx_word' id='word_1_442' title='bbox 762 5579 1038 5650; x_wconf 81' lang='lat' dir='ltr'><strong>Gregorius</strong></span> <span class='ocrx_word' id='word_1_443' title='bbox 1053 5581 1231 5650; x_wconf 63' lang='lat' dir='ltr'><strong>item“.</strong></span> <span class='ocrx_word' id='word_1_444' title='bbox 1251 5584 1357 5650; x_wconf 73' lang='grc' dir='ltr'><strong>ΧΠ.</strong></span> <span class='ocrx_word' id='word_1_445' title='bbox 1385 5588 1431 5634; x_wconf 94' lang='lat' dir='ltr'><strong>in</strong></span> <span class='ocrx_word' id='word_1_446' title='bbox 1462 5585 1628 5650; x_wconf 78' lang='lat' dir='ltr'><strong>Matth.</strong></span> <span class='ocrx_word' id='word_1_447' title='bbox 1661 5590 1719 5633; x_wconf 71' lang='grc' dir='ltr'><strong>τί</strong></span> <span class='ocrx_word' id='word_1_448' title='bbox 1745 5583 1866 5634; x_wconf 77' lang='lat' dir='ltr'><strong>bona</strong></span> <span class='ocrx_word' id='word_1_449' title='bbox 1888 5598 1998 5650; x_wconf 74' lang='lat' dir='ltr'><strong>ante</strong></span> <span class='ocrx_word' id='word_1_450' title='bbox 2019 5585 2180 5650; x_wconf 68' lang='lat' dir='ltr'><strong>agitis,</strong></span> 
     </span>
    </p>
   </div>
   <div class='ocr_carea' id='block_1_59' title="bbox 585 5643 2184 5712">
    <p class='ocr_par' dir='ltr' id='par_1_59' title="bbox 585 5643 2184 5712">
     <span class='ocr_line' id='line_1_59' title="bbox 585 5643 2184 5712; baseline 0.005 -21"><span class='ocrx_word' id='word_1_451' title='bbox 585 5655 699 5712; x_wconf 75' lang='lat' dir='ltr'><strong>eum</strong></span> <span class='ocrx_word' id='word_1_452' title='bbox 723 5651 900 5712; x_wconf 64' lang='lat' dir='ltr'><strong>magna</strong></span> <span class='ocrx_word' id='word_1_453' title='bbox 930 5643 1117 5712; x_wconf 70' lang='lat' dir='ltr'><strong>cautela</strong></span> <span class='ocrx_word' id='word_1_454' title='bbox 1133 5645 1329 5712; x_wconf 63' lang='lat' dir='ltr'><strong>teneatis</strong></span> <span class='ocrx_word' id='word_1_455' title='bbox 1351 5659 1369 5695; x_wconf 94' lang='lat'><strong>:</strong></span> <span class='ocrx_word' id='word_1_456' title='bbox 1387 5648 1518 5709; x_wconf 87' lang='lat' dir='ltr'><strong>quod</strong></span> <span class='ocrx_word' id='word_1_457' title='bbox 1544 5652 1843 5712; x_wconf 78' lang='lat' dir='ltr'><strong>postremum</strong></span> <span class='ocrx_word' id='word_1_458' title='bbox 1875 5643 2079 5698; x_wconf 70' lang='lat' dir='ltr'><strong>verme</strong></span> <span class='ocrx_word' id='word_1_459' title='bbox 2104 5643 2184 5700; x_wconf 71' lang='lat' dir='ltr'><strong>Vi-</strong></span> 
     </span>
    </p>
   </div>
   <div class='ocr_carea' id='block_1_60' title="bbox 585 5703 1747 5768">
    <p class='ocr_par' dir='ltr' id='par_1_60' title="bbox 585 5703 1747 5768">
     <span class='ocr_line' id='line_1_60' title="bbox 585 5703 1747 5768; baseline 0 -16"><span class='ocrx_word' id='word_1_460' title='bbox 585 5704 732 5756; x_wconf 82' lang='lat' dir='ltr'><strong>detur</strong></span> <span class='ocrx_word' id='word_1_461' title='bbox 756 5703 870 5755; x_wconf 76' lang='lat' dir='ltr'><strong>heic</strong></span> <span class='ocrx_word' id='word_1_462' title='bbox 893 5705 1038 5756; x_wconf 82' lang='lat' dir='ltr'><strong>etiam</strong></span> <span class='ocrx_word' id='word_1_463' title='bbox 1061 5718 1135 5764; x_wconf 73' lang='grc' dir='ltr'>ι’(ιι</span> <span class='ocrx_word' id='word_1_464' title='bbox 1151 5706 1392 5756; x_wconf 74' lang='lat' dir='ltr'><strong>oneudutn</strong></span> <span class='ocrx_word' id='word_1_465' title='bbox 1407 5703 1509 5768; x_wconf 70' lang='grc' dir='ltr'>ἰιτυ</span> <span class='ocrx_word' id='word_1_466' title='bbox 1527 5703 1747 5755; x_wconf 73' lang='lat' dir='ltr'><strong>timentis.</strong></span> 
     </span>
    </p>
   </div>
   <div class='ocr_carea' id='block_1_61' title="bbox 1678 241 2866 317">
    <p class='ocr_par' dir='ltr' id='par_1_61' title="bbox 1678 241 2866 317">
     <span class='ocr_line' id='line_1_61' title="bbox 1678 241 2866 317; baseline -0.009 -7"><span class='ocrx_word' id='word_1_467' title='bbox 1678 250 2030 317; x_wconf 78' lang='lat' dir='ltr'><strong>EUSEBIUS,</strong></span> <span class='ocrx_word' id='word_1_468' title='bbox 2070 247 2160 304; x_wconf 83' lang='lat' dir='ltr'><strong>DE</strong></span> <span class='ocrx_word' id='word_1_469' title='bbox 2200 241 2434 301; x_wconf 80' lang='lat' dir='ltr'><strong>MORTE</strong></span> <span class='ocrx_word' id='word_1_470' title='bbox 2471 244 2866 302; x_wconf 70' lang='lat' dir='ltr'><strong>HIERONYMI.</strong></span> 
     </span>
    </p>
   </div>
   <div class='ocr_carea' id='block_1_62' title="bbox 3767 245 3874 305">
    <p class='ocr_par' dir='ltr' id='par_1_62' title="bbox 3767 245 3874 305">
     <span class='ocr_line' id='line_1_62' title="bbox 3767 245 3874 305; baseline 0.028 -3"><span class='ocrx_word' id='word_1_471' title='bbox 3767 245 3874 305; x_wconf 67' lang='grc'><strong>248</strong></span> 
     </span>
    </p>
   </div>
   <div class='ocr_carea' id='block_1_63' title="bbox 2299 357 3869 432">
    <p class='ocr_par' dir='ltr' id='par_1_63' title="bbox 2299 357 3869 432">
     <span class='ocr_line' id='line_1_63' title="bbox 2299 357 3869 432; baseline 0 -18"><span class='ocrx_word' id='word_1_472' title='bbox 2299 359 2683 432; x_wconf 86' lang='lat' dir='ltr'><strong>pertransiens.</strong></span> <span class='ocrx_word' id='word_1_473' title='bbox 2707 357 3008 429; x_wconf 89' lang='lat' dir='ltr'><strong>lutelligite,</strong></span> <span class='ocrx_word' id='word_1_474' title='bbox 3029 357 3244 428; x_wconf 86' lang='lat' dir='ltr'><strong>fratres,</strong></span> <span class='ocrx_word' id='word_1_475' title='bbox 3266 357 3549 432; x_wconf 83' lang='lat' dir='ltr'><strong>intelligite</strong></span> <span class='ocrx_word' id='word_1_476' title='bbox 3573 373 3695 432; x_wconf 77' lang='lat' dir='ltr'><strong>qnze</strong></span> <span class='ocrx_word' id='word_1_477' title='bbox 3714 361 3869 418; x_wconf 89' lang='lat' dir='ltr'><strong>dico:</strong></span> 
     </span>
    </p>
   </div>
   <div class='ocr_carea' id='block_1_64' title="bbox 2290 449 3871 527">
    <p class='ocr_par' dir='ltr' id='par_1_64' title="bbox 2290 449 3871 527">
     <span class='ocr_line' id='line_1_64' title="bbox 2290 449 3871 527; baseline 0.003 -19"><span class='ocrx_word' id='word_1_478' title='bbox 2290 451 2455 508; x_wconf 78' lang='lat' dir='ltr'><strong>Multo</strong></span> <span class='ocrx_word' id='word_1_479' title='bbox 2481 452 2599 521; x_wconf 88' lang='lat' dir='ltr'><strong>plus</strong></span> <span class='ocrx_word' id='word_1_480' title='bbox 2623 460 2863 506; x_wconf 90' lang='lat' dir='ltr'><strong>meretur</strong></span> <span class='ocrx_word' id='word_1_481' title='bbox 2885 450 2976 520; x_wconf 91' lang='lat' dir='ltr'><strong>qui</strong></span> <span class='ocrx_word' id='word_1_482' title='bbox 3010 451 3136 505; x_wconf 82' lang='lat' dir='ltr'><strong>facit</strong></span> <span class='ocrx_word' id='word_1_483' title='bbox 3174 458 3232 505; x_wconf 90' lang='lat' dir='ltr'><strong>et</strong></span> <span class='ocrx_word' id='word_1_484' title='bbox 3270 449 3560 520; x_wconf 78' lang='lat' dir='ltr'><strong>praedicat,</strong></span> <span class='ocrx_word' id='word_1_485' title='bbox 3587 469 3750 524; x_wconf 88' lang='lat' dir='ltr'><strong>quam</strong></span> <span class='ocrx_word' id='word_1_486' title='bbox 3780 459 3871 527; x_wconf 90' lang='lat' dir='ltr'><strong>qui</strong></span> 
     </span>
    </p>
   </div>
   <div class='ocr_carea' id='block_1_65' title="bbox 2288 541 3870 615">
    <p class='ocr_par' dir='ltr' id='par_1_65' title="bbox 2288 541 3870 615">
     <span class='ocr_line' id='line_1_65' title="bbox 2288 541 3870 615; baseline 0.003 -15"><span class='ocrx_word' id='word_1_487' title='bbox 2288 542 2416 600; x_wconf 88' lang='lat' dir='ltr'><strong>facit</strong></span> <span class='ocrx_word' id='word_1_488' title='bbox 2435 553 2490 598; x_wconf 89' lang='lat' dir='ltr'><strong>et</strong></span> <span class='ocrx_word' id='word_1_489' title='bbox 2516 552 2675 598; x_wconf 90' lang='lat' dir='ltr'><strong>tacet.</strong></span> <span class='ocrx_word' id='word_1_490' title='bbox 2696 542 2752 598; x_wconf 90' lang='lat' dir='ltr'><strong>Si</strong></span> <span class='ocrx_word' id='word_1_491' title='bbox 2772 542 2972 598; x_wconf 90' lang='lat' dir='ltr'><strong>bonum</strong></span> <span class='ocrx_word' id='word_1_492' title='bbox 2993 541 3139 596; x_wconf 89' lang='lat' dir='ltr'><strong>solus</strong></span> <span class='ocrx_word' id='word_1_493' title='bbox 3161 542 3320 608; x_wconf 87' lang='lat' dir='ltr'><strong>facio,</strong></span> <span class='ocrx_word' id='word_1_494' title='bbox 3344 542 3475 597; x_wconf 80' lang='lat' dir='ltr'><strong>mihi</strong></span> <span class='ocrx_word' id='word_1_495' title='bbox 3495 544 3598 599; x_wconf 86' lang='lat' dir='ltr'><strong>soli</strong></span> <span class='ocrx_word' id='word_1_496' title='bbox 3621 560 3870 615; x_wconf 87' lang='lat' dir='ltr'><strong>prosum:</strong></span> 
     </span>
    </p>
   </div>
   <div class='ocr_carea' id='block_1_66' title="bbox 2289 632 3874 706">
    <p class='ocr_par' dir='ltr' id='par_1_66' title="bbox 2289 632 3874 706">
     <span class='ocr_line' id='line_1_66' title="bbox 2289 632 3874 706; baseline 0.004 -17"><span class='ocrx_word' id='word_1_497' title='bbox 2289 635 2383 690; x_wconf 89' lang='lat' dir='ltr'><strong>sed</strong></span> <span class='ocrx_word' id='word_1_498' title='bbox 2409 636 2454 689; x_wconf 90' lang='lat' dir='ltr'><strong>si</strong></span> <span class='ocrx_word' id='word_1_499' title='bbox 2483 634 2778 703; x_wconf 71' lang='lat' dir='ltr'><strong>praedicans</strong></span> <span class='ocrx_word' id='word_1_500' title='bbox 2807 633 2973 700; x_wconf 71' lang='lat' dir='ltr'><strong>facio,</strong></span> <span class='ocrx_word' id='word_1_501' title='bbox 2989 641 3046 688; x_wconf 88' lang='lat' dir='ltr'><strong>et</strong></span> <span class='ocrx_word' id='word_1_502' title='bbox 3068 632 3200 688; x_wconf 88' lang='lat' dir='ltr'><strong>mihi</strong></span> <span class='ocrx_word' id='word_1_503' title='bbox 3224 642 3279 688; x_wconf 91' lang='lat' dir='ltr'><strong>et</strong></span> <span class='ocrx_word' id='word_1_504' title='bbox 3306 634 3424 690; x_wconf 89' lang='lat' dir='ltr'><strong>aliis</strong></span> <span class='ocrx_word' id='word_1_505' title='bbox 3457 651 3700 706; x_wconf 89' lang='lat' dir='ltr'><strong>prosum.</strong></span> <span class='ocrx_word' id='word_1_506' title='bbox 3726 639 3874 696; x_wconf 80' lang='lat' dir='ltr'><strong>Unde</strong></span> 
     </span>
    </p>
   </div>
   <div class='ocr_carea' id='block_1_67' title="bbox 2288 723 3877 798">
    <p class='ocr_par' dir='ltr' id='par_1_67' title="bbox 2288 723 3877 798">
     <span class='ocr_line' id='line_1_67' title="bbox 2288 723 3877 798; baseline 0.006 -20"><span class='ocrx_word' id='word_1_507' title='bbox 2288 727 2377 793; x_wconf 80' lang='lat' dir='ltr'><strong>qui</strong></span> <span class='ocrx_word' id='word_1_508' title='bbox 2399 724 2467 778; x_wconf 84' lang='lat' dir='ltr'><strong>ad</strong></span> <span class='ocrx_word' id='word_1_509' title='bbox 2485 725 2744 794; x_wconf 76' lang='lat' dir='ltr'><strong>justitiam</strong></span> <span class='ocrx_word' id='word_1_510' title='bbox 2779 723 3016 778; x_wconf 80' lang='lat' dir='ltr'><strong>erudiunt</strong></span> <span class='ocrx_word' id='word_1_511' title='bbox 3046 724 3294 794; x_wconf 81' lang='lat' dir='ltr'><strong>plurimos</strong></span> <span class='ocrx_word' id='word_1_512' title='bbox 3312 766 3329 792; x_wconf 93' lang='lat'><strong>,</strong></span> <span class='ocrx_word' id='word_1_513' title='bbox 3359 737 3507 780; x_wconf 81' lang='lat' dir='ltr'><strong>erant</strong></span> <span class='ocrx_word' id='word_1_514' title='bbox 3536 730 3685 798; x_wconf 82' lang='lat' dir='ltr'><strong>quasi</strong></span> <span class='ocrx_word' id='word_1_515' title='bbox 3713 733 3877 787; x_wconf 73' lang='lat' dir='ltr'><strong>stella:</strong></span> 
     </span>
    </p>
   </div>
   <div class='ocr_carea' id='block_1_68' title="bbox 2288 814 3875 888">
    <p class='ocr_par' dir='ltr' id='par_1_68' title="bbox 2288 814 3875 888">
     <span class='ocr_line' id='line_1_68' title="bbox 2288 814 3875 888; baseline 0.004 -18"><span class='ocrx_word' id='word_1_516' title='bbox 2288 815 2343 870; x_wconf 82' lang='lat' dir='ltr'><strong>in</strong></span> <span class='ocrx_word' id='word_1_517' title='bbox 2371 825 2645 886; x_wconf 74' lang='lat' dir='ltr'><strong>perpetuas</strong></span> <span class='ocrx_word' id='word_1_518' title='bbox 2665 816 2991 870; x_wconf 64' lang='lat' dir='ltr'><strong>mternitates.</strong></span> <span class='ocrx_word' id='word_1_519' title='bbox 3018 814 3155 872; x_wconf 91' lang='lat' dir='ltr'><strong>Sunt</strong></span> <span class='ocrx_word' id='word_1_520' title='bbox 3179 816 3325 871; x_wconf 88' lang='lat' dir='ltr'><strong>enim</strong></span> <span class='ocrx_word' id='word_1_521' title='bbox 3348 818 3520 873; x_wconf 89' lang='lat' dir='ltr'><strong>sancti</strong></span> <span class='ocrx_word' id='word_1_522' title='bbox 3553 819 3875 888; x_wconf 69' lang='lat' dir='ltr'><strong>praedicato-</strong></span> 
     </span>
    </p>
   </div>
   <div class='ocr_carea' id='block_1_69' title="bbox 2290 909 3874 980">
    <p class='ocr_par' dir='ltr' id='par_1_69' title="bbox 2290 909 3874 980">
     <span class='ocr_line' id='line_1_69' title="bbox 2290 909 3874 980; baseline 0.004 -15"><span class='ocrx_word' id='word_1_523' title='bbox 2290 924 2378 966; x_wconf 90' lang='lat' dir='ltr'><strong>res</strong></span> <span class='ocrx_word' id='word_1_524' title='bbox 2401 910 2492 965; x_wconf 75' lang='lat' dir='ltr'><strong>lux</strong></span> <span class='ocrx_word' id='word_1_525' title='bbox 2520 909 2588 964; x_wconf 86' lang='lat' dir='ltr'><strong>ad</strong></span> <span class='ocrx_word' id='word_1_526' title='bbox 2614 909 3018 964; x_wconf 77' lang='lat' dir='ltr'><strong>illuminandnm</strong></span> <span class='ocrx_word' id='word_1_527' title='bbox 3042 925 3057 963; x_wconf 91' lang='lat'><strong>:</strong></span> <span class='ocrx_word' id='word_1_528' title='bbox 3081 910 3207 980; x_wconf 90' lang='lat' dir='ltr'><strong>quia</strong></span> <span class='ocrx_word' id='word_1_529' title='bbox 3234 924 3331 980; x_wconf 90' lang='lat' dir='ltr'><strong>per</strong></span> <span class='ocrx_word' id='word_1_530' title='bbox 3354 925 3540 966; x_wconf 89' lang='lat' dir='ltr'><strong>eorum</strong></span> <span class='ocrx_word' id='word_1_531' title='bbox 3569 913 3874 971; x_wconf 88' lang='lat' dir='ltr'><strong>doctrinam</strong></span> 
     </span>
    </p>
   </div>
   <div class='ocr_carea' id='block_1_70' title="bbox 2289 1000 3875 1071">
    <p class='ocr_par' dir='ltr' id='par_1_70' title="bbox 2289 1000 3875 1071">
     <span class='ocr_line' id='line_1_70' title="bbox 2289 1000 3875 1071; baseline 0.006 -16"><span class='ocrx_word' id='word_1_532' title='bbox 2289 1000 2450 1055; x_wconf 90' lang='lat' dir='ltr'><strong>corda</strong></span> <span class='ocrx_word' id='word_1_533' title='bbox 2479 1000 2763 1071; x_wconf 89' lang='lat' dir='ltr'><strong>caligantia</strong></span> <span class='ocrx_word' id='word_1_534' title='bbox 2789 1009 2844 1056; x_wconf 91' lang='lat' dir='ltr'><strong>et</strong></span> <span class='ocrx_word' id='word_1_535' title='bbox 2869 1015 3011 1056; x_wconf 66' lang='lat' dir='ltr'><strong>caeca</strong></span> <span class='ocrx_word' id='word_1_536' title='bbox 3041 1001 3184 1056; x_wconf 87' lang='lat' dir='ltr'><strong>nube</strong></span> <span class='ocrx_word' id='word_1_537' title='bbox 3204 1003 3429 1070; x_wconf 79' lang='lat' dir='ltr'><strong>peccati,</strong></span> <span class='ocrx_word' id='word_1_538' title='bbox 3451 1018 3482 1057; x_wconf 90' lang='lat' dir='ltr'><strong>a</strong></span> <span class='ocrx_word' id='word_1_539' title='bbox 3503 1003 3718 1061; x_wconf 86' lang='lat' dir='ltr'><strong>Christo</strong></span> <span class='ocrx_word' id='word_1_540' title='bbox 3738 1022 3875 1064; x_wconf 90' lang='lat' dir='ltr'><strong>vero</strong></span> 
     </span>
    </p>
   </div>
   <div class='ocr_carea' id='block_1_71' title="bbox 2292 1090 3872 1161">
    <p class='ocr_par' dir='ltr' id='par_1_71' title="bbox 2292 1090 3872 1161">
     <span class='ocr_line' id='line_1_71' title="bbox 2292 1090 3872 1161; baseline 0.007 -17"><span class='ocrx_word' id='word_1_541' title='bbox 2292 1090 2495 1145; x_wconf 90' lang='lat' dir='ltr'><strong>lumine</strong></span> <span class='ocrx_word' id='word_1_542' title='bbox 2521 1091 2612 1161; x_wconf 91' lang='lat' dir='ltr'><strong>qui</strong></span> <span class='ocrx_word' id='word_1_543' title='bbox 2638 1091 2784 1146; x_wconf 86' lang='lat' dir='ltr'><strong>lucet</strong></span> <span class='ocrx_word' id='word_1_544' title='bbox 2809 1091 2864 1144; x_wconf 92' lang='lat' dir='ltr'><strong>in</strong></span> <span class='ocrx_word' id='word_1_545' title='bbox 2895 1090 3130 1146; x_wconf 81' lang='lat' dir='ltr'><strong>tenebris</strong></span> <span class='ocrx_word' id='word_1_546' title='bbox 3149 1129 3168 1156; x_wconf 94' lang='lat'><strong>,</strong></span> <span class='ocrx_word' id='word_1_547' title='bbox 3195 1090 3585 1149; x_wconf 89' lang='lat' dir='ltr'><strong>illuminantnr.</strong></span> <span class='ocrx_word' id='word_1_548' title='bbox 3630 1095 3769 1152; x_wconf 88' lang='lat' dir='ltr'><strong>Sunt</strong></span> <span class='ocrx_word' id='word_1_549' title='bbox 3796 1099 3872 1156; x_wconf 89' lang='lat' dir='ltr'><strong>sal</strong></span> 
     </span>
    </p>
   </div>
   <div class='ocr_carea' id='block_1_72' title="bbox 2291 1183 3876 1256">
    <p class='ocr_par' dir='ltr' id='par_1_72' title="bbox 2291 1183 3876 1256">
     <span class='ocr_line' id='line_1_72' title="bbox 2291 1183 3876 1256; baseline 0.006 -19"><span class='ocrx_word' id='word_1_550' title='bbox 2291 1184 2452 1238; x_wconf 90' lang='lat' dir='ltr'><strong>etiam</strong></span> <span class='ocrx_word' id='word_1_551' title='bbox 2493 1183 2559 1238; x_wconf 88' lang='lat' dir='ltr'><strong>ad</strong></span> <span class='ocrx_word' id='word_1_552' title='bbox 2605 1183 2963 1239; x_wconf 89' lang='lat' dir='ltr'><strong>condiendum</strong></span> <span class='ocrx_word' id='word_1_553' title='bbox 3006 1183 3234 1239; x_wconf 82' lang='lat' dir='ltr'><strong>verbum</strong></span> <span class='ocrx_word' id='word_1_554' title='bbox 3279 1185 3580 1256; x_wconf 87' lang='lat' dir='ltr'><strong>Dei,quod</strong></span> <span class='ocrx_word' id='word_1_555' title='bbox 3609 1187 3765 1245; x_wconf 89' lang='lat' dir='ltr'><strong>cibus</strong></span> <span class='ocrx_word' id='word_1_556' title='bbox 3790 1198 3876 1246; x_wconf 87' lang='lat' dir='ltr'><strong>est</strong></span> 
     </span>
    </p>
   </div>
   <div class='ocr_carea' id='block_1_73' title="bbox 2289 1275 3875 1352">
    <p class='ocr_par' dir='ltr' id='par_1_73' title="bbox 2289 1275 3875 1352">
     <span class='ocr_line' id='line_1_73' title="bbox 2289 1275 3875 1352; baseline 0.004 -22"><span class='ocrx_word' id='word_1_557' title='bbox 2289 1277 2484 1331; x_wconf 70' lang='lat' dir='ltr'><strong>anima:</strong></span> <span class='ocrx_word' id='word_1_558' title='bbox 2535 1275 2788 1346; x_wconf 87' lang='lat' dir='ltr'><strong>operibus</strong></span> <span class='ocrx_word' id='word_1_559' title='bbox 2845 1277 3020 1332; x_wconf 90' lang='lat' dir='ltr'><strong>bonis.</strong></span> <span class='ocrx_word' id='word_1_560' title='bbox 3065 1276 3296 1333; x_wconf 83' lang='lat' dir='ltr'><strong>Cuilibet</strong></span> <span class='ocrx_word' id='word_1_561' title='bbox 3341 1278 3530 1334; x_wconf 85' lang='lat' dir='ltr'><strong>scienti</strong></span> <span class='ocrx_word' id='word_1_562' title='bbox 3577 1280 3875 1352; x_wconf 83' lang='lat' dir='ltr'><strong>injungitur</strong></span> 
     </span>
    </p>
   </div>
   <div class='ocr_carea' id='block_1_74' title="bbox 2289 1354 3870 1442">
    <p class='ocr_par' dir='ltr' id='par_1_74' title="bbox 2289 1354 3870 1442">
     <span class='ocr_line' id='line_1_74' title="bbox 2289 1354 3870 1442; baseline 0.004 -20"><span class='ocrx_word' id='word_1_563' title='bbox 2289 1365 2684 1438; x_wconf 61' lang='lat' dir='ltr'><strong>pradicationis</strong></span> <span class='ocrx_word' id='word_1_564' title='bbox 2704 1366 2962 1435; x_wconf 86' lang='lat' dir='ltr'><strong>officium,</strong></span> <span class='ocrx_word' id='word_1_565' title='bbox 2983 1367 3274 1424; x_wconf 88' lang='lat' dir='ltr'><strong>dummodo</strong></span> <span class='ocrx_word' id='word_1_566' title='bbox 3299 1354 3478 1436; x_wconf 81' lang='lat' dir='ltr'><strong>faciat,</strong></span> <span class='ocrx_word' id='word_1_567' title='bbox 3508 1370 3639 1437; x_wconf 92' lang='lat' dir='ltr'><strong>imo,</strong></span> <span class='ocrx_word' id='word_1_568' title='bbox 3665 1383 3723 1426; x_wconf 93' lang='lat' dir='ltr'><strong>ut</strong></span> <span class='ocrx_word' id='word_1_569' title='bbox 3749 1373 3870 1442; x_wconf 89' lang='lat' dir='ltr'><strong>plus</strong></span> 
     </span>
    </p>
   </div>
   <div class='ocr_carea' id='block_1_75' title="bbox 2289 1459 3870 1534">
    <p class='ocr_par' dir='ltr' id='par_1_75' title="bbox 2289 1459 3870 1534">
     <span class='ocr_line' id='line_1_75' title="bbox 2289 1459 3870 1534; baseline 0.004 -19"><span class='ocrx_word' id='word_1_570' title='bbox 2289 1459 2462 1516; x_wconf 90' lang='lat' dir='ltr'><strong>dicam</strong></span> <span class='ocrx_word' id='word_1_571' title='bbox 2487 1478 2501 1515; x_wconf 89' lang='lat'><strong>:</strong></span> <span class='ocrx_word' id='word_1_572' title='bbox 2525 1460 2625 1530; x_wconf 90' lang='lat' dir='ltr'><strong>Qui</strong></span> <span class='ocrx_word' id='word_1_573' title='bbox 2655 1461 2756 1516; x_wconf 89' lang='lat' dir='ltr'><strong>scit</strong></span> <span class='ocrx_word' id='word_1_574' title='bbox 2782 1469 2838 1516; x_wconf 90' lang='lat' dir='ltr'><strong>et</strong></span> <span class='ocrx_word' id='word_1_575' title='bbox 2865 1461 3039 1516; x_wconf 90' lang='lat' dir='ltr'><strong>solum</strong></span> <span class='ocrx_word' id='word_1_576' title='bbox 3065 1461 3225 1529; x_wconf 90' lang='lat' dir='ltr'><strong>facit,</strong></span> <span class='ocrx_word' id='word_1_577' title='bbox 3251 1471 3303 1516; x_wconf 91' lang='lat' dir='ltr'><strong>et</strong></span> <span class='ocrx_word' id='word_1_578' title='bbox 3343 1463 3481 1518; x_wconf 92' lang='lat' dir='ltr'><strong>alios</strong></span> <span class='ocrx_word' id='word_1_579' title='bbox 3523 1480 3628 1519; x_wconf 90' lang='lat' dir='ltr'><strong>non</strong></span> <span class='ocrx_word' id='word_1_580' title='bbox 3669 1465 3870 1534; x_wconf 87' lang='lat' dir='ltr'><strong>docet,</strong></span> 
     </span>
    </p>
   </div>
   <div class='ocr_carea' id='block_1_76' title="bbox 2290 1552 3878 1628">
    <p class='ocr_par' dir='ltr' id='par_1_76' title="bbox 2290 1552 3878 1628">
     <span class='ocr_line' id='line_1_76' title="bbox 2290 1552 3878 1628; baseline 0.003 -20"><span class='ocrx_word' id='word_1_581' title='bbox 2290 1552 2560 1608; x_wconf 89' lang='lat' dir='ltr'><strong>tenebitur</strong></span> <span class='ocrx_word' id='word_1_582' title='bbox 2585 1553 2814 1607; x_wconf 89' lang='lat' dir='ltr'><strong>Domino</strong></span> <span class='ocrx_word' id='word_1_583' title='bbox 2835 1552 3064 1608; x_wconf 87' lang='lat' dir='ltr'><strong>reddere</strong></span> <span class='ocrx_word' id='word_1_584' title='bbox 3091 1553 3374 1609; x_wconf 90' lang='lat' dir='ltr'><strong>rationem.</strong></span> <span class='ocrx_word' id='word_1_585' title='bbox 3403 1553 3538 1610; x_wconf 91' lang='lat' dir='ltr'><strong>Cum</strong></span> <span class='ocrx_word' id='word_1_586' title='bbox 3560 1555 3703 1612; x_wconf 91' lang='lat' dir='ltr'><strong>enim</strong></span> <span class='ocrx_word' id='word_1_587' title='bbox 3719 1556 3878 1628; x_wconf 80' lang='lat' dir='ltr'><strong>juxta</strong></span> 
     </span>
    </p>
   </div>
   <div class='ocr_carea' id='block_1_77' title="bbox 2291 1644 3876 1714">
    <p class='ocr_par' dir='ltr' id='par_1_77' title="bbox 2291 1644 3876 1714">
     <span class='ocr_line' id='line_1_77' title="bbox 2291 1644 3876 1714; baseline 0.004 -14"><span class='ocrx_word' id='word_1_588' title='bbox 2291 1644 2606 1714; x_wconf 79' lang='lat' dir='ltr'><strong>Apostolum</strong></span> <span class='ocrx_word' id='word_1_589' title='bbox 2634 1645 2898 1700; x_wconf 80' lang='lat' dir='ltr'><strong>Joannem</strong></span> <span class='ocrx_word' id='word_1_590' title='bbox 2921 1661 2938 1700; x_wconf 89' lang='lat'><strong>:</strong></span> <span class='ocrx_word' id='word_1_591' title='bbox 2961 1645 3062 1713; x_wconf 87' lang='lat' dir='ltr'><strong>Qui</strong></span> <span class='ocrx_word' id='word_1_592' title='bbox 3091 1644 3203 1700; x_wconf 90' lang='lat' dir='ltr'><strong>odit</strong></span> <span class='ocrx_word' id='word_1_593' title='bbox 3232 1645 3452 1702; x_wconf 88' lang='lat' dir='ltr'><strong>fratrem</strong></span> <span class='ocrx_word' id='word_1_594' title='bbox 3480 1662 3667 1713; x_wconf 90' lang='lat' dir='ltr'><strong>suum,</strong></span> <span class='ocrx_word' id='word_1_595' title='bbox 3695 1648 3876 1706; x_wconf 87' lang='lat' dir='ltr'><strong>homi-</strong></span> 
     </span>
    </p>
   </div>
   <div class='ocr_carea' id='block_1_78' title="bbox 2292 1735 3876 1809">
    <p class='ocr_par' dir='ltr' id='par_1_78' title="bbox 2292 1735 3876 1809">
     <span class='ocr_line' id='line_1_78' title="bbox 2292 1735 3876 1809; baseline 0.004 -19"><span class='ocrx_word' id='word_1_596' title='bbox 2292 1735 2409 1790; x_wconf 89' lang='lat' dir='ltr'><strong>cida</strong></span> <span class='ocrx_word' id='word_1_597' title='bbox 2435 1737 2506 1791; x_wconf 92' lang='lat' dir='ltr'><strong>sit</strong></span> <span class='ocrx_word' id='word_1_598' title='bbox 2531 1753 2544 1788; x_wconf 95' lang='lat'><strong>:</strong></span> <span class='ocrx_word' id='word_1_599' title='bbox 2575 1743 2667 1802; x_wconf 92' lang='lat' dir='ltr'><strong>et,</strong></span> <span class='ocrx_word' id='word_1_600' title='bbox 2697 1737 2800 1802; x_wconf 89' lang='lat' dir='ltr'><strong>Qui</strong></span> <span class='ocrx_word' id='word_1_601' title='bbox 2829 1736 3078 1792; x_wconf 88' lang='lat' dir='ltr'><strong>habuerit</strong></span> <span class='ocrx_word' id='word_1_602' title='bbox 3100 1736 3452 1794; x_wconf 86' lang='lat' dir='ltr'><strong>substantiam</strong></span> <span class='ocrx_word' id='word_1_603' title='bbox 3480 1739 3638 1809; x_wconf 87' lang='lat' dir='ltr'><strong>hujus</strong></span> <span class='ocrx_word' id='word_1_604' title='bbox 3663 1741 3876 1808; x_wconf 89' lang='lat' dir='ltr'><strong>mundi,</strong></span> 
     </span>
    </p>
   </div>
   <div class='ocr_carea' id='block_1_79' title="bbox 2289 1826 3879 1898">
    <p class='ocr_par' dir='ltr' id='par_1_79' title="bbox 2289 1826 3879 1898">
     <span class='ocr_line' id='line_1_79' title="bbox 2289 1826 3879 1898; baseline 0.004 -16"><span class='ocrx_word' id='word_1_605' title='bbox 2289 1835 2344 1882; x_wconf 90' lang='lat' dir='ltr'><strong>et</strong></span> <span class='ocrx_word' id='word_1_606' title='bbox 2368 1826 2562 1882; x_wconf 88' lang='lat' dir='ltr'><strong>viderit</strong></span> <span class='ocrx_word' id='word_1_607' title='bbox 2593 1826 2813 1882; x_wconf 85' lang='lat' dir='ltr'><strong>fratrem</strong></span> <span class='ocrx_word' id='word_1_608' title='bbox 2837 1843 2994 1882; x_wconf 89' lang='lat' dir='ltr'><strong>suum</strong></span> <span class='ocrx_word' id='word_1_609' title='bbox 3035 1830 3422 1884; x_wconf 84' lang='lat' dir='ltr'><strong>necessitatem</strong></span> <span class='ocrx_word' id='word_1_610' title='bbox 3459 1830 3752 1898; x_wconf 89' lang='lat' dir='ltr'><strong>patientem</strong></span> <span class='ocrx_word' id='word_1_611' title='bbox 3773 1873 3789 1897; x_wconf 93' lang='lat'><strong>,</strong></span> <span class='ocrx_word' id='word_1_612' title='bbox 3823 1842 3879 1888; x_wconf 91' lang='lat' dir='ltr'><strong>et</strong></span> 
     </span>
    </p>
   </div>
   <div class='ocr_carea' id='block_1_80' title="bbox 2290 1917 3877 1989">
    <p class='ocr_par' dir='ltr' id='par_1_80' title="bbox 2290 1917 3877 1989">
     <span class='ocr_line' id='line_1_80' title="bbox 2290 1917 3877 1989; baseline 0.004 -17"><span class='ocrx_word' id='word_1_613' title='bbox 2290 1917 2542 1973; x_wconf 88' lang='lat' dir='ltr'><strong>clauserit</strong></span> <span class='ocrx_word' id='word_1_614' title='bbox 2567 1917 2772 1973; x_wconf 87' lang='lat' dir='ltr'><strong>viscera</strong></span> <span class='ocrx_word' id='word_1_615' title='bbox 2799 1935 2892 1973; x_wconf 87' lang='lat' dir='ltr'><strong>sua</strong></span> <span class='ocrx_word' id='word_1_616' title='bbox 2923 1918 2992 1972; x_wconf 91' lang='lat' dir='ltr'><strong>ab</strong></span> <span class='ocrx_word' id='word_1_617' title='bbox 3019 1919 3146 1986; x_wconf 90' lang='lat' dir='ltr'><strong>illo,</strong></span> <span class='ocrx_word' id='word_1_618' title='bbox 3172 1920 3446 1989; x_wconf 90' lang='lat' dir='ltr'><strong>quomodo</strong></span> <span class='ocrx_word' id='word_1_619' title='bbox 3488 1930 3669 1977; x_wconf 86' lang='lat' dir='ltr'><strong>manet</strong></span> <span class='ocrx_word' id='word_1_620' title='bbox 3710 1922 3766 1978; x_wconf 89' lang='lat' dir='ltr'><strong>in</strong></span> <span class='ocrx_word' id='word_1_621' title='bbox 3808 1939 3877 1980; x_wconf 91' lang='lat' dir='ltr'><strong>eo</strong></span> 
     </span>
    </p>
   </div>
   <div class='ocr_carea' id='block_1_81' title="bbox 2289 2008 3879 2080">
    <p class='ocr_par' dir='ltr' id='par_1_81' title="bbox 2289 2008 3879 2080">
     <span class='ocr_line' id='line_1_81' title="bbox 2289 2008 3879 2080; baseline 0.004 -17"><span class='ocrx_word' id='word_1_622' title='bbox 2289 2008 2486 2064; x_wconf 89' lang='lat' dir='ltr'><strong>caritas</strong></span> <span class='ocrx_word' id='word_1_623' title='bbox 2516 2009 2607 2064; x_wconf 90' lang='lat' dir='ltr'><strong>Dei</strong></span> <span class='ocrx_word' id='word_1_624' title='bbox 2633 2026 2646 2062; x_wconf 91' lang='lat'><strong>:</strong></span> <span class='ocrx_word' id='word_1_625' title='bbox 2669 2019 2872 2080; x_wconf 88' lang='lat' dir='ltr'><strong>quanto</strong></span> <span class='ocrx_word' id='word_1_626' title='bbox 2913 2010 3081 2078; x_wconf 90' lang='lat' dir='ltr'><strong>magis</strong></span> <span class='ocrx_word' id='word_1_627' title='bbox 3123 2009 3216 2078; x_wconf 90' lang='lat' dir='ltr'><strong>qui</strong></span> <span class='ocrx_word' id='word_1_628' title='bbox 3243 2008 3433 2065; x_wconf 90' lang='lat' dir='ltr'><strong>viderit</strong></span> <span class='ocrx_word' id='word_1_629' title='bbox 3471 2013 3688 2067; x_wconf 87' lang='lat' dir='ltr'><strong>fratrem</strong></span> <span class='ocrx_word' id='word_1_630' title='bbox 3715 2028 3879 2069; x_wconf 87' lang='lat' dir='ltr'><strong>suum</strong></span> 
     </span>
    </p>
   </div>
   <div class='ocr_carea' id='block_1_82' title="bbox 2289 2099 3882 2170">
    <p class='ocr_par' dir='ltr' id='par_1_82' title="bbox 2289 2099 3882 2170">
     <span class='ocr_line' id='line_1_82' title="bbox 2289 2099 3882 2170; baseline 0.005 -18"><span class='ocrx_word' id='word_1_631' title='bbox 2289 2107 2595 2165; x_wconf 86' lang='lat' dir='ltr'><strong>errantem,</strong></span> <span class='ocrx_word' id='word_1_632' title='bbox 2635 2107 2691 2154; x_wconf 90' lang='lat' dir='ltr'><strong>et</strong></span> <span class='ocrx_word' id='word_1_633' title='bbox 2735 2099 3048 2154; x_wconf 88' lang='lat' dir='ltr'><strong>mortalibus</strong></span> <span class='ocrx_word' id='word_1_634' title='bbox 3076 2114 3396 2170; x_wconf 89' lang='lat' dir='ltr'><strong>oppressum</strong></span> <span class='ocrx_word' id='word_1_635' title='bbox 3424 2101 3738 2158; x_wconf 90' lang='lat' dir='ltr'><strong>criminibus</strong></span> <span class='ocrx_word' id='word_1_636' title='bbox 3761 2143 3780 2169; x_wconf 93' lang='lat'><strong>,</strong></span> <span class='ocrx_word' id='word_1_637' title='bbox 3824 2115 3882 2160; x_wconf 89' lang='lat' dir='ltr'><strong>et</strong></span> 
     </span>
    </p>
   </div>
   <div class='ocr_carea' id='block_1_83' title="bbox 2291 2191 3884 2264">
    <p class='ocr_par' dir='ltr' id='par_1_83' title="bbox 2291 2191 3884 2264">
     <span class='ocr_line' id='line_1_83' title="bbox 2291 2191 3884 2264; baseline 0.006 -21"><span class='ocrx_word' id='word_1_638' title='bbox 2291 2205 2398 2243; x_wconf 92' lang='lat' dir='ltr'><strong>non</strong></span> <span class='ocrx_word' id='word_1_639' title='bbox 2422 2191 2801 2246; x_wconf 88' lang='lat' dir='ltr'><strong>ministraverit</strong></span> <span class='ocrx_word' id='word_1_640' title='bbox 2821 2191 2870 2246; x_wconf 93' lang='lat' dir='ltr'><strong>ei</strong></span> <span class='ocrx_word' id='word_1_641' title='bbox 2895 2191 3117 2246; x_wconf 90' lang='lat' dir='ltr'><strong>verbum</strong></span> <span class='ocrx_word' id='word_1_642' title='bbox 3141 2191 3434 2247; x_wconf 73' lang='lat' dir='ltr'><strong>doctrinm:</strong></span> <span class='ocrx_word' id='word_1_643' title='bbox 3463 2193 3552 2248; x_wconf 89' lang='lat' dir='ltr'><strong>ille</strong></span> <span class='ocrx_word' id='word_1_644' title='bbox 3571 2194 3662 2264; x_wconf 89' lang='lat' dir='ltr'><strong>qui</strong></span> <span class='ocrx_word' id='word_1_645' title='bbox 3681 2193 3884 2252; x_wconf 86' lang='lat' dir='ltr'><strong>doctus</strong></span> 
     </span>
    </p>
   </div>
   <div class='ocr_carea' id='block_1_84' title="bbox 2289 2281 3306 2347">
    <p class='ocr_par' dir='ltr' id='par_1_84' title="bbox 2289 2281 3306 2347">
     <span class='ocr_line' id='line_1_84' title="bbox 2289 2281 3306 2347; baseline -0.001 -10"><span class='ocrx_word' id='word_1_646' title='bbox 2289 2291 2392 2347; x_wconf 87' lang='lat' dir='ltr'><strong>est,</strong></span> <span class='ocrx_word' id='word_1_647' title='bbox 2421 2281 2689 2337; x_wconf 88' lang='lat' dir='ltr'><strong>homicida</strong></span> <span class='ocrx_word' id='word_1_648' title='bbox 2715 2293 2770 2337; x_wconf 89' lang='lat' dir='ltr'><strong>et</strong></span> <span class='ocrx_word' id='word_1_649' title='bbox 2794 2285 2913 2338; x_wconf 86' lang='lat' dir='ltr'><strong>sine</strong></span> <span class='ocrx_word' id='word_1_650' title='bbox 2939 2285 3162 2340; x_wconf 88' lang='lat' dir='ltr'><strong>caritate</strong></span> <span class='ocrx_word' id='word_1_651' title='bbox 3184 2284 3306 2340; x_wconf 78' lang='lat' dir='ltr'><strong>est?</strong></span> 
     </span>
    </p>
   </div>
   <div class='ocr_carea' id='block_1_85' title="bbox 2360 2374 3876 2451">
    <p class='ocr_par' dir='ltr' id='par_1_85' title="bbox 2360 2374 3876 2451">
     <span class='ocr_line' id='line_1_85' title="bbox 2360 2374 3876 2451; baseline 0.004 -22"><span class='ocrx_word' id='word_1_652' title='bbox 2360 2374 2492 2429; x_wconf 70' lang='lat' dir='ltr'><strong>Cn.</strong></span> <span class='ocrx_word' id='word_1_653' title='bbox 2525 2374 2666 2429; x_wconf 82' lang='lat' dir='ltr'><strong>XVI.</strong></span> <span class='ocrx_word' id='word_1_654' title='bbox 2707 2374 2984 2440; x_wconf 85' lang='lat' dir='ltr'><strong>Timeatis,</strong></span> <span class='ocrx_word' id='word_1_655' title='bbox 3011 2391 3046 2430; x_wconf 92' lang='lat' dir='ltr'><strong>o</strong></span> <span class='ocrx_word' id='word_1_656' title='bbox 3072 2376 3345 2445; x_wconf 89' lang='lat' dir='ltr'><strong>doctores,</strong></span> <span class='ocrx_word' id='word_1_657' title='bbox 3375 2386 3430 2433; x_wconf 91' lang='lat' dir='ltr'><strong>et</strong></span> <span class='ocrx_word' id='word_1_658' title='bbox 3461 2386 3720 2444; x_wconf 89' lang='lat' dir='ltr'><strong>rectores,</strong></span> <span class='ocrx_word' id='word_1_659' title='bbox 3749 2381 3876 2451; x_wconf 83' lang='lat' dir='ltr'><strong>qui-</strong></span> 
     </span>
    </p>
   </div>
   <div class='ocr_carea' id='block_1_86' title="bbox 2291 2466 3884 2544">
    <p class='ocr_par' dir='ltr' id='par_1_86' title="bbox 2291 2466 3884 2544">
     <span class='ocr_line' id='line_1_86' title="bbox 2291 2466 3884 2544; baseline 0.005 -23"><span class='ocrx_word' id='word_1_660' title='bbox 2291 2466 2390 2522; x_wconf 88' lang='lat' dir='ltr'><strong>bus</strong></span> <span class='ocrx_word' id='word_1_661' title='bbox 2410 2468 2638 2538; x_wconf 92' lang='lat' dir='ltr'><strong>injungit</strong></span> <span class='ocrx_word' id='word_1_662' title='bbox 2663 2468 2919 2534; x_wconf 83' lang='lat' dir='ltr'><strong>Dominus</strong></span> <span class='ocrx_word' id='word_1_663' title='bbox 2943 2469 3342 2539; x_wconf 62' lang='lat' dir='ltr'><strong>praedicationis</strong></span> <span class='ocrx_word' id='word_1_664' title='bbox 3362 2470 3540 2527; x_wconf 81' lang='lat' dir='ltr'><strong>ofﬁcia</strong></span> <span class='ocrx_word' id='word_1_665' title='bbox 3561 2488 3577 2529; x_wconf 90' lang='lat'><strong>:</strong></span> <span class='ocrx_word' id='word_1_666' title='bbox 3597 2482 3658 2527; x_wconf 92' lang='lat' dir='ltr'><strong>ut</strong></span> <span class='ocrx_word' id='word_1_667' title='bbox 3677 2474 3884 2544; x_wconf 82' lang='lat' dir='ltr'><strong>populo</strong></span> 
     </span>
    </p>
   </div>
   <div class='ocr_carea' id='block_1_87' title="bbox 2289 2559 3878 2632">
    <p class='ocr_par' dir='ltr' id='par_1_87' title="bbox 2289 2559 3878 2632">
     <span class='ocr_line' id='line_1_87' title="bbox 2289 2559 3878 2632; baseline 0.004 -18"><span class='ocrx_word' id='word_1_668' title='bbox 2289 2573 2388 2615; x_wconf 90' lang='lat' dir='ltr'><strong>suo</strong></span> <span class='ocrx_word' id='word_1_669' title='bbox 2415 2559 2640 2615; x_wconf 90' lang='lat' dir='ltr'><strong>verbum</strong></span> <span class='ocrx_word' id='word_1_670' title='bbox 2667 2559 2995 2615; x_wconf 88' lang='lat' dir='ltr'><strong>dominicum</strong></span> <span class='ocrx_word' id='word_1_671' title='bbox 3026 2561 3360 2618; x_wconf 90' lang='lat' dir='ltr'><strong>ministretis.</strong></span> <span class='ocrx_word' id='word_1_672' title='bbox 3391 2561 3534 2630; x_wconf 90' lang='lat' dir='ltr'><strong>Quot</strong></span> <span class='ocrx_word' id='word_1_673' title='bbox 3573 2565 3718 2620; x_wconf 88' lang='lat' dir='ltr'><strong>enim</strong></span> <span class='ocrx_word' id='word_1_674' title='bbox 3740 2605 3756 2632; x_wconf 95' lang='lat'><strong>,</strong></span> <span class='ocrx_word' id='word_1_675' title='bbox 3788 2566 3878 2621; x_wconf 90' lang='lat' dir='ltr'><strong>vel</strong></span> 
     </span>
    </p>
   </div>
   <div class='ocr_carea' id='block_1_88' title="bbox 2293 2651 3877 2725">
    <p class='ocr_par' dir='ltr' id='par_1_88' title="bbox 2293 2651 3877 2725">
     <span class='ocr_line' id='line_1_88' title="bbox 2293 2651 3877 2725; baseline 0.003 -21"><span class='ocrx_word' id='word_1_676' title='bbox 2293 2659 2474 2705; x_wconf 89' lang='lat' dir='ltr'><strong>vestro</strong></span> <span class='ocrx_word' id='word_1_677' title='bbox 2518 2651 2803 2721; x_wconf 76' lang='lat' dir='ltr'><strong>exemplo,</strong></span> <span class='ocrx_word' id='word_1_678' title='bbox 2831 2651 2914 2707; x_wconf 89' lang='lat' dir='ltr'><strong>vel</strong></span> <span class='ocrx_word' id='word_1_679' title='bbox 2940 2652 3106 2707; x_wconf 89' lang='lat' dir='ltr'><strong>vestri</strong></span> <span class='ocrx_word' id='word_1_680' title='bbox 3131 2652 3452 2724; x_wconf 82' lang='lat' dir='ltr'><strong>negligentia</strong></span> <span class='ocrx_word' id='word_1_681' title='bbox 3493 2656 3726 2725; x_wconf 87' lang='lat' dir='ltr'><strong>peccatis</strong></span> <span class='ocrx_word' id='word_1_682' title='bbox 3753 2673 3877 2712; x_wconf 78' lang='lat' dir='ltr'><strong>Illo-</strong></span> 
     </span>
    </p>
   </div>
   <div class='ocr_carea' id='block_1_89' title="bbox 2291 2742 3880 2814">
    <p class='ocr_par' dir='ltr' id='par_1_89' title="bbox 2291 2742 3880 2814">
     <span class='ocr_line' id='line_1_89' title="bbox 2291 2742 3880 2814; baseline 0.004 -18"><span class='ocrx_word' id='word_1_683' title='bbox 2291 2742 2531 2796; x_wconf 90' lang='lat' dir='ltr'><strong>riuntur:</strong></span> <span class='ocrx_word' id='word_1_684' title='bbox 2553 2751 2631 2797; x_wconf 92' lang='lat' dir='ltr'><strong>tot</strong></span> <span class='ocrx_word' id='word_1_685' title='bbox 2646 2742 2714 2797; x_wconf 91' lang='lat' dir='ltr'><strong>de</strong></span> <span class='ocrx_word' id='word_1_686' title='bbox 2732 2757 2896 2797; x_wconf 89' lang='lat' dir='ltr'><strong>manu</strong></span> <span class='ocrx_word' id='word_1_687' title='bbox 2918 2751 3094 2798; x_wconf 90' lang='lat' dir='ltr'><strong>vestra</strong></span> <span class='ocrx_word' id='word_1_688' title='bbox 3111 2745 3351 2814; x_wconf 90' lang='lat' dir='ltr'><strong>requiret</strong></span> <span class='ocrx_word' id='word_1_689' title='bbox 3366 2744 3646 2800; x_wconf 88' lang='lat' dir='ltr'><strong>Dominus.</strong></span> <span class='ocrx_word' id='word_1_690' title='bbox 3662 2745 3880 2814; x_wconf 89' lang='lat' dir='ltr'><strong>Quanto</strong></span> 
     </span>
    </p>
   </div>
   <div class='ocr_carea' id='block_1_90' title="bbox 2288 2835 3880 2907">
    <p class='ocr_par' dir='ltr' id='par_1_90' title="bbox 2288 2835 3880 2907">
     <span class='ocr_line' id='line_1_90' title="bbox 2288 2835 3880 2907; baseline 0.001 -17"><span class='ocrx_word' id='word_1_691' title='bbox 2288 2835 2432 2890; x_wconf 90' lang='lat' dir='ltr'><strong>enim</strong></span> <span class='ocrx_word' id='word_1_692' title='bbox 2457 2835 2588 2892; x_wconf 89' lang='lat' dir='ltr'><strong>estis</strong></span> <span class='ocrx_word' id='word_1_693' title='bbox 2614 2835 2837 2892; x_wconf 89' lang='lat' dir='ltr'><strong>altiores</strong></span> <span class='ocrx_word' id='word_1_694' title='bbox 2860 2835 3028 2907; x_wconf 84' lang='lat' dir='ltr'><strong>gradu</strong></span> <span class='ocrx_word' id='word_1_695' title='bbox 3058 2853 3070 2890; x_wconf 95' lang='lat'><strong>:</strong></span> <span class='ocrx_word' id='word_1_696' title='bbox 3105 2844 3257 2891; x_wconf 84' lang='lat' dir='ltr'><strong>tanto</strong></span> <span class='ocrx_word' id='word_1_697' title='bbox 3279 2836 3574 2906; x_wconf 85' lang='lat' dir='ltr'><strong>majoribus</strong></span> <span class='ocrx_word' id='word_1_698' title='bbox 3599 2838 3880 2894; x_wconf 87' lang='lat' dir='ltr'><strong>cruciabi-</strong></span> 
     </span>
    </p>
   </div>
   <div class='ocr_carea' id='block_1_91' title="bbox 2291 2928 3878 3000">
    <p class='ocr_par' dir='ltr' id='par_1_91' title="bbox 2291 2928 3878 3000">
     <span class='ocr_line' id='line_1_91' title="bbox 2291 2928 3878 3000; baseline 0.001 -16"><span class='ocrx_word' id='word_1_699' title='bbox 2291 2930 2419 2984; x_wconf 92' lang='lat' dir='ltr'><strong>mini</strong></span> <span class='ocrx_word' id='word_1_700' title='bbox 2469 2929 2814 2985; x_wconf 89' lang='lat' dir='ltr'><strong>cruciatibus.</strong></span> <span class='ocrx_word' id='word_1_701' title='bbox 2863 2928 2982 2985; x_wconf 85' lang='lat' dir='ltr'><strong>Non</strong></span> <span class='ocrx_word' id='word_1_702' title='bbox 3023 2930 3158 2985; x_wconf 87' lang='lat' dir='ltr'><strong>estis</strong></span> <span class='ocrx_word' id='word_1_703' title='bbox 3197 2928 3558 2986; x_wconf 79' lang='lat' dir='ltr'><strong>dominizsed</strong></span> <span class='ocrx_word' id='word_1_704' title='bbox 3601 2939 3878 3000; x_wconf 84' lang='lat' dir='ltr'><strong>pastores.</strong></span> 
     </span>
    </p>
   </div>
   <div class='ocr_carea' id='block_1_92' title="bbox 2294 3020 3882 3094">
    <p class='ocr_par' dir='ltr' id='par_1_92' title="bbox 2294 3020 3882 3094">
     <span class='ocr_line' id='line_1_92' title="bbox 2294 3020 3882 3094; baseline 0.001 -17"><span class='ocrx_word' id='word_1_705' title='bbox 2294 3021 2441 3077; x_wconf 86' lang='lat' dir='ltr'><strong>Unus</strong></span> <span class='ocrx_word' id='word_1_706' title='bbox 2489 3021 2747 3076; x_wconf 89' lang='lat' dir='ltr'><strong>Dominus</strong></span> <span class='ocrx_word' id='word_1_707' title='bbox 2789 3031 2872 3076; x_wconf 88' lang='lat' dir='ltr'><strong>est</strong></span> <span class='ocrx_word' id='word_1_708' title='bbox 2893 3061 2910 3089; x_wconf 93' lang='lat'><strong>,</strong></span> <span class='ocrx_word' id='word_1_709' title='bbox 2941 3029 2998 3077; x_wconf 89' lang='lat' dir='ltr'><strong>et</strong></span> <span class='ocrx_word' id='word_1_710' title='bbox 3023 3036 3164 3077; x_wconf 89' lang='lat' dir='ltr'><strong>unus</strong></span> <span class='ocrx_word' id='word_1_711' title='bbox 3190 3029 3372 3093; x_wconf 88' lang='lat' dir='ltr'><strong>pastor</strong></span> <span class='ocrx_word' id='word_1_712' title='bbox 3399 3020 3748 3092; x_wconf 86' lang='lat' dir='ltr'><strong>principalis,</strong></span> <span class='ocrx_word' id='word_1_713' title='bbox 3783 3023 3882 3094; x_wconf 90' lang='lat' dir='ltr'><strong>qui</strong></span> 
     </span>
    </p>
   </div>
   <div class='ocr_carea' id='block_1_93' title="bbox 2290 3113 3877 3186">
    <p class='ocr_par' dir='ltr' id='par_1_93' title="bbox 2290 3113 3877 3186">
     <span class='ocr_line' id='line_1_93' title="bbox 2290 3113 3877 3186; baseline 0.001 -18"><span class='ocrx_word' id='word_1_714' title='bbox 2290 3115 2563 3185; x_wconf 85' lang='lat' dir='ltr'><strong>cognoscit</strong></span> <span class='ocrx_word' id='word_1_715' title='bbox 2590 3129 2724 3170; x_wconf 88' lang='lat' dir='ltr'><strong>oves</strong></span> <span class='ocrx_word' id='word_1_716' title='bbox 2747 3129 2872 3169; x_wconf 88' lang='lat' dir='ltr'><strong>suas</strong></span> <span class='ocrx_word' id='word_1_717' title='bbox 2889 3155 2907 3178; x_wconf 91' lang='lat'><strong>,</strong></span> <span class='ocrx_word' id='word_1_718' title='bbox 2935 3123 2991 3171; x_wconf 90' lang='lat' dir='ltr'><strong>et</strong></span> <span class='ocrx_word' id='word_1_719' title='bbox 3014 3115 3260 3186; x_wconf 80' lang='lat' dir='ltr'><strong>exquiret</strong></span> <span class='ocrx_word' id='word_1_720' title='bbox 3281 3130 3376 3170; x_wconf 90' lang='lat' dir='ltr'><strong>eas</strong></span> <span class='ocrx_word' id='word_1_721' title='bbox 3399 3113 3467 3170; x_wconf 88' lang='lat' dir='ltr'><strong>de</strong></span> <span class='ocrx_word' id='word_1_722' title='bbox 3494 3115 3742 3170; x_wconf 85' lang='lat' dir='ltr'><strong>manibus</strong></span> <span class='ocrx_word' id='word_1_723' title='bbox 3775 3131 3877 3170; x_wconf 85' lang='lat' dir='ltr'><strong>ve-</strong></span> 
     </span>
    </p>
   </div>
   <div class='ocr_carea' id='block_1_94' title="bbox 2290 3205 3879 3276">
    <p class='ocr_par' dir='ltr' id='par_1_94' title="bbox 2290 3205 3879 3276">
     <span class='ocr_line' id='line_1_94' title="bbox 2290 3205 3879 3276; baseline 0.003 -19"><span class='ocrx_word' id='word_1_724' title='bbox 2290 3208 2438 3260; x_wconf 83' lang='lat' dir='ltr'><strong>stris.</strong></span> <span class='ocrx_word' id='word_1_725' title='bbox 2471 3205 2586 3261; x_wconf 86' lang='lat' dir='ltr'><strong>Heu</strong></span> <span class='ocrx_word' id='word_1_726' title='bbox 2613 3214 2744 3276; x_wconf 91' lang='lat' dir='ltr'><strong>quot</strong></span> <span class='ocrx_word' id='word_1_727' title='bbox 2771 3205 2929 3260; x_wconf 89' lang='lat' dir='ltr'><strong>hodie</strong></span> <span class='ocrx_word' id='word_1_728' title='bbox 2959 3206 3013 3259; x_wconf 91' lang='lat' dir='ltr'><strong>in</strong></span> <span class='ocrx_word' id='word_1_729' title='bbox 3041 3205 3283 3261; x_wconf 85' lang='lat' dir='ltr'><strong>Ecclesia</strong></span> <span class='ocrx_word' id='word_1_730' title='bbox 3309 3214 3434 3260; x_wconf 91' lang='lat' dir='ltr'><strong>sunt</strong></span> <span class='ocrx_word' id='word_1_731' title='bbox 3463 3221 3569 3260; x_wconf 92' lang='lat' dir='ltr'><strong>non</strong></span> <span class='ocrx_word' id='word_1_732' title='bbox 3603 3215 3879 3275; x_wconf 88' lang='lat' dir='ltr'><strong>pastores,</strong></span> 
     </span>
    </p>
   </div>
   <div class='ocr_carea' id='block_1_95' title="bbox 2289 3294 3886 3371">
    <p class='ocr_par' dir='ltr' id='par_1_95' title="bbox 2289 3294 3886 3371">
     <span class='ocr_line' id='line_1_95' title="bbox 2289 3294 3886 3371; baseline 0.003 -21"><span class='ocrx_word' id='word_1_733' title='bbox 2289 3294 2384 3350; x_wconf 89' lang='lat' dir='ltr'><strong>sed</strong></span> <span class='ocrx_word' id='word_1_734' title='bbox 2407 3297 2748 3364; x_wconf 89' lang='lat' dir='ltr'><strong>mercenarii,</strong></span> <span class='ocrx_word' id='word_1_735' title='bbox 2770 3296 2838 3371; x_wconf 77' lang='lat' dir='ltr'><strong>ad</strong></span> <span class='ocrx_word' id='word_1_736' title='bbox 2863 3311 2998 3366; x_wconf 90' lang='lat' dir='ltr'><strong>quos</strong></span> <span class='ocrx_word' id='word_1_737' title='bbox 3023 3295 3155 3352; x_wconf 89' lang='lat' dir='ltr'><strong>nihil</strong></span> <span class='ocrx_word' id='word_1_738' title='bbox 3185 3297 3418 3366; x_wconf 77' lang='lat' dir='ltr'><strong>pertinet</strong></span> <span class='ocrx_word' id='word_1_739' title='bbox 3442 3296 3511 3352; x_wconf 92' lang='lat' dir='ltr'><strong>de</strong></span> <span class='ocrx_word' id='word_1_740' title='bbox 3531 3297 3721 3353; x_wconf 88' lang='lat' dir='ltr'><strong>ovibus</strong></span> <span class='ocrx_word' id='word_1_741' title='bbox 3745 3297 3886 3354; x_wconf 81' lang='lat' dir='ltr'><strong>Jesu</strong></span> 
     </span>
    </p>
   </div>
   <div class='ocr_carea' id='block_1_96' title="bbox 2290 3386 3885 3458">
    <p class='ocr_par' dir='ltr' id='par_1_96' title="bbox 2290 3386 3885 3458">
     <span class='ocr_line' id='line_1_96' title="bbox 2290 3386 3885 3458; baseline 0.003 -19"><span class='ocrx_word' id='word_1_742' title='bbox 2290 3387 2512 3441; x_wconf 78' lang='lat' dir='ltr'><strong>Christi.</strong></span> <span class='ocrx_word' id='word_1_743' title='bbox 2535 3386 2809 3454; x_wconf 87' lang='lat' dir='ltr'><strong>Quiuimo,</strong></span> <span class='ocrx_word' id='word_1_744' title='bbox 2833 3397 2890 3442; x_wconf 94' lang='lat' dir='ltr'><strong>ut</strong></span> <span class='ocrx_word' id='word_1_745' title='bbox 2910 3397 2967 3443; x_wconf 94' lang='lat' dir='ltr'><strong>et</strong></span> <span class='ocrx_word' id='word_1_746' title='bbox 2991 3402 3118 3442; x_wconf 90' lang='lat' dir='ltr'><strong>vera</strong></span> <span class='ocrx_word' id='word_1_747' title='bbox 3144 3387 3340 3456; x_wconf 88' lang='lat' dir='ltr'><strong>dicam,</strong></span> <span class='ocrx_word' id='word_1_748' title='bbox 3361 3397 3418 3444; x_wconf 90' lang='lat' dir='ltr'><strong>et</strong></span> <span class='ocrx_word' id='word_1_749' title='bbox 3439 3389 3651 3458; x_wconf 88' lang='lat' dir='ltr'><strong>ipsimet</strong></span> <span class='ocrx_word' id='word_1_750' title='bbox 3672 3389 3885 3458; x_wconf 82' lang='lat' dir='ltr'><strong>sciunt,</strong></span> 
     </span>
    </p>
   </div>
   <div class='ocr_carea' id='block_1_97' title="bbox 2287 3478 3885 3554">
    <p class='ocr_par' dir='ltr' id='par_1_97' title="bbox 2287 3478 3885 3554">
     <span class='ocr_line' id='line_1_97' title="bbox 2287 3478 3885 3554; baseline 0.003 -22"><span class='ocrx_word' id='word_1_751' title='bbox 2287 3486 2415 3532; x_wconf 89' lang='lat' dir='ltr'><strong>sunt</strong></span> <span class='ocrx_word' id='word_1_752' title='bbox 2445 3478 2553 3547; x_wconf 93' lang='lat' dir='ltr'><strong>lupi</strong></span> <span class='ocrx_word' id='word_1_753' title='bbox 2583 3492 2840 3550; x_wconf 88' lang='lat' dir='ltr'><strong>rapaces:</strong></span> <span class='ocrx_word' id='word_1_754' title='bbox 2867 3479 2958 3549; x_wconf 92' lang='lat' dir='ltr'><strong>qui</strong></span> <span class='ocrx_word' id='word_1_755' title='bbox 2983 3488 3040 3533; x_wconf 90' lang='lat' dir='ltr'><strong>et</strong></span> <span class='ocrx_word' id='word_1_756' title='bbox 3062 3494 3192 3534; x_wconf 91' lang='lat' dir='ltr'><strong>oves</strong></span> <span class='ocrx_word' id='word_1_757' title='bbox 3221 3481 3432 3550; x_wconf 85' lang='lat' dir='ltr'><strong>rapiunt</strong></span> <span class='ocrx_word' id='word_1_758' title='bbox 3457 3488 3513 3536; x_wconf 90' lang='lat' dir='ltr'><strong>et</strong></span> <span class='ocrx_word' id='word_1_759' title='bbox 3535 3480 3885 3554; x_wconf 87' lang='lat' dir='ltr'><strong>dispergunt.</strong></span> 
     </span>
    </p>
   </div>
   <div class='ocr_carea' id='block_1_98' title="bbox 2288 3567 3882 3643">
    <p class='ocr_par' dir='ltr' id='par_1_98' title="bbox 2288 3567 3882 3643">
     <span class='ocr_line' id='line_1_98' title="bbox 2288 3567 3882 3643; baseline 0.003 -19"><span class='ocrx_word' id='word_1_760' title='bbox 2288 3567 2447 3624; x_wconf 89' lang='lat' dir='ltr'><strong>Certe</strong></span> <span class='ocrx_word' id='word_1_761' title='bbox 2476 3569 2548 3623; x_wconf 90' lang='lat' dir='ltr'><strong>nil</strong></span> <span class='ocrx_word' id='word_1_762' title='bbox 2579 3569 2753 3639; x_wconf 90' lang='lat' dir='ltr'><strong>pejus,</strong></span> <span class='ocrx_word' id='word_1_763' title='bbox 2777 3570 2852 3624; x_wconf 88' lang='lat' dir='ltr'><strong>nil</strong></span> <span class='ocrx_word' id='word_1_764' title='bbox 2877 3569 3310 3637; x_wconf 85' lang='lat' dir='ltr'><strong>abominabilius,</strong></span> <span class='ocrx_word' id='word_1_765' title='bbox 3336 3586 3498 3642; x_wconf 89' lang='lat' dir='ltr'><strong>quam</strong></span> <span class='ocrx_word' id='word_1_766' title='bbox 3521 3587 3642 3628; x_wconf 90' lang='lat' dir='ltr'><strong>cum</strong></span> <span class='ocrx_word' id='word_1_767' title='bbox 3670 3571 3763 3626; x_wconf 87' lang='lat' dir='ltr'><strong>ille</strong></span> <span class='ocrx_word' id='word_1_768' title='bbox 3787 3575 3882 3643; x_wconf 85' lang='lat' dir='ltr'><strong>qui</strong></span> 
     </span>
    </p>
   </div>
   <div class='ocr_carea' id='block_1_99' title="bbox 2288 3659 3886 3733">
    <p class='ocr_par' dir='ltr' id='par_1_99' title="bbox 2288 3659 3886 3733">
     <span class='ocr_line' id='line_1_99' title="bbox 2288 3659 3886 3733; baseline 0.003 -21"><span class='ocrx_word' id='word_1_769' title='bbox 2288 3659 2558 3715; x_wconf 91' lang='lat' dir='ltr'><strong>custodire</strong></span> <span class='ocrx_word' id='word_1_770' title='bbox 2579 3661 2824 3726; x_wconf 87' lang='lat' dir='ltr'><strong>deberet,</strong></span> <span class='ocrx_word' id='word_1_771' title='bbox 2841 3659 3087 3730; x_wconf 87' lang='lat' dir='ltr'><strong>dissipat.</strong></span> <span class='ocrx_word' id='word_1_772' title='bbox 3114 3660 3231 3716; x_wconf 88' lang='lat' dir='ltr'><strong>lleu</strong></span> <span class='ocrx_word' id='word_1_773' title='bbox 3254 3662 3396 3732; x_wconf 90' lang='lat' dir='ltr'><strong>quod</strong></span> <span class='ocrx_word' id='word_1_774' title='bbox 3424 3661 3584 3717; x_wconf 89' lang='lat' dir='ltr'><strong>hodie</strong></span> <span class='ocrx_word' id='word_1_775' title='bbox 3607 3663 3660 3716; x_wconf 88' lang='lat' dir='ltr'><strong>in</strong></span> <span class='ocrx_word' id='word_1_776' title='bbox 3682 3662 3886 3733; x_wconf 86' lang='lat' dir='ltr'><strong>aliqui-</strong></span> 
     </span>
    </p>
   </div>
   <div class='ocr_carea' id='block_1_100' title="bbox 2287 3749 3881 3821">
    <p class='ocr_par' dir='ltr' id='par_1_100' title="bbox 2287 3749 3881 3821">
     <span class='ocr_line' id='line_1_100' title="bbox 2287 3749 3881 3821; baseline 0.003 -17"><span class='ocrx_word' id='word_1_777' title='bbox 2287 3749 2387 3804; x_wconf 88' lang='lat' dir='ltr'><strong>bus</strong></span> <span class='ocrx_word' id='word_1_778' title='bbox 2434 3750 2689 3806; x_wconf 73' lang='lat' dir='ltr'><strong>Ecclesite</strong></span> <span class='ocrx_word' id='word_1_779' title='bbox 2727 3766 2835 3807; x_wconf 91' lang='lat' dir='ltr'><strong>non</strong></span> <span class='ocrx_word' id='word_1_780' title='bbox 2878 3752 3223 3821; x_wconf 86' lang='lat' dir='ltr'><strong>pastoribus,</strong></span> <span class='ocrx_word' id='word_1_781' title='bbox 3273 3751 3373 3807; x_wconf 92' lang='lat' dir='ltr'><strong>sed</strong></span> <span class='ocrx_word' id='word_1_782' title='bbox 3414 3751 3881 3819; x_wconf 88' lang='lat' dir='ltr'><strong>destructoribus,</strong></span> 
     </span>
    </p>
   </div>
   <div class='ocr_carea' id='block_1_101' title="bbox 2288 3845 3886 3914">
    <p class='ocr_par' dir='ltr' id='par_1_101' title="bbox 2288 3845 3886 3914">
     <span class='ocr_line' id='line_1_101' title="bbox 2288 3845 3886 3914; baseline 0.004 -18"><span class='ocrx_word' id='word_1_783' title='bbox 2288 3859 2514 3913; x_wconf 83' lang='lat' dir='ltr'><strong>quorum</strong></span> <span class='ocrx_word' id='word_1_784' title='bbox 2545 3859 2650 3899; x_wconf 90' lang='lat' dir='ltr'><strong>non</strong></span> <span class='ocrx_word' id='word_1_785' title='bbox 2681 3854 2768 3900; x_wconf 83' lang='lat' dir='ltr'><strong>est</strong></span> <span class='ocrx_word' id='word_1_786' title='bbox 2793 3860 2919 3914; x_wconf 81' lang='lat' dir='ltr'><strong>pars</strong></span> <span class='ocrx_word' id='word_1_787' title='bbox 2947 3845 3143 3910; x_wconf 85' lang='lat' dir='ltr'><strong>minor,</strong></span> <span class='ocrx_word' id='word_1_788' title='bbox 3174 3845 3372 3901; x_wconf 83' lang='lat' dir='ltr'><strong>factum</strong></span> <span class='ocrx_word' id='word_1_789' title='bbox 3399 3855 3480 3901; x_wconf 84' lang='lat' dir='ltr'><strong>est</strong></span> <span class='ocrx_word' id='word_1_790' title='bbox 3498 3888 3513 3912; x_wconf 95' lang='lat'><strong>,</strong></span> <span class='ocrx_word' id='word_1_791' title='bbox 3547 3855 3605 3901; x_wconf 86' lang='lat' dir='ltr'><strong>ul.</strong></span> <span class='ocrx_word' id='word_1_792' title='bbox 3626 3847 3886 3902; x_wconf 81' lang='lat' dir='ltr'><strong>substan-</strong></span> 
     </span>
    </p>
   </div>
   <div class='ocr_carea' id='block_1_102' title="bbox 2291 3935 3883 4007">
    <p class='ocr_par' dir='ltr' id='par_1_102' title="bbox 2291 3935 3883 4007">
     <span class='ocr_line' id='line_1_102' title="bbox 2291 3935 3883 4007; baseline 0.003 -18"><span class='ocrx_word' id='word_1_793' title='bbox 2291 3935 2392 3990; x_wconf 90' lang='lat' dir='ltr'><strong>tias</strong></span> <span class='ocrx_word' id='word_1_794' title='bbox 2417 3945 2474 3989; x_wconf 89' lang='lat' dir='ltr'><strong>et</strong></span> <span class='ocrx_word' id='word_1_795' title='bbox 2503 3937 2713 3991; x_wconf 88' lang='lat' dir='ltr'><strong>labores</strong></span> <span class='ocrx_word' id='word_1_796' title='bbox 2738 3935 3017 3992; x_wconf 90' lang='lat' dir='ltr'><strong>hominum</strong></span> <span class='ocrx_word' id='word_1_797' title='bbox 3046 3944 3297 4007; x_wconf 87' lang='lat' dir='ltr'><strong>tanquam</strong></span> <span class='ocrx_word' id='word_1_798' title='bbox 3332 3936 3574 3992; x_wconf 85' lang='lat' dir='ltr'><strong>infernus</strong></span> <span class='ocrx_word' id='word_1_799' title='bbox 3601 3936 3883 3993; x_wconf 90' lang='lat' dir='ltr'><strong>insatura-</strong></span> 
     </span>
    </p>
   </div>
   <div class='ocr_carea' id='block_1_103' title="bbox 2288 4018 3882 4098">
    <p class='ocr_par' dir='ltr' id='par_1_103' title="bbox 2288 4018 3882 4098">
     <span class='ocr_line' id='line_1_103' title="bbox 2288 4018 3882 4098; baseline 0 -16"><span class='ocrx_word' id='word_1_800' title='bbox 2288 4025 2467 4082; x_wconf 84' lang='lat' dir='ltr'><strong>biliter</strong></span> <span class='ocrx_word' id='word_1_801' title='bbox 2493 4018 2807 4096; x_wconf 81' lang='lat' dir='ltr'><strong>deglutiant.</strong></span> <span class='ocrx_word' id='word_1_802' title='bbox 2857 4027 2924 4082; x_wconf 88' lang='lat' dir='ltr'><strong>Et</strong></span> <span class='ocrx_word' id='word_1_803' title='bbox 2963 4043 3069 4082; x_wconf 83' lang='lat' dir='ltr'><strong>non</strong></span> <span class='ocrx_word' id='word_1_804' title='bbox 3115 4027 3288 4082; x_wconf 91' lang='lat' dir='ltr'><strong>solum</strong></span> <span class='ocrx_word' id='word_1_805' title='bbox 3320 4041 3415 4082; x_wconf 84' lang='lat' dir='ltr'><strong>eos</strong></span> <span class='ocrx_word' id='word_1_806' title='bbox 3439 4041 3471 4082; x_wconf 91' lang='lat' dir='ltr'><strong>a</strong></span> <span class='ocrx_word' id='word_1_807' title='bbox 3500 4028 3738 4098; x_wconf 86' lang='lat' dir='ltr'><strong>peccatis</strong></span> <span class='ocrx_word' id='word_1_808' title='bbox 3768 4044 3882 4083; x_wconf 92' lang='lat' dir='ltr'><strong>non</strong></span> 
     </span>
    </p>
   </div>
   <div class='ocr_carea' id='block_1_104' title="bbox 2289 4119 3886 4190">
    <p class='ocr_par' dir='ltr' id='par_1_104' title="bbox 2289 4119 3886 4190">
     <span class='ocr_line' id='line_1_104' title="bbox 2289 4119 3886 4190; baseline -0.001 -14"><span class='ocrx_word' id='word_1_809' title='bbox 2289 4120 2597 4186; x_wconf 88' lang='lat' dir='ltr'><strong>emendant,</strong></span> <span class='ocrx_word' id='word_1_810' title='bbox 2631 4120 2726 4176; x_wconf 89' lang='lat' dir='ltr'><strong>sed</strong></span> <span class='ocrx_word' id='word_1_811' title='bbox 2755 4131 2810 4176; x_wconf 92' lang='lat' dir='ltr'><strong>et</strong></span> <span class='ocrx_word' id='word_1_812' title='bbox 2838 4121 3050 4190; x_wconf 89' lang='lat' dir='ltr'><strong>ipsimet</strong></span> <span class='ocrx_word' id='word_1_813' title='bbox 3076 4121 3159 4176; x_wconf 91' lang='lat' dir='ltr'><strong>vel</strong></span> <span class='ocrx_word' id='word_1_814' title='bbox 3188 4135 3255 4175; x_wconf 78' lang='lat' dir='ltr'><strong>ex</strong></span> <span class='ocrx_word' id='word_1_815' title='bbox 3285 4120 3369 4174; x_wconf 88' lang='lat' dir='ltr'><strong>sui</strong></span> <span class='ocrx_word' id='word_1_816' title='bbox 3397 4119 3722 4190; x_wconf 85' lang='lat' dir='ltr'><strong>negligentia</strong></span> <span class='ocrx_word' id='word_1_817' title='bbox 3742 4161 3761 4187; x_wconf 91' lang='lat'><strong>,</strong></span> <span class='ocrx_word' id='word_1_818' title='bbox 3798 4123 3886 4175; x_wconf 87' lang='lat' dir='ltr'><strong>vel</strong></span> 
     </span>
    </p>
   </div>
   <div class='ocr_carea' id='block_1_105' title="bbox 2288 4209 3886 4282">
    <p class='ocr_par' dir='ltr' id='par_1_105' title="bbox 2288 4209 3886 4282">
     <span class='ocr_line' id='line_1_105' title="bbox 2288 4209 3886 4282; baseline 0 -16"><span class='ocrx_word' id='word_1_819' title='bbox 2288 4213 2402 4267; x_wconf 91' lang='lat' dir='ltr'><strong>suis</strong></span> <span class='ocrx_word' id='word_1_820' title='bbox 2441 4213 2688 4282; x_wconf 87' lang='lat' dir='ltr'><strong>pessimis</strong></span> <span class='ocrx_word' id='word_1_821' title='bbox 2733 4211 3033 4277; x_wconf 87' lang='lat' dir='ltr'><strong>ministris,</strong></span> <span class='ocrx_word' id='word_1_822' title='bbox 3075 4211 3158 4267; x_wconf 89' lang='lat' dir='ltr'><strong>vel</strong></span> <span class='ocrx_word' id='word_1_823' title='bbox 3207 4211 3320 4265; x_wconf 89' lang='lat' dir='ltr'><strong>suis</strong></span> <span class='ocrx_word' id='word_1_824' title='bbox 3345 4209 3593 4265; x_wconf 85' lang='lat' dir='ltr'><strong>nefandis</strong></span> <span class='ocrx_word' id='word_1_825' title='bbox 3617 4211 3886 4280; x_wconf 91' lang='lat' dir='ltr'><strong>operibus</strong></span> 
     </span>
    </p>
   </div>
   <div class='ocr_carea' id='block_1_106' title="bbox 2287 4300 3886 4372">
    <p class='ocr_par' dir='ltr' id='par_1_106' title="bbox 2287 4300 3886 4372">
     <span class='ocr_line' id='line_1_106' title="bbox 2287 4300 3886 4372; baseline -0.001 -14"><span class='ocrx_word' id='word_1_826' title='bbox 2287 4316 2380 4358; x_wconf 89' lang='lat' dir='ltr'><strong>eos</strong></span> <span class='ocrx_word' id='word_1_827' title='bbox 2403 4301 2726 4358; x_wconf 89' lang='lat' dir='ltr'><strong>contrahunt</strong></span> <span class='ocrx_word' id='word_1_828' title='bbox 2745 4301 2812 4356; x_wconf 92' lang='lat' dir='ltr'><strong>ad</strong></span> <span class='ocrx_word' id='word_1_829' title='bbox 2833 4301 3037 4356; x_wconf 88' lang='lat' dir='ltr'><strong>illicita.</strong></span> <span class='ocrx_word' id='word_1_830' title='bbox 3060 4300 3136 4356; x_wconf 90' lang='lat' dir='ltr'><strong>lta</strong></span> <span class='ocrx_word' id='word_1_831' title='bbox 3158 4300 3376 4372; x_wconf 89' lang='lat' dir='ltr'><strong>quidem</strong></span> <span class='ocrx_word' id='word_1_832' title='bbox 3397 4301 3593 4370; x_wconf 84' lang='lat' dir='ltr'><strong>dicant,</strong></span> <span class='ocrx_word' id='word_1_833' title='bbox 3617 4301 3718 4357; x_wconf 88' lang='lat' dir='ltr'><strong>hos</strong></span> <span class='ocrx_word' id='word_1_834' title='bbox 3740 4303 3886 4357; x_wconf 90' lang='lat' dir='ltr'><strong>tales</strong></span> 
     </span>
    </p>
   </div>
   <div class='ocr_carea' id='block_1_107' title="bbox 2287 4394 3880 4466">
    <p class='ocr_par' dir='ltr' id='par_1_107' title="bbox 2287 4394 3880 4466">
     <span class='ocr_line' id='line_1_107' title="bbox 2287 4394 3880 4466; baseline 0.001 -18"><span class='ocrx_word' id='word_1_835' title='bbox 2287 4394 2330 4448; x_wconf 92' lang='lat' dir='ltr'><strong>si</strong></span> <span class='ocrx_word' id='word_1_836' title='bbox 2355 4395 2598 4464; x_wconf 89' lang='lat' dir='ltr'><strong>impunes</strong></span> <span class='ocrx_word' id='word_1_837' title='bbox 2624 4394 2765 4450; x_wconf 86' lang='lat' dir='ltr'><strong>Deus</strong></span> <span class='ocrx_word' id='word_1_838' title='bbox 2782 4394 3132 4466; x_wconf 86' lang='lat' dir='ltr'><strong>relinqueret,</strong></span> <span class='ocrx_word' id='word_1_839' title='bbox 3157 4395 3296 4450; x_wconf 92' lang='lat' dir='ltr'><strong>Deus</strong></span> <span class='ocrx_word' id='word_1_840' title='bbox 3319 4394 3550 4464; x_wconf 90' lang='lat' dir='ltr'><strong>amplius</strong></span> <span class='ocrx_word' id='word_1_841' title='bbox 3575 4409 3681 4450; x_wconf 90' lang='lat' dir='ltr'><strong>non</strong></span> <span class='ocrx_word' id='word_1_842' title='bbox 3703 4407 3880 4450; x_wconf 79' lang='lat' dir='ltr'><strong>eSSet.</strong></span> 
     </span>
    </p>
   </div>
   <div class='ocr_carea' id='block_1_108' title="bbox 2290 4485 3884 4558">
    <p class='ocr_par' dir='ltr' id='par_1_108' title="bbox 2290 4485 3884 4558">
     <span class='ocr_line' id='line_1_108' title="bbox 2290 4485 3884 4558; baseline 0.003 -18"><span class='ocrx_word' id='word_1_843' title='bbox 2290 4485 2358 4540; x_wconf 88' lang='lat' dir='ltr'><strong>Et</strong></span> <span class='ocrx_word' id='word_1_844' title='bbox 2383 4487 2524 4552; x_wconf 89' lang='lat' dir='ltr'><strong>ideo,</strong></span> <span class='ocrx_word' id='word_1_845' title='bbox 2559 4494 2617 4542; x_wconf 89' lang='lat' dir='ltr'><strong>ut</strong></span> <span class='ocrx_word' id='word_1_846' title='bbox 2639 4501 2783 4558; x_wconf 67' lang='lat' dir='ltr'><strong>saepe</strong></span> <span class='ocrx_word' id='word_1_847' title='bbox 2807 4487 3008 4544; x_wconf 89' lang='lat' dir='ltr'><strong>dictum</strong></span> <span class='ocrx_word' id='word_1_848' title='bbox 3038 4496 3153 4555; x_wconf 90' lang='lat' dir='ltr'><strong>est,</strong></span> <span class='ocrx_word' id='word_1_849' title='bbox 3184 4487 3277 4544; x_wconf 88' lang='lat' dir='ltr'><strong>filii</strong></span> <span class='ocrx_word' id='word_1_850' title='bbox 3302 4487 3604 4553; x_wconf 89' lang='lat' dir='ltr'><strong>carissimi,</strong></span> <span class='ocrx_word' id='word_1_851' title='bbox 3631 4487 3760 4543; x_wconf 90' lang='lat' dir='ltr'><strong>dum</strong></span> <span class='ocrx_word' id='word_1_852' title='bbox 3794 4491 3884 4544; x_wconf 85' lang='lat' dir='ltr'><strong>vi-</strong></span> 
     </span>
    </p>
   </div>
   <div class='ocr_carea' id='block_1_109' title="bbox 2287 4579 3884 4645">
    <p class='ocr_par' dir='ltr' id='par_1_109' title="bbox 2287 4579 3884 4645">
     <span class='ocr_line' id='line_1_109' title="bbox 2287 4579 3884 4645; baseline 0.001 -14"><span class='ocrx_word' id='word_1_853' title='bbox 2287 4579 2410 4633; x_wconf 88' lang='lat' dir='ltr'><strong>vitis</strong></span> <span class='ocrx_word' id='word_1_854' title='bbox 2431 4620 2447 4645; x_wconf 95' lang='lat'><strong>,</strong></span> <span class='ocrx_word' id='word_1_855' title='bbox 2478 4579 2672 4634; x_wconf 88' lang='lat' dir='ltr'><strong>scrvite</strong></span> <span class='ocrx_word' id='word_1_856' title='bbox 2717 4579 2940 4635; x_wconf 90' lang='lat' dir='ltr'><strong>Domino</strong></span> <span class='ocrx_word' id='word_1_857' title='bbox 2988 4579 3040 4634; x_wconf 89' lang='lat' dir='ltr'><strong>in</strong></span> <span class='ocrx_word' id='word_1_858' title='bbox 3088 4580 3303 4645; x_wconf 89' lang='lat' dir='ltr'><strong>timore,</strong></span> <span class='ocrx_word' id='word_1_859' title='bbox 3329 4591 3387 4636; x_wconf 90' lang='lat' dir='ltr'><strong>et</strong></span> <span class='ocrx_word' id='word_1_860' title='bbox 3410 4579 3644 4635; x_wconf 80' lang='lat' dir='ltr'><strong>exultate</strong></span> <span class='ocrx_word' id='word_1_861' title='bbox 3673 4579 3720 4634; x_wconf 90' lang='lat' dir='ltr'><strong>ei</strong></span> <span class='ocrx_word' id='word_1_862' title='bbox 3753 4594 3884 4634; x_wconf 85' lang='lat' dir='ltr'><strong>cum</strong></span> 
     </span>
    </p>
   </div>
   <div class='ocr_carea' id='block_1_110' title="bbox 2291 4671 3885 4743">
    <p class='ocr_par' dir='ltr' id='par_1_110' title="bbox 2291 4671 3885 4743">
     <span class='ocr_line' id='line_1_110' title="bbox 2291 4671 3885 4743; baseline -0.002 -17"><span class='ocrx_word' id='word_1_863' title='bbox 2291 4683 2542 4728; x_wconf 89' lang='lat' dir='ltr'><strong>tremore.</strong></span> <span class='ocrx_word' id='word_1_864' title='bbox 2570 4673 2971 4742; x_wconf 79' lang='lat' dir='ltr'><strong>Apprehendite</strong></span> <span class='ocrx_word' id='word_1_865' title='bbox 2998 4671 3342 4743; x_wconf 85' lang='lat' dir='ltr'><strong>disciplinam</strong></span> <span class='ocrx_word' id='word_1_866' title='bbox 3370 4671 3488 4742; x_wconf 91' lang='lat' dir='ltr'><strong>ejus</strong></span> <span class='ocrx_word' id='word_1_867' title='bbox 3510 4711 3526 4738; x_wconf 94' lang='lat'><strong>,</strong></span> <span class='ocrx_word' id='word_1_868' title='bbox 3558 4687 3624 4726; x_wconf 92' lang='lat' dir='ltr'><strong>ne</strong></span> <span class='ocrx_word' id='word_1_869' title='bbox 3650 4674 3885 4742; x_wconf 75' lang='lat' dir='ltr'><strong>quando</strong></span> 
     </span>
    </p>
   </div>
   <div class='ocr_carea' id='block_1_111' title="bbox 2289 4762 3881 4836">
    <p class='ocr_par' dir='ltr' id='par_1_111' title="bbox 2289 4762 3881 4836">
     <span class='ocr_line' id='line_1_111' title="bbox 2289 4762 3881 4836; baseline -0.003 -17"><span class='ocrx_word' id='word_1_870' title='bbox 2289 4780 2333 4836; x_wconf 91' lang='lat' dir='ltr'><strong>p-</strong></span> <span class='ocrx_word' id='word_1_871' title='bbox 2358 4767 2521 4821; x_wconf 88' lang='lat' dir='ltr'><strong>reatis</strong></span> <span class='ocrx_word' id='word_1_872' title='bbox 2565 4765 2634 4821; x_wconf 87' lang='lat' dir='ltr'><strong>de</strong></span> <span class='ocrx_word' id='word_1_873' title='bbox 2676 4766 2763 4821; x_wconf 90' lang='lat' dir='ltr'><strong>via</strong></span> <span class='ocrx_word' id='word_1_874' title='bbox 2804 4764 2969 4836; x_wconf 84' lang='lat' dir='ltr'><strong>justa.</strong></span> <span class='ocrx_word' id='word_1_875' title='bbox 3014 4763 3276 4833; x_wconf 87' lang='lat' dir='ltr'><strong>Gustate,</strong></span> <span class='ocrx_word' id='word_1_876' title='bbox 3309 4762 3402 4818; x_wconf 82' lang='lat' dir='ltr'><strong>lilii</strong></span> <span class='ocrx_word' id='word_1_877' title='bbox 3435 4764 3538 4819; x_wconf 90' lang='lat' dir='ltr'><strong>mei</strong></span> <span class='ocrx_word' id='word_1_878' title='bbox 3563 4763 3836 4818; x_wconf 60' lang='lat' dir='ltr'><strong>carissimi</strong></span> <span class='ocrx_word' id='word_1_879' title='bbox 3867 4805 3881 4824; x_wconf 86' lang='lat'><em>.</em></span> 
     </span>
    </p>
   </div>
   <div class='ocr_carea' id='block_1_112' title="bbox 2290 4856 3887 4928">
    <p class='ocr_par' dir='ltr' id='par_1_112' title="bbox 2290 4856 3887 4928">
     <span class='ocr_line' id='line_1_112' title="bbox 2290 4856 3887 4928; baseline -0.001 -14"><span class='ocrx_word' id='word_1_880' title='bbox 2290 4861 2482 4914; x_wconf 90' lang='lat' dir='ltr'><strong>iterum</strong></span> <span class='ocrx_word' id='word_1_881' title='bbox 2519 4859 2676 4926; x_wconf 90' lang='lat' dir='ltr'><strong>dico,</strong></span> <span class='ocrx_word' id='word_1_882' title='bbox 2706 4860 2952 4922; x_wconf 84' lang='lat' dir='ltr'><strong>Gnstate,</strong></span> <span class='ocrx_word' id='word_1_883' title='bbox 2981 4869 3036 4915; x_wconf 88' lang='lat' dir='ltr'><strong>et</strong></span> <span class='ocrx_word' id='word_1_884' title='bbox 3061 4857 3272 4924; x_wconf 82' lang='lat' dir='ltr'><strong>videte,</strong></span> <span class='ocrx_word' id='word_1_885' title='bbox 3300 4857 3550 4928; x_wconf 87' lang='lat' dir='ltr'><strong>quoniam</strong></span> <span class='ocrx_word' id='word_1_886' title='bbox 3581 4856 3766 4910; x_wconf 88' lang='lat' dir='ltr'><strong>suavis</strong></span> <span class='ocrx_word' id='word_1_887' title='bbox 3793 4866 3887 4912; x_wconf 81' lang='lat' dir='ltr'><strong>est</strong></span> 
     </span>
    </p>
   </div>
   <div class='ocr_carea' id='block_1_113' title="bbox 2289 4945 3852 5022">
    <p class='ocr_par' dir='ltr' id='par_1_113' title="bbox 2289 4945 3852 5022">
     <span class='ocr_line' id='line_1_113' title="bbox 2289 4945 3852 5022; baseline -0.004 -14"><span class='ocrx_word' id='word_1_888' title='bbox 2289 4953 2564 5008; x_wconf 88' lang='lat' dir='ltr'><strong>Dominus.</strong></span> <span class='ocrx_word' id='word_1_889' title='bbox 2588 4953 2792 5008; x_wconf 89' lang='lat' dir='ltr'><strong>Divites</strong></span> <span class='ocrx_word' id='word_1_890' title='bbox 2811 4961 3074 5022; x_wconf 85' lang='lat' dir='ltr'><strong>eguerunt</strong></span> <span class='ocrx_word' id='word_1_891' title='bbox 3095 4959 3150 5006; x_wconf 91' lang='lat' dir='ltr'><strong>et</strong></span> <span class='ocrx_word' id='word_1_892' title='bbox 3173 4951 3494 5012; x_wconf 89' lang='lat' dir='ltr'><strong>esurierunt,</strong></span> <span class='ocrx_word' id='word_1_893' title='bbox 3517 4956 3572 5002; x_wconf 91' lang='lat' dir='ltr'><strong>et</strong></span> <span class='ocrx_word' id='word_1_894' title='bbox 3596 4945 3852 5002; x_wconf 81' lang='lat' dir='ltr'><strong>dormicn</strong></span> 
     </span>
    </p>
   </div>
   <div class='ocr_carea' id='block_1_114' title="bbox 2289 5039 3886 5114">
    <p class='ocr_par' dir='ltr' id='par_1_114' title="bbox 2289 5039 3886 5114">
     <span class='ocr_line' id='line_1_114' title="bbox 2289 5039 3886 5114; baseline -0.004 -12"><span class='ocrx_word' id='word_1_895' title='bbox 2289 5054 2368 5102; x_wconf 90' lang='lat' dir='ltr'><strong>tes</strong></span> <span class='ocrx_word' id='word_1_896' title='bbox 2395 5045 2483 5100; x_wconf 91' lang='lat' dir='ltr'><strong>hic</strong></span> <span class='ocrx_word' id='word_1_897' title='bbox 2511 5045 2564 5100; x_wconf 91' lang='lat' dir='ltr'><strong>in</strong></span> <span class='ocrx_word' id='word_1_898' title='bbox 2594 5043 2798 5100; x_wconf 89' lang='lat' dir='ltr'><strong>divitiis</strong></span> <span class='ocrx_word' id='word_1_899' title='bbox 2819 5055 2873 5100; x_wconf 90' lang='lat' dir='ltr'><strong>et</strong></span> <span class='ocrx_word' id='word_1_900' title='bbox 2899 5043 3256 5114; x_wconf 88' lang='lat' dir='ltr'><strong>voluptatibus</strong></span> <span class='ocrx_word' id='word_1_901' title='bbox 3285 5042 3395 5098; x_wconf 87' lang='lat' dir='ltr'><strong>suis</strong></span> <span class='ocrx_word' id='word_1_902' title='bbox 3414 5081 3434 5107; x_wconf 86' lang='lat'><strong>,</strong></span> <span class='ocrx_word' id='word_1_903' title='bbox 3484 5039 3614 5095; x_wconf 86' lang='lat' dir='ltr'><strong>nihil</strong></span> <span class='ocrx_word' id='word_1_904' title='bbox 3645 5039 3886 5096; x_wconf 87' lang='lat' dir='ltr'><strong>iuvene-</strong></span> 
     </span>
    </p>
   </div>
   <div class='ocr_carea' id='block_1_115' title="bbox 2287 5130 3882 5204">
    <p class='ocr_par' dir='ltr' id='par_1_115' title="bbox 2287 5130 3882 5204">
     <span class='ocr_line' id='line_1_115' title="bbox 2287 5130 3882 5204; baseline -0.004 -13"><span class='ocrx_word' id='word_1_905' title='bbox 2287 5146 2414 5192; x_wconf 91' lang='lat' dir='ltr'><strong>runt</strong></span> <span class='ocrx_word' id='word_1_906' title='bbox 2455 5138 2508 5192; x_wconf 89' lang='lat' dir='ltr'><strong>in</strong></span> <span class='ocrx_word' id='word_1_907' title='bbox 2553 5137 2798 5191; x_wconf 91' lang='lat' dir='ltr'><strong>manibus</strong></span> <span class='ocrx_word' id='word_1_908' title='bbox 2840 5136 2972 5190; x_wconf 88' lang='lat' dir='ltr'><strong>suis.</strong></span> <span class='ocrx_word' id='word_1_909' title='bbox 3023 5132 3362 5204; x_wconf 88' lang='lat' dir='ltr'><strong>lnquirentes</strong></span> <span class='ocrx_word' id='word_1_910' title='bbox 3397 5147 3525 5188; x_wconf 86' lang='lat' dir='ltr'><strong>vero</strong></span> <span class='ocrx_word' id='word_1_911' title='bbox 3558 5130 3882 5194; x_wconf 86' lang='lat' dir='ltr'><strong>Dominum,</strong></span> 
     </span>
    </p>
   </div>
   <div class='ocr_carea' id='block_1_116' title="bbox 2287 5225 3892 5290">
    <p class='ocr_par' dir='ltr' id='par_1_116' title="bbox 2287 5225 3892 5290">
     <span class='ocr_line' id='line_1_116' title="bbox 2287 5225 3892 5290; baseline -0.004 -6"><span class='ocrx_word' id='word_1_912' title='bbox 2287 5247 2394 5284; x_wconf 88' lang='lat' dir='ltr'><strong>non</strong></span> <span class='ocrx_word' id='word_1_913' title='bbox 2420 5230 2673 5285; x_wconf 83' lang='lat' dir='ltr'><strong>deficient</strong></span> <span class='ocrx_word' id='word_1_914' title='bbox 2696 5229 2842 5283; x_wconf 90' lang='lat' dir='ltr'><strong>omni</strong></span> <span class='ocrx_word' id='word_1_915' title='bbox 2871 5228 3032 5284; x_wconf 87' lang='lat' dir='ltr'><strong>bono.</strong></span> <span class='ocrx_word' id='word_1_916' title='bbox 3055 5225 3246 5282; x_wconf 88' lang='lat' dir='ltr'><strong>.lunior</strong></span> <span class='ocrx_word' id='word_1_917' title='bbox 3271 5227 3344 5280; x_wconf 90' lang='lat' dir='ltr'><strong>fui</strong></span> <span class='ocrx_word' id='word_1_918' title='bbox 3371 5236 3426 5281; x_wconf 90' lang='lat' dir='ltr'><strong>et</strong></span> <span class='ocrx_word' id='word_1_919' title='bbox 3451 5225 3631 5290; x_wconf 90' lang='lat' dir='ltr'><strong>senui,</strong></span> <span class='ocrx_word' id='word_1_920' title='bbox 3657 5234 3713 5278; x_wconf 89' lang='lat' dir='ltr'><strong>et</strong></span> <span class='ocrx_word' id='word_1_921' title='bbox 3739 5239 3892 5280; x_wconf 81' lang='lat' dir='ltr'><strong>nun-</strong></span> 
     </span>
    </p>
   </div>
   <div class='ocr_carea' id='block_1_117' title="bbox 2286 5314 3887 5392">
    <p class='ocr_par' dir='ltr' id='par_1_117' title="bbox 2286 5314 3887 5392">
     <span class='ocr_line' id='line_1_117' title="bbox 2286 5314 3887 5392; baseline -0.004 -15"><span class='ocrx_word' id='word_1_922' title='bbox 2286 5338 2446 5392; x_wconf 89' lang='lat' dir='ltr'><strong>quam</strong></span> <span class='ocrx_word' id='word_1_923' title='bbox 2473 5322 2580 5376; x_wconf 88' lang='lat' dir='ltr'><strong>vidi</strong></span> <span class='ocrx_word' id='word_1_924' title='bbox 2603 5321 2806 5391; x_wconf 89' lang='lat' dir='ltr'><strong>justum</strong></span> <span class='ocrx_word' id='word_1_925' title='bbox 2835 5321 2887 5376; x_wconf 88' lang='lat' dir='ltr'><strong>in</strong></span> <span class='ocrx_word' id='word_1_926' title='bbox 2914 5319 3022 5376; x_wconf 84' lang='lat' dir='ltr'><strong>line</strong></span> <span class='ocrx_word' id='word_1_927' title='bbox 3044 5318 3386 5385; x_wconf 83' lang='lat' dir='ltr'><strong>derelictum,</strong></span> <span class='ocrx_word' id='word_1_928' title='bbox 3415 5333 3518 5374; x_wconf 86' lang='lat' dir='ltr'><strong>nec</strong></span> <span class='ocrx_word' id='word_1_929' title='bbox 3541 5330 3728 5372; x_wconf 86' lang='lat' dir='ltr'><strong>semen</strong></span> <span class='ocrx_word' id='word_1_930' title='bbox 3755 5314 3887 5385; x_wconf 87' lang='lat' dir='ltr'><strong>ejus</strong></span> 
     </span>
    </p>
   </div>
   <div class='ocr_carea' id='block_1_118' title="bbox 2285 5408 3792 5485">
    <p class='ocr_par' dir='ltr' id='par_1_118' title="bbox 2285 5408 3792 5485">
     <span class='ocr_line' id='line_1_118' title="bbox 2285 5408 3792 5485; baseline -0.002 -14"><span class='ocrx_word' id='word_1_931' title='bbox 2285 5431 2451 5485; x_wconf 80' lang='lat' dir='ltr'><strong>egens</strong></span> <span class='ocrx_word' id='word_1_932' title='bbox 2482 5408 2695 5485; x_wconf 78' lang='lat' dir='ltr'><strong>panem.</strong></span> <span class='ocrx_word' id='word_1_933' title='bbox 3789 5461 3792 5468; x_wconf 93' lang='lat'><strong>.</strong></span> 
     </span>
    </p>
   </div>
   <div class='ocr_carea' id='block_1_119' title="bbox 2354 5500 3889 5574">
    <p class='ocr_par' dir='ltr' id='par_1_119' title="bbox 2354 5500 3889 5574">
     <span class='ocr_line' id='line_1_119' title="bbox 2354 5500 3889 5574; baseline -0.007 -8"><span class='ocrx_word' id='word_1_934' title='bbox 2354 5511 2483 5566; x_wconf 71' lang='lat' dir='ltr'><strong>Car.</strong></span> <span class='ocrx_word' id='word_1_935' title='bbox 2513 5509 2677 5564; x_wconf 78' lang='lat' dir='ltr'><strong>XVII.</strong></span> <span class='ocrx_word' id='word_1_936' title='bbox 2709 5510 3006 5564; x_wconf 85' lang='lat' dir='ltr'><strong>lmitatores</strong></span> <span class='ocrx_word' id='word_1_937' title='bbox 3030 5500 3354 5574; x_wconf 72' lang='lat' dir='ltr'><strong>paupertatis</strong></span> <span class='ocrx_word' id='word_1_938' title='bbox 3383 5511 3576 5568; x_wconf 80' lang='lat' dir='ltr'><strong>estote,</strong></span> <span class='ocrx_word' id='word_1_939' title='bbox 3606 5511 3663 5556; x_wconf 93' lang='lat' dir='ltr'><strong>ut</strong></span> <span class='ocrx_word' id='word_1_940' title='bbox 3681 5516 3889 5572; x_wconf 80' lang='lat' dir='ltr'><strong>sequa—</strong></span> 
     </span>
    </p>
   </div>
   <div class='ocr_carea' id='block_1_120' title="bbox 2285 5596 3891 5672">
    <p class='ocr_par' dir='ltr' id='par_1_120' title="bbox 2285 5596 3891 5672">
     <span class='ocr_line' id='line_1_120' title="bbox 2285 5596 3891 5672; baseline -0.005 -14"><span class='ocrx_word' id='word_1_941' title='bbox 2285 5604 2414 5660; x_wconf 88' lang='lat' dir='ltr'><strong>mini</strong></span> <span class='ocrx_word' id='word_1_942' title='bbox 2447 5603 2666 5672; x_wconf 85' lang='lat' dir='ltr'><strong>vestigia</strong></span> <span class='ocrx_word' id='word_1_943' title='bbox 2697 5600 2833 5670; x_wconf 89' lang='lat' dir='ltr'><strong>ejus,</strong></span> <span class='ocrx_word' id='word_1_944' title='bbox 2862 5599 2949 5655; x_wconf 90' lang='lat' dir='ltr'><strong>cui</strong></span> <span class='ocrx_word' id='word_1_945' title='bbox 2976 5613 3097 5652; x_wconf 90' lang='lat' dir='ltr'><strong>cum</strong></span> <span class='ocrx_word' id='word_1_946' title='bbox 3126 5597 3177 5650; x_wconf 93' lang='lat' dir='ltr'><strong>iu</strong></span> <span class='ocrx_word' id='word_1_947' title='bbox 3206 5596 3376 5650; x_wconf 90' lang='lat' dir='ltr'><strong>forma</strong></span> <span class='ocrx_word' id='word_1_948' title='bbox 3405 5596 3497 5651; x_wconf 90' lang='lat' dir='ltr'><strong>Dei</strong></span> <span class='ocrx_word' id='word_1_949' title='bbox 3531 5603 3715 5657; x_wconf 86' lang='lat' dir='ltr'><strong>esset,</strong></span> <span class='ocrx_word' id='word_1_950' title='bbox 3744 5608 3891 5663; x_wconf 85' lang='lat' dir='ltr'><strong>por-</strong></span> 
     </span>
    </p>
   </div>
   <div class='ocr_carea' id='block_1_121' title="bbox 2289 5685 3889 5758">
    <p class='ocr_par' dir='ltr' id='par_1_121' title="bbox 2289 5685 3889 5758">
     <span class='ocr_line' id='line_1_121' title="bbox 2289 5685 3889 5758; baseline -0.004 -9"><span class='ocrx_word' id='word_1_951' title='bbox 2289 5702 2407 5751; x_wconf 83' lang='lat' dir='ltr'><strong>tans</strong></span> <span class='ocrx_word' id='word_1_952' title='bbox 2424 5696 2601 5751; x_wconf 83' lang='lat' dir='ltr'><strong>omnia</strong></span> <span class='ocrx_word' id='word_1_953' title='bbox 2624 5693 2784 5752; x_wconf 80' lang='lat' dir='ltr'><strong>verbo</strong></span> <span class='ocrx_word' id='word_1_954' title='bbox 2813 5693 3025 5749; x_wconf 85' lang='lat' dir='ltr'><strong>virtutis</strong></span> <span class='ocrx_word' id='word_1_955' title='bbox 3046 5701 3178 5757; x_wconf 74' lang='lat' dir='ltr'><strong>sum,</strong></span> <span class='ocrx_word' id='word_1_956' title='bbox 3207 5687 3264 5748; x_wconf 80' lang='lat' dir='ltr'><strong>in</strong></span> <span class='ocrx_word' id='word_1_957' title='bbox 3291 5686 3444 5758; x_wconf 90' lang='lat' dir='ltr'><strong>cujus</strong></span> <span class='ocrx_word' id='word_1_958' title='bbox 3463 5686 3627 5744; x_wconf 85' lang='lat' dir='ltr'><strong>domo</strong></span> <span class='ocrx_word' id='word_1_959' title='bbox 3647 5695 3775 5743; x_wconf 63' lang='lat' dir='ltr'><strong>sunt</strong></span> <span class='ocrx_word' id='word_1_960' title='bbox 3795 5685 3889 5742; x_wconf 84' lang='lat' dir='ltr'><strong>di-</strong></span> 
     </span>
    </p>
   </div>
  </div>
