4048 6186
103 272 192 332 ua
780 308 853 334 ..,

106 388 235 443 vitia:
263 397 317 444 et
342 388 519 460 gloria
543 404 566 444 :
589 389 933 460 semetipsum
956 388 1264 454 exinanivit,
1289 389 1517 444 formam
1543 388 1684 444 servi

109 480 398 549 accipiens,
430 490 486 536 et
518 496 755 551 pauper,
789 491 843 537 et
871 482 1024 551 inops
1064 491 1217 537 natus
1256 491 1358 538 est.
1402 481 1611 551 Pauper
1636 488 1692 536 et

111 577 221 643 pius
262 589 420 644 quam
464 574 621 644 inops
662 573 762 629 fuit
799 590 1077 645 quousque
1117 574 1268 629 vixit.
1308 574 1689 644 Pauperrimus

110 677 347 721 mortuus
374 675 427 721 et
456 667 699 737 sepultus
726 677 826 722 est.
857 666 1012 723 Unde
1048 666 1237 736 Vulpes
1259 711 1273 733 ,
1306 666 1477 737 inquit
1506 667 1644 720 idem
1669 706 1687 732 ,

111 763 282 827 foveas
305 758 506 823 habent,
539 769 587 813 et
614 759 846 815 volucres
873 759 985 814 εωιί
1015 759 1184 825 nidos,
1223 759 1366 829 ﬁlius
1392 768 1559 812 autem
1597 758 1689 812 Ita-

108 849 256 902 miuis
285 866 382 905 non
416 849 599 917 habet,
643 849 730 905 ubi
766 861 920 921 caput
957 867 1107 905 suum
1148 850 1376 906 reclinet.
1418 849 1690 920 Apostolis

106 941 263 995 etiam
296 941 440 997 lubet
465 958 571 997 non
601 952 818 1013 portare
842 943 1113 999 sacculum
1159 959 1332 1015 neque
1374 958 1578 1014 peram.
1624 942 1691 997 Et

101 1035 281 1103 inveni
310 1035 581 1091 consuluit
607 1035 843 1092 vendere
866 1052 986 1107 qua:
1012 1035 1262 1101 habebat,
1285 1045 1336 1092 et
1366 1034 1692 1105 pauperibus

101 1139 347 1194 erogare.
376 1126 431 1181 Si
474 1125 749 1181 Christum
786 1127 953 1182 Deum
997 1127 1251 1192 creditis,
1281 1142 1403 1182 eum
1432 1126 1545 1197 (al.
1585 1142 1690 1179 non

100 1216 232 1287 fulti)
263 1218 377 1273 f'alli
415 1234 521 1274 non
544 1233 703 1289 posse
726 1219 950 1285 credite;
980 1219 1214 1289 alioquin
1235 1234 1340 1272 non
1358 1226 1503 1273 esset
1524 1218 1687 1271 Deus:

97 1318 147 1362 rt
170 1308 216 1363 si
246 1308 432 1378 ipsqu
460 1310 567 1362 falli
592 1324 697 1363 non
722 1324 881 1380 posse
907 1309 1146 1374 creditis,
1172 1308 1345 1378 ipsum
1366 1306 1689 1377 sequamini.

97 1395 444 1465 Impossibile
483 1406 566 1453 est
601 1398 803 1454 divitiis
838 1399 1094 1465 afﬂuere,
1121 1408 1175 1453 et
1212 1398 1485 1453 Christum
1516 1396 1690 1468 sequi.

97 1487 299 1542 Natura
327 1487 579 1556 denegat,
597 1498 651 1542 ut
672 1489 938 1543 contraria
962 1488 1308 1543 misceantur.
1332 1488 1439 1543 Aut
1458 1503 1559 1558 ego
1594 1487 1695 1541 fal-

97 1579 197 1643 lor,
220 1585 319 1630 aut
338 1576 441 1645 ipsi
463 1577 515 1629 in
538 1576 641 1630 fine
662 1577 1015 1648 decipientur.
1039 1578 1137 1645 Qui
1160 1578 1291 1632 mihi
1314 1594 1420 1632 non
1443 1578 1690 1642 credunt,

97 1671 324 1725 credent
340 1682 459 1722 cum
474 1669 673 1723 divitia:
690 1683 801 1724 sure
820 1670 1126 1723 transierint
1144 1672 1193 1723 in
1206 1678 1521 1739 egestatem.
1535 1668 1692 1721 Dives

100 1762 186 1816 hic
218 1762 541 1831 epulabatur
569 1761 808 1830 quotidie
830 1761 1125 1830 splendide,
1148 1761 1362 1814 indutus
1382 1774 1614 1828 purpura
1632 1768 1689 1813 et

100 1856 264 1926 bysso
291 1870 309 1909 :
340 1853 433 1908 sed
466 1863 729 1920 mortuus,
760 1853 903 1923 quod
933 1852 1099 1924 Moysi
1125 1862 1180 1907 et
1211 1851 1494 1922 Prophetis
1517 1850 1688 1904 noluit

101 1946 325 2002 credere
345 1988 359 2010 ,
392 1946 444 1999 in
476 1945 757 2001 tormentis
800 1946 1007 2015 positus
1043 1945 1229 1999 sensit.
1258 1944 1429 1999 Nemo
1452 1943 1684 1997 militans

104 2039 234 2102 Deo,
266 2037 502 2106 implicat
526 2052 586 2092 se
608 2036 839 2108 negotiis
862 2035 1228 2092 secularibus.
1255 2035 1373 2090 Non
1395 2034 1687 2089 salvahitur

104 2144 193 2182 rex
219 2143 315 2196 per
335 2128 551 2180 multam
577 2127 826 2182 virtutem
853 2142 1001 2181 suam
1023 2143 1037 2179 :
1059 2142 1157 2181 nec
1176 2126 1324 2180 dives
1337 2126 1534 2180 divitiis
1549 2126 1681 2178 suis.

104 2218 200 2273 Est
220 2219 364 2273 enim
382 2234 549 2289 equus
569 2218 891 2274 divitiarium
920 2218 1075 2272 fallax
1106 2217 1170 2271 ad
1206 2219 1455 2272 salutem.
1497 2215 1687 2270 Nonne

106 2311 304 2365 divitiis
333 2313 613 2379 conjuncta
655 2321 738 2366 est
763 2312 1052 2382 superbia‘.l
1082 2310 1148 2365 Et
1173 2310 1261 2365 ubi
1288 2308 1538 2379 superbia
1566 2318 1645 2363 est
1668 2349 1684 2375 ,

107 2406 179 2459 ibi
207 2404 380 2474 pejus.
411 2404 596 2461 Nonne
623 2405 801 2459 omnia
844 2406 1089 2459 oriuntur
1128 2403 1263 2458 mala
1304 2419 1371 2458 ex
1401 2402 1681 2472 superbia,

109 2509 359 2567 tanquam
387 2512 450 2551 ex
494 2512 595 2551 una
638 2496 861 2553 radice?
889 2497 1021 2551 Cum
1052 2496 1193 2550 enim
1223 2495 1374 2549 dives
1404 2494 1575 2549 factus
1605 2501 1689 2549 est

108 2590 300 2645 homo:
330 2599 384 2644 ct
411 2604 531 2644 cum
562 2588 911 2658 multiplicata
938 2587 1101 2642 fuerit
1128 2587 1296 2657 gloria
1325 2586 1517 2641 domus
1547 2584 1684 2655 ejus,

108 2697 285 2735 nonne
315 2680 576 2752 superbit,
600 2687 793 2734 etcum
817 2679 1161 2749 superbierit,
1184 2693 1363 2734 nonne
1380 2679 1688 2748 polluuntur

107 2774 202 2829 via:
233 2772 350 2842 ejus
372 2771 425 2826 in
452 2773 595 2826 onmi
620 2770 906 2841 tempore?
936 2770 1002 2825 Et
1024 2778 1149 2824 tunc
1175 2769 1370 2824 sedens
1401 2769 1452 2822 in
1477 2766 1686 2822 insidiis

107 2880 224 2919 cum
257 2864 511 2918 divitibus
538 2864 592 2918 in
616 2863 830 2919 occulto
852 2905 868 2931 ,
900 2862 1099 2933 cogitat
1131 2872 1188 2915 ut
1217 2860 1503 2916 interficiat
1534 2860 1687 2914 iuno.

108 2966 337 3012 ecutem.
373 2956 525 3012 Oculi
553 2957 669 3026 ejus
699 2957 752 3011 in
795 2971 1083 3027 pauperem
1115 2954 1439 3023 respiciunt.
1470 2966 1525 3009 et
1551 2954 1683 3008 insi-

109 3049 321 3102 diantur
350 3047 402 3102 in
435 3049 666 3113 occulto,
696 3057 753 3102 ut
784 3047 954 3116 rapiat
981 3061 1100 3101 cum
1134 3054 1382 3115 tanquam
1412 3044 1496 3098 leo
1520 3044 1571 3098 in
1602 3059 1690 3098 cu.

111 3142 198 3195 bili
222 3156 343 3207 suo,
372 3140 557 3196 dicens
580 3140 632 3194 in
654 3139 817 3195 corde
838 3153 937 3193 suo
963 3156 976 3192 :
1009 3136 1209 3193 Oblitus
1231 3149 1302 3192 est
1325 3136 1483 3202 Deus,
1511 3136 1689 3190 avertit

110 3233 281 3303 facient
308 3247 475 3297 suam,
510 3247 573 3285 ne
600 3231 762 3284 videat
785 3246 939 3301 usque
964 3230 1017 3284 iu
1041 3229 1213 3298 ﬁnem.
1246 3228 1458 3284 Etenim
1487 3236 1569 3284 est
1588 3228 1690 3283 Do-

112 3326 283 3378 minus
308 3323 598 3394 aliquando
622 3323 920 3389 dormiens,
947 3322 1099 3393 quasi
1128 3322 1440 3392 crapulatus
1482 3336 1511 3376 a
1538 3322 1685 3376 vino.

111 3417 234 3471 Cum
263 3432 393 3471 vero
418 3417 535 3487 plus
563 3425 803 3471 moratur
828 3416 969 3471 Deus
990 3415 1243 3484 patientia
1265 3415 1329 3471 ad
1354 3415 1688 3471 inferendum

109 3508 317 3575 judicia,
352 3507 470 3576 plus
499 3507 790 3562 inebriatur
817 3507 915 3562 ira.
947 3506 1014 3561 Et
1043 3506 1162 3561 ideo
1190 3507 1309 3577 plus
1334 3507 1587 3576 centuplo
1624 3506 1691 3561 ti-

112 3601 358 3655 mendum
389 3609 506 3663 est,
547 3615 668 3656 cum
695 3598 1071 3671 longanimiter
1095 3600 1287 3655 tolerat
1312 3600 1485 3665 mala,
1528 3614 1687 3667 quam

112 3709 222 3747 cum
274 3692 593 3747 festinanter
633 3692 803 3762 punit.
855 3691 1119 3748 Permittit
1148 3692 1289 3747 enim
1327 3691 1468 3746 Deus
1509 3690 1688 3759 aliquo

114 3797 345 3857 tempore
374 3787 605 3841 cruciari
635 3786 805 3841 bonos
833 3785 901 3841 ab
928 3786 1202 3856 iniquiset
1231 3784 1497 3854 superbis,
1522 3792 1579 3837 ut
1599 3797 1690 3837 su-

116 3895 196 3946 pra
224 3878 447 3934 dorsum
479 3879 743 3934 bonorum
775 3878 1031 3932 fabricent
1076 3885 1384 3946 peccatores
1408 3916 1424 3943 ,
1469 3884 1525 3931 et
1566 3888 1689 3945 pro-

114 3972 315 4042 Iougenl
354 3972 693 4041 iniquitatem
721 3971 844 4026 sibi.
872 3971 936 4025 Et
966 3969 1087 4024 ideo
1115 3969 1358 4039 quamvis
1388 3968 1691 4037 aliquantu-

118 4062 212 4115 lum
236 4063 587 4117 obliviscatur
612 4062 774 4126 Deus,
803 4076 1089 4131 pauperem
1114 4070 1289 4114 tamen
1314 4059 1367 4113 in
1395 4058 1553 4112 finem
1583 4074 1687 4112 non

118 4154 455 4209 obliviscetur
482 4154 750 4210 misereri.
790 4152 894 4209 Sed
926 4153 1176 4223 quoniam
1215 4150 1417 4221 pupillo
1447 4149 1564 4219 ipse
1593 4150 1688 4205 ad-

114 4246 243 4312 jutor
272 4254 392 4312 est,
426 4246 512 4300 cui
543 4245 830 4300 derelictus
858 4254 937 4300 est
963 4260 1199 4314 pauper,
1235 4255 1291 4299 et
1327 4242 1575 4314 superbis
1604 4257 1691 4297 re-

117 4338 243 4391 sistit
257 4340 421 4404 Deus,
438 4338 726 4392 humilibus
742 4338 875 4391 dans
891 4338 1113 4407 gratiam
1133 4353 1148 4390 :
1167 4337 1398 4392 conterit
1415 4333 1690 4390 brachium

117 4430 403 4496 peccatoris
426 4438 479 4485 et
496 4430 735 4500 maligni,
756 4429 1045 4484 exaudiens
1069 4428 1392 4483 desiderium
1417 4424 1687 4498 pauperis,

113 4522 458 4592 judicansque
489 4521 687 4592 pupillo
729 4532 781 4576 et
810 4521 996 4575 humili
1027 4539 1038 4575 :
1075 4531 1130 4575 ut
1160 4537 1262 4575 non
1295 4528 1529 4591 apponat
1555 4518 1690 4573 ultra

116 4619 368 4681 superbus
401 4600 739 4682 magnificare
770 4628 828 4667 se
856 4613 1014 4667 homo
1037 4628 1199 4681 super
1222 4622 1438 4667 terram.

166 4703 289 4759 CAP.
316 4703 502 4759 XVIII.
522 4705 874 4774 QuaprOpter,
895 4704 1225 4759 dilectissimi
1249 4703 1341 4757 filii
1360 4703 1484 4769 mei,
1504 4702 1546 4757 si
1562 4716 1693 4772 pau-

114 4811 259 4865 peres
278 4799 434 4863 estis,
463 4795 813 4851 hutniliamini
836 4797 933 4851 sub
956 4796 1157 4867 potenti
1182 4810 1340 4850 manu
1363 4795 1483 4849 Dei:
1506 4803 1562 4849 ut
1586 4809 1689 4848 non

114 4888 386 4953 amittatis,
405 4887 545 4957 quod
567 4886 728 4955 absit,
760 4903 879 4957 qua:
900 4886 1092 4942 facitis.
1121 4886 1262 4941 Nihil
1280 4896 1565 4956 paupertas
1582 4885 1694 4940 Deo

112 4981 342 5047 gratiosa
360 4987 463 5041 est,
484 4979 600 5035 sine
627 4979 944 5034 humilitate.
965 4966 1146 5035 Maluit
1169 4979 1309 5034 Deus
1322 4977 1389 5033 de
1409 4977 1566 5032 beata
1584 4976 1694 5031 Ma-

114 5072 181 5125 ria
199 5068 476 5126 incarnari
502 5081 711 5141 propter
733 5071 1107 5135 humilitatem,
1124 5084 1281 5140 quam
1301 5076 1519 5139 propter
1535 5067 1693 5121 aliam

114 5177 500 5232 quamcumque
535 5162 805 5217 virtutem.
834 5161 982 5218 Sicut
1012 5163 1153 5217 enim
1182 5177 1248 5216 ex
1274 5161 1386 5215 sola
1429 5158 1695 5229 superbia:

116 5258 305 5322 radice,
336 5257 524 5312 omnia
552 5261 799 5311 oriuntur
824 5256 965 5311 mala
988 5296 1002 5319 ,
1037 5255 1115 5310 sic
1141 5270 1205 5308 ex
1237 5253 1348 5307 sola
1380 5252 1558 5307 radice
1598 5249 1696 5305 bu-

113 5350 340 5404 militatis
370 5356 707 5419 generantur
732 5347 910 5401 omnia
937 5345 1099 5399 bona.
1128 5344 1321 5398 Discite
1342 5359 1371 5397 a
1395 5343 1695 5409 Salvatore,

114 5444 218 5511 quia
251 5444 402 5498 mitis
434 5450 539 5507 est,
570 5450 627 5497 ει
656 5440 873 5495 humilis
894 5437 1057 5493 corde
1082 5454 1096 5491 :
1124 5436 1422 5490 humiliavit
1444 5436 1698 5505 semetip-

112 5548 214 5590 sum
243 5552 342 5608 pro
386 5535 547 5591 nobis
568 5574 585 5600 ,
614 5532 789 5588 factus
812 5529 1071 5586 obediens
1109 5540 1274 5595 usque
1317 5523 1384 5578 ad
1426 5534 1652 5579 mortem
1682 5542 1696 5580 :

118 5639 333 5686 mortem
360 5636 550 5683 autem
580 5624 779 5681 crucis.
808 5620 1037 5689 Pr0pter
1064 5617 1206 5689 quod
1235 5616 1358 5672 dico
1379 5614 1560 5681 vobis,
1593 5616 1694 5671 etsi

108 5718 319 5783 humiles
348 5736 476 5783 esse
497 5718 686 5789 vultis,
710 5721 887 5774 estote
909 5711 1067 5769 etiam
1088 5708 1399 5770 obcdientcs
1421 5707 1563 5767 omni
1586 5706 1689 5765 hu~

1144 270 1495 343 EUSEBIUS,
1536 272 1628 331 DE
1664 270 1901 331 MOIi'I'E
1938 274 2340 338 HIERONYML

3270 278 3381 344 150

1802 404 1975 445 mana:
2002 402 2262 450 creatum:
2293 404 2511 467 propter
2539 398 2729 454 Deum.
2759 398 3134 471 Considerate,
3167 400 3261 456 filii
3288 418 3376 457 ca-

1796 483 2014 548 rissimi,
2048 502 2155 556 quo
2174 490 2503 546 censeamini
2524 492 2783 546 vocabulo
2809 511 2822 547 :
2848 494 3160 560 Monachus,
3185 496 3236 551 id
3266 506 3370 566 est,

1797 589 1955 629 unus.
1986 575 2102 631 Non
2130 578 2285 633 decet
2329 581 2649 636 monachum
2695 582 2833 638 velle
2864 583 3060 640 habere
3105 596 3159 641 et
3196 588 3372 654 nolle,

1796 664 1898 719 nisi
1927 667 1978 720 in
2011 684 2113 723 non
2146 671 2435 739 peccando.
2479 673 2567 729 Sic
2605 674 2748 728 enim
2776 674 2927 729 vobis
2954 676 3091 732 velle
3131 687 3185 732 et
3231 681 3372 737 nolle

1796 758 1901 813 hoc
1926 776 2112 826 unum,
2145 763 2195 816 in
2224 764 2476 821 omnibus
2494 765 2669 831 bonis,
2695 768 2747 822 in
2767 768 2923 824 rebus
2952 769 3108 824 licitis
3139 771 3372 827 obedire.

1793 850 1903 908 Nec
1932 854 2038 909 sint
2067 856 2219 911 vobis
2247 858 2399 927 plura
2431 869 2689 930 prmcepta
2710 900 2727 926 ,
2771 869 2829 916 ut
2869 861 3097 916 faciatis.
3137 862 3253 918 Non
3297 876 3380 919 est

1793 946 2069 1015 ohedicns,
2097 949 2192 1005 sed
2215 951 2489 1021 negligens
2509 953 2597 1022 qui
2621 953 2915 1009 secundum
2933 966 3207 1026 exspectat
3231 973 3380 1011 mau-

1794 1036 1998 1093 datum.
2030 1040 2111 1094 Ad
2143 1042 2301 1096 unius
2330 1044 2483 1099 vobis
2509 1046 2707 1100 dicitur
2727 1047 2990 1116 jussionis
3017 1064 3203 1104 vocem
3226 1091 3241 1116 ,
3272 1049 3375 1105 Pe-

1796 1137 1939 1183 trum
1966 1138 2021 1184 et
2045 1132 2315 1187 Andream
2336 1133 2542 1190 relictis
2562 1136 2764 1191 retibus
2788 1147 2843 1191 et
2871 1138 3122 1192 omnibus
3138 1155 3255 1209 qum
3280 1140 3345 1193 ha

1798 1219 2025 1286 hebant,
2057 1222 2267 1279 Domini
2313 1235 2529 1280 secutos
2570 1242 2693 1282 esse
2730 1228 2977 1299 vestigia.
3009 1228 3122 1284 Iloe
3162 1246 3379 1302 semper

1796 1327 1923 1366 vera
1967 1323 2116 1384 optat
2145 1316 2485 1383 obedientia,
2529 1334 2797 1389 nunquam
2842 1336 2955 1377 sua:
3002 1322 3375 1395 obtemperare

1795 1404 2081 1470 voluntati,
2110 1407 2205 1463 sed
2231 1419 2544 1467 reverenter
2564 1412 2776 1467 alienm.
2804 1412 2946 1469 Istud
2969 1430 3198 1487 namque
3224 1417 3274 1471 in
3298 1416 3378 1472 ul-

1799 1496 1927 1551 lima
1957 1512 2108 1553 ctena
2140 1500 2445 1569 exemplum
2469 1502 2712 1557 Christus
2738 1505 2975 1575 reliquit,
3003 1523 3126 1561 cum
3154 1524 3374 1563 suorum

1794 1586 2020 1643 abluens
2051 1590 2211 1658 pedes
2237 1591 2621 1662 discipulorum
2642 1635 2659 1660 ,
2691 1596 2849 1651 Petro
2881 1599 3015 1653 dixit
3046 1618 3061 1654 :
3092 1601 3234 1669 quod
3275 1602 3377 1656 nisi

1794 1677 2053 1732 obcdicns
2080 1680 2252 1745 fieret,
2285 1698 2391 1736 non
2422 1682 2641 1738 haberet
2669 1696 2876 1755 partem
2898 1704 3106 1743 secum.
3137 1692 3337 1747 Idcirco
3358 1735 3374 1761 ,

1791 1768 2123 1825 dilectissimi
2155 1771 2282 1837 filii,
2315 1774 2453 1828 sicut
2484 1776 2633 1830 vobis
2658 1793 2819 1832 unum
2852 1789 2935 1835 est
2962 1797 3154 1836 nomen
3187 1798 3375 1836 mona-

1789 1860 1897 1924 chi,
1927 1861 1997 1915 ita
2022 1863 2092 1916 sit
2112 1879 2275 1919 unum
2300 1865 2438 1922 velle
2458 1876 2515 1921 et
2536 1884 2696 1923 unum
2716 1870 2880 1927 nolle.
2902 1872 3105 1926 Donum
3130 1884 3211 1929 est
3232 1876 3374 1932 enim

1788 1959 1843 2003 et
1860 1950 2155 2021 jucundum
2189 1954 2433 2011 habitare
2463 1957 2657 2014 fratres
2683 1960 2734 2013 in
2766 1946 2949 2015 unu'm.
2973 1962 3082 2019 Nec
3108 1966 3174 2019 sit
3199 1966 3250 2020 in
3278 1981 3376 2021 vo-

1792 2042 1876 2097 bis
1907 2042 2081 2113 major
2100 2057 2194 2100 aut
2223 2048 2400 2102 minor
2424 2065 2438 2101 :
2471 2049 2565 2104 sed
2592 2051 2678 2120 qui
2710 2066 3005 2121 przecessor
3028 2064 3147 2121 est,
3181 2056 3271 2109 fiat
3298 2056 3375 2111 si-

1790 2143 1882 2187 cut
1908 2134 2129 2205 junior:
2162 2155 2231 2193 ne
2260 2139 2505 2215 videlicet
2535 2157 2720 2211 regum
2766 2145 3005 2213 gentium
3039 2146 3239 2214 instar,
3264 2150 3376 2219 qui

1793 2226 1968 2295 major
1994 2238 2077 2281 est
2107 2228 2161 2282 in
2188 2229 2370 2293 vobis,
2400 2230 2707 2286 dominetur
2735 2235 2945 2289 czeteris
2975 2235 3230 2291 fratribus
3252 2276 3272 2304 ,
3317 2248 3377 2293 ut

1792 2320 1860 2374 ab
1904 2320 1985 2374 eis
2028 2320 2255 2389 gaudeat
2282 2324 2631 2392 supervacuis
2666 2323 2912 2381 laudibus
2938 2329 3130 2381 attolli.
3158 2328 3263 2384 Sed
3302 2331 3371 2385 ad

1792 2409 2098 2478 exemplum
2125 2413 2269 2481 regis
2291 2412 2416 2467 Jesn
2446 2411 2666 2480 Christi,
2700 2417 2875 2484 major
2923 2418 3219 2475 humilitate
3261 2420 3380 2476 effi-

1792 2501 1965 2556 ciatur
1991 2502 2140 2572 quasi
2169 2502 2364 2568 minor,
2396 2505 2589 2574 quibus
2618 2507 2870 2576 regendis
2891 2520 3099 2578 prmcst.
3130 2510 3211 2565 Sit
3235 2513 3377 2567 enim

1791 2600 1971 2648 vester
1990 2593 2162 2664 major
2189 2609 2285 2664 per
2309 2595 2663 2653 humilitatem
2684 2600 2864 2655 socius
2883 2600 3078 2656 minori
3099 2619 3219 2657 cum
3245 2603 3380 2661 bene

1792 2684 1900 2754 agit
1924 2700 1938 2737 :
1969 2685 2062 2741 sed
2080 2701 2201 2740 cum
2226 2686 2511 2758 delinquit,
2536 2690 2605 2743 sit
2625 2702 2837 2747 erectus
2861 2703 3046 2748 contra
3076 2693 3261 2750 vitium
3287 2711 3380 2765 per

1790 2776 1962 2830 zelum
1980 2776 2221 2845 justitize.
2252 2776 2467 2833 Nullum
2494 2780 2565 2834 sit
2590 2796 2823 2852 unquam
2850 2797 2971 2839 cum
2994 2785 3139 2841 vitiis
3160 2785 3334 2841 ftedus
3360 2802 3375 2841 :

1793 2866 1872 2921 sic
1901 2866 2157 2938 diligatur
2185 2868 2347 2924 homo
2371 2912 2388 2937 ,
2421 2878 2482 2925 ut
2509 2870 2626 2941 ejus
2656 2873 2842 2928 vitium
2871 2874 3103 2930 odiatur.
3132 2876 3377 2945 Magnum

1791 2958 2094 3014 dilectionis
2123 2961 2335 3031 signum
2381 2972 2501 3029 est,
2531 2962 2804 3019 hominem
2854 2964 2907 3018 in
2953 2965 3379 3036 quibuscumque

1793 3049 2030 3104 minimis
2060 3051 2478 3119 reprehendere.
2503 3051 2659 3121 Saepe
2683 3052 2911 3107 multum
2940 3068 3075 3107 vana
3098 3063 3257 3110 nocet
3277 3055 3379 3111 hu-

1794 3138 2013 3194 militas.
2041 3140 2156 3195 Non
2178 3156 2304 3196 vera
2328 3142 2599 3197 humilitas
2624 3150 2731 3207 est,
2754 3142 2880 3198 vitia
2906 3142 3131 3199 tacendo
3157 3148 3380 3216 permit-

1794 3241 1929 3286 tere.
1958 3230 2157 3296 Clama,
2185 3247 2249 3287 ne
2272 3247 2455 3299 cesses,
2488 3232 2655 3289 Isaias
2682 3234 2876 3303 inquit,
2899 3235 3047 3304 quasi
3072 3235 3189 3290 tuba
3212 3239 3381 3294 exaltu

1793 3338 1963 3376 vocem
1993 3332 2133 3376 tuam
2160 3338 2180 3377 :
2200 3324 2450 3377 annuutia
2475 3326 2665 3393 populo
2692 3341 2802 3379 meo
2826 3326 3017 3381 scelera
3030 3342 3227 3384 eorum.
3258 3327 3380 3385 Uti—

1795 3431 1918 3471 nam
1948 3424 2004 3471 et
2026 3424 2214 3471 contra
2245 3416 2372 3470 vitia
2401 3416 2577 3471 omnis
2605 3417 2866 3473 clamaret
2893 3426 3161 3474 creatura.
3184 3421 3317 3487 Quia
3335 3423 3380 3477 si

1794 3517 2046 3578 peccator
2075 3508 2242 3563 Dettm
2273 3522 2377 3562 non
2414 3507 2586 3575 timet,
2612 3516 2789 3565 tamen
2812 3508 3057 3565 homines
3082 3522 3379 3568 reveretur.

1793 3598 1944 3668 Quod
1965 3598 2253 3669 Apostolus
2284 3613 2382 3653 nos
2407 3598 2610 3655 docens
2636 3599 2783 3655 dicit:
2808 3599 3126 3670 lrascimini,
3153 3611 3201 3658 et
3226 3605 3382 3659 nolite

1794 3709 2024 3762 peccare.
2072 3690 2164 3746 Sol
2195 3706 2299 3746 non
2332 3691 2545 3747 occidat
2571 3706 2734 3763 super
2764 3693 3094 3749 iracundiam
3123 3705 3380 3752 vestram.

1792 3785 1976 3841 Justus
2003 3792 2087 3840 est
2111 3784 2372 3839 Dominus
2392 3825 2409 3848 ,
2439 3793 2495 3839 et
2528 3784 2792 3853 justitiam
2819 3786 3042 3842 dilexit:
3074 3790 3378 3858 mquitatem

1792 3877 1923 3932 vidit
1946 3877 2125 3932 vultus
2152 3874 2290 3946 ejus.
2316 3874 2371 3929 Si
2397 3873 2595 3944 justus,
2628 3883 2684 3929 et
2716 3890 2810 3929 vos
2831 3876 2962 3943 justi
2988 3885 3181 3932 estote.
3204 3877 3384 3948 Negli-

1792 3969 1968 4039 gentia
1984 3977 2042 4023 et
2056 3982 2188 4022 vana
2205 3965 2435 4037 pastoris
2454 3964 2727 4020 humilitas
2744 3965 2930 4024 efficit.
2946 3974 3003 4020 ut
3018 3965 3130 4036 lupi
3145 3967 3195 4020 in
3211 3982 3383 4038 agnos

1792 4061 1993 4116 audere
2009 4060 2235 4129 possint.
2258 4058 2337 4114 Ne
2363 4058 2665 4128 respiciatis
2682 4059 2734 4113 in
2753 4059 2958 4116 vultum
2978 4060 3211 4132 potentis
3232 4080 3247 4117 :
3272 4076 3383 4119 non

1792 4163 1877 4211 est
1902 4168 2256 4225 personarum
2288 4152 2532 4222 acceptio
2562 4152 2702 4222 apud
2730 4153 2918 4208 Deum.

1865 4243 1991 4299 CAP.
2036 4243 2182 4297 XIX.
2216 4242 2425 4312 Ubique
2473 4242 2616 4313 quod
2654 4243 2859 4313 justum
2910 4253 2996 4301 est
3042 4246 3384 4316 operemini:

1795 4334 1923 4389 Vult
1952 4349 2076 4387 vera
2108 4332 2310 4403 iustitia
2341 4334 2629 4405 unicuique
2653 4335 2879 4391 reddere
2917 4336 3058 4407 quod
3093 4353 3248 4394 suum
3274 4348 3381 4396 est.

1794 4427 2024 4483 Ohedire
2044 4436 2257 4497 oportet
2281 4427 2409 4494 Deo,
2438 4440 2492 4484 et
2520 4443 2628 4483 non
2655 4428 2985 4486 hominibus.
3008 4429 3198 4488 Nonne
3235 4432 3279 4487 si
3305 4447 3386 4490 ve-

1795 4521 1893 4576 rita
1904 4530 2008 4575 tem
2033 4521 2220 4575 tacetis
2240 4529 2384 4575 metu
2408 4529 2703 4591 potentum,
2722 4522 2972 4592 judicatis
2992 4522 3131 4594 apud
3150 4532 3386 4579 vosmet-

1796 4610 1976 4682 ipsos,
2021 4621 2073 4665 et
2102 4609 2224 4666 facti
2270 4611 2349 4665 eis
2395 4611 2603 4680 judices
2629 4613 3012 4683 cogitationum
3043 4623 3340 4669 vestrarum
3366 4652 3384 4678 ,

1795 4712 1849 4757 et
1875 4717 1981 4757 non
2010 4703 2131 4774 plus
2157 4711 2335 4758 vestra
2361 4702 2599 4758 abundat
2620 4702 2851 4772 jnstitia,
2882 4718 3043 4774 quam
3082 4704 3384 4759 scribarum

1799 4804 1855 4850 et
1884 4794 2310 4865 phariszeorum!
2342 4795 2456 4851 Non
2490 4797 2611 4866 plus
2639 4796 2858 4853 divitem
2906 4795 3181 4849 honoretis
3223 4808 3386 4864 quam

1797 4903 2111 4958 pauperem,
2140 4889 2242 4945 nisi
2269 4889 2460 4945 melior
2482 4890 2573 4944 sit.
2601 4888 2870 4955 Quinlmo,
2899 4896 2958 4941 ut
2984 4886 3162 4943 verius
3183 4885 3385 4955 dicam,

1798 4978 1966 5033 multo
1989 4979 2108 5049 plus
2138 4994 2427 5049 pauperem
2453 4979 2751 5034 honoretis.
2775 4976 3001 5031 Relucet
3016 4976 3159 5032 enim
3181 4977 3233 5031 in
3256 4990 3386 5047 pau-

1798 5086 1979 5141 perem
2010 5072 2184 5141 imago
2207 5071 2335 5127 Jesu
2362 5071 2561 5125 Christi
2589 5090 2603 5124 :
2631 5071 2683 5125 in
2714 5068 2884 5124 divite
2913 5075 3093 5123 autem
3114 5107 3130 5134 ,
3173 5068 3383 5125 mundi.

1798 5162 1997 5216 Omnes
2021 5176 2119 5215 nos
2141 5176 2208 5215 ex
2236 5175 2338 5214 una
2360 5174 2547 5214 sumus
2566 5161 2745 5216 carnis
2766 5156 2945 5213 radice
2963 5159 3127 5228 geniti
3154 5176 3168 5213 :
3197 5174 3388 5215 omnes

1800 5252 2027 5307 invicem
2056 5250 2297 5305 membra
2327 5264 2517 5304 sumus
2548 5249 2602 5303 in
2634 5264 2742 5304 uno
2771 5263 3023 5317 corpore,
3053 5249 3205 5319 cujus
3229 5258 3392 5319 caput

1800 5352 1884 5399 est
1910 5342 2065 5397 Iesus
2093 5340 2362 5395 Christus.
2386 5339 2525 5409 Quid
2548 5356 2677 5411 ergo
2702 5342 2821 5412 plus
2844 5339 3067 5395 honoris
3089 5342 3282 5396 meruit
3301 5340 3385 5398 di-

1801 5449 1894 5489 ves
1921 5444 1974 5488 et
2004 5440 2217 5503 potens,
2251 5445 2411 5500 quam
2444 5432 2675 5503 pauper?
2708 5431 2747 5488 F
2749 5440 2890 5495 orte,
2921 5432 3045 5502 quia
3064 5432 3213 5505 dives
3229 5440 3312 5488 est
3332 5442 3394 5490 et

1801 5526 2030 5597 potens?
2056 5523 2160 5580 Sed
2190 5522 2234 5576 si
2262 5522 2399 5579 hoc:
2431 5539 2597 5594 quare
2645 5525 2860 5581 divitias
2904 5524 2957 5579 in
3010 5525 3208 5581 sarculo
3244 5524 3397 5581 dete-

1800 5615 2046 5672 stamur?
2076 5627 2245 5682 quare
2270 5614 2450 5670 mundi
2479 5615 2703 5685 gloriam
2730 5616 3175 5674 contemnendam
3200 5614 3400 5685 praedi-

1813 5707 2040 5767 camus?
2069 5704 2349 5765 Neminem
2394 5714 2543 5766 certe
2587 5707 2851 5768 malorum
2889 5722 2989 5768 usu
3023 5702 3398 5769 honorandum
