  <div class='ocr_page' id='page_1' title='image "/cluster/home/n/w/nwhite01/storage/ocr_20150623/22/uva.x000826587/193.png"; bbox 0 0 4048 6186; ppageno 0'>
   <div class='ocr_carea' id='block_1_1' title="bbox 663 319 765 376">
    <p class='ocr_par' dir='ltr' id='par_1_1' title="bbox 663 319 765 376">
     <span class='ocr_line' id='line_1_1' title="bbox 663 319 765 376; baseline 0 0"><span class='ocrx_word' id='word_1_1' title='bbox 663 319 765 376; x_wconf 72' lang='grc'><strong>251</strong></span> 
     </span>
    </p>
   </div>
   <div class='ocr_carea' id='block_1_2' title="bbox 677 406 2247 505">
    <p class='ocr_par' dir='ltr' id='par_1_2' title="bbox 677 406 2247 505">
     <span class='ocr_line' id='line_1_2' title="bbox 677 406 2247 505; baseline -0.016 -18"><span class='ocrx_word' id='word_1_2' title='bbox 677 444 822 505; x_wconf 83' lang='lat' dir='ltr'><strong>puto.</strong></span> <span class='ocrx_word' id='word_1_3' title='bbox 853 430 909 486; x_wconf 94' lang='lat' dir='ltr'><strong>Si</strong></span> <span class='ocrx_word' id='word_1_4' title='bbox 951 406 1142 484; x_wconf 82' lang='lat' dir='ltr'><strong>divites</strong></span> <span class='ocrx_word' id='word_1_5' title='bbox 1169 424 1400 477; x_wconf 89' lang='lat' dir='ltr'><strong>honoras</strong></span> <span class='ocrx_word' id='word_1_6' title='bbox 1442 413 1642 470; x_wconf 87' lang='lat' dir='ltr'><strong>divitiis</strong></span> <span class='ocrx_word' id='word_1_7' title='bbox 1684 414 1805 484; x_wconf 87' lang='lat' dir='ltr'><strong>plus</strong></span> <span class='ocrx_word' id='word_1_8' title='bbox 1835 424 2069 483; x_wconf 82' lang='lat' dir='ltr'><strong>paupere</strong></span> <span class='ocrx_word' id='word_1_9' title='bbox 2090 451 2106 475; x_wconf 95' lang='lat'><strong>,</strong></span> <span class='ocrx_word' id='word_1_10' title='bbox 2134 407 2247 505; x_wconf 77' lang='lat' dir='ltr'><strong>Deo</strong></span> 
     </span>
    </p>
   </div>
   <div class='ocr_carea' id='block_1_3' title="bbox 670 497 2284 600">
    <p class='ocr_par' dir='ltr' id='par_1_3' title="bbox 670 497 2284 600">
     <span class='ocr_line' id='line_1_3' title="bbox 670 497 2284 600; baseline -0.018 -20"><span class='ocrx_word' id='word_1_11' title='bbox 670 497 939 600; x_wconf 68' lang='lat' dir='ltr'><strong>prchonis</strong></span> <span class='ocrx_word' id='word_1_12' title='bbox 971 515 1245 573; x_wconf 87' lang='lat' dir='ltr'><strong>mundum.</strong></span> <span class='ocrx_word' id='word_1_13' title='bbox 1281 511 1339 564; x_wconf 83' lang='lat' dir='ltr'><strong>Et</strong></span> <span class='ocrx_word' id='word_1_14' title='bbox 1368 509 1411 562; x_wconf 88' lang='lat' dir='ltr'><strong>si</strong></span> <span class='ocrx_word' id='word_1_15' title='bbox 1441 508 1560 578; x_wconf 87' lang='lat' dir='ltr'><strong>plus</strong></span> <span class='ocrx_word' id='word_1_16' title='bbox 1588 506 1697 560; x_wconf 90' lang='lat' dir='ltr'><strong>Deo</strong></span> <span class='ocrx_word' id='word_1_17' title='bbox 1724 501 1925 574; x_wconf 90' lang='lat' dir='ltr'><strong>aliquid</strong></span> <span class='ocrx_word' id='word_1_18' title='bbox 1957 502 2010 555; x_wconf 92' lang='lat' dir='ltr'><strong>in</strong></span> <span class='ocrx_word' id='word_1_19' title='bbox 2047 497 2248 554; x_wconf 92' lang='lat' dir='ltr'><strong>mundo</strong></span> <span class='ocrx_word' id='word_1_20' title='bbox 2281 577 2284 582; x_wconf 17' lang='grc' dir='ltr'><strong>ν</strong></span> 
     </span>
    </p>
   </div>
   <div class='ocr_carea' id='block_1_4' title="bbox 677 597 2251 687">
    <p class='ocr_par' dir='ltr' id='par_1_4' title="bbox 677 597 2251 687">
     <span class='ocr_line' id='line_1_4' title="bbox 677 597 2251 687; baseline -0.018 -14"><span class='ocrx_word' id='word_1_21' title='bbox 677 597 870 687; x_wconf 84' lang='lat' dir='ltr'><strong>diligis,</strong></span> <span class='ocrx_word' id='word_1_22' title='bbox 897 627 1000 665; x_wconf 92' lang='lat' dir='ltr'><strong>non</strong></span> <span class='ocrx_word' id='word_1_23' title='bbox 1032 607 1222 676; x_wconf 89' lang='lat' dir='ltr'><strong>dignus</strong></span> <span class='ocrx_word' id='word_1_24' title='bbox 1250 619 1308 658; x_wconf 86' lang='lat' dir='ltr'><strong>es</strong></span> <span class='ocrx_word' id='word_1_25' title='bbox 1338 603 1469 656; x_wconf 93' lang='lat' dir='ltr'><strong>Dco.</strong></span> <span class='ocrx_word' id='word_1_26' title='bbox 1503 597 1730 654; x_wconf 82' lang='lat' dir='ltr'><strong>Reddite</strong></span> <span class='ocrx_word' id='word_1_27' title='bbox 1756 609 1939 667; x_wconf 60' lang='lat' dir='ltr'><strong>quaeso</strong></span> <span class='ocrx_word' id='word_1_28' title='bbox 1977 608 2099 664; x_wconf 60' lang='lat' dir='ltr'><strong>qua}.</strong></span> <span class='ocrx_word' id='word_1_29' title='bbox 2126 601 2251 647; x_wconf 90' lang='lat' dir='ltr'><strong>sunt</strong></span> 
     </span>
    </p>
   </div>
   <div class='ocr_carea' id='block_1_5' title="bbox 683 683 2252 771">
    <p class='ocr_par' dir='ltr' id='par_1_5' title="bbox 683 683 2252 771">
     <span class='ocr_line' id='line_1_5' title="bbox 683 683 2252 771; baseline -0.018 -7"><span class='ocrx_word' id='word_1_30' title='bbox 683 683 796 771; x_wconf 67' lang='lat' dir='ltr'><strong>Dei,</strong></span> <span class='ocrx_word' id='word_1_31' title='bbox 826 707 970 758; x_wconf 91' lang='lat' dir='ltr'><strong>Deo:</strong></span> <span class='ocrx_word' id='word_1_32' title='bbox 1003 707 1056 753; x_wconf 92' lang='lat' dir='ltr'><strong>et</strong></span> <span class='ocrx_word' id='word_1_33' title='bbox 1084 712 1203 767; x_wconf 78' lang='lat' dir='ltr'><strong>qua:</strong></span> <span class='ocrx_word' id='word_1_34' title='bbox 1233 702 1359 748; x_wconf 90' lang='lat' dir='ltr'><strong>sunt</strong></span> <span class='ocrx_word' id='word_1_35' title='bbox 1386 691 1591 758; x_wconf 91' lang='lat' dir='ltr'><strong>mundi,</strong></span> <span class='ocrx_word' id='word_1_36' title='bbox 1618 688 1838 744; x_wconf 91' lang='lat' dir='ltr'><strong>mundo.</strong></span> <span class='ocrx_word' id='word_1_37' title='bbox 1883 686 2103 742; x_wconf 79' lang='lat' dir='ltr'><strong>Bonitas</strong></span> <span class='ocrx_word' id='word_1_38' title='bbox 2137 683 2252 738; x_wconf 86' lang='lat' dir='ltr'><strong>ubi-</strong></span> 
     </span>
    </p>
   </div>
   <div class='ocr_carea' id='block_1_6' title="bbox 676 774 2288 866">
    <p class='ocr_par' dir='ltr' id='par_1_6' title="bbox 676 774 2288 866">
     <span class='ocr_line' id='line_1_6' title="bbox 676 774 2288 866; baseline -0.014 -18"><span class='ocrx_word' id='word_1_39' title='bbox 676 795 777 866; x_wconf 85' lang='lat' dir='ltr'><strong>que</strong></span> <span class='ocrx_word' id='word_1_40' title='bbox 798 793 1112 852; x_wconf 91' lang='lat' dir='ltr'><strong>honoretur,</strong></span> <span class='ocrx_word' id='word_1_41' title='bbox 1144 785 1345 840; x_wconf 85' lang='lat' dir='ltr'><strong>malitia</strong></span> <span class='ocrx_word' id='word_1_42' title='bbox 1366 783 1594 838; x_wconf 90' lang='lat' dir='ltr'><strong>omnino</strong></span> <span class='ocrx_word' id='word_1_43' title='bbox 1619 780 1950 849; x_wconf 90' lang='lat' dir='ltr'><strong>deturpetur.</strong></span> <span class='ocrx_word' id='word_1_44' title='bbox 1979 774 2086 830; x_wconf 88' lang='lat' dir='ltr'><strong>Sed</strong></span> <span class='ocrx_word' id='word_1_45' title='bbox 2113 787 2248 844; x_wconf 91' lang='lat' dir='ltr'><strong>quo-</strong></span> <span class='ocrx_word' id='word_1_46' title='bbox 2283 835 2288 840; x_wconf 21' lang='lat' dir='ltr'><strong>I</strong></span> 
     </span>
    </p>
   </div>
   <div class='ocr_carea' id='block_1_7' title="bbox 675 864 2248 944">
    <p class='ocr_par' dir='ltr' id='par_1_7' title="bbox 675 864 2248 944">
     <span class='ocr_line' id='line_1_7' title="bbox 675 864 2248 944; baseline -0.016 -4"><span class='ocrx_word' id='word_1_47' title='bbox 675 864 814 940; x_wconf 77' lang='lat' dir='ltr'><strong>niam</strong></span> <span class='ocrx_word' id='word_1_48' title='bbox 838 879 966 934; x_wconf 91' lang='lat' dir='ltr'><strong>mihi</strong></span> <span class='ocrx_word' id='word_1_49' title='bbox 992 892 1133 932; x_wconf 89' lang='lat' dir='ltr'><strong>nunc</strong></span> <span class='ocrx_word' id='word_1_50' title='bbox 1154 876 1220 930; x_wconf 91' lang='lat' dir='ltr'><strong>de</strong></span> <span class='ocrx_word' id='word_1_51' title='bbox 1242 875 1325 929; x_wconf 79' lang='lat' dir='ltr'><strong>uis</strong></span> <span class='ocrx_word' id='word_1_52' title='bbox 1346 874 1433 944; x_wconf 89' lang='lat' dir='ltr'><strong>qui</strong></span> <span class='ocrx_word' id='word_1_53' title='bbox 1457 873 1508 927; x_wconf 93' lang='lat' dir='ltr'><strong>in</strong></span> <span class='ocrx_word' id='word_1_54' title='bbox 1535 871 1750 927; x_wconf 77' lang='lat' dir='ltr'><strong>caducis</strong></span> <span class='ocrx_word' id='word_1_55' title='bbox 1773 867 1972 924; x_wconf 89' lang='lat' dir='ltr'><strong>divitiis</strong></span> <span class='ocrx_word' id='word_1_56' title='bbox 2001 865 2111 920; x_wconf 89' lang='lat' dir='ltr'><strong>suis</strong></span> <span class='ocrx_word' id='word_1_57' title='bbox 2132 864 2248 934; x_wconf 87' lang='lat' dir='ltr'><strong>glo-</strong></span> 
     </span>
    </p>
   </div>
   <div class='ocr_carea' id='block_1_8' title="bbox 677 955 2253 1042">
    <p class='ocr_par' dir='ltr' id='par_1_8' title="bbox 677 955 2253 1042">
     <span class='ocr_line' id='line_1_8' title="bbox 677 955 2253 1042; baseline -0.013 -12"><span class='ocrx_word' id='word_1_58' title='bbox 677 977 897 1038; x_wconf 90' lang='lat' dir='ltr'><strong>riantur,</strong></span> <span class='ocrx_word' id='word_1_59' title='bbox 926 971 1124 1042; x_wconf 80' lang='lat' dir='ltr'><strong>quique</strong></span> <span class='ocrx_word' id='word_1_60' title='bbox 1149 968 1216 1024; x_wconf 90' lang='lat' dir='ltr'><strong>de</strong></span> <span class='ocrx_word' id='word_1_61' title='bbox 1240 965 1470 1039; x_wconf 67' lang='lat' dir='ltr'><strong>quadam</strong></span> <span class='ocrx_word' id='word_1_62' title='bbox 1499 963 1696 1020; x_wconf 83' lang='lat' dir='ltr'><strong>ftetidae</strong></span> <span class='ocrx_word' id='word_1_63' title='bbox 1722 961 1898 1017; x_wconf 87' lang='lat' dir='ltr'><strong>carnis</strong></span> <span class='ocrx_word' id='word_1_64' title='bbox 1921 967 2040 1030; x_wconf 93' lang='lat' dir='ltr'><strong>post</strong></span> <span class='ocrx_word' id='word_1_65' title='bbox 2081 955 2253 1012; x_wconf 90' lang='lat' dir='ltr'><strong>modi-</strong></span> 
     </span>
    </p>
   </div>
   <div class='ocr_carea' id='block_1_9' title="bbox 673 1047 2251 1122">
    <p class='ocr_par' dir='ltr' id='par_1_9' title="bbox 673 1047 2251 1122">
     <span class='ocr_line' id='line_1_9' title="bbox 673 1047 2251 1122; baseline -0.013 -1"><span class='ocrx_word' id='word_1_66' title='bbox 673 1082 793 1121; x_wconf 93' lang='lat' dir='ltr'><strong>cum</strong></span> <span class='ocrx_word' id='word_1_67' title='bbox 831 1067 882 1119; x_wconf 92' lang='lat' dir='ltr'><strong>in</strong></span> <span class='ocrx_word' id='word_1_68' title='bbox 905 1063 1142 1118; x_wconf 85' lang='lat' dir='ltr'><strong>cinerem</strong></span> <span class='ocrx_word' id='word_1_69' title='bbox 1168 1071 1464 1113; x_wconf 69' lang='lat' dir='ltr'><strong>reversum</strong></span> <span class='ocrx_word' id='word_1_70' title='bbox 1486 1055 1783 1119; x_wconf 78' lang='lat' dir='ltr'><strong>nobilitate,</strong></span> <span class='ocrx_word' id='word_1_71' title='bbox 1810 1050 2065 1122; x_wconf 90' lang='lat' dir='ltr'><strong>potentia,</strong></span> <span class='ocrx_word' id='word_1_72' title='bbox 2097 1057 2149 1103; x_wconf 90' lang='lat' dir='ltr'><strong>et</strong></span> <span class='ocrx_word' id='word_1_73' title='bbox 2169 1047 2251 1102; x_wconf 87' lang='lat' dir='ltr'><strong>di-</strong></span> 
     </span>
    </p>
   </div>
   <div class='ocr_carea' id='block_1_10' title="bbox 675 1139 2252 1229">
    <p class='ocr_par' dir='ltr' id='par_1_10' title="bbox 675 1139 2252 1229">
     <span class='ocr_line' id='line_1_10' title="bbox 675 1139 2252 1229; baseline -0.012 -18"><span class='ocrx_word' id='word_1_74' title='bbox 675 1159 879 1229; x_wconf 83' lang='lat' dir='ltr'><strong>guitate</strong></span> <span class='ocrx_word' id='word_1_75' title='bbox 909 1168 1040 1210; x_wconf 85' lang='lat' dir='ltr'><strong>vana</strong></span> <span class='ocrx_word' id='word_1_76' title='bbox 1085 1161 1141 1208; x_wconf 89' lang='lat' dir='ltr'><strong>et</strong></span> <span class='ocrx_word' id='word_1_77' title='bbox 1181 1150 1283 1207; x_wconf 85' lang='lat' dir='ltr'><strong>levi</strong></span> <span class='ocrx_word' id='word_1_78' title='bbox 1315 1147 1621 1221; x_wconf 86' lang='lat' dir='ltr'><strong>(siquidem</strong></span> <span class='ocrx_word' id='word_1_79' title='bbox 1661 1145 1869 1200; x_wconf 89' lang='lat' dir='ltr'><strong>aurium</strong></span> <span class='ocrx_word' id='word_1_80' title='bbox 1899 1139 2252 1213; x_wconf 90' lang='lat' dir='ltr'><strong>quorumdam</strong></span> 
     </span>
    </p>
   </div>
   <div class='ocr_carea' id='block_1_11' title="bbox 681 1229 2255 1302">
    <p class='ocr_par' dir='ltr' id='par_1_11' title="bbox 681 1229 2255 1302">
     <span class='ocr_line' id='line_1_11' title="bbox 681 1229 2255 1302; baseline -0.014 1"><span class='ocrx_word' id='word_1_81' title='bbox 681 1249 968 1302; x_wconf 92' lang='lat' dir='ltr'><strong>stultorum</strong></span> <span class='ocrx_word' id='word_1_82' title='bbox 995 1243 1270 1298; x_wconf 84' lang='lat' dir='ltr'><strong>nominum</strong></span> <span class='ocrx_word' id='word_1_83' title='bbox 1297 1237 1655 1294; x_wconf 85' lang='lat' dir='ltr'><strong>insufflationc</strong></span> <span class='ocrx_word' id='word_1_84' title='bbox 1675 1233 2025 1289; x_wconf 80' lang='lat' dir='ltr'><strong>extolluntur:</strong></span> <span class='ocrx_word' id='word_1_85' title='bbox 2049 1238 2100 1284; x_wconf 93' lang='lat' dir='ltr'><strong>et</strong></span> <span class='ocrx_word' id='word_1_86' title='bbox 2120 1229 2255 1282; x_wconf 91' lang='lat' dir='ltr'><strong>alios</strong></span> 
     </span>
    </p>
   </div>
   <div class='ocr_carea' id='block_1_12' title="bbox 682 1318 2252 1402">
    <p class='ocr_par' dir='ltr' id='par_1_12' title="bbox 682 1318 2252 1402">
     <span class='ocr_line' id='line_1_12' title="bbox 682 1318 2252 1402; baseline -0.015 -9"><span class='ocrx_word' id='word_1_87' title='bbox 682 1335 1077 1394; x_wconf 87' lang='lat' dir='ltr'><strong>contemnendo</strong></span> <span class='ocrx_word' id='word_1_88' title='bbox 1102 1331 1442 1402; x_wconf 89' lang='lat' dir='ltr'><strong>deprimunt:</strong></span> <span class='ocrx_word' id='word_1_89' title='bbox 1473 1343 1535 1382; x_wconf 91' lang='lat' dir='ltr'><strong>ac</strong></span> <span class='ocrx_word' id='word_1_90' title='bbox 1557 1341 1616 1383; x_wconf 90' lang='lat' dir='ltr'><strong>se</strong></span> <span class='ocrx_word' id='word_1_91' title='bbox 1640 1323 1710 1379; x_wconf 91' lang='lat' dir='ltr'><strong>ob</strong></span> <span class='ocrx_word' id='word_1_92' title='bbox 1731 1325 1833 1379; x_wconf 93' lang='lat' dir='ltr'><strong>hoc</strong></span> <span class='ocrx_word' id='word_1_93' title='bbox 1860 1320 2087 1377; x_wconf 90' lang='lat' dir='ltr'><strong>credunt</strong></span> <span class='ocrx_word' id='word_1_94' title='bbox 2110 1318 2252 1374; x_wconf 89' lang='lat' dir='ltr'><strong>illam</strong></span> 
     </span>
    </p>
   </div>
   <div class='ocr_carea' id='block_1_13' title="bbox 680 1406 2287 1500">
    <p class='ocr_par' dir='ltr' id='par_1_13' title="bbox 680 1406 2287 1500">
     <span class='ocr_line' id='line_1_13' title="bbox 680 1406 2287 1500; baseline -0.014 -15"><span class='ocrx_word' id='word_1_95' title='bbox 680 1431 940 1500; x_wconf 88' lang='lat' dir='ltr'><strong>attingere</strong></span> <span class='ocrx_word' id='word_1_96' title='bbox 959 1426 1204 1499; x_wconf 82' lang='lat' dir='ltr'><strong>gloriam,</strong></span> <span class='ocrx_word' id='word_1_97' title='bbox 1228 1437 1383 1493; x_wconf 85' lang='lat' dir='ltr'><strong>quam</strong></span> <span class='ocrx_word' id='word_1_98' title='bbox 1406 1420 1534 1476; x_wconf 89' lang='lat' dir='ltr'><strong>solis</strong></span> <span class='ocrx_word' id='word_1_99' title='bbox 1555 1416 1841 1472; x_wconf 89' lang='lat' dir='ltr'><strong>humilibus</strong></span> <span class='ocrx_word' id='word_1_100' title='bbox 1856 1422 1910 1470; x_wconf 93' lang='lat' dir='ltr'><strong>ct</strong></span> <span class='ocrx_word' id='word_1_101' title='bbox 1929 1411 2112 1468; x_wconf 91' lang='lat' dir='ltr'><strong>mundi</strong></span> <span class='ocrx_word' id='word_1_102' title='bbox 2130 1424 2258 1464; x_wconf 87' lang='lat' dir='ltr'><strong>con-</strong></span> <span class='ocrx_word' id='word_1_103' title='bbox 2282 1406 2287 1410; x_wconf 64' lang='grc'><strong>⁷</strong></span> 
     </span>
    </p>
   </div>
   <div class='ocr_carea' id='block_1_14' title="bbox 681 1505 2254 1592">
    <p class='ocr_par' dir='ltr' id='par_1_14' title="bbox 681 1505 2254 1592">
     <span class='ocr_line' id='line_1_14' title="bbox 681 1505 2254 1592; baseline -0.013 -15"><span class='ocrx_word' id='word_1_104' title='bbox 681 1521 1034 1592; x_wconf 87' lang='lat' dir='ltr'><strong>temptoribus</strong></span> <span class='ocrx_word' id='word_1_105' title='bbox 1077 1518 1194 1588; x_wconf 87' lang='lat' dir='ltr'><strong>pius</strong></span> <span class='ocrx_word' id='word_1_106' title='bbox 1224 1514 1482 1570; x_wconf 87' lang='lat' dir='ltr'><strong>Dominus</strong></span> <span class='ocrx_word' id='word_1_107' title='bbox 1531 1505 1886 1582; x_wconf 67' lang='lat' dir='ltr'><strong>praeparavit)</strong></span> <span class='ocrx_word' id='word_1_108' title='bbox 1918 1519 2096 1560; x_wconf 83' lang='lat' dir='ltr'><strong>sermo</strong></span> <span class='ocrx_word' id='word_1_109' title='bbox 2134 1510 2254 1558; x_wconf 90' lang='lat' dir='ltr'><strong>est:</strong></span> 
     </span>
    </p>
   </div>
   <div class='ocr_carea' id='block_1_15' title="bbox 685 1593 2260 1686">
    <p class='ocr_par' dir='ltr' id='par_1_15' title="bbox 685 1593 2260 1686">
     <span class='ocr_line' id='line_1_15' title="bbox 685 1593 2260 1686; baseline -0.015 -16"><span class='ocrx_word' id='word_1_110' title='bbox 685 1614 811 1686; x_wconf 92' lang='lat' dir='ltr'><strong>quid</strong></span> <span class='ocrx_word' id='word_1_111' title='bbox 841 1614 909 1669; x_wconf 91' lang='lat' dir='ltr'><strong>de</strong></span> <span class='ocrx_word' id='word_1_112' title='bbox 938 1614 1017 1668; x_wconf 92' lang='lat' dir='ltr'><strong>eis</strong></span> <span class='ocrx_word' id='word_1_113' title='bbox 1046 1621 1104 1665; x_wconf 85' lang='lat' dir='ltr'><strong>tit</strong></span> <span class='ocrx_word' id='word_1_114' title='bbox 1134 1607 1386 1665; x_wconf 76' lang='lat' dir='ltr'><strong>coiivenit</strong></span> <span class='ocrx_word' id='word_1_115' title='bbox 1418 1605 1698 1659; x_wconf 84' lang='lat' dir='ltr'><strong>disseram.</strong></span> <span class='ocrx_word' id='word_1_116' title='bbox 1729 1600 1824 1656; x_wconf 78' lang='lat' dir='ltr'><strong>Va:</strong></span> <span class='ocrx_word' id='word_1_117' title='bbox 1861 1613 1941 1653; x_wconf 62' lang='lat' dir='ltr'><strong>vae</strong></span> <span class='ocrx_word' id='word_1_118' title='bbox 1977 1596 2130 1652; x_wconf 81' lang='lat' dir='ltr'><strong>vobis</strong></span> <span class='ocrx_word' id='word_1_119' title='bbox 2168 1593 2260 1664; x_wconf 85' lang='lat' dir='ltr'><strong>qui</strong></span> 
     </span>
    </p>
   </div>
   <div class='ocr_carea' id='block_1_16' title="bbox 683 1685 2257 1771">
    <p class='ocr_par' dir='ltr' id='par_1_16' title="bbox 683 1685 2257 1771">
     <span class='ocr_line' id='line_1_16' title="bbox 683 1685 2257 1771; baseline -0.015 -11"><span class='ocrx_word' id='word_1_120' title='bbox 683 1685 750 1760; x_wconf 85' lang='lat' dir='ltr'><strong>ad</strong></span> <span class='ocrx_word' id='word_1_121' title='bbox 776 1706 1024 1760; x_wconf 71' lang='lat' dir='ltr'><strong>cazlorum</strong></span> <span class='ocrx_word' id='word_1_122' title='bbox 1049 1713 1210 1771; x_wconf 88' lang='lat' dir='ltr'><strong>regna</strong></span> <span class='ocrx_word' id='word_1_123' title='bbox 1233 1697 1536 1752; x_wconf 78' lang='lat' dir='ltr'><strong>divitiarum</strong></span> <span class='ocrx_word' id='word_1_124' title='bbox 1578 1692 1767 1747; x_wconf 86' lang='lat' dir='ltr'><strong>itinere</strong></span> <span class='ocrx_word' id='word_1_125' title='bbox 1789 1687 2050 1763; x_wconf 78' lang='lat' dir='ltr'><strong>festinatis</strong></span> <span class='ocrx_word' id='word_1_126' title='bbox 2068 1685 2093 1739; x_wconf 82' lang='lat'><strong>?</strong></span> <span class='ocrx_word' id='word_1_127' title='bbox 2112 1685 2257 1752; x_wconf 56' lang='lat' dir='ltr'><strong>Quo.</strong></span> 
     </span>
    </p>
   </div>
   <div class='ocr_carea' id='block_1_17' title="bbox 686 1779 2258 1851">
    <p class='ocr_par' dir='ltr' id='par_1_17' title="bbox 686 1779 2258 1851">
     <span class='ocr_line' id='line_1_17' title="bbox 686 1779 2258 1851; baseline -0.014 -1"><span class='ocrx_word' id='word_1_128' title='bbox 686 1795 829 1850; x_wconf 90' lang='lat' dir='ltr'><strong>niam</strong></span> <span class='ocrx_word' id='word_1_129' title='bbox 859 1792 1064 1847; x_wconf 81' lang='lat' dir='ltr'><strong>facilius</strong></span> <span class='ocrx_word' id='word_1_130' title='bbox 1085 1797 1168 1844; x_wconf 92' lang='lat' dir='ltr'><strong>est</strong></span> <span class='ocrx_word' id='word_1_131' title='bbox 1188 1786 1414 1842; x_wconf 91' lang='lat' dir='ltr'><strong>transire</strong></span> <span class='ocrx_word' id='word_1_132' title='bbox 1437 1782 1702 1840; x_wconf 89' lang='lat' dir='ltr'><strong>camclum</strong></span> <span class='ocrx_word' id='word_1_133' title='bbox 1726 1795 1818 1851; x_wconf 90' lang='lat' dir='ltr'><strong>per</strong></span> <span class='ocrx_word' id='word_1_134' title='bbox 1841 1779 2078 1834; x_wconf 81' lang='lat' dir='ltr'><strong>foramen</strong></span> <span class='ocrx_word' id='word_1_135' title='bbox 2109 1790 2258 1840; x_wconf 90' lang='lat' dir='ltr'><strong>acus,</strong></span> 
     </span>
    </p>
   </div>
   <div class='ocr_carea' id='block_1_18' title="bbox 690 1868 2263 1958">
    <p class='ocr_par' dir='ltr' id='par_1_18' title="bbox 690 1868 2263 1958">
     <span class='ocr_line' id='line_1_18' title="bbox 690 1868 2263 1958; baseline -0.014 -16"><span class='ocrx_word' id='word_1_136' title='bbox 690 1901 848 1958; x_wconf 91' lang='lat' dir='ltr'><strong>quam</strong></span> <span class='ocrx_word' id='word_1_137' title='bbox 881 1884 1100 1940; x_wconf 90' lang='lat' dir='ltr'><strong>divitem</strong></span> <span class='ocrx_word' id='word_1_138' title='bbox 1130 1881 1334 1936; x_wconf 89' lang='lat' dir='ltr'><strong>intrare</strong></span> <span class='ocrx_word' id='word_1_139' title='bbox 1375 1879 1426 1931; x_wconf 92' lang='lat' dir='ltr'><strong>in</strong></span> <span class='ocrx_word' id='word_1_140' title='bbox 1453 1889 1673 1946; x_wconf 88' lang='lat' dir='ltr'><strong>regnum</strong></span> <span class='ocrx_word' id='word_1_141' title='bbox 1699 1873 1975 1927; x_wconf 67' lang='lat' dir='ltr'><strong>czelorum.</strong></span> <span class='ocrx_word' id='word_1_142' title='bbox 2005 1868 2119 1923; x_wconf 86' lang='lat' dir='ltr'><strong>Non</strong></span> <span class='ocrx_word' id='word_1_143' title='bbox 2147 1881 2263 1921; x_wconf 90' lang='lat' dir='ltr'><strong>mea</strong></span> 
     </span>
    </p>
   </div>
   <div class='ocr_carea' id='block_1_19' title="bbox 690 1959 2268 2036">
    <p class='ocr_par' dir='ltr' id='par_1_19' title="bbox 690 1959 2268 2036">
     <span class='ocr_line' id='line_1_19' title="bbox 690 1959 2268 2036; baseline -0.014 -3"><span class='ocrx_word' id='word_1_144' title='bbox 690 1987 813 2033; x_wconf 88' lang='lat' dir='ltr'><strong>sunt</strong></span> <span class='ocrx_word' id='word_1_145' title='bbox 843 1977 960 2031; x_wconf 63' lang='lat' dir='ltr'><strong>haec</strong></span> <span class='ocrx_word' id='word_1_146' title='bbox 1001 1973 1195 2036; x_wconf 91' lang='lat' dir='ltr'><strong>verba,</strong></span> <span class='ocrx_word' id='word_1_147' title='bbox 1237 1971 1330 2026; x_wconf 92' lang='lat' dir='ltr'><strong>sed</strong></span> <span class='ocrx_word' id='word_1_148' title='bbox 1361 1967 1579 2024; x_wconf 89' lang='lat' dir='ltr'><strong>Christi.</strong></span> <span class='ocrx_word' id='word_1_149' title='bbox 1607 1964 1663 2021; x_wconf 89' lang='lat' dir='ltr'><strong>Si</strong></span> <span class='ocrx_word' id='word_1_150' title='bbox 1695 1964 1810 2019; x_wconf 70' lang='lat' dir='ltr'><strong>hare</strong></span> <span class='ocrx_word' id='word_1_151' title='bbox 1846 1959 2162 2018; x_wconf 86' lang='lat' dir='ltr'><strong>revocabilis</strong></span> <span class='ocrx_word' id='word_1_152' title='bbox 2185 1965 2268 2012; x_wconf 85' lang='lat' dir='ltr'><strong>est</strong></span> 
     </span>
    </p>
   </div>
   <div class='ocr_carea' id='block_1_20' title="bbox 690 2048 2264 2130">
    <p class='ocr_par' dir='ltr' id='par_1_20' title="bbox 690 2048 2264 2130">
     <span class='ocr_line' id='line_1_20' title="bbox 690 2048 2264 2130; baseline -0.013 -8"><span class='ocrx_word' id='word_1_153' title='bbox 690 2066 975 2130; x_wconf 89' lang='lat' dir='ltr'><strong>sententia,</strong></span> <span class='ocrx_word' id='word_1_154' title='bbox 995 2061 1240 2119; x_wconf 88' lang='lat' dir='ltr'><strong>Christus</strong></span> <span class='ocrx_word' id='word_1_155' title='bbox 1255 2059 1474 2115; x_wconf 89' lang='lat' dir='ltr'><strong>omnino</strong></span> <span class='ocrx_word' id='word_1_156' title='bbox 1491 2071 1596 2111; x_wconf 90' lang='lat' dir='ltr'><strong>non</strong></span> <span class='ocrx_word' id='word_1_157' title='bbox 1613 2063 1694 2110; x_wconf 90' lang='lat' dir='ltr'><strong>est</strong></span> <span class='ocrx_word' id='word_1_158' title='bbox 1713 2054 1870 2108; x_wconf 89' lang='lat' dir='ltr'><strong>Deus.</strong></span> <span class='ocrx_word' id='word_1_159' title='bbox 1895 2050 2104 2118; x_wconf 66' lang='lat' dir='ltr'><strong>Cretum,</strong></span> <span class='ocrx_word' id='word_1_160' title='bbox 2123 2048 2264 2104; x_wconf 89' lang='lat' dir='ltr'><strong>idem</strong></span> 
     </span>
    </p>
   </div>
   <div class='ocr_carea' id='block_1_21' title="bbox 693 2147 2265 2228">
    <p class='ocr_par' dir='ltr' id='par_1_21' title="bbox 693 2147 2265 2228">
     <span class='ocr_line' id='line_1_21' title="bbox 693 2147 2265 2228; baseline -0.01 -17"><span class='ocrx_word' id='word_1_161' title='bbox 693 2158 878 2228; x_wconf 89' lang='lat' dir='ltr'><strong>inquit,</strong></span> <span class='ocrx_word' id='word_1_162' title='bbox 901 2165 945 2209; x_wconf 83' lang='lat' dir='ltr'><strong>et</strong></span> <span class='ocrx_word' id='word_1_163' title='bbox 968 2165 1102 2208; x_wconf 82' lang='lat' dir='ltr'><strong>terra</strong></span> <span class='ocrx_word' id='word_1_164' title='bbox 1129 2151 1408 2206; x_wconf 76' lang='lat' dir='ltr'><strong>transibunt</strong></span> <span class='ocrx_word' id='word_1_165' title='bbox 1431 2166 1450 2203; x_wconf 93' lang='lat'><strong><em>:</em></strong></span> <span class='ocrx_word' id='word_1_166' title='bbox 1470 2147 1617 2202; x_wconf 83' lang='lat' dir='ltr'><strong>verba</strong></span> <span class='ocrx_word' id='word_1_167' title='bbox 1641 2155 1809 2201; x_wconf 80' lang='lat' dir='ltr'><strong>autem</strong></span> <span class='ocrx_word' id='word_1_168' title='bbox 1830 2161 1940 2198; x_wconf 88' lang='lat' dir='ltr'><strong>mea</strong></span> <span class='ocrx_word' id='word_1_169' title='bbox 1973 2159 2072 2196; x_wconf 81' lang='lat' dir='ltr'><strong>non</strong></span> <span class='ocrx_word' id='word_1_170' title='bbox 2099 2151 2265 2196; x_wconf 76' lang='lat' dir='ltr'><strong>trans-</strong></span> 
     </span>
    </p>
   </div>
   <div class='ocr_carea' id='block_1_22' title="bbox 693 2234 2264 2311">
    <p class='ocr_par' dir='ltr' id='par_1_22' title="bbox 693 2234 2264 2311">
     <span class='ocr_line' id='line_1_22' title="bbox 693 2234 2264 2311; baseline -0.01 -8"><span class='ocrx_word' id='word_1_171' title='bbox 693 2249 856 2303; x_wconf 77' lang='lat' dir='ltr'><strong>ibunt.</strong></span> <span class='ocrx_word' id='word_1_172' title='bbox 888 2247 1103 2302; x_wconf 87' lang='lat' dir='ltr'><strong>Ulutate</strong></span> <span class='ocrx_word' id='word_1_173' title='bbox 1142 2258 1274 2311; x_wconf 87' lang='lat' dir='ltr'><strong>vos,</strong></span> <span class='ocrx_word' id='word_1_174' title='bbox 1307 2257 1340 2298; x_wconf 93' lang='grc' dir='ltr'><strong>ο</strong></span> <span class='ocrx_word' id='word_1_175' title='bbox 1376 2241 1589 2306; x_wconf 87' lang='lat' dir='ltr'><strong>miseri,</strong></span> <span class='ocrx_word' id='word_1_176' title='bbox 1624 2254 1816 2294; x_wconf 90' lang='lat' dir='ltr'><strong>nomen</strong></span> <span class='ocrx_word' id='word_1_177' title='bbox 1857 2235 2117 2291; x_wconf 86' lang='lat' dir='ltr'><strong>instabilis</strong></span> <span class='ocrx_word' id='word_1_178' title='bbox 2151 2234 2264 2289; x_wconf 90' lang='lat' dir='ltr'><strong>for-</strong></span> 
     </span>
    </p>
   </div>
   <div class='ocr_carea' id='block_1_23' title="bbox 694 2326 2269 2407">
    <p class='ocr_par' dir='ltr' id='par_1_23' title="bbox 694 2326 2269 2407">
     <span class='ocr_line' id='line_1_23' title="bbox 694 2326 2269 2407; baseline -0.011 -10"><span class='ocrx_word' id='word_1_179' title='bbox 694 2351 858 2406; x_wconf 60' lang='lat' dir='ltr'><strong>tunat,</strong></span> <span class='ocrx_word' id='word_1_180' title='bbox 887 2338 1095 2395; x_wconf 88' lang='lat' dir='ltr'><strong>nobiles</strong></span> <span class='ocrx_word' id='word_1_181' title='bbox 1114 2345 1169 2393; x_wconf 90' lang='lat' dir='ltr'><strong>et</strong></span> <span class='ocrx_word' id='word_1_182' title='bbox 1197 2344 1477 2407; x_wconf 87' lang='lat' dir='ltr'><strong>potentes,</strong></span> <span class='ocrx_word' id='word_1_183' title='bbox 1519 2333 1608 2403; x_wconf 89' lang='lat' dir='ltr'><strong>qui</strong></span> <span class='ocrx_word' id='word_1_184' title='bbox 1651 2331 1786 2386; x_wconf 90' lang='lat' dir='ltr'><strong>alios</strong></span> <span class='ocrx_word' id='word_1_185' title='bbox 1826 2326 2180 2393; x_wconf 82' lang='lat' dir='ltr'><strong>confunditis,</strong></span> <span class='ocrx_word' id='word_1_186' title='bbox 2212 2335 2269 2381; x_wconf 91' lang='lat' dir='ltr'><strong>ct</strong></span> 
     </span>
    </p>
   </div>
   <div class='ocr_carea' id='block_1_24' title="bbox 697 2419 2274 2504">
    <p class='ocr_par' dir='ltr' id='par_1_24' title="bbox 697 2419 2274 2504">
     <span class='ocr_line' id='line_1_24' title="bbox 697 2419 2274 2504; baseline -0.01 -16"><span class='ocrx_word' id='word_1_187' title='bbox 697 2441 948 2504; x_wconf 86' lang='lat' dir='ltr'><strong>tanquam</strong></span> <span class='ocrx_word' id='word_1_188' title='bbox 973 2429 1233 2502; x_wconf 88' lang='lat' dir='ltr'><strong>ignobiles</strong></span> <span class='ocrx_word' id='word_1_189' title='bbox 1253 2424 1584 2484; x_wconf 90' lang='lat' dir='ltr'><strong>conculcatis</strong></span> <span class='ocrx_word' id='word_1_190' title='bbox 1609 2441 1622 2478; x_wconf 89' lang='lat'><strong>:</strong></span> <span class='ocrx_word' id='word_1_191' title='bbox 1647 2423 1769 2494; x_wconf 89' lang='lat' dir='ltr'><strong>quia</strong></span> <span class='ocrx_word' id='word_1_192' title='bbox 1792 2422 1949 2494; x_wconf 87' lang='lat' dir='ltr'><strong>hujus</strong></span> <span class='ocrx_word' id='word_1_193' title='bbox 1977 2419 2158 2476; x_wconf 88' lang='lat' dir='ltr'><strong>mundi</strong></span> <span class='ocrx_word' id='word_1_194' title='bbox 2181 2419 2274 2473; x_wconf 82' lang='lat' dir='ltr'><strong>ho-</strong></span> 
     </span>
    </p>
   </div>
   <div class='ocr_carea' id='block_1_25' title="bbox 697 2515 2267 2596">
    <p class='ocr_par' dir='ltr' id='par_1_25' title="bbox 697 2515 2267 2596">
     <span class='ocr_line' id='line_1_25' title="bbox 697 2515 2267 2596; baseline -0.01 -14"><span class='ocrx_word' id='word_1_195' title='bbox 697 2541 888 2582; x_wconf 90' lang='lat' dir='ltr'><strong>norum</strong></span> <span class='ocrx_word' id='word_1_196' title='bbox 927 2535 978 2580; x_wconf 85' lang='lat' dir='ltr'><strong>et</strong></span> <span class='ocrx_word' id='word_1_197' title='bbox 1022 2525 1275 2596; x_wconf 13' lang='lat' dir='ltr'><strong>falsarum.</strong></span> <span class='ocrx_word' id='word_1_198' title='bbox 1300 2522 1615 2592; x_wconf 77' lang='lat' dir='ltr'><strong>dignitatum</strong></span> <span class='ocrx_word' id='word_1_199' title='bbox 1652 2518 1810 2574; x_wconf 90' lang='lat' dir='ltr'><strong>fumis</strong></span> <span class='ocrx_word' id='word_1_200' title='bbox 1837 2515 2112 2580; x_wconf 89' lang='lat' dir='ltr'><strong>obcaecati,</strong></span> <span class='ocrx_word' id='word_1_201' title='bbox 2146 2527 2267 2569; x_wconf 90' lang='lat' dir='ltr'><strong>cum</strong></span> 
     </span>
    </p>
   </div>
   <div class='ocr_carea' id='block_1_26' title="bbox 697 2597 2282 2676">
    <p class='ocr_par' dir='ltr' id='par_1_26' title="bbox 697 2597 2282 2676">
     <span class='ocr_line' id='line_1_26' title="bbox 697 2597 2282 2676; baseline -0.009 -5"><span class='ocrx_word' id='word_1_202' title='bbox 697 2627 889 2674; x_wconf 73' lang='lat' dir='ltr'><strong>vestra:</strong></span> <span class='ocrx_word' id='word_1_203' title='bbox 918 2616 1038 2670; x_wconf 75' lang='lat' dir='ltr'><strong>vita:</strong></span> <span class='ocrx_word' id='word_1_204' title='bbox 1064 2614 1395 2671; x_wconf 78' lang='lat' dir='ltr'><strong>brevissima:</strong></span> <span class='ocrx_word' id='word_1_205' title='bbox 1423 2613 1524 2668; x_wconf 88' lang='lat' dir='ltr'><strong>tela</strong></span> <span class='ocrx_word' id='word_1_206' title='bbox 1554 2627 1584 2667; x_wconf 90' lang='lat' dir='ltr'><strong>a</strong></span> <span class='ocrx_word' id='word_1_207' title='bbox 1612 2619 1783 2666; x_wconf 90' lang='lat' dir='ltr'><strong>morte</strong></span> <span class='ocrx_word' id='word_1_208' title='bbox 1809 2608 1954 2665; x_wconf 90' lang='lat' dir='ltr'><strong>velut</strong></span> <span class='ocrx_word' id='word_1_209' title='bbox 1979 2621 2007 2661; x_wconf 91' lang='lat' dir='ltr'><strong>a</strong></span> <span class='ocrx_word' id='word_1_210' title='bbox 2033 2597 2282 2676; x_wconf 67' lang='lat' dir='ltr'><strong>texente,</strong></span> 
     </span>
    </p>
   </div>
   <div class='ocr_carea' id='block_1_27' title="bbox 699 2691 2272 2773">
    <p class='ocr_par' dir='ltr' id='par_1_27' title="bbox 699 2691 2272 2773">
     <span class='ocr_line' id='line_1_27' title="bbox 699 2691 2272 2773; baseline -0.01 -9"><span class='ocrx_word' id='word_1_211' title='bbox 699 2708 838 2764; x_wconf 78' lang='lat' dir='ltr'><strong>forte</strong></span> <span class='ocrx_word' id='word_1_212' title='bbox 866 2707 964 2762; x_wconf 91' lang='lat' dir='ltr'><strong>hac</strong></span> <span class='ocrx_word' id='word_1_213' title='bbox 992 2716 1150 2762; x_wconf 90' lang='lat' dir='ltr'><strong>nocte</strong></span> <span class='ocrx_word' id='word_1_214' title='bbox 1169 2746 1185 2773; x_wconf 97' lang='lat'><strong>,</strong></span> <span class='ocrx_word' id='word_1_215' title='bbox 1212 2702 1550 2759; x_wconf 89' lang='lat' dir='ltr'><strong>suceidetur:</strong></span> <span class='ocrx_word' id='word_1_216' title='bbox 1583 2702 1637 2756; x_wconf 91' lang='lat' dir='ltr'><strong>in</strong></span> <span class='ocrx_word' id='word_1_217' title='bbox 1669 2699 1883 2755; x_wconf 88' lang='lat' dir='ltr'><strong>luferno</strong></span> <span class='ocrx_word' id='word_1_218' title='bbox 1905 2697 2011 2753; x_wconf 84' lang='lat' dir='ltr'><strong>fine</strong></span> <span class='ocrx_word' id='word_1_219' title='bbox 2036 2691 2272 2751; x_wconf 85' lang='lat' dir='ltr'><strong>intermi-</strong></span> 
     </span>
    </p>
   </div>
   <div class='ocr_carea' id='block_1_28' title="bbox 699 2785 2180 2866">
    <p class='ocr_par' dir='ltr' id='par_1_28' title="bbox 699 2785 2180 2866">
     <span class='ocr_line' id='line_1_28' title="bbox 699 2785 2180 2866; baseline -0.008 -15"><span class='ocrx_word' id='word_1_220' title='bbox 699 2797 863 2851; x_wconf 91' lang='lat' dir='ltr'><strong>nabili</strong></span> <span class='ocrx_word' id='word_1_221' title='bbox 890 2811 1001 2866; x_wconf 68' lang='lat' dir='ltr'><strong>prae</strong></span> <span class='ocrx_word' id='word_1_222' title='bbox 1030 2795 1151 2850; x_wconf 92' lang='lat' dir='ltr'><strong>aliis</strong></span> <span class='ocrx_word' id='word_1_223' title='bbox 1180 2791 1572 2858; x_wconf 78' lang='lat' dir='ltr'><strong>cruciahimini,</strong></span> <span class='ocrx_word' id='word_1_224' title='bbox 1605 2790 1855 2845; x_wconf 87' lang='lat' dir='ltr'><strong>continue</strong></span> <span class='ocrx_word' id='word_1_225' title='bbox 1883 2785 2180 2842; x_wconf 91' lang='lat' dir='ltr'><strong>moriendo.</strong></span> 
     </span>
    </p>
   </div>
   <div class='ocr_carea' id='block_1_29' title="bbox 738 2869 2272 2942">
    <p class='ocr_par' dir='ltr' id='par_1_29' title="bbox 738 2869 2272 2942">
     <span class='ocr_line' id='line_1_29' title="bbox 738 2869 2272 2942; baseline -0.008 -1"><span class='ocrx_word' id='word_1_226' title='bbox 738 2888 868 2941; x_wconf 78' lang='lat' dir='ltr'><strong>CAP.</strong></span> <span class='ocrx_word' id='word_1_227' title='bbox 884 2885 1003 2940; x_wconf 79' lang='lat' dir='ltr'><strong>XX.</strong></span> <span class='ocrx_word' id='word_1_228' title='bbox 1023 2880 1271 2940; x_wconf 76' lang='lat' dir='ltr'><strong>Viventes</strong></span> <span class='ocrx_word' id='word_1_229' title='bbox 1291 2883 1342 2936; x_wconf 91' lang='lat' dir='ltr'><strong>in</strong></span> <span class='ocrx_word' id='word_1_230' title='bbox 1362 2869 1631 2936; x_wconf 86' lang='lat' dir='ltr'><strong>laboribus</strong></span> <span class='ocrx_word' id='word_1_231' title='bbox 1646 2878 1943 2942; x_wconf 89' lang='lat' dir='ltr'><strong>hominum,</strong></span> <span class='ocrx_word' id='word_1_232' title='bbox 1967 2875 2145 2930; x_wconf 90' lang='lat' dir='ltr'><strong>mundi</strong></span> <span class='ocrx_word' id='word_1_233' title='bbox 2169 2889 2272 2928; x_wconf 88' lang='lat' dir='ltr'><strong>non</strong></span> 
     </span>
    </p>
   </div>
   <div class='ocr_carea' id='block_1_30' title="bbox 698 2967 2273 3034">
    <p class='ocr_par' dir='ltr' id='par_1_30' title="bbox 698 2967 2273 3034">
     <span class='ocr_line' id='line_1_30' title="bbox 698 2967 2273 3034; baseline -0.009 0"><span class='ocrx_word' id='word_1_234' title='bbox 698 2979 829 3034; x_wconf 89' lang='lat' dir='ltr'><strong>estis</strong></span> <span class='ocrx_word' id='word_1_235' title='bbox 855 2993 871 3034; x_wconf 93' lang='lat'><strong>:</strong></span> <span class='ocrx_word' id='word_1_236' title='bbox 899 2977 1005 3031; x_wconf 90' lang='lat' dir='ltr'><strong>imo</strong></span> <span class='ocrx_word' id='word_1_237' title='bbox 1029 2990 1149 3031; x_wconf 91' lang='lat' dir='ltr'><strong>cum</strong></span> <span class='ocrx_word' id='word_1_238' title='bbox 1174 2967 1480 3029; x_wconf 86' lang='lat' dir='ltr'><strong>hominibus</strong></span> <span class='ocrx_word' id='word_1_239' title='bbox 1496 2988 1601 3028; x_wconf 91' lang='lat' dir='ltr'><strong>non</strong></span> <span class='ocrx_word' id='word_1_240' title='bbox 1621 2971 1792 3027; x_wconf 87' lang='lat' dir='ltr'><strong>solum</strong></span> <span class='ocrx_word' id='word_1_241' title='bbox 1814 2970 2026 3024; x_wconf 87' lang='lat' dir='ltr'><strong>labores</strong></span> <span class='ocrx_word' id='word_1_242' title='bbox 2047 2983 2151 3021; x_wconf 87' lang='lat' dir='ltr'><strong>non</strong></span> <span class='ocrx_word' id='word_1_243' title='bbox 2170 2967 2273 3020; x_wconf 80' lang='lat' dir='ltr'><strong>fer-</strong></span> 
     </span>
    </p>
   </div>
   <div class='ocr_carea' id='block_1_31' title="bbox 699 3059 2273 3135">
    <p class='ocr_par' dir='ltr' id='par_1_31' title="bbox 699 3059 2273 3135">
     <span class='ocr_line' id='line_1_31' title="bbox 699 3059 2273 3135; baseline -0.009 -11"><span class='ocrx_word' id='word_1_244' title='bbox 699 3069 788 3135; x_wconf 87' lang='lat' dir='ltr'><strong>tis,</strong></span> <span class='ocrx_word' id='word_1_245' title='bbox 810 3067 902 3124; x_wconf 89' lang='lat' dir='ltr'><strong>sed</strong></span> <span class='ocrx_word' id='word_1_246' title='bbox 921 3067 1225 3122; x_wconf 88' lang='lat' dir='ltr'><strong>laborantes</strong></span> <span class='ocrx_word' id='word_1_247' title='bbox 1243 3065 1420 3120; x_wconf 81' lang='lat' dir='ltr'><strong>vivere</strong></span> <span class='ocrx_word' id='word_1_248' title='bbox 1443 3078 1548 3118; x_wconf 92' lang='lat' dir='ltr'><strong>non</strong></span> <span class='ocrx_word' id='word_1_249' title='bbox 1575 3062 1916 3133; x_wconf 86' lang='lat' dir='ltr'><strong>permittitis:</strong></span> <span class='ocrx_word' id='word_1_250' title='bbox 1947 3059 2143 3113; x_wconf 82' lang='lat' dir='ltr'><strong>idcirco</strong></span> <span class='ocrx_word' id='word_1_251' title='bbox 2169 3072 2273 3111; x_wconf 91' lang='lat' dir='ltr'><strong>non</strong></span> 
     </span>
    </p>
   </div>
   <div class='ocr_carea' id='block_1_32' title="bbox 700 3149 2273 3226">
    <p class='ocr_par' dir='ltr' id='par_1_32' title="bbox 700 3149 2273 3226">
     <span class='ocr_line' id='line_1_32' title="bbox 700 3149 2273 3226; baseline -0.011 -9"><span class='ocrx_word' id='word_1_252' title='bbox 700 3177 825 3217; x_wconf 89' lang='lat' dir='ltr'><strong>eum</strong></span> <span class='ocrx_word' id='word_1_253' title='bbox 865 3159 1208 3226; x_wconf 90' lang='lat' dir='ltr'><strong>hominibus,</strong></span> <span class='ocrx_word' id='word_1_254' title='bbox 1265 3157 1359 3213; x_wconf 91' lang='lat' dir='ltr'><strong>sed</strong></span> <span class='ocrx_word' id='word_1_255' title='bbox 1410 3171 1531 3212; x_wconf 90' lang='lat' dir='ltr'><strong>cum</strong></span> <span class='ocrx_word' id='word_1_256' title='bbox 1580 3154 1808 3210; x_wconf 86' lang='lat' dir='ltr'><strong>diabolis</strong></span> <span class='ocrx_word' id='word_1_257' title='bbox 1855 3149 2273 3222; x_wconf 85' lang='lat' dir='ltr'><strong>flagellabimiui.</strong></span> 
     </span>
    </p>
   </div>
   <div class='ocr_carea' id='block_1_33' title="bbox 702 3239 2278 3321">
    <p class='ocr_par' dir='ltr' id='par_1_33' title="bbox 702 3239 2278 3321">
     <span class='ocr_line' id='line_1_33' title="bbox 702 3239 2278 3321; baseline -0.01 -15"><span class='ocrx_word' id='word_1_258' title='bbox 702 3253 914 3321; x_wconf 86' lang='lat' dir='ltr'><strong>Quanto</strong></span> <span class='ocrx_word' id='word_1_259' title='bbox 941 3251 1083 3307; x_wconf 91' lang='lat' dir='ltr'><strong>enim</strong></span> <span class='ocrx_word' id='word_1_260' title='bbox 1113 3250 1166 3304; x_wconf 92' lang='lat' dir='ltr'><strong>in</strong></span> <span class='ocrx_word' id='word_1_261' title='bbox 1195 3247 1392 3303; x_wconf 92' lang='lat' dir='ltr'><strong>mundo</strong></span> <span class='ocrx_word' id='word_1_262' title='bbox 1423 3246 1593 3316; x_wconf 89' lang='lat' dir='ltr'><strong>major</strong></span> <span class='ocrx_word' id='word_1_263' title='bbox 1620 3245 1719 3299; x_wconf 92' lang='lat' dir='ltr'><strong>fuit</strong></span> <span class='ocrx_word' id='word_1_264' title='bbox 1747 3243 1912 3314; x_wconf 87' lang='lat' dir='ltr'><strong>gloria</strong></span> <span class='ocrx_word' id='word_1_265' title='bbox 1933 3282 1949 3308; x_wconf 95' lang='lat'><strong>,</strong></span> <span class='ocrx_word' id='word_1_266' title='bbox 1979 3249 2032 3298; x_wconf 92' lang='lat' dir='ltr'><strong>et</strong></span> <span class='ocrx_word' id='word_1_267' title='bbox 2063 3239 2240 3295; x_wconf 66' lang='lat' dir='ltr'><strong>laetitia</strong></span> <span class='ocrx_word' id='word_1_268' title='bbox 2261 3279 2278 3305; x_wconf 95' lang='lat'><strong>,</strong></span> 
     </span>
    </p>
   </div>
   <div class='ocr_carea' id='block_1_34' title="bbox 705 3329 2281 3411">
    <p class='ocr_par' dir='ltr' id='par_1_34' title="bbox 705 3329 2281 3411">
     <span class='ocr_line' id='line_1_34' title="bbox 705 3329 2281 3411; baseline -0.008 -14"><span class='ocrx_word' id='word_1_269' title='bbox 705 3353 854 3397; x_wconf 89' lang='lat' dir='ltr'><strong>lauto</strong></span> <span class='ocrx_word' id='word_1_270' title='bbox 894 3341 1065 3411; x_wconf 86' lang='lat' dir='ltr'><strong>major</strong></span> <span class='ocrx_word' id='word_1_271' title='bbox 1107 3340 1159 3394; x_wconf 93' lang='lat' dir='ltr'><strong>in</strong></span> <span class='ocrx_word' id='word_1_272' title='bbox 1192 3339 1400 3396; x_wconf 90' lang='lat' dir='ltr'><strong>inferno</strong></span> <span class='ocrx_word' id='word_1_273' title='bbox 1429 3345 1762 3408; x_wconf 62' lang='lat' dir='ltr'><strong>pra‘paratur</strong></span> <span class='ocrx_word' id='word_1_274' title='bbox 1791 3347 1966 3404; x_wconf 75' lang='lat' dir='ltr'><strong>poena.</strong></span> <span class='ocrx_word' id='word_1_275' title='bbox 2011 3331 2116 3386; x_wconf 88' lang='lat' dir='ltr'><strong>Sed</strong></span> <span class='ocrx_word' id='word_1_276' title='bbox 2155 3329 2281 3401; x_wconf 90' lang='lat' dir='ltr'><strong>quid</strong></span> 
     </span>
    </p>
   </div>
   <div class='ocr_carea' id='block_1_35' title="bbox 704 3421 2286 3494">
    <p class='ocr_par' dir='ltr' id='par_1_35' title="bbox 704 3421 2286 3494">
     <span class='ocr_line' id='line_1_35' title="bbox 704 3421 2286 3494; baseline -0.007 -7"><span class='ocrx_word' id='word_1_277' title='bbox 704 3433 923 3488; x_wconf 87' lang='lat' dir='ltr'><strong>dicam?</strong></span> <span class='ocrx_word' id='word_1_278' title='bbox 955 3429 1247 3485; x_wconf 84' lang='lat' dir='ltr'><strong>Duodecim</strong></span> <span class='ocrx_word' id='word_1_279' title='bbox 1283 3429 1511 3482; x_wconf 90' lang='lat' dir='ltr'><strong>fatemur</strong></span> <span class='ocrx_word' id='word_1_280' title='bbox 1547 3425 1817 3480; x_wconf 83' lang='lat' dir='ltr'><strong>Christum</strong></span> <span class='ocrx_word' id='word_1_281' title='bbox 1851 3422 2137 3494; x_wconf 84' lang='lat' dir='ltr'><strong>Apostolos</strong></span> <span class='ocrx_word' id='word_1_282' title='bbox 2173 3421 2286 3476; x_wconf 88' lang='lat' dir='ltr'><strong>ele-</strong></span> 
     </span>
    </p>
   </div>
   <div class='ocr_carea' id='block_1_36' title="bbox 707 3514 2283 3594">
    <p class='ocr_par' dir='ltr' id='par_1_36' title="bbox 707 3514 2283 3594">
     <span class='ocr_line' id='line_1_36' title="bbox 707 3514 2283 3594; baseline -0.006 -19"><span class='ocrx_word' id='word_1_283' title='bbox 707 3525 850 3594; x_wconf 86' lang='lat' dir='ltr'><strong>gisse</strong></span> <span class='ocrx_word' id='word_1_284' title='bbox 879 3540 893 3576; x_wconf 88' lang='lat'><strong>:</strong></span> <span class='ocrx_word' id='word_1_285' title='bbox 919 3535 1145 3590; x_wconf 89' lang='lat' dir='ltr'><strong>quorum</strong></span> <span class='ocrx_word' id='word_1_286' title='bbox 1177 3517 1251 3591; x_wconf 91' lang='lat' dir='ltr'><strong>(a)</strong></span> <span class='ocrx_word' id='word_1_287' title='bbox 1281 3517 1516 3572; x_wconf 92' lang='lat' dir='ltr'><strong>omnium</strong></span> <span class='ocrx_word' id='word_1_288' title='bbox 1544 3517 1690 3570; x_wconf 91' lang='lat' dir='ltr'><strong>solus</strong></span> <span class='ocrx_word' id='word_1_289' title='bbox 1715 3514 2134 3570; x_wconf 74' lang='lat' dir='ltr'><strong>Bartholommus</strong></span> <span class='ocrx_word' id='word_1_290' title='bbox 2161 3517 2283 3566; x_wconf 67' lang='lat' dir='ltr'><strong>caro’</strong></span> 
     </span>
    </p>
   </div>
   <div class='ocr_carea' id='block_1_37' title="bbox 710 3605 2289 3685">
    <p class='ocr_par' dir='ltr' id='par_1_37' title="bbox 710 3605 2289 3685">
     <span class='ocr_line' id='line_1_37' title="bbox 710 3605 2289 3685; baseline -0.009 -12"><span class='ocrx_word' id='word_1_291' title='bbox 710 3618 795 3673; x_wconf 87' lang='lat' dir='ltr'><strong>nis</strong></span> <span class='ocrx_word' id='word_1_292' title='bbox 822 3615 1027 3685; x_wconf 89' lang='lat' dir='ltr'><strong>origine</strong></span> <span class='ocrx_word' id='word_1_293' title='bbox 1061 3613 1163 3668; x_wconf 88' lang='lat' dir='ltr'><strong>fuit</strong></span> <span class='ocrx_word' id='word_1_294' title='bbox 1195 3611 1427 3667; x_wconf 87' lang='lat' dir='ltr'><strong>nobilis:</strong></span> <span class='ocrx_word' id='word_1_295' title='bbox 1454 3619 1508 3664; x_wconf 93' lang='lat' dir='ltr'><strong>et</strong></span> <span class='ocrx_word' id='word_1_296' title='bbox 1537 3607 1816 3662; x_wconf 67' lang='lat' dir='ltr'><strong>Mattltatus</strong></span> <span class='ocrx_word' id='word_1_297' title='bbox 1860 3605 2060 3661; x_wconf 84' lang='lat' dir='ltr'><strong>divitiis</strong></span> <span class='ocrx_word' id='word_1_298' title='bbox 2100 3605 2289 3675; x_wconf 80' lang='lat' dir='ltr'><strong>(antc-</strong></span> 
     </span>
    </p>
   </div>
   <div class='ocr_carea' id='block_1_38' title="bbox 710 3696 2288 3781">
    <p class='ocr_par' dir='ltr' id='par_1_38' title="bbox 710 3696 2288 3781">
     <span class='ocr_line' id='line_1_38' title="bbox 710 3696 2288 3781; baseline -0.009 -17"><span class='ocrx_word' id='word_1_299' title='bbox 710 3722 869 3781; x_wconf 89' lang='lat' dir='ltr'><strong>quam</strong></span> <span class='ocrx_word' id='word_1_300' title='bbox 897 3705 1160 3777; x_wconf 86' lang='lat' dir='ltr'><strong>reciperet</strong></span> <span class='ocrx_word' id='word_1_301' title='bbox 1189 3700 1594 3774; x_wconf 84' lang='lat' dir='ltr'><strong>Apostolatum)</strong></span> <span class='ocrx_word' id='word_1_302' title='bbox 1622 3697 1919 3754; x_wconf 89' lang='lat' dir='ltr'><strong>insistebat.</strong></span> <span class='ocrx_word' id='word_1_303' title='bbox 1943 3696 2134 3752; x_wconf 77' lang='lat' dir='ltr'><strong>Cmteri</strong></span> <span class='ocrx_word' id='word_1_304' title='bbox 2161 3709 2288 3751; x_wconf 88' lang='lat' dir='ltr'><strong>vero</strong></span> 
     </span>
    </p>
   </div>
   <div class='ocr_carea' id='block_1_39' title="bbox 714 3787 2289 3869">
    <p class='ocr_par' dir='ltr' id='par_1_39' title="bbox 714 3787 2289 3869">
     <span class='ocr_line' id='line_1_39' title="bbox 714 3787 2289 3869; baseline -0.008 -14"><span class='ocrx_word' id='word_1_305' title='bbox 714 3808 868 3856; x_wconf 91' lang='lat' dir='ltr'><strong>erant</strong></span> <span class='ocrx_word' id='word_1_306' title='bbox 889 3795 1215 3869; x_wconf 89' lang='lat' dir='ltr'><strong>pauperrimi</strong></span> <span class='ocrx_word' id='word_1_307' title='bbox 1249 3794 1561 3866; x_wconf 83' lang='lat' dir='ltr'><strong>piscatores.</strong></span> <span class='ocrx_word' id='word_1_308' title='bbox 1581 3789 1693 3846; x_wconf 92' lang='lat' dir='ltr'><strong>Cur</strong></span> <span class='ocrx_word' id='word_1_309' title='bbox 1708 3789 1824 3845; x_wconf 75' lang='lat' dir='ltr'><strong>lizec</strong></span> <span class='ocrx_word' id='word_1_310' title='bbox 1844 3788 2021 3856; x_wconf 90' lang='lat' dir='ltr'><strong>retuli,</strong></span> <span class='ocrx_word' id='word_1_311' title='bbox 2039 3787 2289 3842; x_wconf 87' lang='lat' dir='ltr'><strong>audiatis.</strong></span> 
     </span>
    </p>
   </div>
   <div class='ocr_carea' id='block_1_40' title="bbox 709 3878 2291 3952">
    <p class='ocr_par' dir='ltr' id='par_1_40' title="bbox 709 3878 2291 3952">
     <span class='ocr_line' id='line_1_40' title="bbox 709 3878 2291 3952; baseline -0.008 -5"><span class='ocrx_word' id='word_1_312' title='bbox 709 3890 764 3947; x_wconf 87' lang='lat' dir='ltr'><strong>Si</strong></span> <span class='ocrx_word' id='word_1_313' title='bbox 795 3890 1041 3946; x_wconf 86' lang='lat' dir='ltr'><strong>Christus</strong></span> <span class='ocrx_word' id='word_1_314' title='bbox 1066 3901 1226 3943; x_wconf 83' lang='lat' dir='ltr'><strong>verax</strong></span> <span class='ocrx_word' id='word_1_315' title='bbox 1256 3894 1372 3952; x_wconf 88' lang='lat' dir='ltr'><strong>est,</strong></span> <span class='ocrx_word' id='word_1_316' title='bbox 1417 3893 1473 3940; x_wconf 90' lang='lat' dir='ltr'><strong>et</strong></span> <span class='ocrx_word' id='word_1_317' title='bbox 1505 3885 1551 3937; x_wconf 88' lang='lat' dir='ltr'><strong>si</strong></span> <span class='ocrx_word' id='word_1_318' title='bbox 1591 3881 1769 3937; x_wconf 88' lang='lat' dir='ltr'><strong>omnia</strong></span> <span class='ocrx_word' id='word_1_319' title='bbox 1799 3896 1919 3952; x_wconf 74' lang='lat' dir='ltr'><strong>qua:</strong></span> <span class='ocrx_word' id='word_1_320' title='bbox 1948 3895 2015 3936; x_wconf 83' lang='lat' dir='ltr'><strong>ex</strong></span> <span class='ocrx_word' id='word_1_321' title='bbox 2051 3893 2144 3934; x_wconf 91' lang='lat' dir='ltr'><strong>ore</strong></span> <span class='ocrx_word' id='word_1_322' title='bbox 2175 3878 2291 3947; x_wconf 89' lang='lat' dir='ltr'><strong>ejus</strong></span> 
     </span>
    </p>
   </div>
   <div class='ocr_carea' id='block_1_41' title="bbox 711 3969 2292 4045">
    <p class='ocr_par' dir='ltr' id='par_1_41' title="bbox 711 3969 2292 4045">
     <span class='ocr_line' id='line_1_41' title="bbox 711 3969 2292 4045; baseline -0.008 -9"><span class='ocrx_word' id='word_1_323' title='bbox 711 3981 910 4045; x_wconf 85' lang='lat' dir='ltr'><strong>audivi,</strong></span> <span class='ocrx_word' id='word_1_324' title='bbox 943 3977 1220 4034; x_wconf 89' lang='lat' dir='ltr'><strong>mendacia</strong></span> <span class='ocrx_word' id='word_1_325' title='bbox 1249 3992 1357 4030; x_wconf 90' lang='lat' dir='ltr'><strong>non</strong></span> <span class='ocrx_word' id='word_1_326' title='bbox 1384 3983 1541 4030; x_wconf 87' lang='lat' dir='ltr'><strong>sunt:</strong></span> <span class='ocrx_word' id='word_1_327' title='bbox 1571 3972 1874 4042; x_wconf 90' lang='lat' dir='ltr'><strong>hujusmodi</strong></span> <span class='ocrx_word' id='word_1_328' title='bbox 1901 3971 2175 4026; x_wconf 87' lang='lat' dir='ltr'><strong>hominum</strong></span> <span class='ocrx_word' id='word_1_329' title='bbox 2203 3969 2292 4025; x_wconf 82' lang='lat' dir='ltr'><strong>vix</strong></span> 
     </span>
    </p>
   </div>
   <div class='ocr_carea' id='block_1_42' title="bbox 716 4052 2293 4138">
    <p class='ocr_par' dir='ltr' id='par_1_42' title="bbox 716 4052 2293 4138">
     <span class='ocr_line' id='line_1_42' title="bbox 716 4052 2293 4138; baseline -0.006 -13"><span class='ocrx_word' id='word_1_330' title='bbox 716 4087 854 4126; x_wconf 82' lang='lat' dir='ltr'><strong>unus</strong></span> <span class='ocrx_word' id='word_1_331' title='bbox 880 4077 1034 4138; x_wconf 88' lang='lat' dir='ltr'><strong>aptus</strong></span> <span class='ocrx_word' id='word_1_332' title='bbox 1063 4082 1230 4138; x_wconf 62' lang='lat' dir='ltr'><strong>regno</strong></span> <span class='ocrx_word' id='word_1_333' title='bbox 1259 4067 1350 4122; x_wconf 89' lang='lat' dir='ltr'><strong>Dei</strong></span> <span class='ocrx_word' id='word_1_334' title='bbox 1390 4064 1659 4120; x_wconf 86' lang='lat' dir='ltr'><strong>invenitur</strong></span> <span class='ocrx_word' id='word_1_335' title='bbox 1700 4063 1769 4119; x_wconf 92' lang='lat' dir='ltr'><strong>de</strong></span> <span class='ocrx_word' id='word_1_336' title='bbox 1807 4063 1974 4118; x_wconf 90' lang='lat' dir='ltr'><strong>mille.</strong></span> <span class='ocrx_word' id='word_1_337' title='bbox 2017 4062 2119 4130; x_wconf 85' lang='lat' dir='ltr'><strong>Qui</strong></span> <span class='ocrx_word' id='word_1_338' title='bbox 2164 4052 2293 4116; x_wconf 87' lang='lat' dir='ltr'><strong>vero</strong></span> 
     </span>
    </p>
   </div>
   <div class='ocr_carea' id='block_1_43' title="bbox 717 4150 2292 4226">
    <p class='ocr_par' dir='ltr' id='par_1_43' title="bbox 717 4150 2292 4226">
     <span class='ocr_line' id='line_1_43' title="bbox 717 4150 2292 4226; baseline -0.008 -10"><span class='ocrx_word' id='word_1_339' title='bbox 717 4174 906 4216; x_wconf 90' lang='lat' dir='ltr'><strong>eorum</strong></span> <span class='ocrx_word' id='word_1_340' title='bbox 947 4157 1077 4213; x_wconf 91' lang='lat' dir='ltr'><strong>mihi</strong></span> <span class='ocrx_word' id='word_1_341' title='bbox 1121 4172 1226 4214; x_wconf 92' lang='lat' dir='ltr'><strong>non</strong></span> <span class='ocrx_word' id='word_1_342' title='bbox 1267 4155 1526 4223; x_wconf 89' lang='lat' dir='ltr'><strong>credunt,</strong></span> <span class='ocrx_word' id='word_1_343' title='bbox 1553 4162 1678 4226; x_wconf 91' lang='lat' dir='ltr'><strong>post</strong></span> <span class='ocrx_word' id='word_1_344' title='bbox 1703 4153 1972 4209; x_wconf 89' lang='lat' dir='ltr'><strong>modicum</strong></span> <span class='ocrx_word' id='word_1_345' title='bbox 1999 4161 2211 4221; x_wconf 89' lang='lat' dir='ltr'><strong>tempus</strong></span> <span class='ocrx_word' id='word_1_346' title='bbox 2237 4150 2292 4204; x_wconf 91' lang='lat' dir='ltr'><strong>in</strong></span> 
     </span>
    </p>
   </div>
   <div class='ocr_carea' id='block_1_44' title="bbox 703 4243 2294 4322">
    <p class='ocr_par' dir='ltr' id='par_1_44' title="bbox 703 4243 2294 4322">
     <span class='ocr_line' id='line_1_44' title="bbox 703 4243 2294 4322; baseline -0.008 -14"><span class='ocrx_word' id='word_1_347' title='bbox 703 4249 996 4308; x_wconf 45' lang='lat' dir='ltr'><strong>sarmentis</strong></span> <span class='ocrx_word' id='word_1_348' title='bbox 1021 4251 1175 4322; x_wconf 86' lang='lat' dir='ltr'><strong>positi</strong></span> <span class='ocrx_word' id='word_1_349' title='bbox 1202 4249 1454 4306; x_wconf 86' lang='lat' dir='ltr'><strong>sentient.</strong></span> <span class='ocrx_word' id='word_1_350' title='bbox 1483 4247 1589 4304; x_wconf 90' lang='lat' dir='ltr'><strong>Sed</strong></span> <span class='ocrx_word' id='word_1_351' title='bbox 1631 4247 1768 4302; x_wconf 90' lang='lat' dir='ltr'><strong>forte</strong></span> <span class='ocrx_word' id='word_1_352' title='bbox 1794 4245 1914 4317; x_wconf 91' lang='lat' dir='ltr'><strong>quis</strong></span> <span class='ocrx_word' id='word_1_353' title='bbox 1947 4243 2188 4299; x_wconf 90' lang='lat' dir='ltr'><strong>veritatis</strong></span> <span class='ocrx_word' id='word_1_354' title='bbox 2215 4243 2294 4296; x_wconf 84' lang='lat' dir='ltr'><strong>lu-</strong></span> 
     </span>
    </p>
   </div>
   <div class='ocr_carea' id='block_1_45' title="bbox 705 4326 2293 4413">
    <p class='ocr_par' dir='ltr' id='par_1_45' title="bbox 705 4326 2293 4413">
     <span class='ocr_line' id='line_1_45' title="bbox 705 4326 2293 4413; baseline -0.008 -13"><span class='ocrx_word' id='word_1_355' title='bbox 705 4346 860 4400; x_wconf 82' lang='lat' dir='ltr'><strong>mine</strong></span> <span class='ocrx_word' id='word_1_356' title='bbox 885 4358 1060 4400; x_wconf 65' lang='lat' dir='ltr'><strong>eiectis</strong></span> <span class='ocrx_word' id='word_1_357' title='bbox 1079 4344 1188 4413; x_wconf 91' lang='lat' dir='ltr'><strong>jam</strong></span> <span class='ocrx_word' id='word_1_358' title='bbox 1217 4341 1514 4398; x_wconf 89' lang='lat' dir='ltr'><strong>mirabitur.</strong></span> <span class='ocrx_word' id='word_1_359' title='bbox 1543 4339 1626 4395; x_wconf 84' lang='lat' dir='ltr'><strong>Ad</strong></span> <span class='ocrx_word' id='word_1_360' title='bbox 1653 4353 1812 4409; x_wconf 91' lang='lat' dir='ltr'><strong>quem</strong></span> <span class='ocrx_word' id='word_1_361' title='bbox 1838 4351 1940 4407; x_wconf 88' lang='lat' dir='ltr'><strong>ego</strong></span> <span class='ocrx_word' id='word_1_362' title='bbox 1959 4376 1975 4402; x_wconf 92' lang='lat'><strong>,</strong></span> <span class='ocrx_word' id='word_1_363' title='bbox 2019 4335 2064 4390; x_wconf 86' lang='lat' dir='ltr'><strong>si</strong></span> <span class='ocrx_word' id='word_1_364' title='bbox 2090 4341 2159 4389; x_wconf 78' lang='lat' dir='ltr'><strong>ex</strong></span> <span class='ocrx_word' id='word_1_365' title='bbox 2189 4326 2293 4389; x_wconf 77' lang='lat' dir='ltr'><strong>hoc</strong></span> 
     </span>
    </p>
   </div>
   <div class='ocr_carea' id='block_1_46' title="bbox 721 4422 2290 4505">
    <p class='ocr_par' dir='ltr' id='par_1_46' title="bbox 721 4422 2290 4505">
     <span class='ocr_line' id='line_1_46' title="bbox 721 4422 2290 4505; baseline -0.01 -13"><span class='ocrx_word' id='word_1_366' title='bbox 721 4448 807 4492; x_wconf 84' lang='lat' dir='ltr'><strong>me</strong></span> <span class='ocrx_word' id='word_1_367' title='bbox 831 4435 1215 4505; x_wconf 86' lang='lat' dir='ltr'><strong>interrogaret,</strong></span> <span class='ocrx_word' id='word_1_368' title='bbox 1254 4430 1636 4502; x_wconf 77' lang='lat' dir='ltr'><strong>responderem</strong></span> <span class='ocrx_word' id='word_1_369' title='bbox 1659 4445 1678 4484; x_wconf 90' lang='lat'><strong><em>:</em></strong></span> <span class='ocrx_word' id='word_1_370' title='bbox 1705 4428 1893 4484; x_wconf 88' lang='lat' dir='ltr'><strong>Nonne</strong></span> <span class='ocrx_word' id='word_1_371' title='bbox 1924 4424 2084 4481; x_wconf 92' lang='lat' dir='ltr'><strong>unico</strong></span> <span class='ocrx_word' id='word_1_372' title='bbox 2111 4422 2290 4480; x_wconf 88' lang='lat' dir='ltr'><strong>credi-</strong></span> 
     </span>
    </p>
   </div>
   <div class='ocr_carea' id='block_1_47' title="bbox 786 4643 2294 4712">
    <p class='ocr_par' dir='ltr' id='par_1_47' title="bbox 786 4643 2294 4712">
     <span class='ocr_line' id='line_1_47' title="bbox 786 4643 2294 4712; baseline -0.003 -15"><span class='ocrx_word' id='word_1_373' title='bbox 786 4649 858 4712; x_wconf 83' lang='lat' dir='ltr'><strong>(u)</strong></span> <span class='ocrx_word' id='word_1_374' title='bbox 885 4648 1089 4712; x_wconf 64' lang='lat' dir='ltr'><strong>Incerta:</strong></span> <span class='ocrx_word' id='word_1_375' title='bbox 1121 4646 1408 4712; x_wconf 72' lang='lat' dir='ltr'><strong>traditionis,</strong></span> <span class='ocrx_word' id='word_1_376' title='bbox 1449 4646 1554 4695; x_wconf 76' lang='lat' dir='ltr'><strong>hzrc</strong></span> <span class='ocrx_word' id='word_1_377' title='bbox 1596 4649 1709 4712; x_wconf 79' lang='lat' dir='ltr'><strong>sunt</strong></span> <span class='ocrx_word' id='word_1_378' title='bbox 1739 4657 1943 4712; x_wconf 47' lang='grc' dir='ltr'><strong>(πηῷ-βπ</strong></span> <span class='ocrx_word' id='word_1_379' title='bbox 1982 4643 2180 4706; x_wconf 87' lang='lat' dir='ltr'><strong>ingenio</strong></span> <span class='ocrx_word' id='word_1_380' title='bbox 2199 4643 2294 4712; x_wconf 68' lang='lat' dir='ltr'><strong>sibi</strong></span> 
     </span>
    </p>
   </div>
   <div class='ocr_carea' id='block_1_48' title="bbox 721 4705 2294 4774">
    <p class='ocr_par' dir='ltr' id='par_1_48' title="bbox 721 4705 2294 4774">
     <span class='ocr_line' id='line_1_48' title="bbox 721 4705 2294 4774; baseline -0.003 -16"><span class='ocrx_word' id='word_1_381' title='bbox 721 4705 928 4774; x_wconf 80' lang='lat' dir='ltr'><strong>quisque</strong></span> <span class='ocrx_word' id='word_1_382' title='bbox 966 4711 1177 4774; x_wconf 70' lang='lat' dir='ltr'><strong>conﬁxit.</strong></span> <span class='ocrx_word' id='word_1_383' title='bbox 1220 4705 1725 4774; x_wconf 59' lang='lat' dir='ltr'><strong>Matthaeumquidt-m</strong></span> <span class='ocrx_word' id='word_1_384' title='bbox 1755 4705 2096 4774; x_wconf 67' lang='lat' dir='ltr'><strong>pnblicanutn,</strong></span> <span class='ocrx_word' id='word_1_385' title='bbox 2123 4713 2174 4774; x_wconf 76' lang='lat' dir='ltr'><strong>et</strong></span> <span class='ocrx_word' id='word_1_386' title='bbox 2199 4705 2294 4774; x_wconf 86' lang='lat' dir='ltr'><strong>Pe-_</strong></span> 
     </span>
    </p>
   </div>
   <div class='ocr_carea' id='block_1_49' title="bbox 722 4765 2298 4832">
    <p class='ocr_par' dir='ltr' id='par_1_49' title="bbox 722 4765 2298 4832">
     <span class='ocr_line' id='line_1_49' title="bbox 722 4765 2298 4832; baseline -0.006 -10"><span class='ocrx_word' id='word_1_387' title='bbox 722 4765 868 4832; x_wconf 62' lang='lat' dir='ltr'><strong>t&#39;rum&#39;,</strong></span> <span class='ocrx_word' id='word_1_388' title='bbox 895 4779 947 4822; x_wconf 87' lang='lat' dir='ltr'><strong>et</strong></span> <span class='ocrx_word' id='word_1_389' title='bbox 968 4771 1233 4828; x_wconf 79' lang='lat' dir='ltr'><strong>Andream,</strong></span> <span class='ocrx_word' id='word_1_390' title='bbox 1275 4782 1384 4832; x_wconf 76' lang='lat' dir='ltr'><strong>cum</strong></span> <span class='ocrx_word' id='word_1_391' title='bbox 1415 4765 1605 4832; x_wconf 77' lang='lat' dir='ltr'><strong>duobus</strong></span> <span class='ocrx_word' id='word_1_392' title='bbox 1641 4765 1860 4815; x_wconf 76' lang='lat' dir='ltr'><strong>Zebedaei</strong></span> <span class='ocrx_word' id='word_1_393' title='bbox 1898 4765 2221 4832; x_wconf 35' lang='lat' dir='ltr'><strong>ﬁliisﬁJacobo</strong></span> <span class='ocrx_word' id='word_1_394' title='bbox 2245 4772 2298 4832; x_wconf 73' lang='lat' dir='ltr'><strong>et</strong></span> 
     </span>
    </p>
   </div>
   <div class='ocr_carea' id='block_1_50' title="bbox 719 4825 2295 4898">
    <p class='ocr_par' dir='ltr' id='par_1_50' title="bbox 719 4825 2295 4898">
     <span class='ocr_line' id='line_1_50' title="bbox 719 4825 2295 4898; baseline -0.006 -15"><span class='ocrx_word' id='word_1_395' title='bbox 719 4825 926 4892; x_wconf 82' lang='lat' dir='ltr'><strong>Joanne,</strong></span> <span class='ocrx_word' id='word_1_396' title='bbox 949 4825 1419 4898; x_wconf 37' lang='lat' dir='ltr'><strong>‘piscatoresfuisse</strong></span> <span class='ocrx_word' id='word_1_397' title='bbox 1456 4842 1553 4898; x_wconf 82' lang='lat' dir='ltr'><strong>non</strong></span> <span class='ocrx_word' id='word_1_398' title='bbox 1591 4829 1909 4898; x_wconf 73' lang='lat' dir='ltr'><strong>ignoramus;</strong></span> <span class='ocrx_word' id='word_1_399' title='bbox 1947 4825 2178 4898; x_wconf 75' lang='lat' dir='ltr'><strong>reliquos,</strong></span> <span class='ocrx_word' id='word_1_400' title='bbox 2215 4825 2295 4898; x_wconf 78' lang='lat' dir='ltr'><strong>vel</strong></span> 
     </span>
    </p>
   </div>
   <div class='ocr_carea' id='block_1_51' title="bbox 700 4887 2296 4958">
    <p class='ocr_par' dir='ltr' id='par_1_51' title="bbox 700 4887 2296 4958">
     <span class='ocr_line' id='line_1_51' title="bbox 700 4887 2296 4958; baseline -0.004 -14"><span class='ocrx_word' id='word_1_401' title='bbox 700 4909 816 4958; x_wconf 86' lang='lat' dir='ltr'><strong>-qua</strong></span> <span class='ocrx_word' id='word_1_402' title='bbox 854 4887 1109 4957; x_wconf 74' lang='lat' dir='ltr'><strong>parentum</strong></span> <span class='ocrx_word' id='word_1_403' title='bbox 1128 4891 1396 4958; x_wconf 75' lang='lat' dir='ltr'><strong>nobilitate</strong></span> <span class='ocrx_word' id='word_1_404' title='bbox 1432 4887 1740 4958; x_wconf 47' lang='grc' dir='ltr'><strong>ειίιιι-εεξῐιὶιὶΔ</strong></span> <span class='ocrx_word' id='word_1_405' title='bbox 1756 4887 1836 4958; x_wconf 77' lang='lat' dir='ltr'><strong>vel</strong></span> <span class='ocrx_word' id='word_1_406' title='bbox 1859 4902 1953 4958; x_wconf 82' lang='lat' dir='ltr'><strong>qua</strong></span> <span class='ocrx_word' id='word_1_407' title='bbox 1978 4887 2069 4936; x_wconf 91' lang='lat' dir='ltr'><strong>sibi</strong></span> <span class='ocrx_word' id='word_1_408' title='bbox 2093 4896 2200 4938; x_wconf 88' lang='lat' dir='ltr'><strong>arte</strong></span> <span class='ocrx_word' id='word_1_409' title='bbox 2223 4889 2296 4958; x_wconf 81' lang='lat' dir='ltr'><strong>vi-</strong></span> 
     </span>
    </p>
   </div>
   <div class='ocr_carea' id='block_1_52' title="bbox 721 4950 2298 5016">
    <p class='ocr_par' dir='ltr' id='par_1_52' title="bbox 721 4950 2298 5016">
     <span class='ocr_line' id='line_1_52' title="bbox 721 4950 2298 5016; baseline -0.005 -10"><span class='ocrx_word' id='word_1_410' title='bbox 721 4950 1218 5016; x_wconf 63' lang='lat' dir='ltr'><strong>c&#39;tutn&#39;compararint,</strong></span> <span class='ocrx_word' id='word_1_411' title='bbox 1247 4950 1684 5016; x_wconf 77' lang='lat' dir='ltr'><strong>nescimus._lmmo</strong></span> <span class='ocrx_word' id='word_1_412' title='bbox 1704 4950 2108 5016; x_wconf 59' lang='lat' dir='ltr'><strong>Bartbolomigutn</strong></span> <span class='ocrx_word' id='word_1_413' title='bbox 2131 4957 2298 5016; x_wconf 85' lang='lat' dir='ltr'><strong>auctor</strong></span> 
     </span>
    </p>
   </div>
   <div class='ocr_carea' id='block_1_53' title="bbox 723 5010 2296 5068">
    <p class='ocr_par' dir='ltr' id='par_1_53' title="bbox 723 5010 2296 5068">
     <span class='ocr_line' id='line_1_53' title="bbox 723 5010 2296 5068; baseline -0.004 -3"><span class='ocrx_word' id='word_1_414' title='bbox 723 5011 924 5068; x_wconf 83' lang='lat' dir='ltr'><strong>Indiculi</strong></span> <span class='ocrx_word' id='word_1_415' title='bbox 961 5010 1116 5066; x_wconf 68' lang='lat' dir='ltr'><strong>Graeci</strong></span> <span class='ocrx_word' id='word_1_416' title='bbox 1139 5031 1166 5065; x_wconf 90' lang='lat' dir='ltr'><strong>a</strong></span> <span class='ocrx_word' id='word_1_417' title='bbox 1190 5012 1433 5066; x_wconf 88' lang='lat' dir='ltr'><strong>Cotelerio</strong></span> <span class='ocrx_word' id='word_1_418' title='bbox 1458 5012 1573 5062; x_wconf 89' lang='lat' dir='ltr'><strong>editi</strong></span> <span class='ocrx_word' id='word_1_419' title='bbox 1599 5014 1646 5061; x_wconf 90' lang='lat' dir='ltr'><strong>in</strong></span> <span class='ocrx_word' id='word_1_420' title='bbox 1669 5011 1802 5060; x_wconf 92' lang='lat' dir='ltr'><strong>calce</strong></span> <span class='ocrx_word' id='word_1_421' title='bbox 1825 5010 2027 5061; x_wconf 89' lang='lat' dir='ltr'><strong>secundi</strong></span> <span class='ocrx_word' id='word_1_422' title='bbox 2053 5010 2296 5061; x_wconf 85' lang='lat' dir='ltr'><strong>Constitu-</strong></span> 
     </span>
    </p>
   </div>
   <div class='ocr_carea' id='block_1_54' title="bbox 699 5072 2299 5139">
    <p class='ocr_par' dir='ltr' id='par_1_54' title="bbox 699 5072 2299 5139">
     <span class='ocr_line' id='line_1_54' title="bbox 699 5072 2299 5139; baseline -0.005 -13"><span class='ocrx_word' id='word_1_423' title='bbox 699 5081 906 5128; x_wconf 73' lang='lat' dir='ltr'><strong>tionum</strong></span> <span class='ocrx_word' id='word_1_424' title='bbox 929 5078 1311 5139; x_wconf 77' lang='lat' dir='ltr'><strong>Apostolicarum</strong></span> <span class='ocrx_word' id='word_1_425' title='bbox 1337 5075 1462 5133; x_wconf 89' lang='lat' dir='ltr'><strong>libri,</strong></span> <span class='ocrx_word' id='word_1_426' title='bbox 1489 5073 1604 5123; x_wconf 84' lang='lat' dir='ltr'><strong>facit</strong></span> <span class='ocrx_word' id='word_1_427' title='bbox 1632 5073 1737 5139; x_wconf 53' lang='grc' dir='ltr'><strong>«με</strong></span> <span class='ocrx_word' id='word_1_428' title='bbox 1759 5080 1895 5136; x_wconf 83' lang='lat' dir='ltr'><strong>patre</strong></span> <span class='ocrx_word' id='word_1_429' title='bbox 1917 5072 2299 5139; x_wconf 81' lang='lat' dir='ltr'><strong>Sosthene,_ma-</strong></span> 
     </span>
    </p>
   </div>
   <div class='ocr_carea' id='block_1_55' title="bbox 695 5132 2390 5200">
    <p class='ocr_par' dir='ltr' id='par_1_55' title="bbox 695 5132 2390 5200">
     <span class='ocr_line' id='line_1_55' title="bbox 695 5132 2390 5200; baseline -0.008 -11"><span class='ocrx_word' id='word_1_430' title='bbox 695 5180 702 5190; x_wconf 95' lang='lat'><strong>.</strong></span> <span class='ocrx_word' id='word_1_431' title='bbox 723 5147 801 5189; x_wconf 91' lang='lat' dir='ltr'><strong>tre</strong></span> <span class='ocrx_word' id='word_1_432' title='bbox 827 5132 1007 5197; x_wconf 75' lang='lat' dir='ltr'><strong>Urinia,</strong></span> <span class='ocrx_word' id='word_1_433' title='bbox 1033 5139 1269 5189; x_wconf 87' lang='lat' dir='ltr'><strong>cultorem</strong></span> <span class='ocrx_word' id='word_1_434' title='bbox 1295 5139 1477 5200; x_wconf 83' lang='lat' dir='ltr'><strong>pascui,</strong></span> <span class='ocrx_word' id='word_1_435' title='bbox 1509 5149 1598 5185; x_wconf 90' lang='lat' dir='ltr'><strong>seu</strong></span> <span class='ocrx_word' id='word_1_436' title='bbox 1621 5132 1809 5200; x_wconf 79' lang='lat' dir='ltr'><strong>olerum</strong></span> <span class='ocrx_word' id='word_1_437' title='bbox 1831 5142 2060 5200; x_wconf 47' lang='lat' dir='ltr'><strong>satiarent.</strong></span> <span class='ocrx_word' id='word_1_438' title='bbox 2075 5149 2102 5200; x_wconf 57' lang='grc' dir='ltr'><em>ρ</em></span> <span class='ocrx_word' id='word_1_439' title='bbox 2131 5132 2297 5192; x_wconf 83' lang='lat' dir='ltr'><strong>Adde,</strong></span> <span class='ocrx_word' id='word_1_440' title='bbox 2388 5173 2390 5176; x_wconf 76' lang='grc'>,</span> 
     </span>
    </p>
   </div>
   <div class='ocr_carea' id='block_1_56' title="bbox 723 5192 2297 5273">
    <p class='ocr_par' dir='ltr' id='par_1_56' title="bbox 723 5192 2297 5273">
     <span class='ocr_line' id='line_1_56' title="bbox 723 5192 2297 5273; baseline -0.007 -26"><span class='ocrx_word' id='word_1_441' title='bbox 723 5201 870 5273; x_wconf 67' lang='lat' dir='ltr'><strong>plane</strong></span> <span class='ocrx_word' id='word_1_442' title='bbox 882 5192 1045 5250; x_wconf 79' lang='lat' dir='ltr'><strong>contra</strong></span> <span class='ocrx_word' id='word_1_443' title='bbox 1061 5192 1341 5273; x_wconf 51' lang='lat' dir='ltr'><strong>llieronjtni</strong></span> <span class='ocrx_word' id='word_1_444' title='bbox 1364 5192 1589 5270; x_wconf 75' lang='lat' dir='ltr'><strong>mentem.</strong></span> <span class='ocrx_word' id='word_1_445' title='bbox 1601 5209 1713 5273; x_wconf 55' lang='lat' dir='ltr'><strong>esse</strong></span> <span class='ocrx_word' id='word_1_446' title='bbox 1732 5192 1882 5273; x_wconf 73' lang='lat' dir='ltr'><strong>un_iee</strong></span> <span class='ocrx_word' id='word_1_447' title='bbox 1893 5193 2297 5273; x_wconf 47' lang='lat' dir='ltr'><strong>Earthqloma‘um</strong></span> 
     </span>
    </p>
   </div>
   <div class='ocr_carea' id='block_1_57' title="bbox 723 5254 2297 5323">
    <p class='ocr_par' dir='ltr' id='par_1_57' title="bbox 723 5254 2297 5323">
     <span class='ocr_line' id='line_1_57' title="bbox 723 5254 2297 5323; baseline -0.004 -13"><span class='ocrx_word' id='word_1_448' title='bbox 723 5254 900 5311; x_wconf 74' lang='lat' dir='ltr'><strong>nobilis</strong></span> <span class='ocrx_word' id='word_1_449' title='bbox 927 5261 1129 5323; x_wconf 78' lang='lat' dir='ltr'><strong>generis</strong></span> <span class='ocrx_word' id='word_1_450' title='bbox 1152 5254 1400 5323; x_wconf 75' lang='lat' dir='ltr'><strong>extitisse,</strong></span> <span class='ocrx_word' id='word_1_451' title='bbox 1431 5261 1514 5323; x_wconf 89' lang='lat' dir='ltr'><strong>qui</strong></span> <span class='ocrx_word' id='word_1_452' title='bbox 1553 5260 1603 5306; x_wconf 92' lang='lat' dir='ltr'><strong>in</strong></span> <span class='ocrx_word' id='word_1_453' title='bbox 1625 5258 1877 5323; x_wconf 74' lang='lat' dir='ltr'><strong>Epitaphio</strong></span> <span class='ocrx_word' id='word_1_454' title='bbox 1900 5254 2142 5323; x_wconf 67' lang='lat' dir='ltr'><strong>Marcella:</strong></span> <span class='ocrx_word' id='word_1_455' title='bbox 2191 5263 2297 5304; x_wconf 87' lang='lat' dir='ltr'><strong>tan-</strong></span> 
     </span>
    </p>
   </div>
   <div class='ocr_carea' id='block_1_58' title="bbox 697 5316 2298 5380">
    <p class='ocr_par' dir='ltr' id='par_1_58' title="bbox 697 5316 2298 5380">
     <span class='ocr_line' id='line_1_58' title="bbox 697 5316 2298 5380; baseline -0.002 -11"><span class='ocrx_word' id='word_1_456' title='bbox 697 5332 819 5372; x_wconf 87' lang='lat' dir='ltr'><strong>.tam</strong></span> <span class='ocrx_word' id='word_1_457' title='bbox 855 5316 1025 5372; x_wconf 69' lang='lat' dir='ltr'><strong>tribuit</strong></span> <span class='ocrx_word' id='word_1_458' title='bbox 1058 5323 1228 5372; x_wconf 86' lang='lat' dir='ltr'><strong>Joanni</strong></span> <span class='ocrx_word' id='word_1_459' title='bbox 1253 5316 1590 5372; x_wconf 75' lang='lat' dir='ltr'><strong>nobilitatem:</strong></span> <span class='ocrx_word' id='word_1_460' title='bbox 1623 5316 1838 5376; x_wconf 65' lang='lat' dir='ltr'><strong>«Iesus,</strong></span> <span class='ocrx_word' id='word_1_461' title='bbox 1862 5319 2036 5380; x_wconf 88' lang='lat' dir='ltr'><strong>inquit,</strong></span> <span class='ocrx_word' id='word_1_462' title='bbox 2059 5316 2298 5380; x_wconf 79' lang='lat' dir='ltr'><strong>Joannem</strong></span> 
     </span>
    </p>
   </div>
   <div class='ocr_carea' id='block_1_59' title="bbox 724 5376 2301 5458">
    <p class='ocr_par' dir='ltr' id='par_1_59' title="bbox 724 5376 2301 5458">
     <span class='ocr_line' id='line_1_59' title="bbox 724 5376 2301 5458; baseline -0.004 -28"><span class='ocrx_word' id='word_1_463' title='bbox 724 5382 1082 5458; x_wconf 72' lang='lat' dir='ltr'><strong>livangelistam</strong></span> <span class='ocrx_word' id='word_1_464' title='bbox 1097 5383 1649 5458; x_wconf 42' lang='lat' dir='ltr'><strong>an&#39;i‘abat‘plurimnnmui</strong></span> <span class='ocrx_word' id='word_1_465' title='bbox 1664 5376 2072 5458; x_wconf 33' lang='lat' dir='ltr'><strong>proliteor&#39;ge&#39;neris</strong></span> <span class='ocrx_word' id='word_1_466' title='bbox 2085 5376 2301 5458; x_wconf 63' lang='lat' dir='ltr'><strong>nobiiita-</strong></span> 
     </span>
    </p>
   </div>
   <div class='ocr_carea' id='block_1_60' title="bbox 693 5439 2296 5513">
    <p class='ocr_par' dir='ltr' id='par_1_60' title="bbox 693 5439 2296 5513">
     <span class='ocr_line' id='line_1_60' title="bbox 693 5439 2296 5513; baseline -0.002 -23"><span class='ocrx_word' id='word_1_467' title='bbox 693 5463 696 5466; x_wconf 70' lang='lat'><strong><em>~</em></strong></span> <span class='ocrx_word' id='word_1_468' title='bbox 725 5450 843 5513; x_wconf 77' lang='lat' dir='ltr'><strong>tem,</strong></span> <span class='ocrx_word' id='word_1_469' title='bbox 864 5439 1132 5513; x_wconf 10' lang='lat' dir='ltr'><strong>eratnogtus</strong></span> <span class='ocrx_word' id='word_1_470' title='bbox 1145 5439 1379 5513; x_wconf 70' lang='lat' dir='ltr'><strong>Pontilici,</strong></span> <span class='ocrx_word' id='word_1_471' title='bbox 1395 5451 1446 5492; x_wconf 89' lang='lat' dir='ltr'><strong>et</strong></span> <span class='ocrx_word' id='word_1_472' title='bbox 1459 5439 1734 5513; x_wconf 58' lang='lat' dir='ltr'><strong>iudiearem</strong></span> <span class='ocrx_word' id='word_1_473' title='bbox 1751 5439 1947 5513; x_wconf 77' lang='lat' dir='ltr'><strong>insidias</strong></span> <span class='ocrx_word' id='word_1_474' title='bbox 1967 5453 2063 5488; x_wconf 90' lang='lat' dir='ltr'><strong>non</strong></span> <span class='ocrx_word' id='word_1_475' title='bbox 2079 5439 2296 5513; x_wconf 56' lang='lat' dir='ltr'><strong>tinnabat,</strong></span> 
     </span>
    </p>
   </div>
   <div class='ocr_carea' id='block_1_61' title="bbox 689 5499 2300 5572">
    <p class='ocr_par' dir='ltr' id='par_1_61' title="bbox 689 5499 2300 5572">
     <span class='ocr_line' id='line_1_61' title="bbox 689 5499 2300 5572; baseline -0.002 -20"><span class='ocrx_word' id='word_1_476' title='bbox 689 5539 696 5544; x_wconf 81' lang='lat'><strong>.</strong></span> <span class='ocrx_word' id='word_1_477' title='bbox 725 5504 774 5552; x_wconf 89' lang='lat' dir='ltr'><strong>in</strong></span> <span class='ocrx_word' id='word_1_478' title='bbox 798 5510 982 5572; x_wconf 77' lang='lat' dir='ltr'><strong>tantum</strong></span> <span class='ocrx_word' id='word_1_479' title='bbox 1007 5511 1062 5554; x_wconf 87' lang='lat' dir='ltr'><strong>ut</strong></span> <span class='ocrx_word' id='word_1_480' title='bbox 1095 5505 1294 5572; x_wconf 79' lang='lat' dir='ltr'><strong>Petrum</strong></span> <span class='ocrx_word' id='word_1_481' title='bbox 1327 5499 1652 5572; x_wconf 70' lang='lat' dir='ltr'><strong>introducng</strong></span> <span class='ocrx_word' id='word_1_482' title='bbox 1681 5504 1727 5572; x_wconf 85' lang='lat' dir='ltr'><strong>iu_</strong></span> <span class='ocrx_word' id='word_1_483' title='bbox 1745 5503 1948 5572; x_wconf 52' lang='lat' dir='ltr'><strong>atrium,</strong></span> <span class='ocrx_word' id='word_1_484' title='bbox 1980 5499 2300 5572; x_wconf 25' lang='lat' dir='ltr'><strong>ade‘teaQuan.</strong></span> 
     </span>
    </p>
   </div>
   <div class='ocr_carea' id='block_1_62' title="bbox 721 5559 2300 5631">
    <p class='ocr_par' dir='ltr' id='par_1_62' title="bbox 721 5559 2300 5631">
     <span class='ocr_line' id='line_1_62' title="bbox 721 5559 2300 5631; baseline -0.001 -22"><span class='ocrx_word' id='word_1_485' title='bbox 721 5576 868 5631; x_wconf 71' lang='lat' dir='ltr'><strong>quani</strong></span> <span class='ocrx_word' id='word_1_486' title='bbox 891 5563 1124 5631; x_wconf 73' lang='lat' dir='ltr'><strong>incertum</strong></span> <span class='ocrx_word' id='word_1_487' title='bbox 1139 5567 1330 5613; x_wconf 88' lang='lat' dir='ltr'><strong>omnino</strong></span> <span class='ocrx_word' id='word_1_488' title='bbox 1347 5574 1439 5631; x_wconf 65' lang='lat' dir='ltr'><strong>est,</strong></span> <span class='ocrx_word' id='word_1_489' title='bbox 1458 5561 1636 5631; x_wconf 59' lang='lat' dir='ltr'><strong>an_ille1</strong></span> <span class='ocrx_word' id='word_1_490' title='bbox 1648 5564 1883 5631; x_wconf 74' lang='lat' dir='ltr'><strong>quinotns</strong></span> <span class='ocrx_word' id='word_1_491' title='bbox 1903 5561 2113 5631; x_wconf 77' lang='lat' dir='ltr'><strong>Pontiliei</strong></span> <span class='ocrx_word' id='word_1_492' title='bbox 2125 5559 2300 5631; x_wconf 53' lang='lat' dir='ltr'><strong>dipitur</strong></span> 
     </span>
    </p>
   </div>
   <div class='ocr_carea' id='block_1_63' title="bbox 724 5619 2298 5686">
    <p class='ocr_par' dir='ltr' id='par_1_63' title="bbox 724 5619 2298 5686">
     <span class='ocr_line' id='line_1_63' title="bbox 724 5619 2298 5686; baseline -0.002 -14"><span class='ocrx_word' id='word_1_493' title='bbox 724 5619 770 5673; x_wconf 76' lang='lat' dir='ltr'><strong>ib</strong></span> <span class='ocrx_word' id='word_1_494' title='bbox 791 5621 1077 5686; x_wconf 74' lang='lat' dir='ltr'><strong>Evangelia,</strong></span> <span class='ocrx_word' id='word_1_495' title='bbox 1100 5623 1313 5673; x_wconf 80' lang='lat' dir='ltr'><strong>Joannes</strong></span> <span class='ocrx_word' id='word_1_496' title='bbox 1334 5619 1592 5686; x_wconf 78' lang='lat' dir='ltr'><strong>Apostolus</strong></span> <span class='ocrx_word' id='word_1_497' title='bbox 1614 5619 1781 5672; x_wconf 79' lang='lat' dir='ltr'><strong>fuerit.</strong></span> <span class='ocrx_word' id='word_1_498' title='bbox 1805 5624 1950 5670; x_wconf 82' lang='lat' dir='ltr'><strong>Certe</strong></span> <span class='ocrx_word' id='word_1_499' title='bbox 1974 5619 2298 5686; x_wconf 65' lang='lat' dir='ltr'><strong>Evangelistaa</strong></span> 
     </span>
    </p>
   </div>
   <div class='ocr_carea' id='block_1_64' title="bbox 683 5679 2298 5747">
    <p class='ocr_par' dir='ltr' id='par_1_64' title="bbox 683 5679 2298 5747">
     <span class='ocr_line' id='line_1_64' title="bbox 683 5679 2298 5747; baseline -0.003 -11"><span class='ocrx_word' id='word_1_500' title='bbox 683 5704 688 5710; x_wconf 62' lang='grc' dir='ltr'><em>ο</em></span> <span class='ocrx_word' id='word_1_501' title='bbox 721 5696 839 5736; x_wconf 79' lang='lat' dir='ltr'><strong>eum</strong></span> <span class='ocrx_word' id='word_1_502' title='bbox 860 5713 877 5737; x_wconf 85' lang='lat'><strong>,</strong></span> <span class='ocrx_word' id='word_1_503' title='bbox 903 5679 1123 5747; x_wconf 66' lang='lat' dir='ltr'><strong>fratrem,</strong></span> <span class='ocrx_word' id='word_1_504' title='bbox 1151 5679 1431 5747; x_wconf 79' lang='lat' dir='ltr'><strong>patremque</strong></span> <span class='ocrx_word' id='word_1_505' title='bbox 1456 5687 1734 5747; x_wconf 71' lang='lat' dir='ltr'><strong>piscatores.</strong></span> <span class='ocrx_word' id='word_1_506' title='bbox 1762 5690 1842 5732; x_wconf 87' lang='lat' dir='ltr'><strong>aut</strong></span> <span class='ocrx_word' id='word_1_507' title='bbox 1866 5697 2012 5745; x_wconf 57' lang='lat' dir='ltr'><strong>nam,</strong></span> <span class='ocrx_word' id='word_1_508' title='bbox 2038 5691 2090 5732; x_wconf 88' lang='lat' dir='ltr'><strong>ut</strong></span> <span class='ocrx_word' id='word_1_509' title='bbox 2115 5679 2298 5746; x_wconf 75' lang='lat' dir='ltr'><strong>Orige-</strong></span> 
     </span>
    </p>
   </div>
   <div class='ocr_carea' id='block_1_65' title="bbox 721 5741 1615 5796">
    <p class='ocr_par' dir='ltr' id='par_1_65' title="bbox 721 5741 1615 5796">
     <span class='ocr_line' id='line_1_65' title="bbox 721 5741 1615 5796; baseline -0.004 -1"><span class='ocrx_word' id='word_1_510' title='bbox 721 5761 814 5795; x_wconf 69' lang='lat' dir='ltr'><strong>nes</strong></span> <span class='ocrx_word' id='word_1_511' title='bbox 841 5751 1007 5793; x_wconf 56' lang='lat' dir='ltr'><strong>contra</strong></span> <span class='ocrx_word' id='word_1_512' title='bbox 1031 5741 1222 5796; x_wconf 77' lang='lat' dir='ltr'><strong>Cclstun</strong></span> <span class='ocrx_word' id='word_1_513' title='bbox 1244 5745 1326 5795; x_wconf 88' lang='lat' dir='ltr'><strong>lib.</strong></span> <span class='ocrx_word' id='word_1_514' title='bbox 1354 5741 1399 5795; x_wconf 84' lang='lat' dir='ltr'><strong>l.</strong></span> <span class='ocrx_word' id='word_1_515' title='bbox 1429 5741 1615 5795; x_wconf 71' lang='lat' dir='ltr'><strong>vocant.</strong></span> 
     </span>
    </p>
   </div>
   <div class='ocr_carea' id='block_1_66' title="bbox 1709 257 2938 378">
    <p class='ocr_par' dir='ltr' id='par_1_66' title="bbox 1709 257 2938 378">
     <span class='ocr_line' id='line_1_66' title="bbox 1709 257 2938 378; baseline -0.007 -23"><span class='ocrx_word' id='word_1_516' title='bbox 1709 264 2059 365; x_wconf 74' lang='lat' dir='ltr'><strong>Euseutus,</strong></span> <span class='ocrx_word' id='word_1_517' title='bbox 2105 261 2192 352; x_wconf 86' lang='lat' dir='ltr'><strong>DE</strong></span> <span class='ocrx_word' id='word_1_518' title='bbox 2231 293 2466 351; x_wconf 76' lang='lat' dir='ltr'><strong>nume</strong></span> <span class='ocrx_word' id='word_1_519' title='bbox 2491 257 2901 353; x_wconf 60' lang='lat' dir='ltr'><strong>timuerant.</strong></span> <span class='ocrx_word' id='word_1_520' title='bbox 2926 259 2938 378; x_wconf 55' lang='grc' dir='ltr'><em>ί</em></span> 
     </span>
    </p>
   </div>
   <div class='ocr_carea' id='block_1_67' title="bbox 3819 297 3921 357">
    <p class='ocr_par' dir='ltr' id='par_1_67' title="bbox 3819 297 3921 357">
     <span class='ocr_line' id='line_1_67' title="bbox 3819 297 3921 357; baseline 0.039 -5"><span class='ocrx_word' id='word_1_521' title='bbox 3819 297 3921 357; x_wconf 71' lang='lat'><strong>232</strong></span> 
     </span>
    </p>
   </div>
   <div class='ocr_carea' id='block_1_68' title="bbox 2358 403 3918 487">
    <p class='ocr_par' dir='ltr' id='par_1_68' title="bbox 2358 403 3918 487">
     <span class='ocr_line' id='line_1_68' title="bbox 2358 403 3918 487; baseline 0.001 -25"><span class='ocrx_word' id='word_1_522' title='bbox 2358 413 2477 462; x_wconf 89' lang='lat' dir='ltr'><strong>mus</strong></span> <span class='ocrx_word' id='word_1_523' title='bbox 2505 407 2743 462; x_wconf 88' lang='lat' dir='ltr'><strong>damnari</strong></span> <span class='ocrx_word' id='word_1_524' title='bbox 2760 405 3040 487; x_wconf 89' lang='lat' dir='ltr'><strong>hominem</strong></span> <span class='ocrx_word' id='word_1_525' title='bbox 3060 403 3272 462; x_wconf 89' lang='lat' dir='ltr'><strong>mortali</strong></span> <span class='ocrx_word' id='word_1_526' title='bbox 3291 404 3552 475; x_wconf 77' lang='lat' dir='ltr'><strong>peccato?</strong></span> <span class='ocrx_word' id='word_1_527' title='bbox 3573 403 3681 462; x_wconf 88' lang='lat' dir='ltr'><strong>Sed</strong></span> <span class='ocrx_word' id='word_1_528' title='bbox 3717 403 3765 461; x_wconf 82' lang='lat' dir='ltr'><strong>si</strong></span> <span class='ocrx_word' id='word_1_529' title='bbox 3801 403 3918 474; x_wconf 87' lang='lat' dir='ltr'><strong>hoc,</strong></span> 
     </span>
    </p>
   </div>
   <div class='ocr_carea' id='block_1_69' title="bbox 2355 489 3924 570">
    <p class='ocr_par' dir='ltr' id='par_1_69' title="bbox 2355 489 3924 570">
     <span class='ocr_line' id='line_1_69' title="bbox 2355 489 3924 570; baseline 0.003 -17"><span class='ocrx_word' id='word_1_530' title='bbox 2355 498 2578 570; x_wconf 84' lang='lat' dir='ltr'><strong>inquiet,</strong></span> <span class='ocrx_word' id='word_1_531' title='bbox 2601 499 2670 553; x_wconf 90' lang='lat' dir='ltr'><strong>ita</strong></span> <span class='ocrx_word' id='word_1_532' title='bbox 2690 507 2774 556; x_wconf 88' lang='lat' dir='ltr'><strong>est</strong></span> <span class='ocrx_word' id='word_1_533' title='bbox 2799 516 2811 553; x_wconf 91' lang='lat'><strong>:</strong></span> <span class='ocrx_word' id='word_1_534' title='bbox 2833 513 2960 568; x_wconf 87' lang='lat' dir='ltr'><strong>ergo</strong></span> <span class='ocrx_word' id='word_1_535' title='bbox 2977 498 3244 568; x_wconf 92' lang='lat' dir='ltr'><strong>quomodo</strong></span> <span class='ocrx_word' id='word_1_536' title='bbox 3264 489 3554 554; x_wconf 80' lang='lat' dir='ltr'><strong>Salvabitur</strong></span> <span class='ocrx_word' id='word_1_537' title='bbox 3573 506 3786 554; x_wconf 88' lang='lat' dir='ltr'><strong>centum</strong></span> <span class='ocrx_word' id='word_1_538' title='bbox 3808 503 3924 557; x_wconf 80' lang='lat' dir='ltr'><strong>titil-</strong></span> 
     </span>
    </p>
   </div>
   <div class='ocr_carea' id='block_1_70' title="bbox 2355 595 3924 666">
    <p class='ocr_par' dir='ltr' id='par_1_70' title="bbox 2355 595 3924 666">
     <span class='ocr_line' id='line_1_70' title="bbox 2355 595 3924 666; baseline 0.001 -16"><span class='ocrx_word' id='word_1_539' title='bbox 2355 595 2537 650; x_wconf 85' lang='lat' dir='ltr'><strong>libus?</strong></span> <span class='ocrx_word' id='word_1_540' title='bbox 2562 595 2668 651; x_wconf 90' lang='lat' dir='ltr'><strong>Sed</strong></span> <span class='ocrx_word' id='word_1_541' title='bbox 2696 595 2822 666; x_wconf 91' lang='lat' dir='ltr'><strong>quid</strong></span> <span class='ocrx_word' id='word_1_542' title='bbox 2849 595 3000 651; x_wconf 91' lang='lat' dir='ltr'><strong>dives</strong></span> <span class='ocrx_word' id='word_1_543' title='bbox 3037 605 3090 650; x_wconf 89' lang='lat' dir='ltr'><strong>et</strong></span> <span class='ocrx_word' id='word_1_544' title='bbox 3117 595 3356 666; x_wconf 89' lang='lat' dir='ltr'><strong>mortalis</strong></span> <span class='ocrx_word' id='word_1_545' title='bbox 3387 595 3541 650; x_wconf 74' lang='lat' dir='ltr'><strong>fama:</strong></span> <span class='ocrx_word' id='word_1_546' title='bbox 3583 608 3715 650; x_wconf 89' lang='lat' dir='ltr'><strong>aura</strong></span> <span class='ocrx_word' id='word_1_547' title='bbox 3745 607 3924 665; x_wconf 89' lang='lat' dir='ltr'><strong>pastus</strong></span> 
     </span>
    </p>
   </div>
   <div class='ocr_carea' id='block_1_71' title="bbox 2354 685 3926 756">
    <p class='ocr_par' dir='ltr' id='par_1_71' title="bbox 2354 685 3926 756">
     <span class='ocr_line' id='line_1_71' title="bbox 2354 685 3926 756; baseline 0.001 -16"><span class='ocrx_word' id='word_1_548' title='bbox 2354 685 2495 740; x_wconf 91' lang='lat' dir='ltr'><strong>aliud</strong></span> <span class='ocrx_word' id='word_1_549' title='bbox 2524 696 2641 753; x_wconf 88' lang='lat' dir='ltr'><strong>est,</strong></span> <span class='ocrx_word' id='word_1_550' title='bbox 2685 701 2842 755; x_wconf 89' lang='lat' dir='ltr'><strong>quam</strong></span> <span class='ocrx_word' id='word_1_551' title='bbox 2881 685 3143 756; x_wconf 89' lang='lat' dir='ltr'><strong>quoddam</strong></span> <span class='ocrx_word' id='word_1_552' title='bbox 3190 695 3527 756; x_wconf 88' lang='lat' dir='ltr'><strong>peccatorum</strong></span> <span class='ocrx_word' id='word_1_553' title='bbox 3558 687 3797 741; x_wconf 91' lang='lat' dir='ltr'><strong>omnium</strong></span> <span class='ocrx_word' id='word_1_554' title='bbox 3839 703 3926 742; x_wconf 89' lang='lat' dir='ltr'><strong>vas</strong></span> 
     </span>
    </p>
   </div>
   <div class='ocr_carea' id='block_1_72' title="bbox 2354 773 3926 849">
    <p class='ocr_par' dir='ltr' id='par_1_72' title="bbox 2354 773 3926 849">
     <span class='ocr_line' id='line_1_72' title="bbox 2354 773 3926 849; baseline 0.002 -17"><span class='ocrx_word' id='word_1_555' title='bbox 2354 773 2671 848; x_wconf 83' lang='lat' dir='ltr'><strong>putridutn?</strong></span> <span class='ocrx_word' id='word_1_556' title='bbox 2699 777 2798 833; x_wconf 86' lang='lat' dir='ltr'><strong>Ubi</strong></span> <span class='ocrx_word' id='word_1_557' title='bbox 2837 778 3124 849; x_wconf 84' lang='lat' dir='ltr'><strong>superbia?</strong></span> <span class='ocrx_word' id='word_1_558' title='bbox 3153 777 3241 832; x_wconf 93' lang='lat' dir='ltr'><strong>ubi</strong></span> <span class='ocrx_word' id='word_1_559' title='bbox 3268 778 3488 833; x_wconf 84' lang='lat' dir='ltr'><strong>avaritia</strong></span> <span class='ocrx_word' id='word_1_560' title='bbox 3511 782 3535 832; x_wconf 81' lang='lat'><strong>&#39;!</strong></span> <span class='ocrx_word' id='word_1_561' title='bbox 3565 779 3652 834; x_wconf 91' lang='lat' dir='ltr'><strong>ubi</strong></span> <span class='ocrx_word' id='word_1_562' title='bbox 3678 779 3926 836; x_wconf 80' lang='lat' dir='ltr'><strong>luxuria?</strong></span> 
     </span>
    </p>
   </div>
   <div class='ocr_carea' id='block_1_73' title="bbox 2353 868 3929 944">
    <p class='ocr_par' dir='ltr' id='par_1_73' title="bbox 2353 868 3929 944">
     <span class='ocr_line' id='line_1_73' title="bbox 2353 868 3929 944; baseline 0.003 -21"><span class='ocrx_word' id='word_1_563' title='bbox 2353 868 2540 944; x_wconf 83' lang='lat' dir='ltr'><strong>Nonne</strong></span> <span class='ocrx_word' id='word_1_564' title='bbox 2570 869 2623 923; x_wconf 91' lang='lat' dir='ltr'><strong>in</strong></span> <span class='ocrx_word' id='word_1_565' title='bbox 2650 869 2934 933; x_wconf 87' lang='lat' dir='ltr'><strong>divitibus,</strong></span> <span class='ocrx_word' id='word_1_566' title='bbox 2965 869 3231 925; x_wconf 89' lang='lat' dir='ltr'><strong>nobilibus</strong></span> <span class='ocrx_word' id='word_1_567' title='bbox 3273 879 3327 925; x_wconf 93' lang='lat' dir='ltr'><strong>et</strong></span> <span class='ocrx_word' id='word_1_568' title='bbox 3370 870 3717 938; x_wconf 76' lang='lat' dir='ltr'><strong>potentibus?</strong></span> <span class='ocrx_word' id='word_1_569' title='bbox 3743 870 3929 927; x_wconf 87' lang='lat' dir='ltr'><strong>Nonne</strong></span> 
     </span>
    </p>
   </div>
   <div class='ocr_carea' id='block_1_74' title="bbox 2356 961 3931 1033">
    <p class='ocr_par' dir='ltr' id='par_1_74' title="bbox 2356 961 3931 1033">
     <span class='ocr_line' id='line_1_74' title="bbox 2356 961 3931 1033; baseline 0.003 -19"><span class='ocrx_word' id='word_1_570' title='bbox 2356 961 2593 1016; x_wconf 86' lang='lat' dir='ltr'><strong>latrones</strong></span> <span class='ocrx_word' id='word_1_571' title='bbox 2617 971 2763 1026; x_wconf 90' lang='lat' dir='ltr'><strong>sunt,</strong></span> <span class='ocrx_word' id='word_1_572' title='bbox 2794 962 2881 1032; x_wconf 88' lang='lat' dir='ltr'><strong>qui</strong></span> <span class='ocrx_word' id='word_1_573' title='bbox 2913 978 3204 1033; x_wconf 89' lang='lat' dir='ltr'><strong>pauperum</strong></span> <span class='ocrx_word' id='word_1_574' title='bbox 3236 961 3536 1017; x_wconf 87' lang='lat' dir='ltr'><strong>mercedem</strong></span> <span class='ocrx_word' id='word_1_575' title='bbox 3563 962 3824 1018; x_wconf 87' lang='lat' dir='ltr'><strong>violenter</strong></span> <span class='ocrx_word' id='word_1_576' title='bbox 3848 964 3931 1019; x_wconf 86' lang='lat' dir='ltr'><strong>de-</strong></span> 
     </span>
    </p>
   </div>
   <div class='ocr_carea' id='block_1_75' title="bbox 2357 1053 3932 1125">
    <p class='ocr_par' dir='ltr' id='par_1_75' title="bbox 2357 1053 3932 1125">
     <span class='ocr_line' id='line_1_75' title="bbox 2357 1053 3932 1125; baseline 0.002 -18"><span class='ocrx_word' id='word_1_577' title='bbox 2357 1053 2702 1124; x_wconf 73' lang='lat' dir='ltr'><strong>praedantur:</strong></span> <span class='ocrx_word' id='word_1_578' title='bbox 2749 1064 2803 1109; x_wconf 92' lang='lat' dir='ltr'><strong>ct</strong></span> <span class='ocrx_word' id='word_1_579' title='bbox 2841 1068 2935 1108; x_wconf 91' lang='lat' dir='ltr'><strong>eos</strong></span> <span class='ocrx_word' id='word_1_580' title='bbox 2959 1054 3266 1124; x_wconf 82' lang='lat' dir='ltr'><strong>deprimunt</strong></span> <span class='ocrx_word' id='word_1_581' title='bbox 3303 1063 3464 1123; x_wconf 91' lang='lat' dir='ltr'><strong>atque</strong></span> <span class='ocrx_word' id='word_1_582' title='bbox 3489 1056 3720 1109; x_wconf 78' lang='lat' dir='ltr'><strong>necant?</strong></span> <span class='ocrx_word' id='word_1_583' title='bbox 3749 1055 3840 1125; x_wconf 93' lang='lat' dir='ltr'><strong>qui</strong></span> <span class='ocrx_word' id='word_1_584' title='bbox 3868 1071 3932 1110; x_wconf 81' lang='lat' dir='ltr'><strong>ex</strong></span> 
     </span>
    </p>
   </div>
   <div class='ocr_carea' id='block_1_76' title="bbox 2358 1143 3935 1214">
    <p class='ocr_par' dir='ltr' id='par_1_76' title="bbox 2358 1143 3935 1214">
     <span class='ocr_line' id='line_1_76' title="bbox 2358 1143 3935 1214; baseline 0.001 -16"><span class='ocrx_word' id='word_1_585' title='bbox 2358 1143 2602 1199; x_wconf 80' lang='lat' dir='ltr'><strong>ubertate</strong></span> <span class='ocrx_word' id='word_1_586' title='bbox 2628 1143 2821 1199; x_wconf 91' lang='lat' dir='ltr'><strong>domus</strong></span> <span class='ocrx_word' id='word_1_587' title='bbox 2853 1144 3058 1198; x_wconf 86' lang='lat' dir='ltr'><strong>Domini</strong></span> <span class='ocrx_word' id='word_1_588' title='bbox 3088 1143 3287 1198; x_wconf 88' lang='lat' dir='ltr'><strong>faciunt</strong></span> <span class='ocrx_word' id='word_1_589' title='bbox 3312 1144 3512 1214; x_wconf 88' lang='lat' dir='ltr'><strong>iniqua,</strong></span> <span class='ocrx_word' id='word_1_590' title='bbox 3537 1161 3696 1214; x_wconf 88' lang='lat' dir='ltr'><strong>quam</strong></span> <span class='ocrx_word' id='word_1_591' title='bbox 3723 1153 3784 1200; x_wconf 83' lang='lat' dir='ltr'><strong>ut</strong></span> <span class='ocrx_word' id='word_1_592' title='bbox 3811 1161 3935 1214; x_wconf 66' lang='lat' dir='ltr'><strong>pauo</strong></span> 
     </span>
    </p>
   </div>
   <div class='ocr_carea' id='block_1_77' title="bbox 2357 1235 3934 1307">
    <p class='ocr_par' dir='ltr' id='par_1_77' title="bbox 2357 1235 3934 1307">
     <span class='ocr_line' id='line_1_77' title="bbox 2357 1235 3934 1307; baseline 0.001 -16"><span class='ocrx_word' id='word_1_593' title='bbox 2357 1237 2574 1306; x_wconf 90' lang='lat' dir='ltr'><strong>peribus</strong></span> <span class='ocrx_word' id='word_1_594' title='bbox 2611 1237 2912 1291; x_wconf 89' lang='lat' dir='ltr'><strong>necessaria</strong></span> <span class='ocrx_word' id='word_1_595' title='bbox 2942 1235 3344 1303; x_wconf 88' lang='lat' dir='ltr'><strong>condonarent,</strong></span> <span class='ocrx_word' id='word_1_596' title='bbox 3375 1237 3736 1307; x_wconf 84' lang='lat' dir='ltr'><strong>receperunt?</strong></span> <span class='ocrx_word' id='word_1_597' title='bbox 3780 1237 3934 1293; x_wconf 88' lang='lat' dir='ltr'><strong>Certe</strong></span> 
     </span>
    </p>
   </div>
   <div class='ocr_carea' id='block_1_78' title="bbox 2358 1327 3935 1397">
    <p class='ocr_par' dir='ltr' id='par_1_78' title="bbox 2358 1327 3935 1397">
     <span class='ocr_line' id='line_1_78' title="bbox 2358 1327 3935 1397; baseline 0.002 -16"><span class='ocrx_word' id='word_1_598' title='bbox 2358 1327 2777 1396; x_wconf 80' lang='lat' dir='ltr'><strong>sbperlluitatem</strong></span> <span class='ocrx_word' id='word_1_599' title='bbox 2798 1327 3241 1382; x_wconf 86' lang='lat' dir='ltr'><strong>vestimentorum</strong></span> <span class='ocrx_word' id='word_1_600' title='bbox 3266 1327 3616 1397; x_wconf 83' lang='lat' dir='ltr'><strong>superﬂuitati</strong></span> <span class='ocrx_word' id='word_1_601' title='bbox 3641 1327 3816 1383; x_wconf 78' lang='lat' dir='ltr'><strong>nimia:</strong></span> <span class='ocrx_word' id='word_1_602' title='bbox 3840 1329 3935 1384; x_wconf 85' lang='lat' dir='ltr'><strong>ad-</strong></span> 
     </span>
    </p>
   </div>
   <div class='ocr_carea' id='block_1_79' title="bbox 2361 1417 3933 1490">
    <p class='ocr_par' dir='ltr' id='par_1_79' title="bbox 2361 1417 3933 1490">
     <span class='ocr_line' id='line_1_79' title="bbox 2361 1417 3933 1490; baseline 0.004 -18"><span class='ocrx_word' id='word_1_603' title='bbox 2361 1417 2533 1486; x_wconf 91' lang='lat' dir='ltr'><strong>dunt,</strong></span> <span class='ocrx_word' id='word_1_604' title='bbox 2564 1418 2633 1474; x_wconf 91' lang='lat' dir='ltr'><strong>de</strong></span> <span class='ocrx_word' id='word_1_605' title='bbox 2659 1418 2982 1489; x_wconf 85' lang='lat' dir='ltr'><strong>pauperibus</strong></span> <span class='ocrx_word' id='word_1_606' title='bbox 3009 1419 3206 1490; x_wconf 86' lang='lat' dir='ltr'><strong>frigore</strong></span> <span class='ocrx_word' id='word_1_607' title='bbox 3232 1427 3287 1474; x_wconf 90' lang='lat' dir='ltr'><strong>et</strong></span> <span class='ocrx_word' id='word_1_608' title='bbox 3316 1420 3558 1475; x_wconf 86' lang='lat' dir='ltr'><strong>nuditate</strong></span> <span class='ocrx_word' id='word_1_609' title='bbox 3583 1421 3933 1478; x_wconf 87' lang='lat' dir='ltr'><strong>morientibus</strong></span> 
     </span>
    </p>
   </div>
   <div class='ocr_carea' id='block_1_80' title="bbox 2362 1509 3939 1582">
    <p class='ocr_par' dir='ltr' id='par_1_80' title="bbox 2362 1509 3939 1582">
     <span class='ocr_line' id='line_1_80' title="bbox 2362 1509 3939 1582; baseline 0.002 -16"><span class='ocrx_word' id='word_1_610' title='bbox 2362 1527 2468 1566; x_wconf 90' lang='lat' dir='ltr'><strong>non</strong></span> <span class='ocrx_word' id='word_1_611' title='bbox 2496 1518 2766 1566; x_wconf 87' lang='lat' dir='ltr'><strong>curantes.</strong></span> <span class='ocrx_word' id='word_1_612' title='bbox 2800 1509 3027 1578; x_wconf 83' lang='lat' dir='ltr'><strong>Palatia,</strong></span> <span class='ocrx_word' id='word_1_613' title='bbox 3054 1519 3109 1565; x_wconf 92' lang='lat' dir='ltr'><strong>et</strong></span> <span class='ocrx_word' id='word_1_614' title='bbox 3137 1526 3324 1582; x_wconf 88' lang='lat' dir='ltr'><strong>magna</strong></span> <span class='ocrx_word' id='word_1_615' title='bbox 3351 1511 3563 1582; x_wconf 86' lang='lat' dir='ltr'><strong>erigunt</strong></span> <span class='ocrx_word' id='word_1_616' title='bbox 3588 1511 3810 1568; x_wconf 85' lang='lat' dir='ltr'><strong>aedilicia</strong></span> <span class='ocrx_word' id='word_1_617' title='bbox 3830 1553 3847 1580; x_wconf 92' lang='lat'><strong>,</strong></span> <span class='ocrx_word' id='word_1_618' title='bbox 3881 1521 3939 1569; x_wconf 86' lang='lat' dir='ltr'><strong>ut</strong></span> 
     </span>
    </p>
   </div>
   <div class='ocr_carea' id='block_1_81' title="bbox 2365 1601 3938 1674">
    <p class='ocr_par' dir='ltr' id='par_1_81' title="bbox 2365 1601 3938 1674">
     <span class='ocr_line' id='line_1_81' title="bbox 2365 1601 3938 1674; baseline 0.004 -20"><span class='ocrx_word' id='word_1_619' title='bbox 2365 1601 2610 1655; x_wconf 90' lang='lat' dir='ltr'><strong>humanis</strong></span> <span class='ocrx_word' id='word_1_620' title='bbox 2627 1601 2799 1656; x_wconf 92' lang='lat' dir='ltr'><strong>oculis</strong></span> <span class='ocrx_word' id='word_1_621' title='bbox 2821 1601 3252 1672; x_wconf 89' lang='lat' dir='ltr'><strong>coutemplentur</strong></span> <span class='ocrx_word' id='word_1_622' title='bbox 3279 1620 3294 1656; x_wconf 91' lang='lat'>:</span> <span class='ocrx_word' id='word_1_623' title='bbox 3318 1611 3371 1658; x_wconf 92' lang='lat' dir='ltr'><strong>et</strong></span> <span class='ocrx_word' id='word_1_624' title='bbox 3393 1618 3654 1673; x_wconf 83' lang='lat' dir='ltr'><strong>pauperes</strong></span> <span class='ocrx_word' id='word_1_625' title='bbox 3677 1605 3727 1658; x_wconf 92' lang='lat' dir='ltr'><strong>in</strong></span> <span class='ocrx_word' id='word_1_626' title='bbox 3750 1604 3938 1674; x_wconf 84' lang='lat' dir='ltr'><strong>plateis</strong></span> 
     </span>
    </p>
   </div>
   <div class='ocr_carea' id='block_1_82' title="bbox 2365 1692 3942 1764">
    <p class='ocr_par' dir='ltr' id='par_1_82' title="bbox 2365 1692 3942 1764">
     <span class='ocr_line' id='line_1_82' title="bbox 2365 1692 3942 1764; baseline 0.001 -15"><span class='ocrx_word' id='word_1_627' title='bbox 2365 1694 2667 1749; x_wconf 89' lang='lat' dir='ltr'><strong>moriuntur</strong></span> <span class='ocrx_word' id='word_1_628' title='bbox 2683 1693 3055 1748; x_wconf 92' lang='lat' dir='ltr'><strong>incommodis.</strong></span> <span class='ocrx_word' id='word_1_629' title='bbox 3078 1692 3330 1748; x_wconf 85' lang='lat' dir='ltr'><strong>Convivia</strong></span> <span class='ocrx_word' id='word_1_630' title='bbox 3345 1693 3649 1764; x_wconf 90' lang='lat' dir='ltr'><strong>frequenter</strong></span> <span class='ocrx_word' id='word_1_631' title='bbox 3668 1696 3786 1750; x_wconf 89' lang='lat' dir='ltr'><strong>aliis</strong></span> <span class='ocrx_word' id='word_1_632' title='bbox 3810 1711 3942 1764; x_wconf 74' lang='lat' dir='ltr'><strong>pra:-</strong></span> 
     </span>
    </p>
   </div>
   <div class='ocr_carea' id='block_1_83' title="bbox 2368 1787 3942 1857">
    <p class='ocr_par' dir='ltr' id='par_1_83' title="bbox 2368 1787 3942 1857">
     <span class='ocr_line' id='line_1_83' title="bbox 2368 1787 3942 1857; baseline 0 -15"><span class='ocrx_word' id='word_1_633' title='bbox 2368 1798 2556 1857; x_wconf 90' lang='lat' dir='ltr'><strong>parant</strong></span> <span class='ocrx_word' id='word_1_634' title='bbox 2585 1787 2860 1854; x_wconf 89' lang='lat' dir='ltr'><strong>divitibus,</strong></span> <span class='ocrx_word' id='word_1_635' title='bbox 2893 1797 2949 1842; x_wconf 92' lang='lat' dir='ltr'><strong>ut</strong></span> <span class='ocrx_word' id='word_1_636' title='bbox 2970 1787 3189 1843; x_wconf 90' lang='lat' dir='ltr'><strong>ferculis</strong></span> <span class='ocrx_word' id='word_1_637' title='bbox 3217 1787 3614 1843; x_wconf 84' lang='lat' dir='ltr'><strong>delicatissimis</strong></span> <span class='ocrx_word' id='word_1_638' title='bbox 3635 1803 3786 1844; x_wconf 91' lang='lat' dir='ltr'><strong>suam</strong></span> <span class='ocrx_word' id='word_1_639' title='bbox 3812 1803 3942 1842; x_wconf 87' lang='lat' dir='ltr'><strong>ven-</strong></span> 
     </span>
    </p>
   </div>
   <div class='ocr_carea' id='block_1_84' title="bbox 2370 1878 3944 1950">
    <p class='ocr_par' dir='ltr' id='par_1_84' title="bbox 2370 1878 3944 1950">
     <span class='ocr_line' id='line_1_84' title="bbox 2370 1878 3944 1950; baseline -0.001 -16"><span class='ocrx_word' id='word_1_640' title='bbox 2370 1881 2466 1934; x_wconf 88' lang='lat' dir='ltr'><strong>tris</strong></span> <span class='ocrx_word' id='word_1_641' title='bbox 2496 1880 2737 1950; x_wconf 88' lang='lat' dir='ltr'><strong>rcpleant</strong></span> <span class='ocrx_word' id='word_1_642' title='bbox 2763 1878 3047 1947; x_wconf 80' lang='lat' dir='ltr'><strong>ingluviem</strong></span> <span class='ocrx_word' id='word_1_643' title='bbox 3083 1898 3097 1936; x_wconf 89' lang='lat'>:</span> <span class='ocrx_word' id='word_1_644' title='bbox 3127 1878 3319 1949; x_wconf 90' lang='lat' dir='ltr'><strong>quibus</strong></span> <span class='ocrx_word' id='word_1_645' title='bbox 3355 1894 3619 1950; x_wconf 88' lang='lat' dir='ltr'><strong>pauperes</strong></span> <span class='ocrx_word' id='word_1_646' title='bbox 3660 1878 3800 1934; x_wconf 90' lang='lat' dir='ltr'><strong>fame</strong></span> <span class='ocrx_word' id='word_1_647' title='bbox 3826 1893 3944 1948; x_wconf 88' lang='lat' dir='ltr'><strong>per-</strong></span> 
     </span>
    </p>
   </div>
   <div class='ocr_carea' id='block_1_85' title="bbox 2369 1970 3944 2041">
    <p class='ocr_par' dir='ltr' id='par_1_85' title="bbox 2369 1970 3944 2041">
     <span class='ocr_line' id='line_1_85' title="bbox 2369 1970 3944 2041; baseline -0.001 -14"><span class='ocrx_word' id='word_1_648' title='bbox 2369 1981 2516 2028; x_wconf 91' lang='lat' dir='ltr'><strong>eunt.</strong></span> <span class='ocrx_word' id='word_1_649' title='bbox 2546 1971 2682 2040; x_wconf 84' lang='lat' dir='ltr'><strong>Quid</strong></span> <span class='ocrx_word' id='word_1_650' title='bbox 2709 1970 2852 2026; x_wconf 89' lang='lat' dir='ltr'><strong>aliud</strong></span> <span class='ocrx_word' id='word_1_651' title='bbox 2881 1979 2965 2026; x_wconf 88' lang='lat' dir='ltr'><strong>est</strong></span> <span class='ocrx_word' id='word_1_652' title='bbox 3004 1986 3188 2025; x_wconf 90' lang='lat' dir='ltr'><strong>eorum</strong></span> <span class='ocrx_word' id='word_1_653' title='bbox 3219 1971 3327 2025; x_wconf 87' lang='lat' dir='ltr'><strong>vita</strong></span> <span class='ocrx_word' id='word_1_654' title='bbox 3354 2013 3368 2037; x_wconf 94' lang='lat'><strong>,</strong></span> <span class='ocrx_word' id='word_1_655' title='bbox 3401 1986 3560 2041; x_wconf 88' lang='lat' dir='ltr'><strong>quam</strong></span> <span class='ocrx_word' id='word_1_656' title='bbox 3601 1972 3860 2040; x_wconf 74' lang='lat' dir='ltr'><strong>peccata?</strong></span> <span class='ocrx_word' id='word_1_657' title='bbox 3886 1970 3944 2026; x_wconf 85' lang='lat' dir='ltr'><strong>Si</strong></span> 
     </span>
    </p>
   </div>
   <div class='ocr_carea' id='block_1_86' title="bbox 2371 2062 3945 2144">
    <p class='ocr_par' dir='ltr' id='par_1_86' title="bbox 2371 2062 3945 2144">
     <span class='ocr_line' id='line_1_86' title="bbox 2371 2062 3945 2144; baseline -0.001 -25"><span class='ocrx_word' id='word_1_658' title='bbox 2371 2075 2559 2144; x_wconf 85' lang='lat' dir='ltr'><strong>venter</strong></span> <span class='ocrx_word' id='word_1_659' title='bbox 2600 2065 2838 2135; x_wconf 91' lang='lat' dir='ltr'><strong>repletus</strong></span> <span class='ocrx_word' id='word_1_660' title='bbox 2870 2073 3016 2119; x_wconf 91' lang='lat' dir='ltr'><strong>tanta</strong></span> <span class='ocrx_word' id='word_1_661' title='bbox 3047 2063 3288 2118; x_wconf 90' lang='lat' dir='ltr'><strong>ciborum</strong></span> <span class='ocrx_word' id='word_1_662' title='bbox 3331 2071 3413 2118; x_wconf 93' lang='lat' dir='ltr'><strong>est</strong></span> <span class='ocrx_word' id='word_1_663' title='bbox 3445 2062 3594 2132; x_wconf 90' lang='lat' dir='ltr'><strong>copia</strong></span> <span class='ocrx_word' id='word_1_664' title='bbox 3615 2104 3631 2128; x_wconf 93' lang='lat'><strong>,</strong></span> <span class='ocrx_word' id='word_1_665' title='bbox 3672 2077 3853 2118; x_wconf 84' lang='lat' dir='ltr'><strong>nonne</strong></span> <span class='ocrx_word' id='word_1_666' title='bbox 3881 2062 3945 2118; x_wconf 87' lang='lat' dir='ltr'><strong>ad</strong></span> 
     </span>
    </p>
   </div>
   <div class='ocr_carea' id='block_1_87' title="bbox 2371 2152 3946 2228">
    <p class='ocr_par' dir='ltr' id='par_1_87' title="bbox 2371 2152 3946 2228">
     <span class='ocr_line' id='line_1_87' title="bbox 2371 2152 3946 2228; baseline -0.002 -16"><span class='ocrx_word' id='word_1_667' title='bbox 2371 2158 2512 2212; x_wconf 87' lang='lat' dir='ltr'><strong>fores</strong></span> <span class='ocrx_word' id='word_1_668' title='bbox 2530 2156 2646 2228; x_wconf 88' lang='lat' dir='ltr'><strong>ejus</strong></span> <span class='ocrx_word' id='word_1_669' title='bbox 2661 2157 2822 2212; x_wconf 89' lang='lat' dir='ltr'><strong>adest</strong></span> <span class='ocrx_word' id='word_1_670' title='bbox 2843 2155 3046 2210; x_wconf 76' lang='lat' dir='ltr'><strong>luxuria</strong></span> <span class='ocrx_word' id='word_1_671' title='bbox 3067 2157 3090 2208; x_wconf 89' lang='lat'><strong>?</strong></span> <span class='ocrx_word' id='word_1_672' title='bbox 3112 2155 3176 2210; x_wconf 89' lang='lat' dir='ltr'><strong>Et</strong></span> <span class='ocrx_word' id='word_1_673' title='bbox 3191 2154 3319 2225; x_wconf 91' lang='lat' dir='ltr'><strong>quid</strong></span> <span class='ocrx_word' id='word_1_674' title='bbox 3343 2170 3472 2222; x_wconf 82' lang='lat' dir='ltr'><strong>ergo</strong></span> <span class='ocrx_word' id='word_1_675' title='bbox 3486 2154 3710 2223; x_wconf 91' lang='lat' dir='ltr'><strong>amplius</strong></span> <span class='ocrx_word' id='word_1_676' title='bbox 3735 2152 3946 2224; x_wconf 90' lang='lat' dir='ltr'><strong>loquar,</strong></span> 
     </span>
    </p>
   </div>
   <div class='ocr_carea' id='block_1_88' title="bbox 2373 2244 3947 2316">
    <p class='ocr_par' dir='ltr' id='par_1_88' title="bbox 2373 2244 3947 2316">
     <span class='ocr_line' id='line_1_88' title="bbox 2373 2244 3947 2316; baseline -0.004 -12"><span class='ocrx_word' id='word_1_677' title='bbox 2373 2264 2494 2304; x_wconf 90' lang='lat' dir='ltr'><strong>cum</strong></span> <span class='ocrx_word' id='word_1_678' title='bbox 2521 2249 2695 2303; x_wconf 90' lang='lat' dir='ltr'><strong>omnis</strong></span> <span class='ocrx_word' id='word_1_679' title='bbox 2716 2246 3020 2301; x_wconf 90' lang='lat' dir='ltr'><strong>mortalium</strong></span> <span class='ocrx_word' id='word_1_680' title='bbox 3044 2246 3225 2316; x_wconf 87' lang='lat' dir='ltr'><strong>lingua</strong></span> <span class='ocrx_word' id='word_1_681' title='bbox 3248 2244 3504 2300; x_wconf 81' lang='lat' dir='ltr'><strong>deﬁceret</strong></span> <span class='ocrx_word' id='word_1_682' title='bbox 3529 2262 3542 2299; x_wconf 92' lang='lat'><strong>:</strong></span> <span class='ocrx_word' id='word_1_683' title='bbox 3571 2253 3629 2299; x_wconf 91' lang='lat' dir='ltr'><strong>ut</strong></span> <span class='ocrx_word' id='word_1_684' title='bbox 3647 2260 3766 2315; x_wconf 72' lang='lat' dir='ltr'><strong>qua:</strong></span> <span class='ocrx_word' id='word_1_685' title='bbox 3788 2244 3947 2299; x_wconf 91' lang='lat' dir='ltr'><strong>millia</strong></span> 
     </span>
    </p>
   </div>
   <div class='ocr_carea' id='block_1_89' title="bbox 2373 2336 3949 2412">
    <p class='ocr_par' dir='ltr' id='par_1_89' title="bbox 2373 2336 3949 2412">
     <span class='ocr_line' id='line_1_89' title="bbox 2373 2336 3949 2412; baseline -0.002 -17"><span class='ocrx_word' id='word_1_686' title='bbox 2373 2349 2714 2412; x_wconf 87' lang='lat' dir='ltr'><strong>peccatorum</strong></span> <span class='ocrx_word' id='word_1_687' title='bbox 2744 2338 2978 2403; x_wconf 89' lang='lat' dir='ltr'><strong>faciunt,</strong></span> <span class='ocrx_word' id='word_1_688' title='bbox 3025 2336 3338 2393; x_wconf 75' lang='lat' dir='ltr'><strong>intimaret?</strong></span> <span class='ocrx_word' id='word_1_689' title='bbox 3390 2351 3490 2393; x_wconf 90' lang='lat' dir='ltr'><strong>nec</strong></span> <span class='ocrx_word' id='word_1_690' title='bbox 3517 2337 3682 2392; x_wconf 91' lang='lat' dir='ltr'><strong>Deum</strong></span> <span class='ocrx_word' id='word_1_691' title='bbox 3730 2336 3839 2392; x_wconf 89' lang='lat' dir='ltr'><strong>nisi</strong></span> <span class='ocrx_word' id='word_1_692' title='bbox 3867 2351 3949 2392; x_wconf 88' lang='lat' dir='ltr'><strong>so-</strong></span> 
     </span>
    </p>
   </div>
   <div class='ocr_carea' id='block_1_90' title="bbox 2379 2427 3951 2500">
    <p class='ocr_par' dir='ltr' id='par_1_90' title="bbox 2379 2427 3951 2500">
     <span class='ocr_line' id='line_1_90' title="bbox 2379 2427 3951 2500; baseline -0.004 -14"><span class='ocrx_word' id='word_1_693' title='bbox 2379 2429 2632 2486; x_wconf 86' lang='lat' dir='ltr'><strong>mniando</strong></span> <span class='ocrx_word' id='word_1_694' title='bbox 2659 2438 3007 2500; x_wconf 87' lang='lat' dir='ltr'><strong>cognoscunt,</strong></span> <span class='ocrx_word' id='word_1_695' title='bbox 3035 2443 3132 2484; x_wconf 91' lang='lat' dir='ltr'><strong>nec</strong></span> <span class='ocrx_word' id='word_1_696' title='bbox 3149 2443 3228 2495; x_wconf 92' lang='lat' dir='ltr'><strong>se,</strong></span> <span class='ocrx_word' id='word_1_697' title='bbox 3252 2436 3307 2482; x_wconf 94' lang='lat' dir='ltr'><strong>ut</strong></span> <span class='ocrx_word' id='word_1_698' title='bbox 3323 2438 3469 2498; x_wconf 92' lang='lat' dir='ltr'><strong>puto,</strong></span> <span class='ocrx_word' id='word_1_699' title='bbox 3501 2430 3792 2482; x_wconf 90' lang='lat' dir='ltr'><strong>morituros</strong></span> <span class='ocrx_word' id='word_1_700' title='bbox 3814 2427 3951 2481; x_wconf 83' lang='lat' dir='ltr'><strong>arbi-</strong></span> 
     </span>
    </p>
   </div>
   <div class='ocr_carea' id='block_1_91' title="bbox 2379 2517 3954 2590">
    <p class='ocr_par' dir='ltr' id='par_1_91' title="bbox 2379 2517 3954 2590">
     <span class='ocr_line' id='line_1_91' title="bbox 2379 2517 3954 2590; baseline -0.003 -14"><span class='ocrx_word' id='word_1_701' title='bbox 2379 2531 2603 2577; x_wconf 88' lang='lat' dir='ltr'><strong>trantur.</strong></span> <span class='ocrx_word' id='word_1_702' title='bbox 2635 2521 2751 2576; x_wconf 86' lang='lat' dir='ltr'><strong>Non</strong></span> <span class='ocrx_word' id='word_1_703' title='bbox 2777 2517 2919 2582; x_wconf 88' lang='lat' dir='ltr'><strong>enim</strong></span> <span class='ocrx_word' id='word_1_704' title='bbox 2949 2520 3102 2575; x_wconf 90' lang='lat' dir='ltr'><strong>facile</strong></span> <span class='ocrx_word' id='word_1_705' title='bbox 3145 2519 3197 2573; x_wconf 94' lang='lat' dir='ltr'><strong>in</strong></span> <span class='ocrx_word' id='word_1_706' title='bbox 3237 2527 3453 2590; x_wconf 88' lang='lat' dir='ltr'><strong>peccata</strong></span> <span class='ocrx_word' id='word_1_707' title='bbox 3498 2517 3727 2584; x_wconf 91' lang='lat' dir='ltr'><strong>labitur,</strong></span> <span class='ocrx_word' id='word_1_708' title='bbox 3758 2517 3855 2588; x_wconf 84' lang='lat' dir='ltr'><strong>qui</strong></span> <span class='ocrx_word' id='word_1_709' title='bbox 3897 2532 3954 2572; x_wconf 89' lang='lat' dir='ltr'><strong>se</strong></span> 
     </span>
    </p>
   </div>
   <div class='ocr_carea' id='block_1_92' title="bbox 2377 2607 3952 2681">
    <p class='ocr_par' dir='ltr' id='par_1_92' title="bbox 2377 2607 3952 2681">
     <span class='ocr_line' id='line_1_92' title="bbox 2377 2607 3952 2681; baseline -0.004 -14"><span class='ocrx_word' id='word_1_710' title='bbox 2377 2613 2693 2667; x_wconf 91' lang='lat' dir='ltr'><strong>moriturum</strong></span> <span class='ocrx_word' id='word_1_711' title='bbox 2734 2611 2931 2681; x_wconf 86' lang='lat' dir='ltr'><strong>cogitat</strong></span> <span class='ocrx_word' id='word_1_712' title='bbox 2965 2628 2979 2664; x_wconf 88' lang='lat'><strong>:</strong></span> <span class='ocrx_word' id='word_1_713' title='bbox 3010 2621 3064 2665; x_wconf 93' lang='lat' dir='ltr'><strong>et</strong></span> <span class='ocrx_word' id='word_1_714' title='bbox 3094 2610 3260 2664; x_wconf 92' lang='lat' dir='ltr'><strong>Deum</strong></span> <span class='ocrx_word' id='word_1_715' title='bbox 3305 2607 3405 2663; x_wconf 92' lang='lat' dir='ltr'><strong>sibi</strong></span> <span class='ocrx_word' id='word_1_716' title='bbox 3436 2607 3551 2663; x_wconf 87' lang='lat' dir='ltr'><strong>fore</strong></span> <span class='ocrx_word' id='word_1_717' title='bbox 3574 2607 3815 2678; x_wconf 89' lang='lat' dir='ltr'><strong>judicem</strong></span> <span class='ocrx_word' id='word_1_718' title='bbox 3855 2623 3952 2663; x_wconf 90' lang='lat' dir='ltr'><strong>non</strong></span> 
     </span>
    </p>
   </div>
   <div class='ocr_carea' id='block_1_93' title="bbox 2379 2688 3957 2774">
    <p class='ocr_par' dir='ltr' id='par_1_93' title="bbox 2379 2688 3957 2774">
     <span class='ocr_line' id='line_1_93' title="bbox 2379 2688 3957 2774; baseline -0.006 -14"><span class='ocrx_word' id='word_1_719' title='bbox 2379 2706 2609 2774; x_wconf 83' lang='lat' dir='ltr'><strong>ignorat.</strong></span> <span class='ocrx_word' id='word_1_720' title='bbox 2643 2702 2785 2757; x_wconf 76' lang='lat' dir='ltr'><strong>Vere</strong></span> <span class='ocrx_word' id='word_1_721' title='bbox 2817 2688 2976 2756; x_wconf 89' lang='lat' dir='ltr'><strong>nimis</strong></span> <span class='ocrx_word' id='word_1_722' title='bbox 3002 2699 3285 2754; x_wconf 89' lang='lat' dir='ltr'><strong>imbecillis</strong></span> <span class='ocrx_word' id='word_1_723' title='bbox 3313 2708 3368 2752; x_wconf 94' lang='lat' dir='ltr'><strong>et</strong></span> <span class='ocrx_word' id='word_1_724' title='bbox 3396 2699 3562 2752; x_wconf 92' lang='lat' dir='ltr'><strong>miser</strong></span> <span class='ocrx_word' id='word_1_725' title='bbox 3589 2706 3702 2764; x_wconf 86' lang='lat' dir='ltr'><strong>est,</strong></span> <span class='ocrx_word' id='word_1_726' title='bbox 3742 2699 3833 2752; x_wconf 84' lang='lat' dir='ltr'><strong>cui</strong></span> <span class='ocrx_word' id='word_1_727' title='bbox 3863 2697 3957 2767; x_wconf 84' lang='lat' dir='ltr'><strong>ha-</strong></span> 
     </span>
    </p>
   </div>
   <div class='ocr_carea' id='block_1_94' title="bbox 2381 2785 3958 2850">
    <p class='ocr_par' dir='ltr' id='par_1_94' title="bbox 2381 2785 3958 2850">
     <span class='ocr_line' id='line_1_94' title="bbox 2381 2785 3958 2850; baseline -0.005 0"><span class='ocrx_word' id='word_1_728' title='bbox 2381 2811 2499 2850; x_wconf 91' lang='lat' dir='ltr'><strong>rum</strong></span> <span class='ocrx_word' id='word_1_729' title='bbox 2547 2785 2721 2848; x_wconf 80' lang='lat' dir='ltr'><strong>rerum</strong></span> <span class='ocrx_word' id='word_1_730' title='bbox 2745 2801 2828 2848; x_wconf 92' lang='lat' dir='ltr'><strong>est</strong></span> <span class='ocrx_word' id='word_1_731' title='bbox 2853 2793 3111 2847; x_wconf 90' lang='lat' dir='ltr'><strong>memoria</strong></span> <span class='ocrx_word' id='word_1_732' title='bbox 3138 2809 3150 2844; x_wconf 90' lang='lat'><strong>:</strong></span> <span class='ocrx_word' id='word_1_733' title='bbox 3181 2791 3224 2845; x_wconf 89' lang='lat' dir='ltr'><strong>si</strong></span> <span class='ocrx_word' id='word_1_734' title='bbox 3252 2799 3440 2845; x_wconf 90' lang='lat' dir='ltr'><strong>cuncta</strong></span> <span class='ocrx_word' id='word_1_735' title='bbox 3478 2788 3739 2844; x_wconf 88' lang='lat' dir='ltr'><strong>diabolica</strong></span> <span class='ocrx_word' id='word_1_736' title='bbox 3782 2799 3958 2845; x_wconf 81' lang='lat' dir='ltr'><strong>tenta-</strong></span> 
     </span>
    </p>
   </div>
   <div class='ocr_carea' id='block_1_95' title="bbox 2382 2877 3956 2951">
    <p class='ocr_par' dir='ltr' id='par_1_95' title="bbox 2382 2877 3956 2951">
     <span class='ocr_line' id='line_1_95' title="bbox 2382 2877 3956 2951; baseline -0.004 -11"><span class='ocrx_word' id='word_1_737' title='bbox 2382 2895 2560 2940; x_wconf 84' lang='lat' dir='ltr'><strong>tucnta</strong></span> <span class='ocrx_word' id='word_1_738' title='bbox 2592 2899 2700 2938; x_wconf 91' lang='lat' dir='ltr'><strong>non</strong></span> <span class='ocrx_word' id='word_1_739' title='bbox 2729 2882 2884 2938; x_wconf 90' lang='lat' dir='ltr'><strong>facile</strong></span> <span class='ocrx_word' id='word_1_740' title='bbox 2908 2877 3211 2951; x_wconf 89' lang='lat' dir='ltr'><strong>vilipendit.</strong></span> <span class='ocrx_word' id='word_1_741' title='bbox 3247 2880 3451 2935; x_wconf 86' lang='lat' dir='ltr'><strong>Idcirco</strong></span> <span class='ocrx_word' id='word_1_742' title='bbox 3483 2895 3610 2934; x_wconf 85' lang='lat' dir='ltr'><strong>vere</strong></span> <span class='ocrx_word' id='word_1_743' title='bbox 3651 2879 3835 2934; x_wconf 86' lang='lat' dir='ltr'><strong>dicam</strong></span> <span class='ocrx_word' id='word_1_744' title='bbox 3861 2922 3875 2947; x_wconf 96' lang='lat'><strong>,</strong></span> <span class='ocrx_word' id='word_1_745' title='bbox 3915 2879 3956 2933; x_wconf 92' lang='lat' dir='ltr'><strong>si</strong></span> 
     </span>
    </p>
   </div>
   <div class='ocr_carea' id='block_1_96' title="bbox 2387 2971 3957 3044">
    <p class='ocr_par' dir='ltr' id='par_1_96' title="bbox 2387 2971 3957 3044">
     <span class='ocr_line' id='line_1_96' title="bbox 2387 2971 3957 3044; baseline -0.004 -12"><span class='ocrx_word' id='word_1_746' title='bbox 2387 2980 2550 3033; x_wconf 92' lang='lat' dir='ltr'><strong>Deum</strong></span> <span class='ocrx_word' id='word_1_747' title='bbox 2575 2977 2811 3043; x_wconf 88' lang='lat' dir='ltr'><strong>judicem</strong></span> <span class='ocrx_word' id='word_1_748' title='bbox 2839 2990 2994 3037; x_wconf 89' lang='lat' dir='ltr'><strong>suum</strong></span> <span class='ocrx_word' id='word_1_749' title='bbox 3025 2982 3400 3044; x_wconf 86' lang='lat' dir='ltr'><strong>agnoscerent,</strong></span> <span class='ocrx_word' id='word_1_750' title='bbox 3431 2982 3484 3027; x_wconf 89' lang='lat' dir='ltr'><strong>et</strong></span> <span class='ocrx_word' id='word_1_751' title='bbox 3510 2987 3569 3028; x_wconf 91' lang='lat' dir='ltr'><strong>se</strong></span> <span class='ocrx_word' id='word_1_752' title='bbox 3599 2972 3734 3026; x_wconf 91' lang='lat' dir='ltr'><strong>mori</strong></span> <span class='ocrx_word' id='word_1_753' title='bbox 3774 2971 3957 3027; x_wconf 86' lang='lat' dir='ltr'><strong>crede-</strong></span> 
     </span>
    </p>
   </div>
   <div class='ocr_carea' id='block_1_97' title="bbox 2385 3063 3960 3138">
    <p class='ocr_par' dir='ltr' id='par_1_97' title="bbox 2385 3063 3960 3138">
     <span class='ocr_line' id='line_1_97' title="bbox 2385 3063 3960 3138; baseline -0.006 -13"><span class='ocrx_word' id='word_1_754' title='bbox 2385 3080 2524 3134; x_wconf 91' lang='lat' dir='ltr'><strong>rent,</strong></span> <span class='ocrx_word' id='word_1_755' title='bbox 2557 3086 2662 3123; x_wconf 92' lang='lat' dir='ltr'><strong>non</strong></span> <span class='ocrx_word' id='word_1_756' title='bbox 2695 3075 2978 3138; x_wconf 90' lang='lat' dir='ltr'><strong>peccarent</strong></span> <span class='ocrx_word' id='word_1_757' title='bbox 3007 3066 3197 3121; x_wconf 90' lang='lat' dir='ltr'><strong>saltem</strong></span> <span class='ocrx_word' id='word_1_758' title='bbox 3229 3075 3332 3118; x_wconf 90' lang='lat' dir='ltr'><strong>tam</strong></span> <span class='ocrx_word' id='word_1_759' title='bbox 3365 3080 3572 3120; x_wconf 90' lang='lat' dir='ltr'><strong>secure.</strong></span> <span class='ocrx_word' id='word_1_760' title='bbox 3625 3064 3736 3118; x_wconf 90' lang='lat' dir='ltr'><strong>Cur</strong></span> <span class='ocrx_word' id='word_1_761' title='bbox 3787 3063 3837 3117; x_wconf 90' lang='lat' dir='ltr'><strong>hi</strong></span> <span class='ocrx_word' id='word_1_762' title='bbox 3867 3063 3960 3116; x_wconf 85' lang='lat' dir='ltr'><strong>nii-</strong></span> 
     </span>
    </p>
   </div>
   <div class='ocr_carea' id='block_1_98' title="bbox 2384 3155 3961 3228">
    <p class='ocr_par' dir='ltr' id='par_1_98' title="bbox 2384 3155 3961 3228">
     <span class='ocr_line' id='line_1_98' title="bbox 2384 3155 3961 3228; baseline -0.008 -11"><span class='ocrx_word' id='word_1_763' title='bbox 2384 3163 2592 3217; x_wconf 87' lang='lat' dir='ltr'><strong>scrrimi</strong></span> <span class='ocrx_word' id='word_1_764' title='bbox 2624 3160 2689 3214; x_wconf 90' lang='lat' dir='ltr'><strong>ad</strong></span> <span class='ocrx_word' id='word_1_765' title='bbox 2725 3157 2994 3213; x_wconf 80' lang='lat' dir='ltr'><strong>Ecclesias</strong></span> <span class='ocrx_word' id='word_1_766' title='bbox 3027 3165 3350 3228; x_wconf 92' lang='lat' dir='ltr'><strong>properant,</strong></span> <span class='ocrx_word' id='word_1_767' title='bbox 3399 3165 3454 3210; x_wconf 93' lang='lat' dir='ltr'><strong>ut</strong></span> <span class='ocrx_word' id='word_1_768' title='bbox 3493 3155 3686 3210; x_wconf 85' lang='lat' dir='ltr'><strong>divinis</strong></span> <span class='ocrx_word' id='word_1_769' title='bbox 3719 3155 3961 3209; x_wconf 80' lang='lat' dir='ltr'><strong>intersint</strong></span> 
     </span>
    </p>
   </div>
   <div class='ocr_carea' id='block_1_99' title="bbox 2386 3247 3962 3323">
    <p class='ocr_par' dir='ltr' id='par_1_99' title="bbox 2386 3247 3962 3323">
     <span class='ocr_line' id='line_1_99' title="bbox 2386 3247 3962 3323; baseline -0.005 -15"><span class='ocrx_word' id='word_1_770' title='bbox 2386 3249 2691 3323; x_wconf 82' lang='lat' dir='ltr'><strong>mysteriis?</strong></span> <span class='ocrx_word' id='word_1_771' title='bbox 2708 3268 2776 3306; x_wconf 89' lang='lat' dir='ltr'><strong>an</strong></span> <span class='ocrx_word' id='word_1_772' title='bbox 2796 3261 2851 3305; x_wconf 91' lang='lat' dir='ltr'><strong>ut</strong></span> <span class='ocrx_word' id='word_1_773' title='bbox 2866 3251 3150 3305; x_wconf 89' lang='lat' dir='ltr'><strong>mulierum</strong></span> <span class='ocrx_word' id='word_1_774' title='bbox 3169 3248 3596 3318; x_wconf 89' lang='lat' dir='ltr'><strong>contemplentur</strong></span> <span class='ocrx_word' id='word_1_775' title='bbox 3611 3248 3824 3302; x_wconf 75' lang='lat' dir='ltr'><strong>vultus?</strong></span> <span class='ocrx_word' id='word_1_776' title='bbox 3845 3247 3962 3301; x_wconf 69' lang='lat' dir='ltr'><strong>llarc</strong></span> 
     </span>
    </p>
   </div>
   <div class='ocr_carea' id='block_1_100' title="bbox 2387 3337 3963 3411">
    <p class='ocr_par' dir='ltr' id='par_1_100' title="bbox 2387 3337 3963 3411">
     <span class='ocr_line' id='line_1_100' title="bbox 2387 3337 3963 3411; baseline -0.007 -10"><span class='ocrx_word' id='word_1_777' title='bbox 2387 3360 2481 3401; x_wconf 88' lang='lat' dir='ltr'><strong>sua</strong></span> <span class='ocrx_word' id='word_1_778' title='bbox 2505 3354 2588 3400; x_wconf 92' lang='lat' dir='ltr'><strong>est</strong></span> <span class='ocrx_word' id='word_1_779' title='bbox 2607 3343 2900 3408; x_wconf 89' lang='lat' dir='ltr'><strong>meditatio,</strong></span> <span class='ocrx_word' id='word_1_780' title='bbox 2929 3341 3043 3396; x_wconf 77' lang='lat' dir='ltr'><strong>lucc</strong></span> <span class='ocrx_word' id='word_1_781' title='bbox 3066 3339 3391 3411; x_wconf 58' lang='lat' dir='ltr'><strong>pra‘dicatio,</strong></span> <span class='ocrx_word' id='word_1_782' title='bbox 3420 3347 3474 3394; x_wconf 90' lang='lat' dir='ltr'><strong>ct</strong></span> <span class='ocrx_word' id='word_1_783' title='bbox 3493 3339 3580 3394; x_wconf 92' lang='lat' dir='ltr'><strong>Dei</strong></span> <span class='ocrx_word' id='word_1_784' title='bbox 3603 3339 3860 3408; x_wconf 87' lang='lat' dir='ltr'><strong>cognitio.</strong></span> <span class='ocrx_word' id='word_1_785' title='bbox 3880 3337 3963 3392; x_wconf 87' lang='lat' dir='ltr'><strong>Sic</strong></span> 
     </span>
    </p>
   </div>
   <div class='ocr_carea' id='block_1_101' title="bbox 2387 3431 3962 3505">
    <p class='ocr_par' dir='ltr' id='par_1_101' title="bbox 2387 3431 3962 3505">
     <span class='ocr_line' id='line_1_101' title="bbox 2387 3431 3962 3505; baseline -0.008 -12"><span class='ocrx_word' id='word_1_786' title='bbox 2387 3438 2621 3494; x_wconf 88' lang='lat' dir='ltr'><strong>divinam</strong></span> <span class='ocrx_word' id='word_1_787' title='bbox 2653 3442 3071 3505; x_wconf 89' lang='lat' dir='ltr'><strong>percunctantur</strong></span> <span class='ocrx_word' id='word_1_788' title='bbox 3099 3432 3292 3500; x_wconf 82' lang='lat' dir='ltr'><strong>legem,</strong></span> <span class='ocrx_word' id='word_1_789' title='bbox 3323 3441 3381 3485; x_wconf 91' lang='lat' dir='ltr'><strong>ut</strong></span> <span class='ocrx_word' id='word_1_790' title='bbox 3411 3431 3714 3502; x_wconf 89' lang='lat' dir='ltr'><strong>pecuniam,</strong></span> <span class='ocrx_word' id='word_1_791' title='bbox 3746 3441 3962 3491; x_wconf 84' lang='lat' dir='ltr'><strong>terrain,</strong></span> 
     </span>
    </p>
   </div>
   <div class='ocr_carea' id='block_1_102' title="bbox 2389 3524 3966 3601">
    <p class='ocr_par' dir='ltr' id='par_1_102' title="bbox 2389 3524 3966 3601">
     <span class='ocr_line' id='line_1_102' title="bbox 2389 3524 3966 3601; baseline -0.006 -16"><span class='ocrx_word' id='word_1_792' title='bbox 2389 3526 2470 3585; x_wconf 81' lang='lat' dir='ltr'><strong>nia</strong></span> <span class='ocrx_word' id='word_1_793' title='bbox 2479 3543 2641 3601; x_wconf 88' lang='lat' dir='ltr'><strong>reque</strong></span> <span class='ocrx_word' id='word_1_794' title='bbox 2655 3525 3224 3599; x_wconf 89' lang='lat' dir='ltr'><strong>peragrantes,crebris</strong></span> <span class='ocrx_word' id='word_1_795' title='bbox 3237 3524 3452 3596; x_wconf 82' lang='lat' dir='ltr'><strong>vigiliis,</strong></span> <span class='ocrx_word' id='word_1_796' title='bbox 3466 3534 3518 3580; x_wconf 91' lang='lat' dir='ltr'><strong>et</strong></span> <span class='ocrx_word' id='word_1_797' title='bbox 3535 3524 3966 3580; x_wconf 78' lang='lat' dir='ltr'><strong>meditationibus</strong></span> 
     </span>
    </p>
   </div>
   <div class='ocr_carea' id='block_1_103' title="bbox 2389 3623 3968 3697">
    <p class='ocr_par' dir='ltr' id='par_1_103' title="bbox 2389 3623 3968 3697">
     <span class='ocr_line' id='line_1_103' title="bbox 2389 3623 3968 3697; baseline -0.004 -16"><span class='ocrx_word' id='word_1_798' title='bbox 2389 3626 2489 3681; x_wconf 87' lang='lat' dir='ltr'><strong>sibi</strong></span> <span class='ocrx_word' id='word_1_799' title='bbox 2519 3634 2574 3682; x_wconf 91' lang='lat' dir='ltr'><strong>et</strong></span> <span class='ocrx_word' id='word_1_800' title='bbox 2606 3627 2716 3681; x_wconf 93' lang='lat' dir='ltr'><strong>suis</strong></span> <span class='ocrx_word' id='word_1_801' title='bbox 2743 3626 2866 3682; x_wconf 80' lang='lat' dir='ltr'><strong>filiis</strong></span> <span class='ocrx_word' id='word_1_802' title='bbox 2895 3634 3217 3697; x_wconf 80' lang='lat' dir='ltr'><strong>congregem</strong></span> <span class='ocrx_word' id='word_1_803' title='bbox 3241 3643 3254 3679; x_wconf 91' lang='lat'><strong><em>:</em></strong></span> <span class='ocrx_word' id='word_1_804' title='bbox 3281 3625 3522 3681; x_wconf 90' lang='lat' dir='ltr'><strong>certatim</strong></span> <span class='ocrx_word' id='word_1_805' title='bbox 3555 3623 3874 3679; x_wconf 89' lang='lat' dir='ltr'><strong>vestimenta</strong></span> <span class='ocrx_word' id='word_1_806' title='bbox 3919 3624 3968 3675; x_wconf 93' lang='lat' dir='ltr'><strong>in</strong></span> 
     </span>
    </p>
   </div>
   <div class='ocr_carea' id='block_1_104' title="bbox 2392 3711 3972 3788">
    <p class='ocr_par' dir='ltr' id='par_1_104' title="bbox 2392 3711 3972 3788">
     <span class='ocr_line' id='line_1_104' title="bbox 2392 3711 3972 3788; baseline -0.006 -13"><span class='ocrx_word' id='word_1_807' title='bbox 2392 3711 2670 3784; x_wconf 80' lang='lat' dir='ltr'><strong>societate,</strong></span> <span class='ocrx_word' id='word_1_808' title='bbox 2704 3719 2835 3772; x_wconf 91' lang='lat' dir='ltr'><strong>mira</strong></span> <span class='ocrx_word' id='word_1_809' title='bbox 2863 3718 3071 3774; x_wconf 85' lang='lat' dir='ltr'><strong>artificii</strong></span> <span class='ocrx_word' id='word_1_810' title='bbox 3107 3719 3365 3773; x_wconf 89' lang='lat' dir='ltr'><strong>varietate</strong></span> <span class='ocrx_word' id='word_1_811' title='bbox 3390 3716 3695 3788; x_wconf 90' lang='lat' dir='ltr'><strong>frequenter</strong></span> <span class='ocrx_word' id='word_1_812' title='bbox 3725 3725 3928 3771; x_wconf 91' lang='lat' dir='ltr'><strong>mutent</strong></span> <span class='ocrx_word' id='word_1_813' title='bbox 3954 3730 3972 3767; x_wconf 92' lang='lat'><strong><em>:</em></strong></span> 
     </span>
    </p>
   </div>
   <div class='ocr_carea' id='block_1_105' title="bbox 2393 3803 3974 3882">
    <p class='ocr_par' dir='ltr' id='par_1_105' title="bbox 2393 3803 3974 3882">
     <span class='ocr_line' id='line_1_105' title="bbox 2393 3803 3974 3882; baseline -0.003 -20"><span class='ocrx_word' id='word_1_814' title='bbox 2393 3803 2520 3882; x_wconf 81' lang='lat' dir='ltr'><strong>quin</strong></span> <span class='ocrx_word' id='word_1_815' title='bbox 2542 3819 2598 3865; x_wconf 92' lang='lat' dir='ltr'><strong>ut</strong></span> <span class='ocrx_word' id='word_1_816' title='bbox 2624 3809 2798 3873; x_wconf 87' lang='lat' dir='ltr'><strong>ludos,</strong></span> <span class='ocrx_word' id='word_1_817' title='bbox 2816 3808 3122 3875; x_wconf 90' lang='lat' dir='ltr'><strong>hastiludia,</strong></span> <span class='ocrx_word' id='word_1_818' title='bbox 3147 3807 3389 3871; x_wconf 88' lang='lat' dir='ltr'><strong>choreas,</strong></span> <span class='ocrx_word' id='word_1_819' title='bbox 3413 3807 3775 3877; x_wconf 90' lang='lat' dir='ltr'><strong>procationes,</strong></span> <span class='ocrx_word' id='word_1_820' title='bbox 3803 3806 3974 3860; x_wconf 84' lang='lat' dir='ltr'><strong>ebrie-</strong></span> 
     </span>
    </p>
   </div>
   <div class='ocr_carea' id='block_1_106' title="bbox 2395 3899 3974 3973">
    <p class='ocr_par' dir='ltr' id='par_1_106' title="bbox 2395 3899 3974 3973">
     <span class='ocr_line' id='line_1_106' title="bbox 2395 3899 3974 3973; baseline -0.005 -16"><span class='ocrx_word' id='word_1_821' title='bbox 2395 3912 2548 3969; x_wconf 88' lang='lat' dir='ltr'><strong>tates,</strong></span> <span class='ocrx_word' id='word_1_822' title='bbox 2587 3917 2774 3973; x_wconf 89' lang='lat' dir='ltr'><strong>magna</strong></span> <span class='ocrx_word' id='word_1_823' title='bbox 2805 3902 3072 3968; x_wconf 88' lang='lat' dir='ltr'><strong>convivia,</strong></span> <span class='ocrx_word' id='word_1_824' title='bbox 3101 3901 3328 3956; x_wconf 89' lang='lat' dir='ltr'><strong>delicata</strong></span> <span class='ocrx_word' id='word_1_825' title='bbox 3357 3899 3577 3965; x_wconf 88' lang='lat' dir='ltr'><strong>fercula,</strong></span> <span class='ocrx_word' id='word_1_826' title='bbox 3602 3900 3714 3954; x_wconf 86' lang='lat' dir='ltr'><strong>suis</strong></span> <span class='ocrx_word' id='word_1_827' title='bbox 3743 3899 3974 3954; x_wconf 84' lang='lat' dir='ltr'><strong>alterna-</strong></span> 
     </span>
    </p>
   </div>
   <div class='ocr_carea' id='block_1_107' title="bbox 2397 3990 3975 4060">
    <p class='ocr_par' dir='ltr' id='par_1_107' title="bbox 2397 3990 3975 4060">
     <span class='ocr_line' id='line_1_107' title="bbox 2397 3990 3975 4060; baseline -0.004 -14"><span class='ocrx_word' id='word_1_828' title='bbox 2397 3993 2488 4047; x_wconf 90' lang='lat' dir='ltr'><strong>tim</strong></span> <span class='ocrx_word' id='word_1_829' title='bbox 2519 3992 2810 4048; x_wconf 79' lang='lat' dir='ltr'><strong>exhibeant</strong></span> <span class='ocrx_word' id='word_1_830' title='bbox 2835 3991 3109 4047; x_wconf 88' lang='lat' dir='ltr'><strong>sodalibus</strong></span> <span class='ocrx_word' id='word_1_831' title='bbox 3136 4009 3150 4046; x_wconf 89' lang='lat'><strong>:</strong></span> <span class='ocrx_word' id='word_1_832' title='bbox 3178 3991 3431 4046; x_wconf 87' lang='lat' dir='ltr'><strong>mulieres</strong></span> <span class='ocrx_word' id='word_1_833' title='bbox 3457 3991 3522 4045; x_wconf 89' lang='lat' dir='ltr'><strong>ad</strong></span> <span class='ocrx_word' id='word_1_834' title='bbox 3549 4005 3699 4045; x_wconf 84' lang='lat' dir='ltr'><strong>suam</strong></span> <span class='ocrx_word' id='word_1_835' title='bbox 3729 3990 3975 4060; x_wconf 83' lang='lat' dir='ltr'><strong>volupta-</strong></span> 
     </span>
    </p>
   </div>
   <div class='ocr_carea' id='block_1_108' title="bbox 2397 4082 3478 4156">
    <p class='ocr_par' dir='ltr' id='par_1_108' title="bbox 2397 4082 3478 4156">
     <span class='ocr_line' id='line_1_108' title="bbox 2397 4082 3478 4156; baseline -0.004 -15"><span class='ocrx_word' id='word_1_836' title='bbox 2397 4095 2503 4142; x_wconf 90' lang='lat' dir='ltr'><strong>tem</strong></span> <span class='ocrx_word' id='word_1_837' title='bbox 2530 4085 2846 4156; x_wconf 79' lang='lat' dir='ltr'><strong>explendam</strong></span> <span class='ocrx_word' id='word_1_838' title='bbox 2877 4084 3205 4140; x_wconf 83' lang='lat' dir='ltr'><strong>sufficienter</strong></span> <span class='ocrx_word' id='word_1_839' title='bbox 3229 4082 3478 4138; x_wconf 76' lang='lat' dir='ltr'><strong>habeant.</strong></span> 
     </span>
    </p>
   </div>
   <div class='ocr_carea' id='block_1_109' title="bbox 2465 4165 3980 4245">
    <p class='ocr_par' dir='ltr' id='par_1_109' title="bbox 2465 4165 3980 4245">
     <span class='ocr_line' id='line_1_109' title="bbox 2465 4165 3980 4245; baseline -0.005 -12"><span class='ocrx_word' id='word_1_840' title='bbox 2465 4178 2594 4233; x_wconf 78' lang='lat' dir='ltr'><strong>CAP.</strong></span> <span class='ocrx_word' id='word_1_841' title='bbox 2613 4176 2755 4232; x_wconf 77' lang='lat' dir='ltr'><strong>XXI.</strong></span> <span class='ocrx_word' id='word_1_842' title='bbox 2779 4177 2883 4233; x_wconf 84' lang='lat' dir='ltr'><strong>Sed</strong></span> <span class='ocrx_word' id='word_1_843' title='bbox 2911 4191 2990 4230; x_wconf 72' lang='lat' dir='ltr'><strong>vae.</strong></span> <span class='ocrx_word' id='word_1_844' title='bbox 3016 4175 3218 4242; x_wconf 91' lang='lat' dir='ltr'><strong>miseri,</strong></span> <span class='ocrx_word' id='word_1_845' title='bbox 3251 4174 3377 4245; x_wconf 90' lang='lat' dir='ltr'><strong>quid</strong></span> <span class='ocrx_word' id='word_1_846' title='bbox 3406 4173 3578 4229; x_wconf 86' lang='lat' dir='ltr'><strong>facitis</strong></span> <span class='ocrx_word' id='word_1_847' title='bbox 3604 4165 3708 4229; x_wconf 89' lang='lat' dir='ltr'><strong>non</strong></span> <span class='ocrx_word' id='word_1_848' title='bbox 3737 4174 3980 4244; x_wconf 79' lang='lat' dir='ltr'><strong>agnosci-</strong></span> 
     </span>
    </p>
   </div>
   <div class='ocr_carea' id='block_1_110' title="bbox 2395 4263 3985 4348">
    <p class='ocr_par' dir='ltr' id='par_1_110' title="bbox 2395 4263 3985 4348">
     <span class='ocr_line' id='line_1_110' title="bbox 2395 4263 3985 4348; baseline -0.005 -24"><span class='ocrx_word' id='word_1_849' title='bbox 2395 4263 2466 4348; x_wconf 74' lang='lat' dir='ltr'><strong>tis</strong></span> <span class='ocrx_word' id='word_1_850' title='bbox 2485 4286 2498 4321; x_wconf 88' lang='lat'>:</span> <span class='ocrx_word' id='word_1_851' title='bbox 2517 4283 2709 4339; x_wconf 91' lang='lat' dir='ltr'><strong>corpus</strong></span> <span class='ocrx_word' id='word_1_852' title='bbox 2725 4277 2846 4322; x_wconf 90' lang='lat' dir='ltr'><strong>ante</strong></span> <span class='ocrx_word' id='word_1_853' title='bbox 2864 4275 3072 4335; x_wconf 91' lang='lat' dir='ltr'><strong>tempus</strong></span> <span class='ocrx_word' id='word_1_854' title='bbox 3087 4266 3379 4332; x_wconf 80' lang='lat' dir='ltr'><strong>destruitis,</strong></span> <span class='ocrx_word' id='word_1_855' title='bbox 3399 4276 3450 4320; x_wconf 91' lang='lat' dir='ltr'><strong>et</strong></span> <span class='ocrx_word' id='word_1_856' title='bbox 3475 4267 3705 4320; x_wconf 89' lang='lat' dir='ltr'><strong>animam</strong></span> <span class='ocrx_word' id='word_1_857' title='bbox 3728 4266 3985 4321; x_wconf 83' lang='lat' dir='ltr'><strong>interlici-</strong></span> 
     </span>
    </p>
   </div>
   <div class='ocr_carea' id='block_1_111' title="bbox 2399 4359 3983 4428">
    <p class='ocr_par' dir='ltr' id='par_1_111' title="bbox 2399 4359 3983 4428">
     <span class='ocr_line' id='line_1_111' title="bbox 2399 4359 3983 4428; baseline -0.004 -12"><span class='ocrx_word' id='word_1_858' title='bbox 2399 4363 2466 4416; x_wconf 91' lang='lat' dir='ltr'><strong>tis</strong></span> <span class='ocrx_word' id='word_1_859' title='bbox 2491 4378 2502 4414; x_wconf 93' lang='lat'>:</span> <span class='ocrx_word' id='word_1_860' title='bbox 2523 4361 2665 4415; x_wconf 89' lang='lat' dir='ltr'><strong>unde</strong></span> <span class='ocrx_word' id='word_1_861' title='bbox 2685 4359 3020 4414; x_wconf 85' lang='lat' dir='ltr'><strong>infirmitates</strong></span> <span class='ocrx_word' id='word_1_862' title='bbox 3034 4368 3085 4413; x_wconf 91' lang='lat' dir='ltr'><strong>et</strong></span> <span class='ocrx_word' id='word_1_863' title='bbox 3101 4374 3244 4414; x_wconf 88' lang='lat' dir='ltr'><strong>mors</strong></span> <span class='ocrx_word' id='word_1_864' title='bbox 3258 4369 3361 4413; x_wconf 89' lang='lat' dir='ltr'><strong>tam</strong></span> <span class='ocrx_word' id='word_1_865' title='bbox 3379 4359 3747 4428; x_wconf 88' lang='lat' dir='ltr'><strong>intempestiva</strong></span> <span class='ocrx_word' id='word_1_866' title='bbox 3769 4360 3901 4413; x_wconf 88' lang='lat' dir='ltr'><strong>:nisi</strong></span> <span class='ocrx_word' id='word_1_867' title='bbox 3918 4374 3983 4412; x_wconf 71' lang='lat' dir='ltr'><strong>cx</strong></span> 
     </span>
    </p>
   </div>
   <div class='ocr_carea' id='block_1_112' title="bbox 2396 4451 3984 4520">
    <p class='ocr_par' dir='ltr' id='par_1_112' title="bbox 2396 4451 3984 4520">
     <span class='ocr_line' id='line_1_112' title="bbox 2396 4451 3984 4520; baseline -0.004 -13"><span class='ocrx_word' id='word_1_868' title='bbox 2396 4452 2559 4508; x_wconf 85' lang='lat' dir='ltr'><strong>&#39;nimia</strong></span> <span class='ocrx_word' id='word_1_869' title='bbox 2575 4451 2814 4506; x_wconf 91' lang='lat' dir='ltr'><strong>ciborum</strong></span> <span class='ocrx_word' id='word_1_870' title='bbox 2833 4451 3005 4520; x_wconf 89' lang='lat' dir='ltr'><strong>copia,</strong></span> <span class='ocrx_word' id='word_1_871' title='bbox 3025 4461 3078 4505; x_wconf 92' lang='lat' dir='ltr'><strong>et</strong></span> <span class='ocrx_word' id='word_1_872' title='bbox 3094 4451 3354 4520; x_wconf 90' lang='lat' dir='ltr'><strong>frequenti</strong></span> <span class='ocrx_word' id='word_1_873' title='bbox 3371 4451 3651 4505; x_wconf 90' lang='lat' dir='ltr'><strong>mulierum</strong></span> <span class='ocrx_word' id='word_1_874' title='bbox 3669 4451 3798 4504; x_wconf 85' lang='lat' dir='ltr'><strong>usu?</strong></span> <span class='ocrx_word' id='word_1_875' title='bbox 3818 4451 3984 4504; x_wconf 87' lang='lat' dir='ltr'><strong>Deum</strong></span> 
     </span>
    </p>
   </div>
   <div class='ocr_carea' id='block_1_113' title="bbox 2397 4539 3988 4610">
    <p class='ocr_par' dir='ltr' id='par_1_113' title="bbox 2397 4539 3988 4610">
     <span class='ocr_line' id='line_1_113' title="bbox 2397 4539 3988 4610; baseline -0.005 -13"><span class='ocrx_word' id='word_1_876' title='bbox 2397 4541 2652 4598; x_wconf 89' lang='lat' dir='ltr'><strong>deludere</strong></span> <span class='ocrx_word' id='word_1_877' title='bbox 2679 4541 2894 4595; x_wconf 88' lang='lat' dir='ltr'><strong>creditis</strong></span> <span class='ocrx_word' id='word_1_878' title='bbox 2916 4542 2938 4595; x_wconf 86' lang='lat'><strong>?</strong></span> <span class='ocrx_word' id='word_1_879' title='bbox 2963 4542 3122 4596; x_wconf 89' lang='lat' dir='ltr'><strong>Certe</strong></span> <span class='ocrx_word' id='word_1_880' title='bbox 3167 4540 3421 4596; x_wconf 91' lang='lat' dir='ltr'><strong>deluditis</strong></span> <span class='ocrx_word' id='word_1_881' title='bbox 3457 4540 3836 4610; x_wconf 88' lang='lat' dir='ltr'><strong>vosmetipsos.</strong></span> <span class='ocrx_word' id='word_1_882' title='bbox 3884 4539 3988 4593; x_wconf 86' lang='lat' dir='ltr'><strong>Pro</strong></span> 
     </span>
    </p>
   </div>
   <div class='ocr_carea' id='block_1_114' title="bbox 2399 4632 3988 4704">
    <p class='ocr_par' dir='ltr' id='par_1_114' title="bbox 2399 4632 3988 4704">
     <span class='ocr_line' id='line_1_114' title="bbox 2399 4632 3988 4704; baseline -0.006 -13"><span class='ocrx_word' id='word_1_883' title='bbox 2399 4649 2625 4704; x_wconf 87' lang='lat' dir='ltr'><strong>corpore</strong></span> <span class='ocrx_word' id='word_1_884' title='bbox 2654 4633 3035 4689; x_wconf 90' lang='lat' dir='ltr'><strong>obliviscimini</strong></span> <span class='ocrx_word' id='word_1_885' title='bbox 3067 4635 3297 4686; x_wconf 89' lang='lat' dir='ltr'><strong>animam</strong></span> <span class='ocrx_word' id='word_1_886' title='bbox 3319 4675 3333 4698; x_wconf 95' lang='lat'><strong>,</strong></span> <span class='ocrx_word' id='word_1_887' title='bbox 3361 4641 3412 4687; x_wconf 92' lang='lat' dir='ltr'><strong>et</strong></span> <span class='ocrx_word' id='word_1_888' title='bbox 3444 4647 3570 4686; x_wconf 90' lang='lat' dir='ltr'><strong>ecce</strong></span> <span class='ocrx_word' id='word_1_889' title='bbox 3599 4647 3796 4701; x_wconf 85' lang='lat' dir='ltr'><strong>corpus</strong></span> <span class='ocrx_word' id='word_1_890' title='bbox 3828 4632 3988 4683; x_wconf 87' lang='lat' dir='ltr'><strong>simul</strong></span> 
     </span>
    </p>
   </div>
   <div class='ocr_carea' id='block_1_115' title="bbox 2400 4721 3989 4795">
    <p class='ocr_par' dir='ltr' id='par_1_115' title="bbox 2400 4721 3989 4795">
     <span class='ocr_line' id='line_1_115' title="bbox 2400 4721 3989 4795; baseline -0.008 -10"><span class='ocrx_word' id='word_1_891' title='bbox 2400 4745 2520 4785; x_wconf 85' lang='lat' dir='ltr'><strong>Cum</strong></span> <span class='ocrx_word' id='word_1_892' title='bbox 2546 4727 2718 4782; x_wconf 88' lang='lat' dir='ltr'><strong>anima</strong></span> <span class='ocrx_word' id='word_1_893' title='bbox 2751 4725 3025 4780; x_wconf 87' lang='lat' dir='ltr'><strong>destruitis</strong></span> <span class='ocrx_word' id='word_1_894' title='bbox 3052 4736 3174 4779; x_wconf 90' lang='lat' dir='ltr'><strong>ante</strong></span> <span class='ocrx_word' id='word_1_895' title='bbox 3207 4735 3414 4795; x_wconf 93' lang='lat' dir='ltr'><strong>tempus</strong></span> <span class='ocrx_word' id='word_1_896' title='bbox 3441 4743 3453 4778; x_wconf 93' lang='lat'><strong>:</strong></span> <span class='ocrx_word' id='word_1_897' title='bbox 3484 4735 3535 4777; x_wconf 92' lang='lat' dir='ltr'><strong>ct</strong></span> <span class='ocrx_word' id='word_1_898' title='bbox 3572 4723 3692 4777; x_wconf 91' lang='lat' dir='ltr'><strong>ideo</strong></span> <span class='ocrx_word' id='word_1_899' title='bbox 3730 4721 3989 4792; x_wconf 89' lang='lat' dir='ltr'><strong>gaudete,</strong></span> 
     </span>
    </p>
   </div>
   <div class='ocr_carea' id='block_1_116' title="bbox 2401 4813 3990 4890">
    <p class='ocr_par' dir='ltr' id='par_1_116' title="bbox 2401 4813 3990 4890">
     <span class='ocr_line' id='line_1_116' title="bbox 2401 4813 3990 4890; baseline -0.007 -14"><span class='ocrx_word' id='word_1_900' title='bbox 2401 4830 2453 4876; x_wconf 91' lang='lat' dir='ltr'><strong>ct</strong></span> <span class='ocrx_word' id='word_1_901' title='bbox 2477 4817 2844 4890; x_wconf 89' lang='lat' dir='ltr'><strong>jucundamini</strong></span> <span class='ocrx_word' id='word_1_902' title='bbox 2868 4857 2882 4879; x_wconf 93' lang='lat'><strong>,</strong></span> <span class='ocrx_word' id='word_1_903' title='bbox 2922 4824 2976 4870; x_wconf 89' lang='lat' dir='ltr'><strong>et</strong></span> <span class='ocrx_word' id='word_1_904' title='bbox 2999 4815 3251 4870; x_wconf 72' lang='lat' dir='ltr'><strong>lietaniini</strong></span> <span class='ocrx_word' id='word_1_905' title='bbox 3280 4817 3332 4869; x_wconf 92' lang='lat' dir='ltr'><strong>in</strong></span> <span class='ocrx_word' id='word_1_906' title='bbox 3365 4814 3463 4868; x_wconf 91' lang='lat' dir='ltr'><strong>hoc</strong></span> <span class='ocrx_word' id='word_1_907' title='bbox 3492 4813 3811 4869; x_wconf 86' lang='lat' dir='ltr'><strong>brevissimo</strong></span> <span class='ocrx_word' id='word_1_908' title='bbox 3858 4825 3990 4867; x_wconf 89' lang='lat' dir='ltr'><strong>tem-</strong></span> 
     </span>
    </p>
   </div>
   <div class='ocr_carea' id='block_1_117' title="bbox 2401 4903 3990 4985">
    <p class='ocr_par' dir='ltr' id='par_1_117' title="bbox 2401 4903 3990 4985">
     <span class='ocr_line' id='line_1_117' title="bbox 2401 4903 3990 4985; baseline -0.004 -21"><span class='ocrx_word' id='word_1_909' title='bbox 2401 4913 2547 4985; x_wconf 84' lang='lat' dir='ltr'><strong>poris</strong></span> <span class='ocrx_word' id='word_1_910' title='bbox 2577 4911 2748 4983; x_wconf 84' lang='lat' dir='ltr'><strong>Spatio</strong></span> <span class='ocrx_word' id='word_1_911' title='bbox 2773 4908 2913 4980; x_wconf 91' lang='lat' dir='ltr'><strong>quod</strong></span> <span class='ocrx_word' id='word_1_912' title='bbox 2942 4908 3146 4963; x_wconf 84' lang='lat' dir='ltr'><strong>habetis</strong></span> <span class='ocrx_word' id='word_1_913' title='bbox 3172 4925 3185 4962; x_wconf 93' lang='lat'>:</span> <span class='ocrx_word' id='word_1_914' title='bbox 3217 4916 3274 4962; x_wconf 92' lang='lat' dir='ltr'><strong>ut</strong></span> <span class='ocrx_word' id='word_1_915' title='bbox 3296 4905 3626 4977; x_wconf 89' lang='lat' dir='ltr'><strong>postmodum</strong></span> <span class='ocrx_word' id='word_1_916' title='bbox 3651 4918 3775 4959; x_wconf 87' lang='lat' dir='ltr'><strong>cum</strong></span> <span class='ocrx_word' id='word_1_917' title='bbox 3800 4903 3990 4959; x_wconf 45' lang='lat' dir='ltr'><strong>diabo‘</strong></span> 
     </span>
    </p>
   </div>
   <div class='ocr_carea' id='block_1_118' title="bbox 2404 4993 3990 5069">
    <p class='ocr_par' dir='ltr' id='par_1_118' title="bbox 2404 4993 3990 5069">
     <span class='ocr_line' id='line_1_118' title="bbox 2404 4993 3990 5069; baseline -0.006 -11"><span class='ocrx_word' id='word_1_918' title='bbox 2404 5004 2469 5058; x_wconf 90' lang='lat' dir='ltr'><strong>lis</strong></span> <span class='ocrx_word' id='word_1_919' title='bbox 2499 5003 2616 5058; x_wconf 90' lang='lat' dir='ltr'><strong>sine</strong></span> <span class='ocrx_word' id='word_1_920' title='bbox 2644 5000 2748 5055; x_wconf 84' lang='lat' dir='ltr'><strong>fine</strong></span> <span class='ocrx_word' id='word_1_921' title='bbox 2773 4999 2916 5055; x_wconf 91' lang='lat' dir='ltr'><strong>omni</strong></span> <span class='ocrx_word' id='word_1_922' title='bbox 2943 5007 3181 5068; x_wconf 90' lang='lat' dir='ltr'><strong>tempore</strong></span> <span class='ocrx_word' id='word_1_923' title='bbox 3210 4998 3452 5069; x_wconf 82' lang='lat' dir='ltr'><strong>lugealis.</strong></span> <span class='ocrx_word' id='word_1_924' title='bbox 3481 4995 3631 5062; x_wconf 85' lang='lat' dir='ltr'><strong>Quod</strong></span> <span class='ocrx_word' id='word_1_925' title='bbox 3657 4993 3854 5058; x_wconf 89' lang='lat' dir='ltr'><strong>facitis,</strong></span> <span class='ocrx_word' id='word_1_926' title='bbox 3888 5012 3990 5049; x_wconf 86' lang='lat' dir='ltr'><strong>non</strong></span> 
     </span>
    </p>
   </div>
   <div class='ocr_carea' id='block_1_119' title="bbox 2402 5088 3990 5163">
    <p class='ocr_par' dir='ltr' id='par_1_119' title="bbox 2402 5088 3990 5163">
     <span class='ocr_line' id='line_1_119' title="bbox 2402 5088 3990 5163; baseline -0.006 -13"><span class='ocrx_word' id='word_1_927' title='bbox 2402 5094 2698 5150; x_wconf 81' lang='lat' dir='ltr'><strong>dill&#39;eratis:</strong></span> <span class='ocrx_word' id='word_1_928' title='bbox 2734 5091 3165 5163; x_wconf 87' lang='lat' dir='ltr'><strong>frequentissime</strong></span> <span class='ocrx_word' id='word_1_929' title='bbox 3190 5093 3502 5146; x_wconf 90' lang='lat' dir='ltr'><strong>vestimenta</strong></span> <span class='ocrx_word' id='word_1_930' title='bbox 3535 5088 3857 5160; x_wconf 86' lang='lat' dir='ltr'><strong>permutetis</strong></span> <span class='ocrx_word' id='word_1_931' title='bbox 3885 5105 3897 5141; x_wconf 96' lang='lat'>:</span> <span class='ocrx_word' id='word_1_932' title='bbox 3932 5104 3990 5142; x_wconf 81' lang='lat' dir='ltr'><strong>ne</strong></span> 
     </span>
    </p>
   </div>
   <div class='ocr_carea' id='block_1_120' title="bbox 2406 5183 3990 5256">
    <p class='ocr_par' dir='ltr' id='par_1_120' title="bbox 2406 5183 3990 5256">
     <span class='ocr_line' id='line_1_120' title="bbox 2406 5183 3990 5256; baseline -0.004 -14"><span class='ocrx_word' id='word_1_933' title='bbox 2406 5188 2543 5246; x_wconf 88' lang='lat' dir='ltr'><strong>forte</strong></span> <span class='ocrx_word' id='word_1_934' title='bbox 2567 5197 2740 5244; x_wconf 86' lang='lat' dir='ltr'><strong>vestra</strong></span> <span class='ocrx_word' id='word_1_935' title='bbox 2770 5187 3036 5256; x_wconf 90' lang='lat' dir='ltr'><strong>dispereat</strong></span> <span class='ocrx_word' id='word_1_936' title='bbox 3060 5185 3308 5241; x_wconf 89' lang='lat' dir='ltr'><strong>nobilitas</strong></span> <span class='ocrx_word' id='word_1_937' title='bbox 3333 5203 3344 5239; x_wconf 95' lang='lat'>:</span> <span class='ocrx_word' id='word_1_938' title='bbox 3371 5199 3470 5238; x_wconf 88' lang='lat' dir='ltr'><strong>nec</strong></span> <span class='ocrx_word' id='word_1_939' title='bbox 3494 5184 3562 5238; x_wconf 81' lang='lat' dir='ltr'><strong>sit</strong></span> <span class='ocrx_word' id='word_1_940' title='bbox 3586 5183 3674 5252; x_wconf 89' lang='lat' dir='ltr'><strong>qtti</strong></span> <span class='ocrx_word' id='word_1_941' title='bbox 3705 5196 3809 5236; x_wconf 90' lang='lat' dir='ltr'><strong>vos</strong></span> <span class='ocrx_word' id='word_1_942' title='bbox 3837 5197 3990 5238; x_wconf 83' lang='lat' dir='ltr'><strong>exce-</strong></span> 
     </span>
    </p>
   </div>
   <div class='ocr_carea' id='block_1_121' title="bbox 2403 5272 3990 5346">
    <p class='ocr_par' dir='ltr' id='par_1_121' title="bbox 2403 5272 3990 5346">
     <span class='ocr_line' id='line_1_121' title="bbox 2403 5272 3990 5346; baseline -0.006 -12"><span class='ocrx_word' id='word_1_943' title='bbox 2403 5279 2514 5346; x_wconf 82' lang='lat' dir='ltr'><strong>dat,</strong></span> <span class='ocrx_word' id='word_1_944' title='bbox 2545 5287 2600 5332; x_wconf 92' lang='lat' dir='ltr'><strong>ut</strong></span> <span class='ocrx_word' id='word_1_945' title='bbox 2629 5279 2680 5331; x_wconf 92' lang='lat' dir='ltr'><strong>in</strong></span> <span class='ocrx_word' id='word_1_946' title='bbox 2701 5277 2905 5331; x_wconf 86' lang='lat' dir='ltr'><strong>inferno</strong></span> <span class='ocrx_word' id='word_1_947' title='bbox 2935 5276 3308 5331; x_wconf 87' lang='lat' dir='ltr'><strong>verecundiam</strong></span> <span class='ocrx_word' id='word_1_948' title='bbox 3341 5273 3614 5343; x_wconf 88' lang='lat' dir='ltr'><strong>recipiatis</strong></span> <span class='ocrx_word' id='word_1_949' title='bbox 3633 5282 3686 5330; x_wconf 88' lang='lat' dir='ltr'><strong>et</strong></span> <span class='ocrx_word' id='word_1_950' title='bbox 3703 5272 3990 5328; x_wconf 47' lang='lat' dir='ltr'><strong>confusio.</strong></span> 
     </span>
    </p>
   </div>
   <div class='ocr_carea' id='block_1_122' title="bbox 2405 5364 3990 5426">
    <p class='ocr_par' dir='ltr' id='par_1_122' title="bbox 2405 5364 3990 5426">
     <span class='ocr_line' id='line_1_122' title="bbox 2405 5364 3990 5426; baseline -0.008 -1"><span class='ocrx_word' id='word_1_951' title='bbox 2405 5386 2550 5426; x_wconf 88' lang='lat' dir='ltr'><strong>nem.</strong></span> <span class='ocrx_word' id='word_1_952' title='bbox 2585 5368 2686 5426; x_wconf 83' lang='lat' dir='ltr'><strong>Ubi</strong></span> <span class='ocrx_word' id='word_1_953' title='bbox 2723 5367 3017 5423; x_wconf 76' lang='lat' dir='ltr'><strong>convivia?</strong></span> <span class='ocrx_word' id='word_1_954' title='bbox 3055 5367 3141 5421; x_wconf 90' lang='lat' dir='ltr'><strong>ubi</strong></span> <span class='ocrx_word' id='word_1_955' title='bbox 3189 5364 3410 5420; x_wconf 84' lang='lat' dir='ltr'><strong>delicata</strong></span> <span class='ocrx_word' id='word_1_956' title='bbox 3448 5364 3690 5419; x_wconf 75' lang='lat' dir='ltr'><strong>fercula?</strong></span> <span class='ocrx_word' id='word_1_957' title='bbox 3734 5365 3833 5419; x_wconf 91' lang='lat' dir='ltr'><strong>ubi</strong></span> <span class='ocrx_word' id='word_1_958' title='bbox 3873 5365 3990 5417; x_wconf 77' lang='lat' dir='ltr'><strong>vina</strong></span> 
     </span>
    </p>
   </div>
   <div class='ocr_carea' id='block_1_123' title="bbox 2387 5456 3990 5540">
    <p class='ocr_par' dir='ltr' id='par_1_123' title="bbox 2387 5456 3990 5540">
     <span class='ocr_line' id='line_1_123' title="bbox 2387 5456 3990 5540; baseline -0.006 -25"><span class='ocrx_word' id='word_1_959' title='bbox 2387 5463 2634 5540; x_wconf 85' lang='lat' dir='ltr'><strong>pretiosa</strong></span> <span class='ocrx_word' id='word_1_960' title='bbox 2660 5460 2817 5515; x_wconf 84' lang='lat' dir='ltr'><strong>melle</strong></span> <span class='ocrx_word' id='word_1_961' title='bbox 2841 5461 3026 5524; x_wconf 82' lang='lat' dir='ltr'><strong>mixta,</strong></span> <span class='ocrx_word' id='word_1_962' title='bbox 3054 5467 3108 5514; x_wconf 90' lang='lat' dir='ltr'><strong>et</strong></span> <span class='ocrx_word' id='word_1_963' title='bbox 3133 5457 3460 5511; x_wconf 87' lang='lat' dir='ltr'><strong>aromatihus</strong></span> <span class='ocrx_word' id='word_1_964' title='bbox 3482 5457 3824 5528; x_wconf 58' lang='lat' dir='ltr'><strong>praeparata?</strong></span> <span class='ocrx_word' id='word_1_965' title='bbox 3853 5456 3990 5525; x_wconf 70' lang='lat' dir='ltr'><strong>Epu~</strong></span> 
     </span>
    </p>
   </div>
   <div class='ocr_carea' id='block_1_124' title="bbox 2407 5549 3990 5617">
    <p class='ocr_par' dir='ltr' id='par_1_124' title="bbox 2407 5549 3990 5617">
     <span class='ocr_line' id='line_1_124' title="bbox 2407 5549 3990 5617; baseline -0.006 -10"><span class='ocrx_word' id='word_1_966' title='bbox 2407 5553 2608 5615; x_wconf 84' lang='lat' dir='ltr'><strong>lemiui,</strong></span> <span class='ocrx_word' id='word_1_967' title='bbox 2640 5560 2693 5606; x_wconf 91' lang='lat' dir='ltr'><strong>ct</strong></span> <span class='ocrx_word' id='word_1_968' title='bbox 2723 5550 3055 5605; x_wconf 89' lang='lat' dir='ltr'><strong>incbriemini</strong></span> <span class='ocrx_word' id='word_1_969' title='bbox 3089 5568 3101 5603; x_wconf 91' lang='lat'><strong>:</strong></span> <span class='ocrx_word' id='word_1_970' title='bbox 3131 5565 3236 5602; x_wconf 89' lang='lat' dir='ltr'><strong>non</strong></span> <span class='ocrx_word' id='word_1_971' title='bbox 3264 5549 3403 5601; x_wconf 80' lang='lat' dir='ltr'><strong>enim</strong></span> <span class='ocrx_word' id='word_1_972' title='bbox 3442 5559 3565 5617; x_wconf 90' lang='lat' dir='ltr'><strong>post</strong></span> <span class='ocrx_word' id='word_1_973' title='bbox 3608 5559 3845 5602; x_wconf 86' lang='lat' dir='ltr'><strong>mortem</strong></span> <span class='ocrx_word' id='word_1_974' title='bbox 3880 5564 3990 5600; x_wconf 81' lang='lat' dir='ltr'><strong>am-</strong></span> 
     </span>
    </p>
   </div>
   <div class='ocr_carea' id='block_1_125' title="bbox 2407 5638 3990 5712">
    <p class='ocr_par' dir='ltr' id='par_1_125' title="bbox 2407 5638 3990 5712">
     <span class='ocr_line' id='line_1_125' title="bbox 2407 5638 3990 5712; baseline -0.002 -21"><span class='ocrx_word' id='word_1_975' title='bbox 2407 5643 2544 5712; x_wconf 84' lang='lat' dir='ltr'><strong>plius</strong></span> <span class='ocrx_word' id='word_1_976' title='bbox 2573 5641 2774 5696; x_wconf 90' lang='lat' dir='ltr'><strong>facietis</strong></span> <span class='ocrx_word' id='word_1_977' title='bbox 2798 5657 2815 5704; x_wconf 86' lang='lat'><strong><em>;</em></strong></span> <span class='ocrx_word' id='word_1_978' title='bbox 2845 5639 2936 5694; x_wconf 89' lang='lat' dir='ltr'><strong>sed</strong></span> <span class='ocrx_word' id='word_1_979' title='bbox 2965 5654 3084 5693; x_wconf 90' lang='lat' dir='ltr'><strong>cum</strong></span> <span class='ocrx_word' id='word_1_980' title='bbox 3117 5639 3280 5691; x_wconf 83' lang='lat' dir='ltr'><strong>divite</strong></span> <span class='ocrx_word' id='word_1_981' title='bbox 3302 5679 3316 5700; x_wconf 91' lang='lat'><strong>,</strong></span> <span class='ocrx_word' id='word_1_982' title='bbox 3346 5638 3432 5705; x_wconf 84' lang='lat' dir='ltr'><strong>qui</strong></span> <span class='ocrx_word' id='word_1_983' title='bbox 3461 5638 3698 5706; x_wconf 88' lang='lat' dir='ltr'><strong>quotidie</strong></span> <span class='ocrx_word' id='word_1_984' title='bbox 3729 5638 3990 5707; x_wconf 75' lang='lat' dir='ltr'><strong>epulaba-</strong></span> 
     </span>
    </p>
   </div>
   <div class='ocr_carea' id='block_1_126' title="bbox 2411 5716 3990 5802">
    <p class='ocr_par' dir='ltr' id='par_1_126' title="bbox 2411 5716 3990 5802">
     <span class='ocr_line' id='line_1_126' title="bbox 2411 5716 3990 5802; baseline -0.003 -14"><span class='ocrx_word' id='word_1_985' title='bbox 2411 5716 2494 5788; x_wconf 72' lang='lat' dir='ltr'><strong>tur</strong></span> <span class='ocrx_word' id='word_1_986' title='bbox 2509 5731 2804 5802; x_wconf 82' lang='lat' dir='ltr'><strong>splendide,</strong></span> <span class='ocrx_word' id='word_1_987' title='bbox 2835 5731 2884 5785; x_wconf 92' lang='lat' dir='ltr'><strong>in</strong></span> <span class='ocrx_word' id='word_1_988' title='bbox 2908 5729 3182 5786; x_wconf 84' lang='lat' dir='ltr'><strong>tormentis</strong></span> <span class='ocrx_word' id='word_1_989' title='bbox 3201 5726 3584 5800; x_wconf 81' lang='lat' dir='ltr'><strong>gelicnnalibus</strong></span> <span class='ocrx_word' id='word_1_990' title='bbox 3603 5738 3814 5802; x_wconf 74' lang='lat' dir='ltr'><strong>guttam</strong></span> <span class='ocrx_word' id='word_1_991' title='bbox 3847 5746 3990 5802; x_wconf 74' lang='lat' dir='ltr'><strong>aqua</strong></span> 
     </span>
    </p>
   </div>
  </div>
