4048 6186
167 215 261 272 353

173 333 441 402 minimam
487 335 871 408 peroptabitis.‘
897 351 999 394 nec
1048 337 1249 394 habere
1281 336 1544 408 poteritis.
1587 334 1745 404 Agite

176 427 348 483 solatia
375 437 562 484 vestra
583 471 600 496 ,
641 430 694 484 in
734 430 959 486 luxuriis
981 430 1193 501 explete
1216 430 1537 500 voluptates.
1569 425 1748 483 Sentio

179 528 288 576 nate
309 519 361 575 in
387 522 758 592 corruptione,
790 532 848 576 ut
875 522 945 579 de
973 522 1319 591 corruptione
1363 518 1624 590 colligatis
1664 515 1748 572 di-

181 611 340 667 vinam
364 614 688 669 sententiam
716 632 730 668 :
775 629 937 684 quam
973 613 1158 684 justus.
1178 613 1270 667 ille
1297 610 1444 668 dabit
1469 609 1662 680 iudex,
1693 608 1747 662 in

183 718 358 776 magno
377 706 564 775 judicii
586 705 676 761 die
695 705 882 762 dicens
906 723 919 760 :
947 704 1027 758 Ite
1047 703 1301 758 maledicti
1336 705 1390 758 in
1412 703 1578 772 ignem
1597 708 1740 753 aeter-

180 811 288 850 num
305 834 319 858 ,
345 797 432 865 qui
457 805 667 866 paratus
691 806 765 850 est
791 794 996 849 diabolo
1033 803 1079 848 et
1117 793 1311 864 angelis
1338 792 1469 862 ejus.
1511 789 1626 845 Heu
1654 803 1750 843 cor

179 884 432 953 lapideum
461 902 475 938 :
505 886 572 952 si,
604 900 726 940 cum
751 885 912 941 talem
935 885 1028 939 tibi
1054 885 1257 954 cogitas
1283 883 1352 938 ob
1378 881 1536 951 hujus
1562 877 1747 934 mundi

177 989 325 1044 prava
353 975 547 1031 solatia
577 976 861 1044 imminere
887 974 1229 1041 sententiam,
1259 988 1364 1030 non
1391 970 1665 1027 formidas.
1692 968 1749 1024 Si

176 1065 316 1119 illum
347 1075 634 1137 exspectas
661 1066 801 1120 diem
831 1075 940 1120 tam
973 1065 1265 1120 terribilem
1289 1072 1344 1120 et
1369 1061 1666 1125 crudelem,
1697 1060 1750 1114 in

168 1170 266 1224 quo
296 1171 408 1210 non
438 1157 612 1212 solum
642 1155 711 1211 de
738 1156 983 1220 quuriis,
1006 1155 1266 1221 vestibus,
1293 1163 1348 1208 et
1374 1151 1750 1216 ebrietatibus,

165 1247 676 1312 comessationibus,
707 1254 763 1299 et
786 1245 854 1300 de
885 1254 996 1300 toto
1025 1255 1267 1314 tempore
1293 1244 1491 1299 amisso
1529 1256 1637 1313 quo
1673 1241 1756 1294 vi-

161 1339 313 1402 xisti,
346 1338 448 1394 sed
476 1339 637 1393 etiam
667 1337 734 1391 de
759 1337 994 1407 qualibet
1040 1345 1092 1392 te
1131 1335 1398 1406 oportebit
1435 1332 1758 1404 cogitatione

160 1444 298 1483 vana
327 1430 566 1484 Domino
593 1429 818 1484 reddere
843 1428 1106 1484 rationem
1134 1446 1147 1482 :
1175 1444 1271 1484 cur
1298 1441 1403 1482 non
1429 1424 1756 1481 emendaris?

160 1537 255 1576 cur
284 1523 522 1574 moraris
547 1521 616 1574 de
640 1520 728 1574 die
755 1520 806 1573 in
837 1519 981 1574 diem
1010 1520 1172 1575 miser
1201 1519 1438 1573 converti
1477 1517 1544 1570 ad
1581 1517 1760 1570 Domi-

163 1629 292 1668 num
309 1612 335 1665 ?
361 1626 460 1666 cur
502 1622 552 1665 te
575 1610 689 1680 jam
725 1611 991 1665 malorum
1021 1626 1127 1664 non
1156 1610 1418 1679 panitet?
1444 1609 1583 1662 Ecce
1610 1622 1756 1661 mors

166 1712 438 1775 preperat,
469 1713 528 1756 ut
557 1711 607 1757 te
635 1711 899 1766 conterat,
931 1702 1019 1758 die
1048 1710 1313 1767 noctuque
1340 1713 1579 1754 currens.
1616 1698 1754 1752 Ecce

168 1795 414 1851 diabolus
437 1794 546 1862 jam
571 1801 821 1863 preperat
843 1801 900 1846 ut
922 1800 972 1846 te
998 1791 1236 1860 recipiat.
1265 1790 1404 1844 Ecce
1431 1788 1626 1842 divitia:
1646 1796 1751 1840 tute

173 1887 265 1940 tibi
292 1885 566 1940 delicient.
596 1883 733 1938 Ecce
765 1897 976 1936 vermes
1019 1896 1235 1948 corpus,
1265 1880 1407 1949 quod
1443 1887 1587 1934 tanta
1613 1894 1749 1933 enu-

177 1981 270 2034 tris
300 1978 594 2048 diligentia,
625 1984 954 2046 exspectant,
985 1983 1040 2029 ut
1066 1973 1194 2028 illud
1217 1972 1440 2027 rodant:
1471 1986 1751 2042 quousque

175 2071 364 2125 iterum
406 2067 748 2138 conjunctum
793 2067 1018 2132 animm,
1047 2080 1166 2120 cmn
1195 2065 1280 2118 illa
1325 2064 1524 2132 pariter
1565 2078 1753 2133 pmnas

177 2162 375 2216 habeat
394 2159 642 2215 inﬁnitas.
667 2158 802 2227 Quid
829 2157 1060 2212 errando
1082 2173 1175 2226 per
1196 2156 1356 2226 hujus
1383 2155 1564 2211 saeculi
1587 2156 1750 2219 invia,

177 2253 228 2306 in
251 2250 574 2304 vanitatibus
595 2249 730 2318 petis
750 2247 980 2302 solatia?
1005 2247 1242 2309 Divitias,
1265 2247 1478 2318 gaudia,
1503 2246 1751 2316 gloriam,

177 2352 232 2396 et
254 2351 449 2398 caetera
478 2340 571 2396 tibi
602 2339 792 2412 placita
822 2354 930 2396 non
955 2339 1196 2395 invenies
1224 2338 1346 2394 hic:
1373 2337 1500 2410 quia
1529 2352 1638 2393 non
1668 2338 1756 2392 hic

242 2523 374 2578 Cn.
400 2522 567 2578 XXII.
590 2521 694 2579 Sed
719 2524 766 2577 si
787 2538 910 2578 vera
933 2524 1129 2594 qumris
1150 2521 1363 2593 gaudia,
1393 2522 1460 2577 ad
1483 2522 1626 2577 illam
1648 2535 1757 2578 ce:-

175 2616 363 2671 Iestem
392 2614 617 2685 gloriam
644 2628 894 2684 prepera,
923 2614 990 2668 ad
1014 2629 1174 2684 quam
1206 2612 1376 2668 factus
1400 2627 1479 2668 es.
1512 2612 1588 2682 Ibi,
1610 2624 1756 2668 certe

177 2711 262 2764 illa
292 2717 418 2764 sunt
439 2707 629 2778 gaudia
652 2694 782 2762 vera
806 2749 822 2774 ,
854 2723 972 2776 qua:
1002 2721 1102 2762 nec
1131 2707 1313 2760 oculus
1334 2705 1484 2771 vidit,
1515 2720 1617 2761 nec
1656 2721 1753 2759 au-

179 2801 251 2855 ris
274 2800 513 2866 audivit,
546 2813 646 2854 nec
675 2799 727 2853 in
757 2813 853 2853 cor
877 2798 1109 2852 hominis
1135 2797 1510 2852 ascenderunt.
1543 2796 1756 2864 Dimitte

178 2905 361 2961 qmeso
389 2890 586 2946 caduca
615 2897 671 2945 et
697 2898 1093 2955 momentanea,
1124 2897 1178 2942 et
1202 2902 1384 2956 quzare
1414 2886 1611 2942 habere
1635 2901 1756 2956 per-

176 2991 353 3052 petua.
382 2981 486 3037 Sed
512 2980 639 3052 quid
659 2980 726 3035 de
748 2979 831 3034 his
856 2981 942 3050 qui
964 2994 1064 3034 nec
1087 2979 1177 3035 Dei
1199 2979 1409 3041 timore,
1433 2993 1532 3033 nec
1551 2993 1753 3048 amore,

178 3089 274 3129 nec
302 3075 494 3130 mortis
519 3083 573 3128 et
601 3082 990 3128 tormentorum
1017 3072 1454 3142 subsequentium
1495 3083 1697 3126 terrore
1726 3086 1756 3123 a

174 3166 410 3236 peccatis
433 3174 667 3231 cessant,
696 3163 789 3220 sed
814 3164 1103 3219 condolcnt
1122 3203 1137 3227 ,
1177 3164 1223 3217 si
1255 3172 1312 3216 ut
1338 3171 1557 3232 optant,
1597 3176 1758 3233 prava

174 3271 332 3327 agere
362 3271 470 3310 nou
498 3265 739 3326 possunt,
766 3256 979 3310 dicam?
1009 3255 1095 3309 Vm
1118 3270 1197 3308 va:
1223 3243 1425 3321 miseri,
1455 3255 1543 3325 qui
1576 3253 1664 3308 hic
1686 3253 1762 3310 ri-

175 3348 337 3414 detis,
361 3348 490 3418 quia
513 3347 793 3416 plangetis.
818 3345 910 3402 Va:
929 3361 1051 3402 cum
1074 3347 1171 3400 ista
1195 3347 1391 3416 optatis
1407 3345 1596 3416 gaudia
1621 3355 1727 3400 tem
1743 3375 1762 3387 -

176 3442 378 3510 poralia
413 3441 580 3511 :qnia
609 3440 760 3495 vobis
787 3440 966 3494 invitis
1005 3439 1336 3494 sustinebitis
1378 3449 1640 3493 tormenta
1681 3439 1761 3492 in-

174 3534 418 3588 fernalia.
438 3534 578 3588 Ecce
597 3534 747 3588 vobis
766 3532 1030 3587 modicum
1051 3540 1218 3587 restat
1234 3532 1488 3600 temporis
1508 3549 1522 3584 :
1547 3531 1762 3600 implete

171 3642 460 3682 mensuras
491 3628 811 3681 malitiarum
843 3634 1161 3688 vestrarum,
1195 3635 1252 3678 ut
1284 3625 1462 3679 veniat
1485 3639 1646 3693 super
1671 3638 1763 3684 vos

169 3719 350 3774 omnis
371 3719 552 3774 divina
569 3719 881 3790 indignatio.
903 3718 1175 3772 Fruatnini
1201 3717 1300 3770 hoc
1323 3731 1489 3786 parvo
1512 3726 1754 3784 tempore

171 3811 222 3862 in
246 3810 418 3880 jocis,
448 3809 817 3873 ebrietatibus,
844 3809 1064 3878 prmliis,
1088 3817 1142 3862 et
1161 3807 1611 3873 contentionibus,
1634 3807 1764 3862 cbo-

171 3903 301 3968 reis,
327 3910 390 3956 et
415 3900 838 3971 precationibus,
870 3915 971 3955 nec
997 3915 1220 3954 vacuum
1250 3899 1527 3970 pra-terire
1555 3908 1765 3967 tempus

169 3992 481 4048 dimittatis.
511 3991 650 4059 Quid
676 3992 978 4053 moramini,
1021 3991 1148 4046 dum
1191 3991 1403 4046 vivitis?
1432 3991 1766 4061 Congrcgate

169 4088 293 4141 ﬁliis
327 4086 532 4142 vestris
562 4084 824 4148 honores,
855 4083 1090 4149 divitias,
1117 4095 1171 4138 et
1200 4084 1464 4153 potentias
1484 4124 1500 4148 ,
1530 4093 1765 4138 vestram

168 4193 372 4249 augere
403 4176 762 4242 nobilitatem,
789 4183 844 4230 et
869 4174 1085 4239 famam,
1119 4183 1176 4228 ut
1205 4174 1368 4227 vestri
1401 4173 1510 4234 lilii,
1532 4188 1651 4242 qua:
1685 4172 1766 4235 fe-

169 4272 322 4326 cistis
348 4271 577 4341 explcre
601 4278 658 4334 _et
686 4269 784 4338 ipsi
813 4280 1044 4338 queant,
1073 4275 1335 4336 quatenus
1365 4281 1484 4320 cum
1525 4264 1630 4318 illis
1670 4279 1766 4334 pa-

169 4365 305 4418 riter
331 4363 394 4416 in
425 4361 635 4416 inferno
662 4360 922 4429 ampliora
953 4358 1224 4428 patiamini
1255 4355 1636 4411 cruciamenta.
1725 4413 1728 4416 ,

237 4453 379 4509 Cn.
424 4451 620 4510 XXIII.
669 4451 775 4506 Sed
805 4450 944 4506 forte
988 4451 1108 4520 quis
1132 4449 1274 4504 dicet
1309 4466 1322 4503 :
1373 4447 1641 4518 Benignus
1684 4454 1768 4501 est

167 4547 442 4602 Dominus
468 4554 524 4609 et
548 4544 876 4608 misericors,
909 4545 996 4613 qui
1023 4557 1237 4598 omnem
1264 4551 1598 4612 peccatorem
1622 4541 1686 4595 ad
1710 4556 1770 4618 se

165 4641 504 4700 redeuntem,
521 4638 728 4707 recipit,
752 4648 802 4691 et
827 4637 1081 4706 indulget.
1105 4636 1302 4691 Verum
1325 4637 1539 4706 quidem
1559 4634 1658 4688 hoc
1685 4649 1768 4689 es-

163 4745 223 4784 se
252 4732 549 4785 conﬁteor.
580 4729 868 4799 Benignior
888 4738 969 4784 est
995 4729 1136 4783 enim
1162 4728 1438 4792 Dominus,
1468 4743 1626 4797 quam
1648 4741 1767 4781 cre-

165 4822 353 4878 ditur:
392 4833 444 4877 et
479 4822 769 4892 unicuique
801 4821 968 4890 parcit
1011 4819 1077 4874 ad
1108 4835 1167 4874 se
1190 4861 1205 4886 ,
1253 4827 1310 4872 ut
1347 4818 1642 4894 condecet,
1686 4833 1770 4872 re-

166 4916 390 4971 deunti.
418 4914 608 4970 Nonne
639 4914 1052 4983 benignissimus
1081 4920 1163 4967 est
1186 4911 1461 4974 Dominus,
1485 4910 1572 4980 qui
1596 4917 1770 4963 tantas

168 5009 374 5063 tolerat
398 5006 622 5076 injurias
645 5021 676 5061 a
705 5005 1092 5076 peccatoribus,
1114 5003 1248 5058 dans
1273 5004 1352 5059 eis
1375 5004 1628 5072 temporis
1651 5016 1773 5071 spa-

173 5103 329 5167 tium,
383 5108 443 5156 ut
469 5097 864 5154 emendentur?
899 5096 1005 5154 Sed
1033 5097 1136 5151 hoc
1163 5097 1376 5150 noveris
1416 5113 1429 5149 :
1461 5095 1581 5164 quia
1633 5095 1772 5148 sicut

177 5190 435 5265 benignus
461 5199 548 5248 est
575 5192 630 5245 in
663 5187 966 5253 tolerando,
995 5189 1066 5240 ita
1091 5187 1266 5254 jns’tus
1293 5195 1376 5242 est
1399 5186 1448 5239 in
1480 5183 1768 5255 puniendo.

182 5281 270 5340 Sed
299 5286 438 5342 forte
461 5287 587 5357 quis
609 5284 812 5338 iterum
837 5280 978 5333 dicet
1004 5297 1016 5331 :
1048 5280 1128 5332 vir
1156 5280 1242 5346 qui
1269 5289 1379 5333 toto
1401 5288 1641 5347 tempore
1667 5292 1773 5346 quo

181 5377 310 5444 vixit,
333 5378 633 5442 inalefccit,
658 5376 714 5428 in
744 5373 934 5426 mortis
955 5372 1182 5425 articqu
1201 5379 1416 5438 accepta
1434 5371 1769 5438 pmnitentia,

177 5481 200 5518 3
225 5469 322 5526 Deo
357 5470 574 5525 veniam
611 5463 910 5518 obtinebit.
939 5462 1051 5516 Ileu
1083 5476 1238 5533 quam
1265 5475 1396 5514 vana
1425 5459 1689 5527 suspicio,
1716 5468 1773 5513 et

96 5548 100 5632 Ῐ
173 5559 280 5619 falsa
312 5562 628 5620 meditatio.
689 5555 791 5609 Vix
838 5553 906 5607 de
943 5563 1154 5606 Ccllltttn
1185 5549 1416 5603 millibus
1457 5548 1766 5614 hominum,

169 5673 364 5728 quorum
395 5657 547 5714 mala
583 5662 818 5719 semper
844 5644 934 5700 fuit
969 5645 1092 5718 vita,
1127 5652 1359 5699 meretur
1382 5657 1412 5697 a
1437 5641 1547 5700 Dee
1565 5639 1770 5698 habere

1049 223 1396 292 EUSEBIUS,
1442 222 1530 279 DE
1567 217 1814 278 MORTE’
1837 218 2238 276 HIERONYMI.

3333 228 3438 286 25$

1861 330 2242 401 indulgentiam
2271 344 2429 386 unus.
2459 329 2552 384 \‘ir
2576 339 2719 386 totus
2759 332 2811 386 in
2846 333 3082 402 peccatis
3128 335 3335 404 genitus
3377 347 3432 393 ct

1836 423 2143 488 enutritus,
2174 423 2264 492 qui
2292 435 2390 476 nec
2418 422 2584 476 Deum
2607 421 2758 489 vidit,
2782 437 2879 478 nec
2904 426 3140 494 agnovit,
3165 441 3262 483 nec
3282 427 3349 482 de
3369 444 3436 483 eo

1837 513 2046 576 .audire
2085 513 2280 581 voluit,
2310 529 2412 570 nec
2451 528 2512 570 se
2553 529 2806 583 peccasse
2843 518 3149 585 cognoscit,
3185 535 3282 575 nec
3306 521 3432 590 quid

1856 605 2170 674 ptenitentia
2191 605 2277 671 sit,
2303 606 2405 662 nisi
2427 605 2564 661 forte
2577 605 2895 666 dormienda
2914 607 3054 661 novit
3068 648 3082 670 ,
3105 619 3173 662 tot
3183 626 3244 665 us
3261 613 3433 668 adhuc

1837 697 2207 753 saecularibus
2228 697 2512 754 innodatus
2531 700 2780 769 negotiis,
2802 715 2962 769 quem
2985 704 3222 770 angustia
3245 707 3436 771 premit

1835 787 2086 852 ﬁliorum
2115 803 2252 858 quos
2273 787 2492 854 deserit,
2523 805 2682 860 quem
2705 789 2990 844 inﬁrmitas
3011 791 3255 855 conterit,
3281 807 3436 862 quem

1854 879 2008 936 dolor
2033 880 2338 936 divitiarum
2356 923 2369 945 ,
2404 892 2456 937 et
2483 882 2858 952 temporalium
2886 882 3436 952 bonorutn‘concutit,

1855 987 1977 1029 cum
2007 974 2086 1028 eis
2116 989 2223 1029 non
2252 988 2418 1045 posse.
2437 974 2541 1029 frui
2571 975 2803 1044 amplius
2828 990 2889 1031 se
2917 977 3108 1039 cernit,
3141 992 3299 1046 quam
3344 993 3437 1034 ac-

1856 1072 2067 1134 ceptam
2095 1064 2206 1119 Deo
2229 1065 2437 1134 accipit
2471 1065 2875 1134 pteuitentiam,
2908 1081 3066 1137 quam
3101 1082 3203 1122 non
3231 1069 3440 1138 accipe-

1857 1164 1962 1217 ret,
1987 1155 2030 1208 si
2053 1153 2228 1212 adhuc
2246 1169 2306 1209 se
2324 1169 2482 1224 posse
2503 1156 2679 1211 sanari
2700 1155 2966 1214 crederet.
2989 1158 3144 1215 Certe
3163 1175 3286 1214 vere
3305 1174 3440 1214 con-

1859 1244 2070 1298 cludam
2096 1261 2111 1297 :
2142 1245 2236 1315 qui
2263 1245 2390 1300 dum
2417 1260 2582 1301 sanus
2605 1255 2688 1302 est
2702 1247 2937 1316 juvenis,
2963 1249 3133 1305 Deum
3163 1250 3441 1306 olfendcre

1839 1350 1967 1398 non
2000 1336 2253 1394 formidat
2278 1358 2291 1393 :
2326 1338 2378 1392 iu
2407 1347 2580 1396 morte
2601 1354 2704 1394 non
2727 1340 3022 1396 merebitur
3044 1341 3277 1396 divinam
3298 1343 3438 1396 obti-

1863 1441 1992 1482 nere
2017 1426 2431 1497 indulgentiam.
2458 1429 2588 1494 Qua:
2609 1470 2625 1496 ,
2653 1429 2987 1486 dilectissimi
3016 1432 3128 1497 lilii,
3158 1442 3240 1487 est
3268 1434 3441 1502 pmni-

1864 1519 2050 1581 tentia,
2085 1533 2242 1587 quam
2273 1520 2448 1574 solum
2471 1521 2590 1589 quis
2609 1523 2831 1591 accipit,
2849 1524 2970 1592 quia
3014 1539 3074 1578 se
3114 1526 3294 1580 vivere
3333 1541 3439 1580 non

1862 1623 2018 1676 posse
2055 1611 2284 1678 amplius
2306 1611 2480 1666 cernit
2503 1629 2517 1666 :
2547 1613 2636 1681 qui
2664 1613 2707 1666 si
2731 1629 2796 1667 ex
2827 1614 3134 1671 inﬁrmitate
3159 1618 3437 1671 convales-

1857 1707 2026 1764 ceret,
2051 1699 2202 1768 pejor
2221 1715 2379 1770 quam
2407 1701 2553 1769 prius
2575 1702 2770 1756 ﬁeret?
2797 1703 2922 1758 Scio
2947 1721 3052 1759 non
3082 1706 3318 1761 modicos
3348 1722 3439 1776 pe-

1856 1787 2226 1852 cuniosorunt,
2270 1799 2486 1860 accepta
2529 1792 2579 1845 in
2629 1793 2820 1848 mortis
2862 1794 3089 1848 articqu
3124 1797 3434 1864 pmnilentia
3504 1835 3512 1844 ι

1831 1880 2193 1934 convaluisse
2224 1894 2469 1949 corpore,
2503 1892 2552 1937 et
2588 1883 2859 1952 pejorasse
2888 1886 3073 1940 vitam.
3103 1886 3214 1942 IIoc
3255 1897 3434 1954 teneo,

1851 1971 1960 2030 hoc
2000 1989 2184 2029 verum
2215 1981 2378 2042 puto,
2429 1973 2530 2028 hoc
2576 1976 2852 2046 multiplici
2883 1979 3210 2048 experientia
3251 1982 3436 2046 didici,

1857 2064 1996 2132 quod
2017 2065 2067 2119 ei
2092 2081 2196 2120 non
2222 2066 2393 2121 bonus
2417 2076 2502 2121 est
2527 2067 2667 2134 ﬁnis,
2689 2070 2774 2123 cui
2796 2069 2934 2124 mala
2956 2086 3170 2141 semper
3191 2072 3288 2127 fuit
3309 2075 3437 2129 vita:

1837 2157 1948 2226 .qui
1980 2173 2204 2227 peccare
2251 2175 2356 2214 non
2403 2160 2617 2227 timuit,
2666 2163 2758 2216 sed
2799 2164 2853 2218 in
2895 2165 3076 2220 mundi
3120 2168 3443 2226 vanitatibus

1862 2262 2078 2316 semper
2099 2248 2249 2302 visit.
2283 2247 2534 2317 Pretiosa,
2559 2252 2728 2320 inquit
2756 2253 3020 2324 Propheta
3041 2296 3057 2320 ,
3093 2258 3147 2309 in
3169 2247 3441 2327 conspectu

1860 2338 2073 2395 Domini
2097 2358 2234 2396 mors
2256 2342 2564 2398 Sanctorum
2588 2347 2699 2416 ejus
2721 2387 2738 2414 ,
2781 2347 2882 2414 Et,
2934 2348 3076 2405 Mors
3119 2361 3442 2421 peccatorum

1861 2449 2095 2502 pessmus.

1931 2522 2058 2579 Csr.
2092 2523 2282 2580 XXIV.
2311 2523 2380 2580 Et
2402 2526 2551 2592 ideo,
2587 2528 2682 2583 ﬁlii
2709 2529 3178 2600 prmdifcctissimi,
3210 2534 3442 2606 accingi-

1861 2617 1992 2670 mini
2021 2620 2254 2686 potentia
2284 2636 2297 2673 :
2328 2627 2502 2675 estote
2536 2620 2630 2676 ﬁlii
2662 2631 2908 2691 potentes
2928 2665 2943 2689 ,
2975 2633 3028 2678 et
3060 2625 3222 2680 nolite
3249 2626 3440 2682 horum

1837 2708 2179 2763 'miserorunt
2208 2709 2454 2776 divitum,
2487 2720 2541 2766 et
2572 2719 2848 2782 potentum
2881 2715 2899 2784 (
2926 2730 3152 2784 quorum
3174 2717 3285 2786 jam
3327 2729 3444 2774 tan-

1862 2809 1970 2856 tam
2026 2801 2361 2857 ostendimus
2411 2802 2827 2859 imbecillitatem
2872 2815 2928 2858 et
2969 2808 3238 2861 miseriam
3283 2823 3440 2875 esse,

1842 2899 2113 2959 .quantam
2140 2907 2242 2944 non
2258 2891 2462 2946 diceret
2485 2891 2661 2962 lingua
2683 2894 2885 2963 carnis)
2908 2903 3122 2949 tenuem
3146 2898 3441 2964 potentium

1863 2979 2154 3035 formidare
2180 2981 2233 3034 in
2263 2981 2540 3050 eperando
2578 2982 2862 3051 ju~titiam.
2902 2983 3002 3050 Qui
3040 2985 3182 3038 enim
3225 2995 3443 3055 propter

1863 3071 2130 3138 justitiam
2165 3072 2594 3140 persecutionem
2624 3073 2842 3140 patitur,
2873 3075 3063 3130 beatus
3087 3085 3190 3143 est,
3223 3088 3278 3132 et
3305 3078 3444 3133 bene

1869 3164 1972 3217 sibi
1998 3167 2136 3217 erit:
2167 3173 2218 3216 et
2247 3163 2292 3217 si
2325 3163 2570 3228 moritur,
2603 3163 2830 3220 beatior.
2865 3163 3099 3221 Pretiosa
3143 3183 3336 3239 nempe
3364 3183 3447 3226 est

1869 3254 1924 3308 in
1953 3263 2245 3323 conspectu
2275 3253 2482 3307 Domini
2513 3270 2650 3310 mors
2694 3255 3001 3312 Sanctorum
3047 3261 3177 3332 ejus.
3212 3263 3266 3315 Si
3296 3264 3449 3332 cupis

1865 3345 2028 3399 vitam
2060 3354 2244 3400 tenere
2265 3348 2318 3398 in
2340 3345 2576 3410 Christo,
2595 3347 2706 3400 noli
2723 3357 2950 3404 mortem
2974 3350 3164 3407 timere
3183 3367 3276 3422 pro
3293 3354 3448 3408 Citri-

1844 3452 1972 3496 .sto.
2008 3441 2126 3496 Non
2155 3443 2295 3495 enim
2327 3451 2481 3510 potus
2511 3443 2601 3498 illa
2628 3443 2896 3499 sustinere
2941 3459 3040 3515 pro
3063 3446 3297 3512 Christo.
3330 3465 3448 3520 qua:

1869 3541 1996 3588 sunt
2021 3533 2284 3602 condigna
2317 3532 2382 3586 ad
2411 3533 2640 3588 futuram
2668 3533 2894 3604 gloriam
2915 3577 2930 3600 ,
2955 3552 3074 3606 quae
3101 3539 3442 3607 revelabitur,

1867 3641 1987 3682 cum
2015 3627 2322 3696 apparuerit
2349 3626 2514 3697 gloria
2546 3635 2752 3694 nostra,
2770 3643 2890 3698 qum
2907 3643 3118 3684 sursum
3134 3641 3249 3696 est,
3267 3642 3322 3685 ct
3340 3648 3447 3689 non

1865 3733 2030 3790 super
2055 3729 2275 3775 terram.
2303 3718 2422 3774 Non
2452 3729 2636 3789 speret
2664 3721 2969 3776 mercedem
2991 3763 3006 3787 ,
3035 3724 3122 3790 qui
3155 3739 3260 3776 non
3301 3724 3450 3778 labo-

1843 3821 1970 3866 rat.
1999 3811 2117 3865 Non
2137 3809 2335 3866 sufllcit
2360 3811 2530 3864 solum
2556 3809 2848 3865 Christiani
2872 3824 3087 3864 nomen.
3109 3812 3446 3870 Christianus

1868 3917 1953 3970 es,
1992 3904 2201 3957 imitare
2242 3903 2533 3957 Clu-istum.
2579 3901 2796 3955 Frustra
2842 3900 3127 3957 Christiani
3172 3901 3330 3958 habet
3361 3906 3448 3962 ille

1869 4008 2086 4058 nomen,
2129 3993 2220 4062 qui
2261 3992 2528 4046 diabolum
2579 3993 2841 4062 sequitur.
2897 3992 3147 4060 Quinimo
3187 3994 3448 4052 Christia-

1843 4102 1972 4140 nus
2017 4086 2236 4140 omnino
2265 4101 2369 4138 non
2400 4094 2510 4148 est,
2540 4085 2634 4140 sed
2679 4085 3038 4141 Antichristus
3064 4105 3077 4142 :
3108 4087 3263 4142 Juxta
3319 4089 3446 4145 illud

1850 4177 2010 4231 .beati
2067 4177 2420 4246 Evangelista:
2463 4177 2722 4231 Joannis:
2756 4177 2985 4231 Audistis
3027 4181 3147 4248 quia
3193 4182 3450 4235 Amic/tri-

1871 4279 1977 4322 stus
2016 4269 2146 4320 venit
2175 4282 2195 4320 :
2223 4283 2356 4319 nunc
2387 4266 2686 4319 Antichristi
2712 4266 2860 4319 multi
2884 4276 3021 4320 sunt.
3059 4268 3151 4322 Vis
3191 4285 3318 4340 ergo
3365 4286 3452 4326 rc-

1870 4375 2037 4430 gnare
2078 4373 2198 4414 cum
2243 4356 2495 4412 Christo?
2524 4355 2748 4411 Patieris
2782 4371 2903 4412 cum
2942 4358 3178 4416 Christo.
3209 4361 3266 4416 Si
3291 4362 3449 4418 Chri-

1871 4459 2013 4506 stum
2065 4450 2342 4505 Dominum
2407 4461 2460 4504 et
2519 4464 2696 4518 regem
2755 4450 2838 4505 cui
2892 4459 2974 4504 est
3040 4466 3233 4507 nomen
3289 4470 3452 4525 super

1874 4557 2033 4596 omne
2054 4556 2272 4604 nomen,
2299 4542 2535 4609 eportuit
2558 4545 2686 4610 pati,
2717 4550 2776 4595 ut
2799 4543 2876 4596 sic
2904 4543 3206 4600 intraret-in
3225 4547 3451 4616 gloriam

1843 4667 1848 4670 -
1873 4650 2023 4690 suam
2045 4651 2059 4688 :
2082 4649 2239 4706 quam
2269 4633 2511 4688 ﬁduciam
2536 4633 2699 4688 habes
2728 4643 2778 4688 te
2804 4633 3000 4689 intrare
3022 4637 3138 4691 sine
3161 4637 3383 4690 labore?
3409 4637 3458 4692 Ο

1873 4744 2031 4798 quam
2058 4727 2206 4782 stulti
2235 4739 2420 4780 sumus
2445 4735 2501 4780 et
2525 4723 2659 4778 lardi
2685 4725 2848 4780 corde
2874 4726 2939 4780 ad
2967 4726 3312 4781 credendum.
3347 4725 3454 4780 Vo-

1875 4821 2049 4879 lumus
2069 4819 2155 4874 hic
2175 4819 2405 4890 gaudere
2424 4833 2543 4872 cum
2563 4816 2788 4881 sarculo,
2819 4828 2873 4872 et
2894 4828 3077 4886 postea
3095 4829 3315 4884 regnare
3332 4831 3454 4872 cum

1851 4911 2114 4967 .Christo.
2145 4913 2398 4966 Dominus
2423 4912 2595 4966 nudus
2617 4912 2910 4980 ingreditur
2927 4926 2945 4961 :
2970 4921 3158 4962 servus
3173 4908 3456 4977 superflui-

1879 5010 1984 5056 tate
2013 5010 2243 5055 onustus
2270 5002 2537 5061 vestium,
2579 5001 2696 5053 auri
2741 5009 3164 5067 et-gemmarum
3203 4997 3456 5054 intrabit?

1845 5092 1969 5146 'ille
2011 5093 2223 5161 jejunus
2244 5133 2258 5154 ,
2292 5093 2391 5144 iste
2417 5091 2631 5157 crapula
2677 5100 2730 5143 et
2777 5088 2980 5141 luxuria
3009 5087 3237 5157 plenus:
3282 5089 3373 5144 Ille
3401 5089 3455 5144 in

1878 5197 2035 5236 cruce
2079 5197 2174 5248 pro
2210 5180 2325 5247 ipso
2353 5178 2608 5237 moriens.
2650 5178 2748 5231 iste
2798 5178 2849 5228 in
2897 5177 3035 5231 lecto
3059 5176 3285 5232 delicate
3326 5177 3455 5232 dor-

1881 5271 2095 5327 miens?
2121 5268 2273 5335 Quod
2301 5270 2556 5321 Dominus
2575 5283 2679 5321 non
2712 5267 2864 5334 facit,
2887 5283 3074 5322 servus
3095 5269 3292 5323 faciet?
3323 5269 3456 5324 Pro-

1879 5364 2035 5418 tnittit
2059 5362 2311 5416 Dominus
2329 5360 2573 5415 Zebedmi
2595 5361 2717 5415 ﬁliis
2732 5375 2950 5429 regnum
2970 5377 3144 5428 suum,
3167 5364 3210 5417 si
3233 5364 3454 5418 calicem

1882 5470 2040 5524 quam
2063 5453 2326 5508 bibiturus
2347 5459 2482 5514 erat,
2512 5460 2728 5519 possent
2759 5452 2960 5506 bibere.
2985 5451 3073 5508 Sic
3096 5437 3222 5509 fatui
3246 5454 3335 5510 ﬁlii
3359 5456 3458 5509 hu-

1883 5546 2085 5601 minum
2117 5558 2220 5598 non
2246 5553 2391 5596 recte
2417 5541 2740 5611 judicantcs,
2771 5558 2944 5613 neque
2969 5545 3111 5614 quod
3143 5561 3325 5602 verum
3351 5559 3454 5613 est,

1879 5645 2264 5710 cognoscentes
2291 5651 2304 5690 :
2327 5633 2565 5690 dicentes
2582 5632 2775 5689 malum
2801 5633 3018 5703 bonum,
3046 5649 3100 5692 et
3123 5637 3316 5692 bomnn
3343 5652 3448 5692 ma-
