4048 6186
664 399 800 454 lum.
827 387 1180 453 Iisvertimini
1218 380 1286 438 ad
1307 395 1404 437 cor
1435 419 1452 447 ,
1474 375 1750 432 venientes
1793 371 1975 428 audite
2013 383 2140 424 me:
2181 377 2238 422 et

662 487 898 545 narrabo
923 482 1074 538 vobis
1098 489 1216 548 qua:
1237 469 1414 527 audivi
1439 476 1494 524 et
1507 465 1762 537 cognovi,
1784 473 1841 520 et
1863 470 2042 534 patres
2064 460 2236 514 nostri

667 581 1018 636 narraverunt
1064 565 1222 632 mihi,
1251 577 1354 619 nec
1385 561 1683 618 occultetur
1713 572 1745 611 a
1771 555 1896 610 filiis
1939 551 2236 607 hominum.

665 673 937 727 Adha'rere
962 664 1066 718 Deo
1090 660 1279 714 bonum
1301 664 1373 712 est
1399 670 1418 709 :
1447 662 1504 710 ct
1528 653 1668 708 sicut
1693 649 1784 704 ille
1809 645 2120 710 ambulavit,
2165 644 2243 698 sic

666 760 960 817 ambulare.
987 753 1138 809 Sicut
1160 749 1408 806 Christus
1431 746 1659 800 animam
1682 756 1832 797 suam
1859 753 1957 809 pro
1977 737 2130 792 nobis
2151 749 2244 805 po-

669 853 777 907 suit
807 867 820 903 :
852 848 932 903 sic
961 853 1014 899 et
1042 854 1165 909 nos,
1194 841 1238 894 si
1267 853 1404 909 opus
1429 844 1532 903 est,
1564 848 1662 906 pro
1706 833 1951 894 veritate,
1981 842 2100 899 qmc
2131 827 2245 895 ipse

667 944 810 998 Deus
833 947 939 1002 est,
967 934 1227 991 debemus
1251 931 1457 984 animas
1483 940 1700 996 ponere.
1727 921 1826 990 Qui
1849 929 1996 974 amat
2013 918 2244 972 animam

665 1049 822 1090 suam
851 1032 903 1086 in
931 1029 1037 1084 hoc
1058 1023 1282 1089 mundo,
1308 1020 1504 1092 pet-det
1527 1032 1666 1073 eam.
1697 1015 1943 1070 Christus
1972 1025 2068 1082 pro
2094 1007 2248 1062 nobis

667 1139 860 1198 passus
879 1131 964 1179 est
991 1138 1007 1176 :
1029 1118 1184 1175 nobis
1205 1115 1514 1184 relinquens
1528 1107 1854 1178 exemplum,
1884 1115 1941 1159 ut
1961 1115 2249 1172 sequamur

669 1192 892 1287 vestigia
931 1213 1067 1280 ejus.
1105 1207 1220 1264 Non
1264 1220 1325 1261 se
1365 1203 1563 1273 cogitet
1589 1198 1987 1258 Christianum,
2018 1192 2107 1262 qui
2149 1206 2249 1261 pro

673 1284 892 1364 Christo
920 1301 1058 1359 mori
1085 1316 1144 1357 se
1169 1313 1279 1355 non
1319 1295 1522 1352 invenit
1549 1299 1928 1364 prmparatutn.
1960 1287 2060 1354 Qui
2094 1284 2249 1341 Chri-

670 1412 757 1454 sto
779 1397 1065 1460 ministrat,
1090 1393 1261 1462 ipsum
1284 1396 1556 1458 sequatur.
1582 1385 1736 1438 Dicas
1759 1381 1939 1443 homo,
1967 1378 2056 1450 qui
2078 1377 2253 1432 solum

674 1490 890 1547 nomine
915 1496 976 1543 et
1001 1484 1164 1541 verbo
1183 1480 1521 1537 Christianus
1537 1490 1596 1532 es
1619 1492 1634 1528 :
1658 1472 1842 1528 Fidem
1864 1469 2062 1526 Christi
2084 1467 2255 1522 habeo

675 1592 732 1638 et
759 1579 1013 1652 praedico.
1065 1575 1272 1631 Bonum
1316 1578 1436 1637 est,
1484 1567 1580 1623 sed
1609 1565 1698 1621 ubi
1725 1565 1924 1636 opera?
1966 1560 2123 1615 Fides
2149 1560 2258 1614 sine

675 1673 912 1744 operibus
937 1679 1137 1723 mortua
1157 1674 1255 1721 est.
1281 1662 1442 1719 Certe
1467 1661 1640 1716 diram
1660 1699 1676 1724 ,
1721 1658 1812 1728 qui
1843 1654 2112 1710 Christum
2142 1661 2259 1706 tan-

679 1741 791 1820 tum
817 1777 913 1816 ore
936 1769 992 1816 et
1019 1772 1126 1812 non
1155 1769 1321 1826 opere
1347 1752 1532 1807 laudas
1552 1791 1568 1814 ,
1613 1750 1788 1819 ipsum
1828 1761 1990 1816 negas
2015 1762 2029 1798 :
2058 1744 2181 1813 quia
2212 1741 2257 1795 si

681 1868 802 1924 qua
823 1850 980 1916 dicit,
1008 1845 1286 1908 crederes.
1313 1843 1502 1898 saltem
1540 1854 1664 1894 eum
1695 1837 1931 1898 timeres,
1958 1844 2010 1888 ct
2035 1833 2102 1886 de
2131 1846 2258 1902 pec-

680 1923 815 2000 catis
845 1935 1312 1998 verecundareris.
1341 1935 1408 1989 Et
1421 1933 1466 1988 si
1490 1929 1686 1994 credis,
1717 1936 1772 1983 et
1798 1927 1935 1981 mala
1961 1923 2112 1988 facis,
2133 1936 2263 1976 ceu-

683 2036 836 2106 tuplo
877 2029 1177 2104 puniendus
1214 2026 1314 2082 es?
1357 2023 1548 2081 Nonne
1585 2028 1862 2091 peceatum
1907 2014 2050 2106 quod
2096 2013 2166 2106 sit
2194 2027 2261 2065 cx

681 2104 828 2186 certa
857 2124 1081 2189 malitia,
1109 2119 1317 2176 infinito
1345 2115 1499 2188 pejus
1521 2123 1608 2170 est
1637 2119 1858 2183 peccato
1899 2105 2041 2178 quod
2093 2104 2152 2160 fit
2195 2119 2260 2159 ex

682 2213 1024 2290 ignorantia?
1070 2209 1308 2282 peccavit
1355 2204 1598 2275 angelus,
1651 2198 1889 2271 peccavit
1941 2197 2139 2252 homo:
2185 2194 2264 2248 al-

681 2286 765 2368 ter
809 2308 1020 2364 veniam
1077 2301 1249 2373 potuit
1303 2296 1582 2362 invenire,
1650 2294 1787 2348 alter
1844 2304 1972 2346 non.
2034 2287 2148 2356 Qua
2195 2286 2264 2342 de

683 2403 784 2458 re?
837 2400 929 2455 llle
969 2413 1038 2454 ex
1073 2392 1288 2466 propria
1323 2388 1523 2446 malitia
1553 2404 1567 2440 :
1596 2384 1758 2439 homo
1789 2381 2133 2453 suggestione
2152 2380 2267 2434 dia-

685 2494 880 2549 bolica.

757 2583 888 2639 Car.
931 2577 1095 2635 XXV.
1137 2576 1203 2632 Et
1227 2573 1365 2630 forte
1393 2570 1574 2626 dices:
1601 2568 1667 2624 Et
1699 2581 1800 2638 ego
1828 2564 2074 2621 similiter
2104 2575 2266 2634 pecco

686 2670 1029 2742 suggestione
1056 2665 1338 2722 diabolica.
1357 2661 1436 2718 Ad
1461 2658 1604 2730 quod
1632 2673 1765 2728 ego:
1793 2655 1944 2724 Quod
1968 2654 2130 2708 miser
2155 2667 2268 2707 me-

689 2761 827 2820 reris
853 2759 1151 2831 praemium,
1191 2755 1236 2812 si
1281 2753 1488 2809 nullum
1518 2750 1742 2805 haberes
1782 2743 2057 2818 praelium"!
2081 2742 2268 2798 Nonne

691 2851 961 2909 terrestris
988 2849 1142 2904 miles
1155 2845 1222 2901 ad
1238 2859 1398 2900 omne
1425 2857 1485 2897 se
1508 2840 1728 2910 exponit
1753 2835 2066 2908 periculum,
2096 2843 2152 2887 nt
2169 2847 2269 2887 suo

688 2947 800 3019 regi
822 2943 1067 3017 placeat?
1083 2940 1191 2997 Nec
1209 2946 1356 2995 certe
1377 2937 1478 2991 ulla
1508 2933 1602 2990 tibi
1621 2946 1740 2987 esse
1769 2939 1946 3001 potest
1971 2925 2265 2990 excusatio,

686 3041 734 3097 si
759 3017 814 3095 te
841 3049 1064 3108 peccare
1090 3030 1350 3088 diabolica
1379 3026 1514 3082 dicis
1538 3023 1898 3094 suggestione,
1917 3019 2055 3075 sicut
2067 3027 2120 3072 et
2145 3017 2265 3071 ille:

686 3131 812 3202 quia
837 3107 930 3184 tibi
962 3141 1069 3182 non
1093 3133 1177 3180 est
1202 3119 1416 3178 omasio
1443 3132 1564 3189 qua:
1605 3115 1702 3170 illi.
1735 3113 1911 3170 Unum
1940 3110 2127 3202 solum
2154 3107 2269 3202 Aha-

689 3197 879 3277 hucrat
908 3223 1254 3289 przeceptum,
1285 3220 1345 3266 ut
1367 3209 1436 3266 de
1463 3209 1606 3280 ligno
1632 3222 1738 3261 non
1765 3201 2090 3260 comederet.
2127 3197 2272 3255 Non-

690 3312 840 3377 dum,
894 3307 1023 3380 qnid
1067 3304 1329 3361 diabolica
1372 3301 1509 3355 foret
1546 3295 1837 3367 suggestio,
1884 3299 2129 3357 noverat,
2174 3302 2272 3344 nec

691 3411 948 3474 quantum
978 3407 1256 3469 peccatum
1304 3393 1414 3449 Deo
1439 3389 1742 3459 displiceat,
1785 3388 1976 3442 scierat
1999 3402 2013 3438 :
2035 3393 2088 3440 ct
2112 3395 2188 3450 tu,
2216 3390 2274 3437 ut

694 3494 850 3558 dicis,
878 3488 1036 3553 nosti,
1067 3496 1122 3542 et
1150 3485 1288 3540 bene
1309 3481 1505 3546 credis,
1536 3490 1589 3536 et
1611 3487 1690 3534 tot
1706 3478 1871 3532 millia
1889 3475 2019 3531 facis
2037 3484 2272 3545 peccata.

699 3585 767 3640 Et
796 3580 922 3652 quid
946 3575 1295 3634 concludam?
1310 3573 1410 3641 Qui
1427 3572 1560 3628 tales
1582 3581 1707 3625 sunt
1724 3569 2032 3634 Christiani,
2051 3568 2277 3638 diligunt

699 3676 754 3733 in
780 3689 874 3730 ore
905 3685 1025 3736 suo,
1065 3679 1122 3725 et
1164 3669 1342 3738 lingua
1380 3680 1477 3723 sua
1523 3663 1854 3719 mentiuntur
1875 3661 1946 3716 ei.
1977 3661 2080 3718 Cor
2097 3668 2274 3715 autem

699 3779 887 3826 eorum
915 3777 1022 3820 non
1049 3769 1132 3817 est
1163 3769 1363 3824 rectum
1401 3771 1524 3814 eum
1551 3770 1651 3812 eo:
1686 3769 1785 3810 nec
1812 3753 1972 3812 fidem
1997 3753 2197 3808 habent
2223 3752 2277 3808 in

702 3863 1022 3916 testamento
1050 3852 1189 3922 ejus.
1217 3850 1274 3907 Si
1301 3849 1418 3921 quis
1436 3849 1609 3920 diligit
1629 3847 1927 3913 Christum,
1968 3845 2012 3900 si
2041 3845 2160 3917 quis
2189 3859 2282 3900 ve-

702 3966 796 4010 rus
821 3957 905 4003 est
927 3944 1282 4007 Christianus,
1312 3952 1366 3997 et
1388 3941 1692 4013 specialiter
1720 3937 1983 3995 Sacerdos
2011 3946 2068 3994 et
2095 3953 2281 3994 mona-

701 4040 856 4103 chus,
877 4039 931 4093 in
956 4051 1063 4106 quo
1083 4044 1333 4105 tanquam
1351 4032 1403 4087 in
1420 4032 1639 4102 speculo
1656 4031 1860 4087 relucet
1877 4029 2152 4100 perfectio,
2171 4043 2280 4084 non

701 4131 879 4187 solum
909 4125 1185 4184 renunciet
1205 4123 1453 4180 omnibus
1475 4137 1594 4196 qua:
1615 4121 1870 4196 possidet.
1897 4121 1992 4177 sed
2007 4121 2167 4177 etiam
2185 4119 2284 4175 ab.

703 4229 861 4292 neget
890 4220 1259 4291 semetipsum,
1293 4215 1367 4270 ita
1407 4223 1465 4273 ut
1503 4223 1645 4270 totus
1670 4213 1740 4268 sit
1768 4221 2012 4270 mortuus
2055 4209 2276 4266 mundo.

703 4313 837 4382 Quia
864 4308 967 4367 nisi
983 4323 1206 4380 granum
1235 4305 1487 4361 frumenti
1511 4303 1709 4358 cadens
1726 4303 1777 4358 in
1798 4312 1996 4357 terrain
2016 4311 2280 4356 mortuum

708 4403 886 4469 fuerit,
911 4402 1086 4472 ipsum
1111 4400 1285 4457 solum
1315 4405 1514 4454 manet.
1541 4395 1643 4466 Qui
1673 4395 1854 4450 mundi
1877 4395 2008 4449 vivit
2033 4393 2280 4462 negotiis,

711 4505 949 4550 mortuus
975 4502 1058 4548 est
1088 4492 1218 4547 Deo.
1250 4490 1474 4560 Oportet
1501 4502 1730 4556 namque
1758 4485 2051 4549 hominem,
2069 4485 2158 4555 qni
2177 4487 2286 4540 vult

706 4600 903 4657 capere
954 4583 1337 4654 perfectionem
1384 4589 1438 4636 et
1489 4587 1693 4643 tenere,
1741 4577 1811 4632 ita
1854 4584 2121 4632 mortuum
2165 4592 2286 4631 esse

707 4675 931 4740 mundo,
959 4683 1018 4728 ut
1055 4681 1322 4744 tamquam
1349 4681 1592 4727 mortuus
1623 4670 1752 4724 nihil
1791 4667 1858 4724 de
1887 4668 2045 4724 rebus
2068 4670 2290 4725 szecula-

708 4773 857 4826 rihus
889 4767 1108 4833 sentiat,
1142 4766 1212 4821 ita
1242 4774 1298 4819 ut
1327 4779 1448 4818 cum
1476 4761 1734 4832 Apostolo
1753 4761 1928 4819 dicat:
1951 4760 2146 4818 Nostro
2166 4779 2289 4818 con-

707 4862 922 4918 eersotio
944 4857 1154 4914 incertis
1180 4865 1272 4912 est.
1305 4855 1368 4912 Et
1400 4856 1623 4909 iterum:
1656 4851 1780 4908 Vivo
1799 4854 1914 4925 jam
1941 4870 2041 4909 non
2069 4870 2180 4926 ego,
2208 4854 2285 4908 ei-

709 4958 778 5010 mt
802 4962 970 5008 autem
1002 4951 1058 5006 in
1087 4965 1168 5005 me
1209 4947 1460 5002 Christus.
1487 4944 1689 5001 Idcirco
1714 4945 1804 5015 qui
1831 4959 1956 5001 vere
1979 4944 2156 5014 justus
2183 4954 2286 5009 cst,

710 5047 872 5100 vitam
898 5044 1183 5112 hanc-qua:
1220 5054 1367 5095 mors
1406 5046 1510 5103 est,
1553 5051 1659 5092 non
1697 5045 1902 5092 metuat
1936 5035 2202 5094 amittere.
2233 5043 2291 5089 ut

708 5139 875 5193 vitam
898 5152 1019 5208 qua:
1037 5134 1286 5190 Christus
1312 5140 1418 5197 est,
1447 5130 1620 5184 valeat
1646 5129 1910 5184 invenire.
1941 5127 2048 5182 Eos
2073 5129 2163 5199 qui
2192 5142 2288 5183 oc-

708 5232 758 5288 ri
775 5231 894 5286 lunt
921 5245 1138 5300 corpus,
1171 5243 1276 5282 non
1308 5227 1522 5280 timeat:
1545 5225 1669 5294 quia
1683 5225 1918 5280 animam
1937 5239 2042 5279 non
2069 5233 2290 5295 possunt

706 5321 974 5379 Occidere.
1003 5320 1103 5376 llic
1133 5318 1503 5374 tribulationcs
1535 5331 1654 5386 qua:
1682 5319 1790 5371 cito
1824 5316 2093 5381 labuntur,
2123 5317 2297 5395 susti:

711 5420 856 5478 neat,
881 5419 939 5466 ut
965 5409 1158 5480 gaudia
1188 5424 1307 5478 qua:
1329 5407 1448 5462 sine
1487 5405 1594 5460 fine
1633 5415 1868 5472 manent,
1903 5406 2115 5461 habeat.
2165 5405 2290 5461 lizec

713 5503 828 5558 sola
859 5503 940 5556 via
965 5507 1071 5561 est,
1092 5514 1195 5568 qua
1225 5499 1330 5553 itur
1365 5497 1432 5552 ad
1473 5497 1696 5567 patriam
1722 5500 1863 5555 celi.
1907 5497 2066 5554 Certe
2103 5499 2148 5553 si
2186 5498 2292 5552 alio

712 5599 896 5663 posset
937 5588 1003 5642 iri
1034 5589 1268 5652 tramite,
1296 5587 1350 5640 in
1378 5595 1489 5640 toto
1515 5585 1746 5640 mendax
1776 5587 1915 5642 Deus
1958 5587 2128 5643 fieret.
2173 5587 2287 5647 Non

709 5681 856 5740 enim
879 5693 1002 5751 qua:
1029 5674 1149 5732 dico
1175 5674 1322 5730 vobis
1343 5675 1526 5740 verba,
1552 5676 1731 5744 accepi
1752 5676 1820 5730 ab
1849 5677 2080 5744 homine,
2109 5693 2280 5748 neque

1537 261 1890 330 EUSEBIUS,
1936 258 2027 316 DE
2066 255 2299 314 HORTE
2338 249 2736 308 IIIERONYMI.

2326 379 2441 434 'pcr
2459 363 2736 418 hominem
2762 361 2945 428 didici,
2980 360 3074 416 sed
3113 374 3210 432 per
3241 359 3586 430 Evangelium
3614 373 3793 417 suum.
3823 363 3919 418 Ita-

3799 249 3918 319 ~256

2342 470 2448 528 que
2465 463 2680 526 oportet
2694 469 2791 508 nos
2813 468 2915 524 per
2934 453 3131 508 multas
3155 451 3529 507 tribulationes
3546 453 3822 521 acquirere
3841 469 3922 509 re-

2343 562 2505 618 gnum
2544 545 2661 602 Dei.
2707 545 2863 600 Errat
2889 545 2943 597 in
2969 544 3076 608 via,
3104 545 3194 614 qui
3234 559 3331 613 per
3364 542 3579 597 divitias
3605 550 3662 596 et
3710 542 3921 600 delicias

2347 641 2562 696 festinat
2605 640 2703 694 ire.
2754 637 2978 706 Signum
3027 635 3324 690 manifesta:
3363 633 3722 689 damnationis
3747 643 3845 699 est,
3875 638 3921 689 in

2349 729 2452 784 hoc
2477 728 2677 783 mundo
2719 741 2814 782 sua
2843 725 3176 797 beneplacita
3215 725 3449 794 assequi,
3480 733 3537 780 et
3560 739 3592 777 a
3621 725 3820 778 mundo
3843 725 3922 780 di-

2349 823 2458 893 ligi.
2485 822 2631 890 Quos
2657 821 2796 876 Deus
2823 819 3014 890 diligit,
3047 818 3148 873 hos
3172 832 3315 887 sarpc
3337 817 3560 885 corripit
3593 827 3648 871 et
3685 820 3922 887 castigat.

2422 917 2550 970 Car.
2596 914 2791 969 XXVI.
2827 913 2884 969 Si
2914 913 2967 967 in
2993 911 3193 967 mundo
3214 909 3429 982 gloriari
3451 917 3682 978 Oportet,
3708 910 3929 965 libenter

2353 1008 2652 1078 gloriemini
2677 1008 2731 1063 in
2756 1004 3186 1062 tribulationibus
3215 1012 3270 1059 et
3295 1001 3701 1057 adversitatibus
3719 1003 3926 1057 vestris.

2354 1102 2608 1157 Promisit
2624 1101 2764 1156 enim
2787 1099 3031 1155 Christus
3047 1098 3162 1153 lucc
3178 1095 3290 1152 suis
3312 1095 3609 1165 discipulis,
3632 1110 3768 1166 quos
3798 1096 3931 1152 dile-

2401 1194 2437 1248 it
2452 1207 2621 1263 usque
2635 1193 2686 1247 in
2701 1194 2860 1248 nem
2884 1191 2936 1245 in
2953 1191 3160 1260 signum
3178 1187 3459 1258 prmcipua:
3472 1186 3795 1251 dilectionis,
3812 1202 3928 1243 cum

2358 1286 2410 1340 in
2430 1285 2611 1339 ultima
2633 1297 2784 1338 ctena
2801 1281 2966 1337 dixit:
2987 1283 3146 1335 Amen
3161 1280 3278 1334 dico
3294 1279 3432 1333 vobis
3449 1295 3468 1331 :
3488 1279 3607 1349 quia
3620 1278 3875 1348 plorabitis
3890 1288 3932 1332 et

2358 1378 2542 1448 ebitis
2569 1392 2675 1443 vos,
2714 1375 2933 1429 mundus
2968 1383 3132 1427 autem
3153 1369 3688 1444 gondebit.Gaudete,
3723 1369 3812 1423 filii
3833 1371 3932 1424 mei

2359 1466 2827 1541 pratdilectissimi,
2850 1481 2972 1521 cum
2990 1465 3104 1519 odit
3126 1478 3222 1518 vos
3238 1462 3490 1516 mundus.
3518 1461 3935 1516 Desideratesnf'

2364 1559 2504 1614 ferre
2514 1557 2865 1614 contumelias
2878 1565 2932 1611 et
2948 1555 3232 1626 opprobria
3250 1553 3317 1607 ab
3333 1551 3786 1622 hominibus,qnia
3801 1550 3936 1604 Beati
3953 1593 3956 1596 .

2362 1651 2501 1704 eritis
2538 1666 2652 1703 cunt
2678 1647 3031 1702 maledixerint
3068 1646 3205 1699 vobis
3230 1644 3477 1710 homines,
3519 1653 3565 1696 et
3591 1643 3834 1712 persecuti
3858 1659 3937 1696 ros

2365 1742 2570 1813 fuerint,
2601 1751 2648 1794 et
2677 1739 2895 1794 dixerint
2938 1753 3084 1792 omne
3111 1736 3300 1790 malum
3340 1736 3604 1788 adversum
3650 1749 3756 1798 vos,
3807 1750 3940 1787 ruen-

2365 1836 2540 1889 tientes
2560 1842 2765 1904 propter
2779 1832 2941 1901 lium
2962 1829 3179 1883 hominis
3199 1843 3219 1881 :
3233 1827 3448 1898 gaudete
3469 1836 3588 1880 tunc
3606 1836 3653 1880 et
3673 1825 3935 1890 exsuftate,

2365 1925 2604 1996 quoniam
2632 1939 2822 1977 merces
2846 1930 3008 1976 vestra
3042 1919 3250 1989 copiosa
3279 1927 3352 1972 est
3377 1919 3429 1971 in
3457 1917 3612 1971 caelis.
3648 1915 3860 1973 Utinam
3888 1916 3936 1969 in

2367 2030 2462 2072 vos
2501 2017 2801 2086 insurgeret
2847 2022 2990 2069 totus
3032 2013 3133 2068 iste
3175 2010 3425 2066 mundus.
3463 2009 3663 2066 Scitote
3706 2008 3850 2079 quod
3879 2007 3941 2062 de

2368 2109 2567 2164 mundo
2587 2122 2695 2162 non
2721 2106 2853 2162 estis
2871 2105 3150 2174 :quoniam
3174 2103 3218 2157 si
3247 2101 3314 2156 de
3333 2101 3528 2155 mundo
3545 2099 3762 2164 essetis,
3785 2113 3940 2152 mun-

2367 2201 2468 2255 dus
2487 2198 2628 2269 quod
2649 2213 2802 2253 suum
2821 2207 2964 2252 esset
2980 2196 3242 2266 diligeret.
3263 2195 3435 2250 Omne
3450 2191 3696 2263 gaudium
3714 2199 3942 2245 vestrum

2367 2292 2692 2359 existimate,
2733 2305 2856 2344 cum
2901 2289 3068 2344 multa
3117 2288 3328 2344 habetis
3357 2288 3409 2340 in
3438 2285 3636 2341 stcculo
3660 2284 3942 2354 opprobria

2368 2394 2424 2442 et
2448 2384 2795 2441 adversitates
2817 2400 2832 2440 :
2851 2383 3082 2437 scientes
3103 2380 3245 2452 quod
3269 2376 3521 2434 fortitudo
3541 2387 3599 2432 et
3619 2377 3866 2447 patientia
3883 2391 3942 2430 ex

2370 2476 2499 2544 ipsis
2527 2476 2792 2530 oriuntur.
2842 2474 3103 2529 Patientia
3144 2482 3321 2526 autem
3351 2469 3646 2540 perfectum
3695 2484 3830 2539 opus
3859 2467 3945 2522 ha-

2371 2566 2480 2622 bet.
2506 2565 2805 2620 Probantor
2827 2574 3006 2619 autem
3030 2562 3252 2617 virtutes
3277 2561 3331 2616 in
3369 2559 3586 2615 homine
3615 2573 3715 2629 per
3744 2558 3940 2628 patien-

2371 2661 2521 2724 tiam,
2552 2668 2821 2728 tamquam
2850 2669 3040 2708 aurum
3071 2669 3165 2724 per
3194 2653 3391 2724 ignem.
3411 2649 3515 2717 Qui
3543 2656 3772 2704 exteras
3793 2647 3947 2702 habet

2374 2752 2596 2806 virtutes
2623 2749 2740 2804 sine
2771 2747 3046 2819 patientia,
3081 2761 3268 2800 aurum
3297 2745 3350 2799 in
3377 2743 3520 2798 vasis
3551 2741 3804 2796 fictilibus
3832 2754 3946 2810 por-

2373 2854 2470 2900 tat.
2501 2843 2554 2897 ln
2578 2843 2713 2908 sola,
2734 2842 2950 2896 dicebat
2975 2840 3244 2904 Salvator,
3285 2838 3540 2909 patientia
3566 2844 3748 2892 vestra
3780 2832 3946 2905 possi-

2374 2935 2569 2992 debitis
2594 2934 2800 2988 animas
2824 2941 3051 2988 vestras.
3077 2929 3356 2987 Fortitudo
3379 2943 3619 2984 connexa
3646 2937 3736 2983 est
3755 2926 3950 2997 patien-

2376 3027 2484 3082 tizn.
2519 3025 2612 3081 Vir
2638 3025 2868 3096 patiens,
2892 3023 3045 3078 fortis
3069 3031 3152 3078 est
3179 3023 3380 3076 animo.
3410 3019 3512 3088 Qui
3538 3020 3752 3090 patiens
3777 3027 3829 3073 et
3847 3016 3951 3072 for-

2377 3121 2445 3175 tis
2473 3126 2576 3186 est,
2617 3133 2805 3174 secure
2847 3117 2985 3172 bona
3033 3115 3306 3186 sequentis
3345 3114 3466 3168 vitae
3504 3125 3726 3182 sperare
3767 3119 3949 3182 potest.

2377 3211 2600 3267 Servate
2631 3209 2942 3282 patientiam
2985 3207 3038 3262 in
3069 3215 3278 3262 mente:
3311 3217 3536 3274 eamque
3572 3201 3700 3256 dum
3755 3212 3954 3270 tempus

2379 3310 2482 3368 est,
2500 3311 2750 3357 exercete
2765 3301 2817 3354 in
2842 3297 3174 3369 Operatione.
3205 3297 3298 3352 Est
3317 3295 3460 3350 enim
3486 3293 3744 3365 patientia
3765 3294 3954 3357 velum,

2379 3407 2486 3462 quo
2515 3392 2568 3446 in
2611 3391 2769 3459 hujus
2797 3388 2978 3444 mundi
3012 3387 3281 3458 procellis,
3312 3385 3461 3441 navis
3490 3393 3670 3439 nostra
3702 3398 3957 3454 quocum-

2381 3500 2487 3554 que
2516 3483 2678 3537 flante
2705 3491 2866 3536 vento
2891 3481 3101 3550 navigat
3125 3493 3346 3534 secure:
3377 3477 3576 3533 nullum
3606 3477 3808 3533 timens
3829 3474 3960 3546 peri-

2380 3576 2583 3632 culum.
2608 3574 2820 3629 Nullum
2846 3581 3082 3628 vestrum
3107 3572 3173 3627 ad
3195 3570 3501 3636 vindictam,
3521 3567 3603 3623 vel
3629 3566 3816 3623 odium
3838 3579 3956 3640 pro-

2383 3667 2535 3733 ximi,
2566 3664 2950 3721 contumeliosa
2975 3663 3134 3718 verba
3161 3670 3553 3717 commoveant.

2454 3759 2584 3816 CAP.
2624 3755 2840 3814 XXVII.
2881 3755 3067 3811 Estote
3096 3753 3493 3818 misericordes,
3523 3750 3662 3805 sicut
3709 3760 3765 3805 et
3810 3748 3963 3803 Pater

2385 3859 2562 3904 vester
2590 3846 2918 3911 misericors,
2945 3853 3063 3901 est:
3089 3845 3179 3915 qui
3212 3843 3341 3913 pluit
3369 3856 3530 3912 super
3550 3840 3728 3910 justos
3753 3848 3806 3895 et
3834 3839 3968 3908 inju-

2385 3952 2529 3999 stos:
2557 3950 2613 3998 et
2650 3941 2820 3998 solem
2848 3954 3003 3994 suum
3047 3937 3172 3993 facit
3197 3937 3324 3991 oriri
3354 3949 3516 4007 super
3545 3934 3748 3988 bonum
3773 3942 3830 3986 et
3855 3946 3967 3985 ma-

2387 4036 2518 4092 lum.
2546 4034 2813 4090 Judicium
2835 4025 2950 4087 sine
2973 4029 3337 4093 misericordia
3362 4027 3437 4082 illi
3465 4025 3573 4091 et,
3597 4025 3687 4096 qui
3713 4039 3823 4080 non
3853 4021 3971 4076 facit

2390 4126 2836 4184 misericordiam.
2883 4121 3245 4180 Misericordia
3285 4118 3645 4190 superexaltat
3682 4114 3967 4188 judicium.

2387 4219 2442 4277 Si
2472 4233 2580 4276 non
2607 4215 2924 4273 remiscritis
2949 4213 3018 4268 de
3042 4211 3208 4268 corde
3235 4220 3418 4266 vestro
3443 4208 3547 4266 illis
3571 4208 3660 4279 qui
3690 4205 3973 4261 offendunt

2388 4326 2520 4367 vos:
2549 4323 2648 4365 nec
2671 4307 2831 4365 Pater
2872 4314 3048 4360 vester
3082 4303 3316 4358 dimittet
3358 4300 3526 4357 vobis.
3575 4297 3800 4353 Frustra
3846 4296 3974 4366 petit

2391 4399 2836 4463 misericordiam,
2856 4396 2946 4467 qui
2972 4395 3090 4451 aliis
3111 4394 3344 4462 denegat
3361 4388 3819 4446 .tniscricordiznn.
3841 4386 3974 4440 Sus-

2391 4493 2580 4559 tinctis,
2602 4490 2776 4560 inquit
2796 4487 3103 4559 Apostolus,
3131 4486 3174 4538 si
3195 4485 3306 4556 quis
3332 4499 3418 4537 eos
3451 4483 3503 4535 in
3524 4480 3812 4536 scrltem
3841 4476 3978 4530 redi.

2591 4583 2705 4655 quis
2741 4582 2794 4636 in
2817 4581 2995 4655 facient
3025 4594 3112 4633 vos
3141 4577 3310 4631 credit.
3343 4575 3440 4631 llic
3485 4583 3660 4629 vestra
3706 4570 3979 4626 stabilitnr

2393 4680 2600 4734 virtus:
2629 4676 2744 4731 hinc
2775 4684 2886 4730 tota
2907 4687 3115 4728 merces
3137 4680 3192 4726 et
3214 4670 3512 4739 praemium.
3540 4677 3596 4721 ut
3616 4664 3824 4719 amicos
3855 4662 3980 4716 dilio

2392 4784 2581 4841 gamus
2604 4768 2657 4823 in
2686 4767 2818 4830 Deo,
2844 4774 2899 4819 et
2924 4764 3166 4819 inimicus
3189 4771 3406 4832 propter
3438 4759 3622 4813 Deum.
3656 4755 3870 4809 Servus
3893 4751 3983 4805 ille

2395 4874 2645 4930 nequam,
2673 4864 2891 4926 accepta
2925 4852 3311 4916 ,
3343 4863 3599 4904 conservo
3619 4859 3718 4899 suo
3743 4845 3987 4913 denega-

2395 4952 2470 5005 vit
2499 4948 2918 5004 misericordiam
2939 4962 2953 4997 :
2977 4953 3034 4999 et
3056 4944 3176 4999 ideo
3197 4942 3389 4997 meruit
3414 4939 3607 4993 habere
3629 4935 3985 4988 severitatem

2391 5040 2633 5112 justitite.
2659 5037 2872 5094 Justitia
2894 5037 3010 5092 sine
3039 5030 3424 5096 misericordia,
3459 5025 3749 5083 crudelitas
3777 5033 3900 5078 est:
3935 5031 3989 5077 et

2398 5136 2518 5191 ideo
2541 5133 2758 5204 iustitia:
2801 5127 3166 5185 misericordia
3210 5123 3482 5179 miscenda
3510 5132 3610 5175 est.
3639 5117 3755 5173 Lex
3802 5126 3986 5170 nostra

2398 5234 2508 5280 tota
2552 5225 2604 5277 in
2635 5217 3003 5276 misericordia
3033 5227 3137 5273 est.
3188 5217 3410 5282 Propter
3457 5217 3736 5280 peceatum
3771 5219 3989 5276 quoilue

2401 5321 2607 5386 poterat
2632 5311 2886 5366 damnare
2913 5323 3012 5362 nos
3039 5309 3175 5362 Dens
3194 5304 3419 5376 justitia,
3443 5317 3579 5372 quos
3621 5315 3719 5355 sua
3754 5297 3991 5354 salvavit

2399 5401 2787 5460 misericordia.
2810 5402 3144 5470 Quapropter
3159 5397 3246 5465 qui
3267 5393 3630 5447 misericordia
3645 5399 3825 5455 caret,
3845 5390 3996 5445 Chri-

2399 5494 2601 5548 stianus
2628 5509 2730 5547 non
2756 5503 2860 5547 est.
2894 5487 3223 5558 Impossibile
3253 5491 3336 5538 est
3365 5497 3485 5536 esse
3524 5481 3805 5536 hominem
3831 5482 3994 5535 mise-

2402 5581 2685 5648 ricordem,
2709 5593 2760 5636 et
2787 5581 2952 5652 pium,
2977 5589 3030 5633 ct
3048 5579 3178 5631 iratn
3198 5589 3300 5628 nun
3325 5571 3539 5642 placare
3561 5571 3828 5626 divinam.
3853 5571 3994 5626 Beati

2404 5673 2780 5729 misericordes:
2810 5670 3042 5740 quoniam
3067 5668 3162 5737 ipsi
3181 5663 3573 5718 misc'ricm'dimn
3594 5681 3887 5737 coam-qam
3901 5681 3992 5717 .
