4048 6186
209 229 301 288 257

210 340 456 402 Sacerdos
497 348 552 396 et
580 338 871 395 monachus
914 336 1183 409 praecipue
1220 337 1335 391 sine
1374 330 1766 394 misericordia,

210 435 342 491 navis
366 431 533 488 estin
563 430 740 486 medio
784 429 955 500 pelagi
1004 426 1237 496 undique
1279 425 1566 496 perforata.
1623 422 1768 476 Vana

206 525 374 596 religio
411 533 514 589 est,
553 538 673 593 qua:
714 501 864 577 caret
905 517 1296 575 misericordia.
1328 517 1518 572 Parum
1551 513 1767 584 prodest

209 617 520 677 inferentem
550 629 671 670 esse
710 612 1044 669 vestimentis
1072 608 1418 666 smcularibus
1445 616 1501 663 et
1538 620 1765 662 concor-

206 710 312 764 dem
339 707 464 760 vita.
497 704 612 759 Non
640 703 976 758 vestimentis
1002 711 1056 756 et
1082 699 1274 755 ordine
1312 698 1484 752 solum
1525 698 1645 766 quis
1687 704 1769 749 est

204 800 441 858 sacerdos
470 809 522 854 et
551 797 866 862 monachus,
917 795 1013 851 sed
1060 793 1190 847 vita.
1241 792 1357 847 llcu
1398 790 1525 860 quid
1554 788 1770 844 dicam?

200 894 341 962 Sirpe
365 907 430 946 cx
458 905 648 959 magna
675 886 1001 943 abundantia
1029 884 1278 949 tristitim,
1308 882 1471 936 homo
1499 880 1665 935 multa
1688 879 1767 933 lo-

202 984 388 1052 quitur.
410 983 548 1037 Ecce
575 979 807 1035 mundus
834 978 1067 1047 undique
1095 984 1273 1030 servet
1298 971 1572 1029 monachis
1601 979 1656 1025 et
1686 984 1773 1024 sa-

197 1074 524 1137 cerdotibus;
547 1082 602 1127 et
629 1082 805 1126 tamen
830 1071 939 1141 jam
966 1078 1088 1123 sunt
1108 1067 1365 1123 rarissimi
1391 1064 1699 1121 sacerdotes
1718 1071 1774 1118 et

195 1164 462 1230 monachi,
482 1162 622 1233 quod
644 1162 731 1215 vix
760 1161 829 1233 de
857 1170 1067 1215 centum
1090 1175 1229 1213 unus
1252 1158 1550 1225 reperiatur
1575 1153 1769 1208 bonus.

194 1254 346 1309 Nulla
376 1229 525 1308 certe
555 1252 608 1306 in
636 1229 837 1305 mundo
858 1260 965 1305 tam
984 1248 1217 1304 crudelis
1242 1247 1431 1310 bestia,
1454 1258 1614 1315 quam
1645 1258 1774 1296 ma—

190 1345 278 1398 lus
299 1342 553 1398 sacerdos
574 1341 658 1396 vel
686 1342 1013 1397 monachus:
1042 1354 1165 1393 nam
1190 1337 1383 1406 corrigi
1411 1349 1515 1389 non
1540 1334 1769 1404 patitur:

189 1450 298 1490 nec
330 1434 605 1488 veritatem
645 1448 880 1503 unquam
904 1431 1086 1485 audire
1120 1437 1329 1500 potest:
1356 1437 1412 1483 et
1443 1436 1498 1481 ut
1542 1426 1777 1481 breviter

192 1524 593 1587 dicam,omnes
607 1522 920 1593 pneeminet
940 1522 1159 1577 malitia.
1187 1520 1323 1576 Sunt
1351 1520 1403 1572 hi
1435 1519 1567 1573 tales
1591 1531 1774 1573 sacer-

195 1616 346 1669 d0tes
376 1622 431 1668 et
454 1612 709 1668 monachi
736 1614 910 1669 solum
941 1612 1123 1666 habitu
1163 1622 1218 1667 et
1262 1610 1499 1673 nomine,
1546 1624 1773 1679 quorum

196 1721 324 1762 vana
355 1713 439 1761 est
468 1705 676 1774 religio.
708 1705 916 1774 Religio
944 1703 1142 1758 munda
1171 1712 1226 1757 et
1252 1701 1588 1756 immaculata
1630 1700 1772 1769 apud

198 1799 359 1854 Deum
384 1796 597 1851 Patrem
624 1794 742 1850 btcc
763 1804 869 1860 est,
895 1796 1112 1849 visitare
1146 1794 1377 1864 pupillos
1412 1802 1465 1848 et
1507 1791 1693 1847 viduas
1719 1794 1769 1845 in

200 1887 538 1943 tribulatione
564 1902 786 1943 eorum;
814 1897 868 1940 et
897 1885 1292 1940 immaculatum
1320 1898 1380 1939 se
1407 1883 1679 1938 custodire
1703 1882 1773 1937 ab

200 1978 294 2033 hoc
312 1978 532 2033 sacculo.
562 1977 675 2032 Heu
694 1988 951 2048 quantum
984 1977 1036 2031 in
1061 1975 1380 2045 quibusdam
1406 1974 1772 2045 spiritualibus

203 2070 372 2123 habitu
394 2080 454 2124 et
482 2070 696 2125 nomine
722 2069 893 2125 crevit
933 2067 1218 2137 cupiditas,
1265 2066 1375 2121 imo
1402 2080 1457 2121 ut
1484 2066 1663 2122 verius
1686 2064 1771 2119 di-

200 2174 327 2221 cam,
376 2173 543 2214 causa
594 2158 755 2229 hujus
801 2158 1193 2229 spiritualitatis
1244 2168 1330 2214 est
1378 2158 1597 2212 avaritia
1637 2159 1771 2227 :qui

200 2262 335 2307 certe
354 2261 485 2307 sunt
512 2252 621 2323 lupi
649 2267 873 2323 rapaces
901 2254 953 2307 in
980 2251 1315 2309 vestimentis
1337 2252 1535 2305 ovium.
1558 2248 1660 2306 Ubi
1684 2264 1772 2303 sa-

198 2344 378 2399 cerdos
401 2354 464 2399 et
491 2344 785 2400 monachus
808 2344 1035 2416 cupidus
1058 2353 1161 2408 est,
1176 2351 1235 2398 et
1254 2343 1371 2399 sine
1389 2341 1772 2409 misericordia,

196 2436 259 2491 ab
283 2435 475 2491 eodem
504 2436 621 2506 plus
646 2452 803 2506 quam
825 2452 855 2491 a
877 2444 1128 2508 serpente
1157 2437 1295 2505 fuge.

259 2526 384 2583 CAP.
427 2527 672 2582 XXVIII.
713 2529 1024 2583 Suntetiam
1046 2527 1289 2582 nonnulli
1315 2526 1406 2597 qui
1432 2535 1597 2581 totum
1618 2540 1772 2579 suum

196 2619 413 2676 fntctum
450 2620 765 2675 existimant
791 2620 1060 2675 Ecclesiae
1078 2627 1134 2673 et
1155 2620 1478 2673 monasteria
1507 2618 1643 2672 miro
1662 2633 1776 2671 mo-

202 2711 264 2766 do
283 2720 335 2766 et
353 2726 529 2783 opere
557 2727 624 2767 ex
655 2726 946 2781 pauperum
976 2709 1226 2765 mercede
1250 2708 1551 2764 aediﬁcare:
1586 2708 1638 2763 in
1659 2707 1777 2779 qui-

195 2803 286 2861 bus
306 2814 453 2862 tanta
491 2806 634 2877 viget
662 2805 944 2875 cupiditas,
976 2812 1033 2859 ut
1063 2812 1260 2859 terram
1279 2802 1380 2857 sibi
1402 2810 1456 2857 et
1480 2804 1659 2857 omnia
1683 2803 1776 2858 dc-

196 2899 345 2954 ticere
372 2909 591 2970 putent.
622 2898 700 2955 lbi
724 2913 840 2963 cor,
888 2898 960 2953 ibi
1002 2911 1174 2961 mens,
1223 2896 1295 2951 ibi
1325 2910 1541 2965 semper
1567 2910 1661 2950 sua
1692 2904 1776 2950 est

195 2994 464 3064 cegitatio,
500 3001 559 3048 ιιι
583 2992 756 3048 aliena
785 2989 991 3061 possint
1016 2990 1317 3060 exspoliare
1343 2988 1629 3058 marsupia.
1667 2987 1777 3044 Hos

196 3085 319 3141 tales
337 3085 597 3142 Salvator
616 3085 898 3153 increpans
923 3100 938 3137 :
976 3080 1068 3137 γω
1090 3080 1250 3147 vobis,
1273 3080 1463 3151 inquit,
1495 3079 1581 3150 qui
1608 3079 1777 3148 (ediﬁ-

191 3178 310 3233 eatis
350 3186 687 3234 mammicula
711 3176 1110 3246 Pmphetarum.
1142 3174 1283 3230 Ecce
1323 3173 1414 3243 qui
1456 3172 1777 3227 monasteria

193 3270 487 3338 :cdilicant.
514 3270 778 3325 Ecclesias
800 3269 937 3323 miro
963 3265 1192 3323 artificio
1215 3272 1429 3335 aptant:
1460 3264 1657 3319 bonum
1694 3264 1778 3318 vi-

192 3360 373 3418 dentur
391 3379 467 3433 op
482 3375 544 3415 us
561 3360 758 3416 facere.
789 3358 901 3415 Sed
925 3356 1189 3428 siquidem
1216 3354 1638 3411 misericordiam
1658 3369 1781 3425 pau-

196 3455 400 3523 peribus
413 3453 862 3521 laeiunt,houum
887 3458 988 3506 est.
1016 3449 1108 3505 Vis
1136 3457 1192 3505 ut
1211 3461 1346 3521 opus
1372 3457 1518 3502 tuum
1546 3446 1656 3502 Deo
1679 3446 1783 3514 pla-

201 3557 325 3613 ceat,
344 3552 424 3603 fac
450 3556 516 3603 ut
542 3545 613 3615 de
638 3544 741 3601 hoc
758 3557 1017 3615 pauperes
1045 3541 1329 3611 gaudeant.
1350 3538 1501 3609 Quod
1524 3538 1778 3610 templum

201 3648 275 3692 est
298 3638 407 3693 Deo
432 3636 641 3702 carius,
687 3650 846 3706 quam
874 3633 1069 3689 homo?
1096 3631 1362 3702 Templum
1405 3628 1503 3685 Dei
1528 3646 1614 3685 vos
1638 3630 1774 3697 estis,

203 3727 359 3799 inquit
387 3728 712 3801 Apostolus.
740 3726 873 3783 Cum
902 3726 1122 3799 pauperi
1152 3739 1369 3780 manum
1402 3722 1612 3788 tribuis,
1657 3736 1781 3778 cum

201 3821 307 3874 viro
342 3821 398 3875 in
428 3822 553 3877 suis
600 3818 1010 3876 necessitatibus
1048 3816 1338 3873 subvenis:
1361 3830 1483 3871 cum
1513 3823 1783 3870 errantem

203 3910 262 3966 ad
297 3915 435 3968 viam
462 3921 677 3969 rectam
716 3910 952 3975 reducis,
978 3924 1014 3965 o
1036 3923 1196 3980 quam
1237 3907 1553 3965 admirabile
1578 3914 1636 3962 et
1671 3906 1786 3963 Deo

201 4014 398 4075 gratum
431 4004 701 4077 templum
742 4003 1052 4060 :edilicasti?
1079 4001 1287 4072 Frange
1322 4000 1562 4055 esurienti
1604 4016 1786 4071 panem

203 4107 332 4153 tuum
352 4115 374 4155 :
398 4112 445 4156 et
465 4116 653 4173 egenos
678 4114 922 4169 vagosque
948 4099 1103 4153 induc
1128 4098 1181 4152 in
1202 4098 1407 4151 domum
1430 4106 1590 4149 luant.
1618 4096 1787 4151 Nemo

205 4207 259 4248 se
284 4210 561 4251 excusans
601 4194 784 4249 dicat:
814 4208 921 4248 non
968 4191 1141 4248 habeo
1179 4191 1320 4262 quod
1361 4189 1581 4261 pauperi
1633 4189 1787 4243 fratri

208 4285 446 4342 tribuam.
477 4288 541 4343 Si
571 4287 946 4342 vestimentum
970 4285 1052 4341 vel
1081 4284 1279 4355 aliquid
1324 4287 1463 4339 ultra
1492 4292 1787 4339 extremam

204 4384 439 4448 possides
471 4382 891 4440 necessitatem:
920 4391 974 4437 et
995 4381 1213 4453 pauperi
1246 4379 1500 4450 indigenti
1534 4395 1636 4433 non
1662 4378 1789 4433 sub-

205 4458 479 4539 venismr
510 4490 578 4531 es
601 4483 655 4530 et
682 4475 836 4529 latro.
869 4472 1085 4537 Sumus,
1120 4473 1453 4527 dilectissimi
1483 4472 1597 4537 lilii,
1625 4472 1676 4526 in
1704 4487 1791 4528 re-

204 4561 295 4619 bus
335 4565 734 4638 temporalibus
774 4565 948 4619 solum
989 4564 1407 4635 dispensatores,
1448 4572 1502 4619 et
1533 4579 1636 4617 non
1669 4578 1794 4634 pos-

207 4666 463 4712 sessores.
493 4657 554 4713 Si
583 4655 713 4727 quid
740 4654 1086 4726 superﬂuum,
1118 4670 1224 4725 quo
1251 4654 1415 4709 frater
1442 4665 1591 4724 egeat
1622 4654 1794 4724 possi-

204 4744 412 4815 demus,
444 4749 709 4812 furamur,
742 4748 849 4802 imo
876 4747 1027 4817 pejus
1054 4761 1211 4816 quam
1253 4747 1342 4816 qui
1374 4746 1578 4799 furatur
1616 4748 1791 4816 aliqua

206 4851 266 4892 cx
297 4839 478 4908 inopia
506 4850 564 4896 ct
588 4841 955 4896 nccesssitate.
985 4839 1089 4893 Iste
1117 4848 1321 4893 tantum
1344 4839 1479 4892 ultra
1503 4840 1794 4894 necessita-

205 4937 315 4981 tem
344 4932 566 4997 retinet,
594 4945 700 5005 quo
718 4940 933 4986 centum
963 4930 1224 4997 viverent,
1252 4931 1340 5000 qui
1364 4930 1501 4986 tame
1546 4940 1791 5000 pereunt.

205 5019 303 5077 Ille
327 5022 423 5077 uni
456 5021 654 5079 furtum
677 5026 836 5080 facit:
869 5027 969 5080 iste
992 5033 1088 5088 tot,
1119 5032 1249 5095 quot
1279 5041 1383 5078 non
1413 5024 1681 5079 cendonat
1706 5039 1795 5094 pa-

206 5112 468 5169 tientibus
496 5116 894 5174 necessitatem.
923 5115 1076 5171 Dices
1096 5115 1233 5170 forte
1260 5116 1445 5183 miser,
1475 5131 1649 5169 meum
1673 5125 1756 5171 cst
1780 5136 1793 5171 :

206 5216 324 5257 nam
349 5206 456 5260 hoc
476 5206 799 5262 dimiserunt
826 5207 955 5262 mihi
984 5216 1250 5276 parentes.
1281 5208 1680 5273 Quomodotibi
1704 5224 1800 5279 po-

210 5302 425 5353 tuerunt
452 5297 730 5353 dimittere
769 5299 910 5373 quod
955 5310 1109 5350 suum
1141 5312 1245 5351 non
1273 5299 1427 5353 erat?
1452 5301 1550 5354 Ast
1574 5300 1618 5355 si
1644 5315 1797 5355 suum

210 5401 342 5453 erat,
386 5390 629 5460 inquies.
661 5388 812 5446 Unde
840 5387 1173 5445 habuerunt?
1199 5389 1318 5457 quis
1357 5389 1505 5444 dedit
1531 5392 1645 5446 eis?
1674 5393 1798 5461 quid

210 5479 257 5537 in
278 5481 549 5539 mundum
575 5483 877 5547 venientes,
912 5480 1364 5552 apportavcrunt?
1388 5482 1512 5550 quid
1541 5483 1799 5537 receden-

211 5581 288 5627 ter
309 5589 513 5631 secuso
544 5572 761 5632 ferent?
792 5575 953 5630 Certe
976 5588 1095 5645 qua:
1122 5587 1412 5644 pauperum
1440 5573 1794 5644 possidemus,

212 5662 261 5723 iu
295 5668 387 5727 die
419 5667 621 5741 jndicii
644 5683 826 5729 coram
861 5668 1023 5725 oculis
1047 5666 1244 5725 divisae
1267 5665 1489 5740 justitia:
1518 5665 1801 5723 vindictam

1249 214 1604 282 EUSEBEUS,
1644 213 1733 271 DE
1768 212 2003 271 MORTE
2040 213 2433 271 HIERONYMI.

3355 218 3461 276 258

1878 328 2282 384 exclamabant.
2314 330 2417 395 Qui
2434 360 2435 363 η
2460 330 2606 384 habet
2647 346 2795 385 aures
2819 330 3085 399 audiendi,
3128 334 3325 388 aldiat.
3358 334 3458 403 Qui

1875 421 2006 476 mihi
2050 436 2156 476 non
2185 420 2297 476 vult
2324 419 2578 476 credere:
2609 420 2712 475 heu
2754 438 2916 491 quam
2959 425 3191 492 graviter
3239 428 3455 495 sentiet,

1875 528 1995 569 cum
2022 512 2221 567 divitia:
2244 528 2355 567 sua:
2381 512 2686 567 transierint
2708 513 2757 566 in
2781 522 3096 582 egestatem.

1944 605 2076 660 Car.
2119 604 2314 660 XXIX.
2355 605 2465 660 Lex
2492 605 2749 660 naturalis
2793 606 2897 663 hoc
2929 607 3200 675 prmcipit:
3236 612 3454 681 utquod

1873 697 1942 752 ab
1960 698 2081 752 aliis
2109 697 2500 763 desideramus,
2533 696 2636 752 hoc
2677 697 2796 751 aliis
2838 696 3120 751 faciamus.
3147 698 3281 763 Quid
3310 703 3453 756 aliud

1873 790 1958 846 lex
1987 800 2139 846 vetus
2170 791 2460 861 prmdicat?
2482 793 2561 847 Ac
2591 790 2974 860 Evangelicam
3004 789 3300 844 doctrinam
3331 808 3453 861 per-

1874 893 2127 937 cunctare
2166 883 2419 952 undique,
2450 883 2575 953 quid
2618 883 2761 937 aliud
2809 882 3061 938 insinuat.
3107 882 3242 937 Vere
3276 897 3456 938 coram

1877 972 1984 1028 Deo
2002 972 2182 1041 judice
2208 983 2367 1029 erunt
2389 974 2713 1030 testimonia.
2739 973 2876 1040 Quid
2905 988 3035 1043 ergo
3061 974 3233 1029 dicam
3258 976 3326 1030 de
3353 976 3453 1040 his,
3481 957 3491 965 ’

1873 1066 1964 1135 qui
1994 1069 2168 1123 solum
2218 1068 2421 1138 lapides
2467 1076 2809 1137 congregant,
2855 1076 2911 1121 et
2952 1082 3135 1122 muros
3164 1068 3377 1137 erigunt
3405 1068 3457 1121 in

1874 1158 2246 1214 altitudinem:
2275 1174 2501 1228 quorum
2530 1167 2613 1213 est
2638 1174 2734 1213 cor
2758 1157 3103 1228 ctmgitatio,
3132 1167 3191 1212 ut
3212 1157 3459 1213 humanis

1875 1251 2046 1304 oculis
2087 1266 2223 1320 opus
2246 1251 2533 1320 appareat?
2562 1250 2829 1305 Laudatur
2853 1250 3175 1305 aedilicium:
3207 1260 3262 1305 et
3292 1259 3457 1305 totam

1878 1342 1966 1397 hic
2012 1356 2163 1398 suam
2192 1344 2519 1398 arbitrantur
2555 1345 2859 1415 justitiam?
2900 1344 3036 1400 Sunt
3083 1346 3245 1400 etiam
3294 1345 3458 1414 aliqui

1876 1436 1965 1502 qui
1986 1433 2055 1488 de
2084 1436 2286 1503 rapinis
2304 1443 2357 1490 et
2379 1451 2672 1506 pauperum
2690 1436 2885 1492 sudore
2904 1436 3204 1492 oblationes
3228 1446 3277 1491 et
3307 1436 3460 1491 victi-

1876 1538 1992 1578 mas
2023 1524 2134 1579 Deo
2156 1526 2407 1580 oderunt.
2440 1525 2597 1580 Tales
2627 1526 2927 1582 oblationes
2951 1536 3076 1581 ante
3101 1526 3335 1580 divinam
3351 1525 3460 1579 cle-

1875 1617 2130 1669 mentiam
2165 1631 2270 1671 non
2322 1632 2509 1686 parum
2560 1628 2683 1672 sunt
2732 1618 3145 1675 abominabiles.
3190 1618 3319 1684 Quis
3349 1626 3456 1671 tam

1873 1705 2133 1775 insipiens
2160 1715 2265 1773 est,
2297 1715 2355 1762 ut
2382 1722 2485 1762 non
2514 1709 2768 1778 intelligat
2791 1709 2935 1779 quod
2967 1709 3089 1761 talia
3107 1708 3331 1763 :cditicia
3349 1722 3455 1762 non

1871 1795 2063 1850 cedunt
2096 1796 2162 1851 ad
2203 1797 2297 1852 Dei
2321 1798 2568 1867 gloriam,
2600 1798 2694 1853 sed
2723 1798 2787 1852 ad
2819 1799 3002 1853 mundi
3033 1813 3303 1868 pompam.
3347 1797 3455 1853 Sed

1872 1885 1917 1939 si
1939 1886 2060 1956 quis
2081 1886 2322 1943 diceret:
2346 1888 2484 1955 Quid
2523 1888 2692 1943 dicis?
2721 1888 2907 1943 Nonne
2937 1888 3134 1944 bonum
3164 1898 3248 1944 est
3285 1887 3458 1945 indili-

1872 1991 1996 2032 care
2045 1980 2392 2045 monasteria,
2444 1980 2583 2035 unde
2638 1981 2935 2037 honoretur
2964 1981 3139 2037 Deus?
3186 1981 3269 2036 Ad
3313 1980 3456 2051 quod

1874 2084 2005 2139 ego:
2036 2070 2242 2125 Bonum
2267 2081 2369 2137 est,
2402 2072 2699 2127 dummodo
2726 2086 2987 2142 pauperes
3012 2073 3321 2128 violentiam
3351 2086 3459 2127 non

1874 2160 1982 2215 sint
2010 2163 2187 2231 passi:
2220 2178 2322 2220 nec
2353 2165 2693 2235 interpellent
2732 2164 2897 2220 Deum
2941 2175 3127 2219 contra
3170 2180 3286 2219 eos.
3313 2164 3459 2231 Quo-

1874 2255 2037 2309 modo
2083 2271 2301 2326 possum
2346 2254 2874 2311 :cdilicare'domum
2921 2257 3029 2311 Deo
3078 2256 3346 2324 placitam,
3376 2255 3459 2311 vel

1872 2350 2077 2403 sanctis
2106 2349 2240 2418 ejus,
2275 2364 2337 2405 ex
2372 2350 2474 2403 illis
2495 2350 2736 2419 pecuniis
2762 2350 2829 2405 de
2853 2349 3047 2419 quibus
3063 2363 3323 2420 pauperes
3338 2348 3459 2420 plo-

1876 2440 2031 2493 rant?
2055 2440 2240 2508 Qualis
2262 2440 2465 2509 justitia
2496 2450 2670 2511 potest
2709 2456 2830 2496 esse
2880 2456 3163 2496 munerare
3192 2450 3456 2507 mortuos,

1874 2542 1927 2588 et
1953 2533 2189 2603 spoliare
2214 2534 2494 2588 viventes?
2529 2544 2584 2589 et
2608 2535 2675 2588 de
2704 2534 2990 2605 indigentia
3034 2548 3327 2604 pauperum
3376 2533 3460 2587 of-

1875 2625 2016 2680 ferre
2039 2625 2188 2680 Deo?
2211 2624 2370 2682 Certe
2400 2626 2445 2680 si
2478 2626 2594 2681 hicc
2624 2627 2858 2696 placeret
2893 2626 3003 2681 Deo
3040 2626 3268 2695 justitia,
3320 2625 3460 2681 foret

1874 2716 2053 2771 socius
2079 2716 2367 2771 violentiae.
2392 2716 2457 2771 Et
2480 2718 2522 2771 si
2542 2717 2678 2771 hanc
2695 2734 2722 2768 a
2744 2718 2896 2773 nobis
2924 2717 3083 2771 vellet
3106 2716 3456 2780 oblationem,

1875 2811 2125 2863 conscius
2153 2811 2302 2864 lieret
2332 2810 2385 2863 in
2417 2822 2659 2879 peccato.
2696 2812 2761 2863 At
2804 2812 2851 2865 si
2900 2810 3011 2863 Deo
3054 2809 3320 2874 displicet,
3352 2822 3459 2862 non

1876 2911 2049 2969 potest
2080 2903 2294 2971 placere
2324 2902 2555 2958 Sanctis.
2604 2904 2717 2968 Qua
2757 2902 2825 2956 de
2872 2916 2950 2964 re,
2987 2900 3075 2953 lilii
3106 2900 3457 2963 dilectissimi,

1876 2991 2213 3060 deponcntes
2240 3007 2453 3047 omnem
2486 2991 2764 3055 malitiam,
2794 3004 3007 3043 omnem
3047 2988 3252 3055 dolum,
3295 3000 3349 3044 et
3388 2990 3462 3044 si-

1879 3081 2220 3147 mulationes,
2250 3092 2304 3137 et
2331 3081 2577 3146 invidias,
2609 3090 2663 3135 ct
2689 3095 2877 3135 omnes
2901 3080 3295 3135 detractiones:
3324 3082 3462 3136 sicut

1879 3176 2040 3232 modo
2064 3176 2227 3246 geniti
2258 3174 2487 3229 infantes
2535 3173 2850 3229 rationabile
2896 3172 3013 3229 sine
3053 3172 3178 3229 dolo
3224 3174 3304 3228 lac
3330 3188 3461 3229 cou-

1880 3268 2159 3338 cupiscite,
2183 3276 2242 3322 ut
2267 3268 2319 3322 in
2346 3281 2414 3322 co
2438 3267 2696 3322 cresc:itis
2719 3266 2770 3320 in
2794 3266 3018 3322 salutem
3042 3286 3054 3322 :
3079 3266 3123 3321 si
3163 3275 3337 3321 tamen
3368 3281 3463 3337 gu-

1880 3363 2053 3425 statis,
2078 3361 2330 3432 quoniam
2358 3359 2525 3413 dulcis
2546 3368 2626 3413 est
2650 3359 2926 3413 Dominus.

1950 3454 2080 3509 CAP.
2123 3452 2293 3507 XXX.
2339 3450 2473 3506 Vere
2507 3451 2551 3504 si
2594 3464 2698 3504 non
2721 3449 2873 3503 eritis
2902 3449 3040 3503 sicut
3087 3450 3314 3520 parvuli,
3357 3467 3462 3508 non

1882 3545 2152 3604 intrabitis
2181 3546 2234 3601 in
2265 3558 2485 3614 regnum
2513 3543 2790 3598 canorum.
2822 3540 3083 3596 Parvulos
3124 3544 3309 3598 videns
3344 3547 3464 3615 pul-

1882 3642 2067 3699 chram
2094 3640 2395 3703 mulierem,
2426 3650 2532 3689 non
2564 3635 2884 3689 delectatur.
2934 3633 3227 3690 Pretiosaui
3261 3648 3463 3692 vestem

1870 3735 2117 3798 intuens,
2149 3746 2253 3787 non
2282 3729 2569 3785 desiderat.
2599 3728 2654 3781 In
2682 3726 2953 3781 iracundia
2984 3741 3091 3779 non
3121 3740 3463 3795 perseverat:

1884 3827 2044 3883 lassus
2073 3839 2178 3880 non
2222 3819 2555 3880 recordatur,
2604 3832 2702 3872 nec
2746 3816 2874 3875 odit.
2936 3815 3146 3871 Patrem
3193 3820 3465 3888 sequitur:

1886 3926 2111 3973 matrem
2134 3929 2240 3969 non
2281 3911 2499 3966 deserit.
2530 3907 2597 3962 Et
2617 3908 2738 3962 ideo
2762 3906 2939 3962 nullus
2965 3921 3024 3962 se
3049 3922 3268 3977 rrgnum
3296 3909 3469 3963 etelo.

1888 4026 2004 4067 rum
2029 4009 2227 4079 cogitet
2247 4007 2531 4075 attingere,
2566 4003 2666 4058 nisi
2695 4001 2832 4057 hanc
2860 4001 3061 4071 parvuli
3106 4001 3465 4057 innocentiam

1888 4112 1944 4159 et
1969 4099 2361 4170 simplicitatem
2410 4096 2618 4150 imitare
2656 4094 2899 4151 studeat:
2934 4092 2983 4147 id
3031 4102 3131 4158 est,
3163 4095 3467 4150 castitatem

1892 4193 2110 4257 habere,
2140 4187 2395 4243 mundum
2434 4200 2711 4255 spernere,
2741 4183 2959 4238 fratrem
2990 4184 3231 4255 diligere;
3257 4186 3466 4255 patien.

1892 4286 2017 4341 tiam
2047 4296 2353 4339 servarem:
2387 4286 2592 4348 patrem
2612 4275 2884 4330 Christum
2910 4276 3059 4346 sequi
3085 4298 3095 4331 :
3120 4288 3167 4331 cI
3190 4277 3241 4331 in
3270 4277 3472 4339 gremio

1893 4376 2079 4432 matris
2127 4372 2379 4429 Ecclesia:
2430 4384 2643 4438 semper
2692 4368 3019 4423 incumbere.
3054 4368 3118 4425 Et
3148 4371 3324 4424 exuite
3353 4384 3471 4438 vos,

1893 4466 2245 4530 dilectissimi,
2270 4474 2504 4519 veterem
2527 4461 2797 4515 hominem
2826 4481 2841 4515 :
2872 4469 2925 4515 et
2947 4459 3149 4515 induite
3174 4476 3269 4515 vos
3294 4477 3473 4516 arma-

1895 4575 2010 4620 tura
2046 4562 2159 4626 Dei,
2206 4570 2256 4612 ut
2300 4557 2514 4628 possitis
2542 4566 2686 4610 stare
2715 4555 2972 4608 adversus
3005 4554 3223 4609 insidias
3254 4554 3472 4609 diaboli.

1896 4657 2149 4712 Diabolus
2197 4652 2324 4707 nihil
2379 4652 2429 4705 in
2478 4647 2677 4703 mundo
2708 4646 2959 4715 possidet.
3012 4646 3297 4714 Exspoliati
3350 4661 3473 4715 ergo

1895 4745 2180 4805 mundanis
2215 4743 2374 4798 r.bus
2421 4739 2830 4803 momentaneis,
2862 4746 2915 4790 et
2944 4738 3051 4790 cito
3092 4736 3236 4788 velut
3274 4735 3471 4790 umbra:

1896 4840 2221 4900 labentibus,
2248 4850 2369 4887 cum
2402 4832 2600 4885 mundo
2622 4828 2884 4899 pnguetis.
2913 4826 3009 4889 Qui
3039 4833 3291 4877 oneratus
3316 4828 3465 4879 vesti-

1898 4934 2000 4989 bus
2025 4948 2144 4986 cum
2169 4926 2383 4982 diabolo
2410 4926 2661 4986 luctatur,
2691 4920 2848 4973 citius
2868 4916 2933 4970 ad
2969 4926 3166 4969 terram
3196 4916 3479 4986 dejieitur:

1897 5028 2018 5097 quia
2048 5023 2187 5077 unde
2220 5026 2484 5077 teneatur,
2512 5013 2690 5068 habet.
2730 5009 2825 5063 Vis
2866 5006 3093 5061 ﬁrtnller
3121 5023 3239 5062 cum
3268 5009 3479 5065 diabolo

1898 5112 2189 5173 dimicare?
2218 5108 2544 5163 Vestimenta
2578 5101 2773 5171 projice
2796 5115 2863 5155 ne
2888 5101 3219 5153 succumbas.
3246 5101 3480 5157 Terrena

1900 5220 2077 5263 omnia
2108 5207 2234 5255 sunt
2280 5196 2432 5266 quasi
2462 5191 2706 5263 qua-dam
2746 5189 2988 5256 corporis
3020 5188 3348 5247 iudmnenta.
3382 5192 3481 5258 Qui

1902 5296 2035 5353 nihil
2060 5289 2313 5362 possidet,
2355 5285 2510 5338 citius
2536 5281 2734 5334 vincet.
2776 5282 2935 5332 Arma
2962 5287 3139 5333 vestra
3172 5285 3483 5349 pugnaturis

1902 5390 2008 5444 sint
2033 5382 2272 5444 castitas,
2292 5374 2569 5447 patientia,
2592 5369 2887 5434 humilitas,
2909 5379 2963 5425 et
2981 5372 3196 5426 caritas.
3220 5373 3343 5429 llaec
3362 5385 3485 5431 sunt

1903 5491 2054 5534 arma
2103 5473 2361 5528 adversus
2406 5462 2671 5521 vcrsutias
2715 5459 2934 5527 diaboli,
2982 5463 3174 5531 quibus
3220 5465 3266 5520 si
3298 5468 3484 5523 muniti

1905 5568 2136 5632 fueritis,
2160 5560 2450 5631 accingetis
2476 5550 2791 5611 fortitudine
2822 5552 3029 5608 lumbos
3059 5565 3286 5622 vestros,
3313 5569 3366 5613 et
3398 5576 3483 5613 ro-

1912 5663 2171 5729 pervigilis
2200 5654 2476 5716 brachium
2516 5654 2777 5707 vestrum.
2819 5647 3093 5704 Fortitudo
3123 5660 3175 5705 et
3205 5651 3367 5707 dt'Cor
3407 5652 3483 5704 in-
