4048 6186
590 275 697 334 259

591 389 908 445 dementem
939 389 1182 439 vestrum
1205 377 1338 433 erit:
1374 381 1430 430 et
1447 386 1569 428 eum
1595 370 1747 425 eritis
1771 369 1824 422 in
1854 366 2061 438 praelio,
2100 366 2172 419 ri-

1631 251 1984 319 EUSEBIUS,
2027 251 2116 306 DE
2152 249 2386 306 MORTE
2429 244 2826 305 III‘ERONYMI.

3755 245 3861 304 260

2283 373 2340 419 et
2364 374 2419 418 ιιι
2446 364 2686 434 vagando
2713 364 2858 419 mille
2888 361 3062 418 modis
3087 378 3205 418 eam
3235 363 3514 434 illaqueas,
3545 373 3601 419 et
3620 365 3866 436 aliquan-

596 482 816 537 debitis.
845 478 960 534 Non
990 471 1241 530 timebitis
1268 482 1300 521 a
1329 463 1614 536 frigoribus
1633 461 1803 516 nivis:
1833 469 1887 514 et
1911 472 2039 513 vere
2057 457 2178 511 fun—
2278 455 2351 511 do
2378 471 2499 512 eam
2521 461 2690 527 cogis,
2717 465 2775 510 ut
2799 457 2850 511 vi
2874 454 3054 512 faciat.
3085 455 3210 510 llaec
3241 471 3362 510 cum
3394 454 3546 522 facis,
3570 457 3696 526 quia
3723 457 3862 513 Deus

594 574 718 627 data
747 571 850 626 erit
876 567 1066 622 domus
1103 567 1281 615 vestra
1319 570 1482 625 super
1521 553 1728 608 ﬁrmam
1772 560 2004 622 petram,
2051 562 2174 619 qua:

597 664 839 718 Christus
865 665 966 711 est.

663 753 792 807 Car.
837 743 1030 800 XXXI.
1071 741 1231 796 Ensis
1267 738 1486 806 diaboli,
1519 737 1723 792 luxnria
1760 744 1863 791 est.
1898 733 2014 790 Heu
2042 740 2172 802 quot

592 842 680 894 illa
737 833 992 892 interﬁcit
1035 831 1346 901 romphaea?
1375 829 1491 885 Non
1517 837 1600 884 est
1623 826 1837 897 aliquod
1871 833 2168 896 peceatum,

585 947 696 1004 quo
717 929 875 986 toties
900 925 1146 983 diabolus
1173 924 1344 978 victor
1371 922 1586 978 existat.
1637 920 1828 990 Fugite
1858 915 2120 971 luxuriam
2153 931 2168 968 :

587 1039 712 1080 nam
742 1022 882 1078 sicut
929 1018 1208 1090 virginitas
1260 1016 1535 1072 hominem
1585 1023 1763 1084 aquat
1793 1010 2030 1082 Angelis,
2061 1009 2170 1063 imo

591 1116 711 1186 plus
731 1129 854 1171 eum
885 1111 1014 1168 facit
1038 1126 1199 1182 quam
1229 1108 1527 1179 Angelum:
1561 1107 1631 1160 ita
1660 1105 1868 1160 luxuria
1896 1101 2170 1157 hominem

587 1207 706 1276 plus
734 1219 894 1276 quam
922 1202 1208 1268 bestiﬁcat,
1237 1209 1312 1265 et,
1345 1209 1404 1254 ut
1424 1200 1492 1253 ita
1515 1199 1711 1261 dicam,
1736 1195 1905 1250 multo
1935 1194 2171 1264 pejorem

589 1299 760 1354 bestia
787 1313 908 1355 eum
936 1295 1122 1353 efﬁcit.
1159 1295 1232 1350 De
1254 1293 1400 1348 nullo
1428 1291 1537 1346 alio
1559 1297 1778 1361 peccato
1796 1289 1988 1358 legitur
2005 1287 2170 1342 Deum

587 1389 813 1455 dixisse,
857 1403 916 1443 se
959 1387 1220 1458 pmoitere
1263 1384 1457 1440 fecisse
1501 1382 1796 1438 hominem.
1832 1379 1958 1434 Haec
1987 1378 2176 1449 hujus-

588 1479 735 1534 modi
781 1479 906 1534 facit
943 1493 1140 1548 Opera:
1164 1492 1362 1547 corpus
1393 1475 1657 1538 debilitat,
1687 1483 1742 1529 et
1778 1473 1931 1544 quasi
1961 1487 2176 1542 semper

587 1585 710 1625 cum
742 1579 916 1625 morte
935 1569 1185 1633 destruit,
1210 1568 1406 1622 famam
1441 1567 1707 1636 denigrat,
1738 1564 2010 1634 marsupia
2051 1577 2175 1619 eva-

587 1674 734 1732 cuat,
762 1664 902 1718 furta
927 1663 1166 1723 instruit.
1197 1661 1482 1716 homicidia
1511 1668 1716 1722 causat,
1743 1659 2055 1714 memoriam
2083 1657 2178 1712 lie-

589 1757 759 1821 betat,
788 1771 883 1811 cor
911 1755 1107 1821 aufert,
1134 1754 1322 1809 oculos
1350 1753 1629 1822 utriusque
1657 1751 1887 1805 hominis
1915 1757 2102 1815 caecat,
2121 1759 2178 1805 et

591 1865 704 1920 pra:
751 1849 963 1903 eteteris
993 1847 1230 1917 peccatis
1259 1847 1390 1900 iram
1425 1845 1516 1900 Dei
1565 1850 1836 1913 provocat.
1870 1843 1944 1896 Ex
1997 1841 2176 1896 radice

591 1941 730 2010 gtllzc
759 1940 946 1994 oritur.
989 1938 1093 1992 Pro
1143 1938 1290 1992 nullo
1340 1935 1449 1990 alio
1492 1944 1640 1990 reatu
1685 1942 1790 1987 tam
1839 1931 2174 1988 manifestam

593 2032 848 2105 justitiam
879 2030 1121 2085 excreuit
1153 2029 1292 2084 Deus
1320 2029 1435 2082 sine
1466 2025 1858 2091 misericordia,
1888 2041 2046 2094 qttam
2078 2040 2176 2092 pro

594 2124 719 2179 isto.
770 2121 994 2190 Propter
1041 2120 1143 2174 hoc
1191 2135 1420 2189 namque
1467 2126 1742 2188 peccatum
1791 2116 1986 2186 legitur
2037 2116 2176 2172 Deus

595 2212 797 2270 mundo
832 2211 1110 2266 induxisse
1151 2210 1433 2274 diluvium,
1459 2207 1746 2264 Sodomam
1778 2215 1833 2261 et
1856 2205 2172 2262 Gomorram

596 2303 977 2367 combussisse,
1009 2312 1064 2357 et
1108 2302 1308 2356 multos
1352 2300 1488 2354 alios
1533 2297 1776 2352 homines
1819 2297 2173 2352 interemisse.

599 2397 712 2451 lloc
740 2404 852 2450 rete
878 2393 1074 2448 diaboli
1097 2411 1109 2447 :
1132 2393 1177 2448 si
1204 2392 1324 2462 quis
1350 2392 1452 2446 hoc
1479 2390 1710 2460 capitur,
1739 2403 1846 2444 non
1873 2389 1981 2443 cito
2010 2388 2175 2442 solvi-

599 2498 701 2543 tur.
734 2487 790 2542 ln
816 2487 918 2541 isto
945 2496 1117 2540 tamen
1143 2485 1289 2556 gravi
1320 2485 1529 2556 prmlio,
1562 2499 1720 2539 nemo
1743 2492 1915 2552 potest
1937 2483 2175 2548 vincere,

603 2581 706 2635 nisi
735 2580 932 2650 fugiat:
968 2595 1125 2634 nemo
1147 2586 1321 2648 potest
1343 2578 1570 2633 ﬁrmiter
1596 2578 1906 2647 perdurare,
1937 2576 2040 2630 nisi
2066 2591 2180 2630 car-

601 2687 724 2726 nem
744 2671 942 2726 domet.
972 2670 1076 2738 Qui
1105 2671 1228 2725 vino
1251 2670 1438 2737 utitur,
1465 2670 1640 2740 ignem
1665 2678 1842 2741 portat
1868 2669 1918 2722 in
1953 2669 2178 2739 gremio.

600 2761 798 2828 Nolite,
849 2763 1024 2831 inquit
1071 2761 1382 2829 Apostolus,
1432 2761 1668 2814 inebriari
1713 2761 1849 2824 uino,
1881 2760 1936 2814 in
1980 2775 2078 2830 quo
2107 2767 2180 2812 est

600 2851 827 2907 luxuria.
862 2851 974 2905 Hoc
1003 2853 1247 2920 pra‘lium
1278 2865 1384 2905 non
1416 2851 1731 2917 sustinetur,
1765 2849 1868 2904 nisi
1912 2852 1965 2904 in
2015 2849 2182 2906 absti-

601 2942 779 3000 nentia
803 2950 856 2996 et
884 2941 1109 3011 jejunio.
1144 2941 1338 2996 Vinum
1385 2951 1564 3008 nocet,
1606 2939 1702 2996 sed
1728 2942 1902 2994 vultus
1931 2940 2180 3010 eentnple

600 3035 768 3106 magis
796 3033 1102 3089 mulierum.
1145 3033 1339 3088 Mulier
1369 3032 1567 3088 dia’boli
1619 3032 1810 3102 sagitta
1855 3041 1958 3098 est,
1996 3046 2100 3102 qua
2127 3031 2179 3084 in

601 3124 860 3180 luxuriam
898 3123 1061 3178 homo
1089 3124 1198 3180 cito
1230 3122 1478 3179 trahitur.
1512 3121 1699 3178 Nullus
1724 3123 1776 3177 in
1809 3123 1912 3178 hoc
1950 3122 2183 3177 conﬁdat

601 3215 804 3269 vivens.
853 3212 910 3267 Si
949 3223 1170 3270 sanctus
1199 3229 1280 3279 es,
1311 3229 1409 3270 nec
1435 3222 1614 3269 tamen
1639 3228 1867 3269 securus
1888 3227 1970 3268 es.
1998 3212 2184 3269 Mulier

602 3303 698 3359 viri
730 3304 1017 3374 pretiosam
1052 3305 1285 3359 animam
1330 3305 1488 3374 rapit.
1541 3303 1808 3374 Numquid
1851 3303 2185 3358 abscondere

603 3402 779 3463 potest
808 3391 970 3446 homo
999 3394 1174 3463 ignem
1205 3393 1257 3446 in
1296 3394 1415 3448 sinu
1457 3408 1576 3458 suo,
1608 3404 1666 3448 ut
1694 3393 2012 3449 vestimenta
2044 3393 2186 3448 illius

605 3501 711 3543 non
735 3483 992 3538 ardeant?
1009 3491 1100 3537 aut
1115 3483 1393 3538 ambulare
1415 3498 1577 3552 super
1593 3499 1812 3552 prunas,
1835 3494 1892 3539 ut
1909 3501 2012 3540 non
2038 3499 2185 3541 com-

609 3577 871 3632 burantur
895 3572 1088 3643 planta:
1112 3572 1262 3642 ejus?
1291 3571 1459 3627 llomo
1475 3582 1531 3627 et
1545 3573 1755 3640 mulier,
1776 3573 1912 3643 ignis
1932 3583 1986 3630 et
2013 3575 2184 3644 palea.

608 3664 861 3720 Diabolus
907 3677 1177 3733 nunquam
1207 3661 1460 3719 insullare
1499 3672 1694 3729 cessat,
1741 3672 1798 3718 ut
1838 3665 2182 3721 accendatur.

608 3756 776 3826 Ilujus
804 3753 970 3824 pra-lii
999 3769 1267 3824 nunquam
1307 3752 1398 3808 ﬁet
1424 3754 1611 3818 vietor,
1647 3754 1750 3809 nisi
1782 3753 2007 3825 fugiens.
2040 3756 2188 3811 Nun-

607 3863 764 3918 quam
793 3848 908 3902 viro
929 3861 1048 3901 cum
1075 3847 1297 3902 muliere
1323 3849 1428 3901 sint
1451 3845 1606 3916 longa
1631 3845 1919 3915 colloquia.
1958 3846 2084 3902 Sola
2112 3847 2188 3903 si-

609 3939 720 3995 tuul
743 3940 882 4010 loqui
907 3937 1064 3994 faciat
1087 3938 1407 3993 necessitas.
1436 3937 1529 3992 Vir
1551 3937 1791 3993 mulieris
1818 3949 2008 3992 cuncta
2039 3953 2192 4008 sper-

611 4041 704 4088 nat
731 4029 1071 4094 munuscula,
1101 4037 1156 4082 et
1180 4027 1370 4083 blanda
1393 4029 1575 4092 verba,
1603 4028 1648 4084 si
1686 4043 1792 4083 non
1836 4028 1946 4083 vult
1966 4029 2191 4084 luxuria:

611 4122 730 4192 capi
761 4119 982 4191 laqueis.
1011 4118 1177 4173 Tanta
1208 4117 1280 4173 sit
1309 4119 1444 4174 inter
1472 4117 1642 4173 virum
1664 4127 1719 4174 et
1745 4119 2024 4176 mulierem
2051 4121 2191 4175 rari-

609 4223 717 4279 tas,
743 4221 800 4266 ut
828 4212 964 4266 alter
993 4210 1216 4278 alterius
1245 4225 1441 4266 nomen
1472 4211 1692 4268 nesciat.
1721 4211 1942 4268 Plurimi
1963 4214 2193 4268 sanctis-

614 4304 734 4358 simi
759 4303 869 4373 jam
895 4302 1206 4358 ceciderunt
1232 4301 1336 4358 hoc
1363 4303 1512 4367 vitio,
1543 4311 1762 4374 propter
1787 4304 2004 4359 nimiam
2041 4320 2195 4359 seen-

617 4393 853 4448 titatem.
883 4394 1164 4460 Timeatis,
1191 4394 1303 4460 ﬁlii,
1333 4394 1377 4448 si
1409 4395 1460 4448 in
1490 4395 1609 4449 aliis
1635 4395 1869 4465 peccatis
1899 4396 2192 4451 timendum

615 4491 732 4536 est:
764 4481 815 4534 iu
849 4483 950 4536 isto
979 4484 1148 4538 multo
1189 4483 1338 4553 plus;
1380 4483 1475 4538 sed
1508 4500 1634 4540 vere
1663 4485 1871 4540 dicam:
1901 4485 2070 4542 llodic
2097 4486 2198 4541 sub

614 4572 1007 4643 Spiritualitatis
1039 4575 1277 4641 nomine,
1310 4591 1506 4629 novum
1537 4575 1595 4629 ﬁt
1637 4576 2002 4633 fornicationis
2030 4593 2196 4649 genus

615 4679 643 4716 a
678 4663 936 4732 pluribus.
965 4662 1077 4717 lleu
1107 4662 1229 4732 quid
1268 4664 1568 4732 proferam?
1611 4666 1778 4720 llodie
1809 4681 1913 4721 non
1941 4683 2198 4724 verecun-

615 4755 809 4810 dautur
838 4755 1107 4821 homines,
1137 4755 1377 4825 quinimo
1415 4757 1733 4826 gloriantur,
1764 4773 1884 4814 cum
1916 4761 2198 4818 malefecc-

620 4845 746 4901 rint.
779 4845 1038 4916 Aliqualis
1063 4846 1113 4901 in
1144 4845 1456 4902 mulieribus
1483 4848 1622 4918 viget
1650 4851 2198 4924 verecundia,qttam-

615 4952 776 5008 quam
808 4951 1003 5006 parva:
1034 4936 1126 4991 sed
1161 4937 1212 4992 in
1256 4937 1382 4993 \ll'lS
1422 4937 1492 4992 ita
1532 4937 1648 4994 lucc
1675 4941 1846 4996 crevit
1884 4944 2103 5007 malitia,
2145 4955 2198 4999 ut

621 5027 711 5082 ille
740 5035 950 5095 putetur
979 5027 1256 5097 insipiens,
1284 5027 1374 5100 qui
1407 5028 1709 5100 linjustnudi
1741 5032 1934 5089 doctus
1963 5052 2067 5088 non
2093 5045 2196 5091 est.

620 5117 757 5186 Quid
788 5118 971 5186 plura?
995 5118 1119 5174 ιιωε
1145 5135 1237 5173 sua
1264 5130 1348 5176 est
1385 5120 1669 5187 festivitas,
1713 5121 1828 5178 [nec
1854 5125 2028 5179 omnis
2061 5141 2198 5195 pra--

619 5207 837 5264 tliCatio.
867 5206 949 5262 Ob
990 5208 1091 5263 hoc
1133 5208 1470 5280 frequentant
1514 5212 1799 5280 Ecclesias,
1849 5224 1904 5268 ιιι
1953 5217 2203 5271 mulieres

620 5297 856 5362 videant,
889 5307 941 5352 et
971 5313 1151 5353 earum
1193 5310 1410 5357 utantur
1448 5303 1728 5374 colloquiis
1750 5323 1762 5358 :
1788 5318 2050 5376 quatenus
2083 5309 2203 5364 inde

620 5389 844 5442 luxurim
869 5391 1094 5457 amplius
1116 5405 1320 5448 crcseat
1338 5397 1622 5464 appetitus.
1645 5397 1750 5452 Sed
1783 5399 1909 5468 quid
1936 5400 2014 5454 vir
2042 5401 2205 5456 miser

620 5475 872 5546 gloriaris
905 5476 958 5528 in
987 5478 1182 5533 malitia
1217 5483 1347 5538 ista?
1384 5484 1544 5539 Forte
1570 5489 1693 5556 quia
1720 5500 1911 5557 potens
1933 5505 1992 5544 es
2016 5491 2066 5543 in
2098 5491 2206 5544 iiii-

621 5564 865 5632 qnitate?
896 5565 1153 5632 (lentuplo
1194 5571 1310 5636 plus
1351 5589 1560 5641 peccas,
1588 5590 1748 5643 quam
1778 5577 1989 5630 mulier.
2019 5579 2206 5634 Mulier

621 5651 830 5714 mollis,
861 5660 910 5703 el
938 5660 991 5703 tu
1019 5652 1204 5710 fortem
1233 5667 1282 5714 te
1313 5663 1605 5718 existimas.
1633 5663 1723 5720 illa
1756 5664 1809 5719 in
1836 5665 1997 5722 domo
2019 5669 2200 5728 sedet:

2278 557 2449 603 tacet:
2484 556 2537 602 tu
2583 547 2804 618 cogitas,
2854 545 2995 616 quod
3041 546 3110 600 sit
3161 547 3252 601 tibi
3307 545 3519 600 similis.
3547 546 3657 602 Sed
3687 549 3865 603 veniet

2277 647 2490 709 tempus
2517 654 2624 708 quo
2650 648 2840 709 arguet
2861 648 2934 705 te,
2959 646 3014 694 et
3032 647 3229 692 statuet
3249 646 3436 692 contra
3465 637 3658 694 faciem
3691 648 3859 696 tuam.

2276 728 2449 795 Unde,
2483 728 2597 794 ﬁlii,
2621 738 2794 784 estote
2823 728 3112 799 prudentes
3139 729 3277 783 sicut
3309 742 3612 799 serpentes,
3646 742 3702 787 et
3729 734 3860 788 sim-

2274 820 2442 890 plices
2471 820 2610 874 sicut
2635 820 2915 886 columbae,
2964 830 3019 876 et
3058 831 3289 890 pugnate
3316 821 3542 877 viriliter
3566 837 3686 878 cum
3719 825 3864 878 auti-

2274 925 2382 980 quo
2407 919 2678 982 serpente.
2709 911 2828 968 Sint
2849 911 3014 967 lumbi
3037 913 3200 967 vestri
3219 913 3518 989 pra~cincti,
3545 924 3602 970 et
3629 916 3865 972 lucernae

2274 1000 2530 1057 ardentes
2573 1002 2628 1057 in
2670 1003 2919 1058 manibus
2943 1003 3174 1059 vestris:
3204 1011 3261 1059 et
3290 1013 3416 1061 tunc
3443 1005 3666 1062 viriliter
3692 1010 3858 1078 agite,

2275 1102 2330 1148 et
2357 1093 2689 1150 eonfortetur
2707 1111 2802 1150 eor
2827 1105 3100 1152 vestrum:
3124 1099 3376 1168 quoniam
3410 1099 3486 1153 illi
3515 1101 3602 1170 qui
3625 1101 3863 1156 debella-

2276 1183 2404 1239 bant
2430 1201 2545 1250 vos,
2594 1186 2886 1243 timebunt:
2919 1197 2973 1242 et
3011 1188 3062 1242 in
3108 1189 3242 1261 Deo.
3256 1189 3467 1246 facietis
3495 1191 3785 1248 virtutem:
3809 1202 3865 1250 et

2276 1276 2393 1346 ipse
2416 1277 2484 1333 ad
2513 1278 2740 1334 nihilum
2763 1279 2996 1336 deducet
3023 1281 3338 1337 tribulantes
3361 1298 3477 1338 vos.

2347 1368 2475 1424 Car.
2518 1370 2734 1425 XXXII.
2777 1371 3078 1428 Praedilecti
3103 1373 3227 1439 mei,
3255 1373 3460 1444 diligite
3480 1389 3577 1430 vos
3606 1375 3858 1432 invicem.

2275 1461 2392 1517 Non
2423 1463 2566 1517 enim
2597 1464 2780 1533 accepi
2811 1462 2915 1519 hoc
2959 1463 3028 1519 ab
3060 1465 3296 1528 homine,
3345 1465 3440 1522 sed
3483 1481 3514 1520 a
3559 1465 3860 1524 Salvatore.

2280 1551 2394 1608 Hoc
2421 1563 2514 1620 εει,
2540 1553 2727 1624 inquit,
2761 1564 3069 1624 praceplum
3097 1572 3285 1623 meum,
3304 1567 3358 1610 ut
3373 1557 3601 1628 diligatis
3625 1560 3858 1615 invicem.

2278 1643 2334 1698 in
2364 1645 2480 1700 sola
2511 1644 2798 1700 dilectione
2823 1647 3064 1700 omnium
3091 1646 3342 1701 virtutum
3372 1647 3509 1702 bona
3535 1649 3858 1704 consistunt.

2276 1735 2428 1793 Sicut
2471 1753 2535 1792 ex
2577 1752 2680 1791 una
2707 1735 2886 1793 radice
2913 1739 3065 1794 multi
3094 1749 3291 1795 exeunt
3317 1739 3486 1794 rami:
3518 1741 3597 1796 sic
3625 1756 3691 1796 ex
3718 1743 3864 1798 earl-

2280 1837 2386 1883 tate
2411 1843 2602 1884 omnes
2623 1839 2950 1898 generantur
2977 1830 3226 1885 virtutes.
3257 1830 3317 1885 Si
3347 1832 3537 1901 linguis
3574 1833 3864 1901 hominum,

2278 1918 2450 1990 inquit
2474 1919 2782 1989 Apostolus,
2809 1921 3040 1991 loquerer
3061 1931 3109 1976 et
3131 1922 3459 1993 Angelorum,
3483 1924 3530 1978 si
3551 1939 3749 1979 omnem
3771 1926 3866 1979 ha-

2276 2011 2431 2066 buero
2459 2011 2810 2082 Pmplietiam,
2835 2023 2881 2067 et
2902 2029 3086 2068 novere
3110 2015 3350 2084 mysteria
3369 2016 3560 2083 omnia,
3588 2025 3636 2070 et
3663 2031 3866 2071 onmem

2277 2103 2563 2169 scientiam,
2611 2113 2660 2157 et
2703 2104 2747 2158 si
2791 2104 3017 2159 habuero
3044 2121 3244 2159 omnem
3285 2106 3460 2176 fidem,
3489 2107 3560 2160 ita
3584 2117 3639 2160 ut
3667 2119 3866 2162 montes

2278 2195 2604 2265 transferam,
2634 2196 2898 2249 caritatem
2944 2205 3112 2250 autem
3153 2212 3256 2251 non
3309 2197 3540 2265 habeam,
3567 2197 3700 2251 nihil
3724 2214 3863 2252 sum.

2277 2285 2378 2351 Qui
2409 2299 2590 2340 veram
2623 2286 2787 2341 habet
2811 2286 3115 2355 caritatem,
3147 2287 3409 2359 benignus
3435 2297 3518 2343 est
3555 2297 3608 2344 et
3631 2289 3862 2359 patiens.

2277 2374 2373 2430 llle
2398 2390 2580 2430 veram
2606 2375 2768 2431 habet
2782 2377 3084 2441 caritatem,
3110 2377 3201 2447 qui
3229 2393 3334 2432 non
3363 2359 3866 2449 tantum'proxiiuos

2279 2467 2447 2538 diligit
2489 2483 2585 2538 per
2614 2467 2862 2524 affectum
2892 2468 3226 2540 cognationis
3255 2478 3309 2524 et
3339 2470 3538 2534 carnis,
3571 2470 3709 2524 sicut
3736 2469 3866 2525 eth-

2279 2560 2384 2616 nici
2432 2569 2486 2615 et
2531 2561 2796 2631 publicani
2826 2561 3045 2628 faciunt,
3094 2562 3190 2618 sed
3233 2562 3302 2616 ita
3344 2561 3516 2632 diligit
3562 2561 3863 2627 inimicum,

2280 2653 2416 2708 sient
2440 2654 2690 2708 amicum.
2721 2654 2776 2709 ln
2820 2654 2924 2709 hoc
2963 2671 3072 2710 uno
3104 2664 3281 2725 potest
3305 2654 3468 2710 homo
3494 2669 3790 2725 agnoscere
3819 2657 3866 2710 si

2282 2753 2462 2800 manet
2491 2745 2543 2799 in
2568 2746 2814 2812 caritate,
2846 2745 2891 2800 si
2921 2746 2988 2800 ab
3016 2761 3082 2801 eo
3111 2747 3366 2817 diligitur,
3401 2747 3489 2817 qui
3528 2748 3578 2802 ei
3605 2746 3866 2801 adversa-

2269 2843 2389 2890 tur.
2431 2834 2592 2891 Certe
2621 2835 2708 2890 hic
2733 2836 3183 2907 quamplurimum
3205 2837 3736 2894 animadvertendum
3759 2846 3865 2892 est.

2280 2927 2418 2984 Sunt
2447 2927 2824 2998 quamplurimi
2857 2929 2945 2998 qui
2970 2928 3217 2999 diligunt,
3262 2928 3356 2984 sed
3387 2929 3544 2985 male.
3568 2929 3626 2986 ιιι
3657 2938 3867 2984 tantum

2281 3021 2427 3077 enim
2455 3021 2690 3091 aliquem
2717 3021 2963 3091 diligunt,
3006 3029 3064 3076 ut
3103 3022 3445 3078 dilectionem
3491 3021 3584 3078 Dei
3613 3023 3865 3093 perdant.

2281 3112 2382 3182 Qui
2412 3112 2615 3183 aliquid
2639 3127 2798 3183 supra
2820 3113 2984 3169 Deum
3011 3113 3260 3185 diligunt,
3280 3114 3393 3170 Deo
3411 3130 3517 3170 non
3542 3127 3668 3172 sunt
3694 3117 3866 3188 digni.

2285 3204 2341 3258 ln
2370 3205 2580 3259 cunctis
2611 3204 2894 3259 virtutibus
2937 3205 3228 3276 requiritur
3267 3207 3640 3277 temperantia.
3684 3208 3871 3265 Virtus

2283 3313 2500 3369 semper
2526 3299 2636 3354 vult
2657 3299 2910 3354 medium.
2947 3298 3115 3355 Nimis
3133 3298 3360 3370 diligere
3388 3300 3584 3356 malum
3626 3309 3727 3368 est,
3762 3303 3870 3356 mi:-

2285 3407 2386 3448 nus
2407 3393 2632 3462 diligere
2658 3393 2854 3446 malum
2879 3401 2980 3456 est,
3003 3391 3098 3448 sed
3130 3402 3188 3446 ut
3208 3392 3297 3462 jus
3321 3393 3486 3463 exigit
3504 3392 3750 3464 diligere,
3775 3393 3873 3448 bo-

2287 3499 2411 3538 num
2436 3494 2542 3539 est.
2564 3481 2753 3538 Omnis
2773 3483 2992 3539 dilectio
3016 3498 3138 3553 qum
3168 3492 3323 3539 nocet
3351 3481 3562 3538 vitanda
3593 3492 3692 3538 est.
3731 3482 3876 3538 Pro-

2288 3583 2407 3644 pter
2436 3572 2654 3628 nimiam
2698 3572 3042 3629 dilectionem
3071 3575 3234 3644 aliqui
3266 3575 3317 3628 in
3349 3575 3609 3628 luxuriam
3652 3574 3876 3628 cecide-

2288 3675 2446 3730 runt;
2473 3672 2693 3735 propter
2718 3664 3008 3731 modicam,
3048 3665 3211 3735 aliqui
3243 3666 3294 3719 in
3344 3664 3594 3720 invidiam
3633 3663 3880 3720 devene-

2285 3764 2447 3811 runt:
2481 3755 2632 3811 multi
2663 3755 2937 3810 orationes
2977 3763 3033 3810 et
3084 3755 3176 3811 Dei
3219 3755 3476 3826 obsequia
3527 3753 3876 3809 dimiserunt.

2293 3848 2406 3903 lloe
2429 3847 2628 3918 quippe
2652 3847 2764 3918 agit
2790 3845 3092 3917 superﬂuus
3137 3862 3312 3914 amor,
3363 3858 3422 3902 ut
3468 3863 3626 3918 quem
3675 3847 3878 3918 diligit,

2291 3953 2506 4007 semper
2526 3937 2708 3994 videre
2724 3937 2906 3994 vellet.
2929 3938 3136 3994 Nimius
3159 3947 3214 3993 et
3238 3937 3432 3993 stultus
3447 3947 3532 3994 est
3549 3937 3668 3992 talis
3684 3953 3845 3992 amor
3866 3954 3878 3989 :

2294 4031 2502 4100 ignorat
2544 4030 2806 4100 siquidem
2828 4012 3091 4099 justitiam
3119 4038 3172 4084 et
3199 4029 3499 4097 veritatem,
3544 4029 3754 4084 ratione
3787 4044 3883 4083 ea-

2293 4130 2398 4187 ret,
2425 4120 2646 4178 modum
2663 4120 2854 4185 nescit,
2879 4135 3054 4190 neque
3067 4118 3211 4174 aliud
3235 4120 3473 4190 cogitare
3503 4129 3697 4190 potest,
3715 4135 3883 4189 quam

2278 4210 2439 4280 quod
2458 4210 2652 4282 diligit.
2676 4212 2848 4266 Amor
2867 4211 2970 4265 iste
2997 4224 3101 4264 non
3128 4210 3326 4280 accipit
3349 4210 3420 4266 de
3445 4210 3888 4281 impossibilitate

2296 4303 2572 4367 solatium,
2605 4318 2782 4374 neque
2825 4318 2892 4358 ex
2920 4301 3238 4358 difﬁcultate
3269 4302 3588 4359 remedium.
3622 4303 3889 4373 lmpossi-

2279 4393 2404 4460 .,bile
2419 4404 2501 4449 est
2518 4394 2814 4462 hominem,
2832 4395 2923 4465 qui
2942 4396 3098 4450 talem
3115 4393 3276 4450 habet
3298 4409 3560 4463 amorem,
3587 4395 3696 4450 Deo
3721 4409 3892 4464 posse

2299 4485 2656 4555 acceptabiles
2693 4487 2968 4541 orationes
2998 4485 3196 4551 facere,
3223 4495 3315 4541 aut
3343 4486 3574 4555 placere.
3599 4475 3706 4540 me
3727 4499 3894 4542 amor

2301 4594 2406 4632 non
2432 4587 2518 4634 est
2535 4579 2756 4645 caritas,
2781 4577 2876 4633 sed
2902 4579 3146 4633 stultitia.
3165 4578 3366 4633 Omnes
3384 4587 3599 4633 nostros
3623 4577 3893 4634 debemus

2303 4667 2526 4739 diligere
2550 4668 2762 4733 fratres,
2785 4668 2925 4722 sicut
2949 4670 3339 4737 nosmetipsos;
3371 4669 3442 4722 ita
3471 4678 3648 4722 tatncn
3679 4677 3735 4722 ιιι
3756 4668 3892 4722 vitia

2305 4778 2410 4816 non
2441 4759 2752 4830 diligantur.
2782 4758 2982 4814 Punire
3008 4758 3229 4822 malum,
3261 4760 3459 4814 earitas
3485 4767 3600 4824 est;
3633 4758 3750 4828 plus
3771 4775 3898 4814 me-

2303 4851 2493 4905 liorem
2521 4849 2763 4919 diligere,
2791 4848 2992 4918 justtitn
3018 4858 3120 4903 est.
3152 4847 3240 4904 Sic
3263 4848 3516 4919 diligendi
3557 4859 3682 4902 sunt
3709 4850 3901 4903 liouii-

2306 4955 2423 5004 nes,
2449 4948 2507 4994 ut
2533 4939 2746 4995 bonitas
2769 4939 3055 5006 exaltetur,
3088 4948 3142 4995 et
3171 4940 3360 4996 vitium
3383 4940 3716 5010 deturpetur.
3744 4938 3899 4995 Vera

2305 5033 2500 5087 caritas
2525 5033 2712 5103 exigit,
2747 5043 2806 5087 ut
2837 5033 3003 5088 Deum
3049 5032 3336 5103 diligamus
3365 5049 3433 5091 ex
3463 5044 3575 5090 toto
3617 5032 3804 5100 corde,
3839 5047 3900 5090 et

2307 5141 2372 5181 ex
2402 5134 2511 5180 tota
2538 5137 2739 5190 mente,
2770 5134 2828 5181 et
2852 5140 2918 5180 ex
2957 5127 3082 5181 totis
3109 5126 3312 5182 viribus
3339 5128 3558 5193 nostris,
3588 5138 3642 5182 et
3680 5128 3752 5181 ita
3778 5128 3901 5181 sin-

2307 5218 2585 5288 gulariter,
2633 5217 2776 5287 qnod
2819 5233 2940 5273 eum
2976 5219 3088 5275 Deo
3135 5219 3267 5274 nihil
3317 5219 3459 5274 aliud
3503 5219 3812 5289 diligamus,
3843 5230 3904 5274 et

2312 5309 2614 5380 proximum
2637 5318 2878 5365 nostrum
2900 5312 3039 5367 sicut
3064 5327 3179 5367 nos.
3206 5312 3264 5366 In
3295 5312 3411 5366 istis
3435 5311 3644 5367 duobus
3669 5310 3902 5366 manda-

2314 5401 2378 5454 tis
2409 5408 2518 5454 tota
2556 5396 2753 5471 pendet
2784 5401 2894 5467 lex,
2927 5411 2982 5458 et
3012 5402 3316 5472 Prophetm.
3343 5401 3474 5468 Quae
3521 5403 3643 5457 sine
3669 5401 3908 5456 'earitate

2311 5500 2414 5553 est,
2445 5490 2561 5544 sine
2591 5491 2702 5546 Deo
2727 5502 2843 5547 est:
2877 5493 3002 5562 quia
3035 5492 3176 5546 Deus
3218 5493 3419 5547 caritas
3448 5501 3553 5558 est,
3601 5503 3657 5547 et
3697 5493 3909 5546 caritas

2315 5583 2455 5638 Deus
2483 5593 2584 5638 est.
2618 5585 2717 5652 Qui
2747 5594 2928 5638 manet
2958 5585 3009 5638 in
3050 5584 3291 5652 raritate,
3322 5584 3374 5638 in
3403 5583 3542 5639 caelo
3581 5584 3693 5653 jam
3733 5585 3908 5652 cmpit

2315 5675 2576 5732 habitare.
2608 5675 2665 5731 ln
2688 5674 2826 5732 cwlo
2847 5683 2968 5730 nata
2990 5682 3073 5734 est
3103 5674 3299 5730 caritas
3325 5676 3566 5732 annuum
3594 5675 3903 5734 beatorum.
