4048 6186
172 296 257 353 261

175 413 257 468 Ubi
280 411 456 466 caritas
483 424 609 466 vera
636 417 736 473 est,
765 407 836 461 ibi
858 404 1055 460 invidia
1084 404 1225 458 nulla
1253 411 1359 466 est,
1385 403 1455 455 ibi
1479 400 1701 455 ambitio

172 503 291 557 nulla
309 502 664 570 cognoscitur,
698 512 800 552 nec
832 496 1207 558 murmuratio,
1238 508 1339 547 nec
1363 490 1700 553 detrectatio,

173 610 257 648 nec
276 593 457 659 irrisio,
485 592 579 646 sed
613 600 695 645 est
716 589 966 643 omnibus
987 601 1094 641 una
1137 594 1193 640 et
1219 584 1407 639 eadem
1434 583 1697 637 voluntas.

170 683 265 739 Iloc
281 684 470 746 scitote,
491 681 704 743 fratres,
726 680 847 749 quia
864 678 913 733 si
935 692 1039 731 non
1070 676 1277 730 habetis
1294 675 1567 729 caritatem
1589 687 1707 743 ρεμ

170 774 349 838 rectam,
377 774 474 827 sub
496 771 757 825 diabolica
786 778 1051 838 potestate
1070 766 1215 830 estis,
1246 779 1344 819 nec
1365 764 1503 817 ultra
1526 762 1703 818 vobis-

167 879 270 918 cum
298 863 423 917 Deus
444 862 669 926 habitet,
692 868 746 915 et
770 859 857 928 qui
882 859 999 913 sine
1025 856 1134 911 Deo
1162 864 1264 920 est,
1289 855 1342 907 in
1370 852 1576 907 inferno
1601 861 1701 905 est.

225 953 336 1009 CAP.
368 948 606 1007 XXXIII.
666 950 905 1014 Idcirco,
955 944 1391 1017 prtedilectissimi
1436 942 1540 996 mei
1589 942 1701 1004 lilii,

162 1045 323 1100 hortor
349 1060 439 1099 vos
460 1044 587 1098 dum
625 1053 832 1109 tempus
861 1038 1065 1093 habetis
1088 1078 1103 1102 ,
1133 1051 1200 1090 ne
1244 1035 1296 1088 in
1334 1047 1556 1087 vacuum
1585 1045 1705 1100 gnt—

162 1138 271 1190 tiam
315 1136 399 1190 Dei
446 1133 716 1201 recipiatis
747 1150 759 1185 :
788 1132 957 1201 gratia
1012 1130 1105 1184 Dei
1152 1129 1271 1183 data
1311 1135 1395 1181 est
1433 1123 1703 1187 omnibus,

158 1243 240 1295 per
260 1236 475 1281 mortem
506 1224 624 1277 Filii
649 1222 785 1291 ejus.
834 1222 966 1274 Dum
997 1229 1237 1288 tempore
1262 1218 1364 1270 isto
1394 1213 1707 1271 brevissimo

154 1318 387 1379 vivimus,
415 1316 763 1379 seminemus,
789 1311 930 1380 quod
956 1308 1293 1379 postmodum
1324 1321 1424 1361 suo
1468 1314 1708 1373 tempore

149 1420 419 1463 metemus.
464 1406 661 1460 Brevcs
684 1404 798 1458 dies
835 1400 1067 1455 hominis
1092 1408 1237 1454 sunt.
1271 1395 1587 1451 Prwciditur
1619 1407 1711 1446 ve-

149 1501 218 1555 lut
244 1514 273 1551 a
305 1506 520 1551 texente
551 1497 655 1548 vita
687 1503 860 1549 vestra
894 1510 908 1546 :
941 1502 1190 1561 tanquam
1218 1488 1301 1543 fur
1325 1530 1340 1553 ,
1375 1501 1520 1541 mors
1544 1486 1703 1540 venit.

151 1592 269 1646 Cum
295 1594 533 1640 mortuus
561 1584 721 1638 fuerit
751 1586 927 1646 homo,
960 1596 1067 1636 non
1090 1578 1248 1635 simul
1285 1574 1561 1631 descendit
1587 1588 1706 1628 cum

148 1696 209 1735 eo
234 1678 393 1750 gloria
423 1675 615 1728 domus
640 1674 774 1743 ejus.
801 1671 1000 1726 Divites
1028 1669 1081 1723 in
1110 1667 1259 1722 bonis
1281 1666 1521 1734 quamvis
1546 1663 1706 1717 mini-

151 1772 262 1834 mis,
292 1767 487 1822 ducunt
515 1764 630 1818 dies
658 1777 784 1817 suos
812 1802 825 1823 ,
853 1771 909 1815 et
934 1760 986 1813 in
1030 1768 1225 1828 puncto
1252 1756 1319 1809 ad
1351 1754 1552 1808 inferna
1605 1751 1704 1804 de-

150 1860 411 1917 scendunt.
434 1858 606 1926 Opera
627 1853 909 1923 cujuslibet
931 1858 1222 1919 sequuntur
1237 1847 1403 1901 illum.
1422 1845 1703 1899 Perrartun

150 1962 257 2017 est,
284 1960 339 2005 ut
366 1949 629 2009 hominis,
670 1945 823 2015 cujus
854 1956 1066 2011 semper
1108 1938 1247 1993 mala
1292 1937 1387 1989 fuit
1411 1938 1537 1997 vita,
1564 1933 1703 1987 bona

148 2043 212 2095 sit
230 2054 386 2094 mors.
408 2038 529 2093 Sive
548 2036 769 2100 malum,
792 2034 903 2087 sive
924 2031 1142 2093 bonum,
1165 2026 1305 2097 quod
1334 2037 1570 2093 tempore
1601 2024 1705 2077 isto

147 2132 435 2194 fecerimus,
463 2127 594 2182 illud
620 2125 759 2181 idem
793 2134 909 2194 post
940 2122 1097 2175 linem
1124 2119 1310 2174 mortis
1337 2115 1691 2170 inveniemus.

147 2221 255 2274 Non
279 2218 592 2288 exspectetis
642 2232 655 2268 :
699 2215 819 2286 qttia
844 2222 1053 2280 tempus
1081 2208 1219 2262 istud
1248 2206 1573 2276 acceptabile
1600 2215 1703 2257 est.

148 2311 275 2366 Dum
302 2308 475 2365 lucem
516 2306 742 2369 habetis,
773 2320 876 2358 non
915 2300 1199 2356 atnbnletis
1226 2300 1276 2352 in
1308 2298 1560 2353 tenebris.
1604 2298 1704 2364 Qui

145 2402 369 2457 ambulat
413 2402 464 2455 in
506 2399 737 2453 tenebris
781 2395 953 2451 nescit
996 2407 1100 2462 quo
1146 2390 1323 2445 vadat.
1370 2389 1479 2444 Lux
1531 2400 1704 2443 vestra

146 2498 376 2552 Christus
404 2501 506 2559 est,
538 2506 655 2562 qua:
686 2490 835 2543 lucet
862 2488 913 2540 in
946 2483 1199 2548 tenebris,
1227 2490 1284 2537 et
1309 2480 1567 2535 illuminat
1596 2495 1703 2533 om-

143 2603 258 2641 nem
288 2583 554 2638 hominem
580 2579 877 2634 venientem
915 2576 967 2629 in
1000 2574 1140 2627 hunc
1169 2571 1443 2625 mundum.
1477 2569 1542 2625 Ut
1571 2584 1697 2638 ergo

143 2671 233 2724 lilii
262 2668 394 2722 lucis
426 2664 542 2720 sitis
563 2705 578 2730 ,
605 2672 660 2718 et
703 2659 933 2716 tenebrat
960 2672 1055 2712 vos
1082 2672 1185 2710 non
1213 2652 1659 2723 comprehendant
1687 2668 1699 2704 :

141 2762 203 2815 ad
230 2762 405 2830 ipsum
452 2755 769 2811 accedentes
799 2750 1026 2822 lapidem
1064 2749 1239 2802 vivum
1262 2788 1277 2815 ,
1306 2747 1372 2801 ab
1402 2745 1705 2800 hominibus

142 2849 352 2923 quidem
378 2847 742 2917 reprobatum,
766 2859 795 2897 a
828 2844 937 2897 Deo
965 2849 1141 2895 autem
1165 2839 1393 2894 electum
1423 2846 1476 2892 et
1500 2837 1703 2906 gloriti-

143 2956 309 2998 ca'um
345 2959 358 2994 :
384 2949 439 2994 et
470 2938 568 3008 ipsi
598 2946 844 3006 tanquam
877 2930 1080 3001 lapides
1121 2930 1223 2984 vivi
1254 2928 1704 2998 supermdilicabi-

144 3032 264 3086 mini
299 3048 312 3083 :
342 3037 399 3085 et
428 3028 482 3082 in
508 3025 751 3082 omnibus
774 3022 1067 3079 exhibeatis
1088 3022 1438 3088 vosmetipsos
1459 3018 1595 3073 sicut
1613 3017 1706 3072 Dei

141 3122 432 3184 ministros,
453 3118 503 3171 in
532 3118 692 3170 multa
717 3114 987 3184 patientia,
1007 3113 1059 3165 in
1078 3109 1526 3174 tribulationibus,
1544 3110 1596 3162 in
1616 3125 1709 3162 ne-

140 3210 551 3273 cessitatibus,in
569 3205 843 3276 angustiis,
865 3204 917 3257 in
934 3204 1117 3272 plagis,
1139 3201 1191 3254 in
1204 3200 1527 3263 carceribus,
1550 3198 1600 3251 in
1619 3212 1707 3251 se-

141 3299 509 3362 ditionibus,in
532 3295 818 3359 laboribus,
839 3295 890 3346 in
916 3292 1128 3362 vigiliis,
1152 3291 1203 3343 in
1217 3289 1453 3359 jejuniis,
1470 3289 1520 3341 in
1543 3288 1706 3341 casti-

142 3402 258 3455 tate,
278 3394 334 3445 in
360 3388 602 3454 scientia,
628 3386 679 3439 in
708 3382 1126 3454 longanimitate,
1146 3380 1196 3434 in
1214 3378 1492 3441 suavitate,
1519 3378 1568 3432 in
1590 3377 1706 3447 Spi-

141 3485 236 3536 ritu
251 3482 473 3544 Sancto,
502 3480 553 3531 in
583 3477 800 3533 caritate
819 3490 923 3529 non
944 3474 1085 3538 ficta,
1105 3472 1156 3525 in
1187 3470 1350 3525 γει·ὺο
1377 3470 1634 3534 veritatis,
1655 3468 1705 3522 in

142 3574 328 3628 virtute
361 3571 474 3625 Dei.
500 3567 613 3623 Non
642 3569 710 3621 sit
747 3565 887 3619 inter
914 3578 1010 3619 vos
1034 3561 1386 3617 mendacium.
1415 3558 1599 3615 Omnis
1631 3560 1709 3613 vir

140 3664 363 3720 mendax
388 3701 407 3730 ,
450 3657 821 3714 abominabilis
844 3664 927 3709 est
953 3655 1083 3709 Deo.
1113 3652 1211 3707 Est
1235 3652 1374 3707 enim
1407 3651 1549 3705 Deus
1574 3650 1708 3705 veri-

139 3766 233 3823 tas,
288 3764 352 3812 et
401 3751 615 3808 veritati
660 3751 835 3805 obstat
875 3745 1232 3802 mendacium.
1281 3742 1451 3798 Omne
1500 3741 1710 3815 fugiatis

140 3846 353 3901 verbum
399 3843 666 3905 otiosum;
706 3839 774 3894 de
799 3836 1037 3907 quolibet
1063 3835 1205 3889 enim
1250 3833 1411 3888 verbo
1455 3833 1629 3887 otioso
1658 3842 1713 3887 ct

138 3950 265 3990 vano
283 3933 576 3989 reddemus
599 3931 709 3984 Deo
733 3928 1011 3982 rationem.
1047 3923 1323 3980 Silentium
1352 3923 1574 3993 diligite.
1612 3922 1709 3977 Ubi

139 4036 211 4079 est
246 4022 683 4093 multiloquium,
731 4018 804 4072 ibi
847 4019 1154 4086 frequenter
1197 4013 1530 4068 mendacium
1565 4030 1578 4066 :
1623 4013 1711 4067 ubi

138 4116 476 4170 mendacium
508 4124 609 4177 εει,
638 4109 709 4164 ibi
754 4117 1049 4179 peccatum.
1083 4106 1274 4159 Sermo
1312 4103 1511 4158 indicat
1536 4104 1710 4172 qualis

138 4218 210 4262 est
231 4208 423 4263 homo.
456 4203 511 4257 ln
538 4216 632 4257 ore
657 4197 945 4255 sacerdotis
973 4196 1055 4251 vel
1082 4193 1352 4261 monachi,
1378 4194 1581 4247 nullum
1610 4211 1713 4247 un-

138 4314 288 4367 quam
318 4298 393 4352 sit
422 4294 671 4358 verbum,
712 4291 762 4345 in
790 4304 895 4360 quo
925 4303 1029 4342 non
1056 4294 1209 4342 sonet
1238 4284 1435 4340 Christi
1477 4301 1668 4340 nomen
1696 4302 1708 4339 :

134 4404 349 4459 semper
376 4386 609 4442 divinam
652 4381 883 4436 ruminct
921 4379 1113 4448 legem.
1160 4376 1366 4431 Etenim
1400 4377 1487 4445 qui
1517 4378 1568 4431 in
1596 4377 1716 4446 lege

132 4483 347 4537 Domini
400 4479 686 4535 meditatur
714 4474 800 4530 die
842 4491 904 4531 ac
930 4484 1087 4530 nocte
1109 4515 1124 4541 ,
1158 4489 1263 4531 non
1290 4474 1474 4530 abiens
1505 4474 1556 4528 in
1585 4486 1717 4526 con-

130 4578 253 4631 cilio
288 4574 581 4643 impiorum
606 4611 620 4635 ,
650 4583 821 4639 neque
846 4569 899 4623 in
929 4569 1012 4623 via
1042 4578 1191 4624 stans
1215 4578 1553 4639 peccatorum
1574 4609 1589 4634 ,
1615 4569 1716 4623 erit

128 4676 390 4737 tanquam
422 4665 622 4732 lignum
646 4661 933 4729 plantatum
962 4674 1116 4714 secus
1142 4659 1398 4714 decursus
1419 4674 1677 4728 aquarum
1700 4699 1714 4725 ,

122 4758 283 4826 Cujus
315 4756 449 4809 folia
494 4768 599 4807 non
631 4750 895 4816 decident,
926 4750 1021 4806 sed
1049 4750 1195 4804 dabit
1220 4749 1448 4804 fructum
1494 4752 1545 4804 in
1581 4758 1715 4803 tem-

118 4861 259 4916 pore
324 4858 431 4898 suo
472 4861 486 4895 :
524 4852 578 4897 et
617 4842 794 4895 omnia
843 4856 1194 4911 qumcumque
1240 4838 1459 4906 fecerit,
1508 4854 1719 4909 semper

116 4934 624 5006 prosperahuntur.
664 4932 820 4987 Certe
860 4932 931 4985 nil
956 4940 1061 4985 tam
1104 4939 1258 4984 nocet
1312 4931 1532 4997 homini,
1562 4946 1717 5000 quam

116 5028 266 5081 mala
302 5023 572 5080 societas.
610 5024 751 5078 'l‘alis
797 5024 938 5077 enim
983 5021 1212 5077 efficitur
1252 5022 1429 5087 homo,
1486 5022 1718 5092 qualium

112 5119 405 5171 societate
433 5112 642 5166 fruitur.
668 5113 945 5182 Nunquam
989 5128 1108 5167 cum
1148 5127 1287 5182 agno
1312 5113 1467 5182 lupus
1498 5111 1718 5164 habitat.

118 5208 215 5261 V'ir
243 5214 412 5262 certe
440 5211 619 5258 castus
648 5204 899 5259 luxuriosi
922 5205 1230 5259 societatem
1258 5202 1404 5272 fugit.
1438 5200 1721 5271 Plusquam

112 5297 479 5369 impossibile
507 5304 635 5371 puto
659 5337 674 5362 ,
704 5296 875 5350 virum
918 5296 1117 5351 diutius
1145 5297 1195 5347 in
1226 5294 1380 5349 bonis
1408 5308 1725 5364 permanere

114 5392 392 5455 operibus
416 5432 433 5457 ,
464 5390 552 5461 qui
584 5389 847 5443 malorum
875 5387 1086 5442 assidua
1110 5385 1513 5439 conversatione
1538 5385 1723 5437 utitur.

130 5478 256 5536 Cum
309 5490 512 5536 sancto
539 5522 554 5547 ,
587 5478 872 5535 Psalniista
908 5476 1163 5532 vociferat
1186 5515 1201 5542 ,
1234 5483 1449 5529 sanctus
1486 5473 1593 5528 eris
1629 5490 1641 5525 :
1675 5483 1728 5528 et

126 5583 240 5627 cum
289 5575 421 5630 viro
467 5575 776 5633 innocente,
821 5570 1075 5624 innocens
1118 5566 1245 5631 eris,
1292 5574 1346 5621 et
1385 5580 1503 5619 cum
1559 5563 1729 5618 electo

127 5663 335 5722 electus
365 5666 507 5730 eris,
534 5672 590 5719 et
616 5676 741 5717 cum
771 5674 1024 5729 perverso
1052 5656 1396 5730 pervcrtcris.
1418 5654 1560 5713 Sicut
1583 5653 1722 5708 enim

421 5757 484 5823 S.
540 5757 923 5818 HIEBONWI
967 5751 1011 5811 Ι.

1153 288 1500 355 ΕυΞνΕΒΙυὸ,
1543 287 1629 342 DE
1668 285 1899 343 MORTE
1937 285 2334 343 IIIERONYM‘I.

3270 295 3381 351 Μ

1812 399 1947 453 mala
1970 410 2126 455 nocet
2146 400 2504 467 conversatio,
2530 400 2599 456 ita
2629 401 2761 458 bona
2785 405 3015 475 prodest.
3037 408 3176 465 Nihil
3202 419 3377 479 pote~t

1810 490 1933 543 huic
1956 491 2255 559 comparari
2287 489 2556 545 thesauro.
2579 490 2677 558 Qui
2708 491 2898 549 bonam
2922 498 3119 553 invenit
3141 501 3376 554 societa-

1810 590 1935 644 tem,
1962 580 2127 636 vitam
2158 582 2382 644 invenit,
2405 580 2606 636 divitiis
2629 581 2817 638 afﬂuit.
2838 582 2997 640 Certe
3017 602 3140 643 vere
3154 590 3323 644 dicam
3357 608 3370 643 :

1810 671 2037 726 Perraro
2059 671 2223 726 homo
2249 673 2331 727 vel
2359 672 2552 736 bonus,
2581 675 2662 728 vel
2705 675 2878 729 malus
2906 674 3152 741 efﬁcitur,
3182 680 3280 734 nisi
3302 682 3373 734 ob

1807 762 2077 816 Societatis
2099 776 2339 817 causam.
2382 763 2538 818 Pueri
2576 780 2672 825 cor
2701 774 2949 835 tanquam
2983 767 3180 833 tabula,
3205 770 3374 841 inqua

1809 850 1943 904 nihil
1972 850 2167 919 pictum
2210 861 2316 918 est,
2352 852 2466 908 fore
2493 854 2705 909 dicitur.
2740 854 2871 909 Illud
2900 871 3028 925 ergo
3051 858 3193 928 quod
3222 873 3252 913 a
3285 876 3375 915 so-

1807 940 1999 994 cietate
2027 942 2237 1010 recipit,
2262 958 2430 1012 usque
2456 944 2519 997 ad
2554 954 2823 1000 senectam
2868 947 3097 1013 retinet,
3127 949 3239 1003 sive
3284 951 3378 1004 bo-

1811 1044 1938 1082 num
1966 1031 2076 1085 sive
2105 1032 2304 1087 malum
2333 1034 2422 1088 sit.
2451 1034 2596 1089 Raro
2640 1050 2761 1089 cum
2804 1036 3000 1106 juvene
3042 1039 3252 1107 juvenis
3280 1039 3378 1093 ha-

1810 1117 1964 1173 bitet.
2014 1118 2145 1174 Nam
2188 1121 2326 1190 ignis
2366 1124 2410 1177 si
2453 1136 2749 1194 apponatur
2806 1127 2943 1197 igni,
2988 1128 3221 1184 calorem
3274 1147 3380 1186 non

1811 1208 2109 1278 extinguit,
2165 1210 2259 1266 sed
2303 1214 2520 1268 enutrit.
2560 1214 2785 1285 Semper
2828 1218 2907 1271 vir
2945 1233 3105 1288 quem
3152 1219 3383 1276 delectat

1810 1298 2091 1367 sapientia,
2116 1314 2174 1354 se
2200 1301 2389 1371 majori
2429 1313 2585 1359 :etate
2608 1314 2662 1359 ct
2691 1306 2943 1375 sapientia
2974 1309 3148 1365 socius
3168 1311 3379 1364 existat.

1813 1387 2060 1456 Alioquin
2087 1389 2130 1442 si
2153 1389 2254 1443 sibi
2295 1392 2452 1445 simili
2478 1394 2727 1460 societur,
2760 1396 2969 1452 assidua
2998 1400 3253 1455 societate
3276 1442 3291 1467 ,
3314 1403 3382 1455 de

1814 1478 2036 1532 stultitia
2061 1480 2112 1547 in
2139 1480 2412 1535 stultitiam
2438 1483 2721 1540 dilabetur.

1882 1569 2010 1623 Car.
2043 1570 2282 1626 XXXIV.
2311 1577 2449 1631 Ante
2474 1579 2652 1631 omnia
2690 1588 2886 1643 autem,
2920 1582 3012 1636 lilii
3060 1584 3183 1645 mei,
3221 1584 3383 1637 nolite

1806 1656 1989 1725 jurare
2017 1662 2253 1727 omnino,
2286 1678 2457 1733 neque
2486 1681 2583 1735 per
2605 1668 2823 1735 cmlum,
2854 1686 3023 1740 neque
3042 1688 3137 1741 per
3157 1682 3375 1736 terram,

1808 1763 1983 1817 neque
2029 1749 2172 1805 aliud
2222 1753 2593 1825 quodcumque
2644 1758 3027 1827 juramentum.
3076 1764 3155 1818 Sit
3200 1772 3377 1819 autem

1808 1851 1987 1891 sermo
2010 1850 2206 1908 vester,
2233 1852 2333 1908 est,
2384 1857 2468 1899 est
2500 1865 2513 1899 :
2547 1863 2673 1914 non,
2717 1865 2845 1904 tton.
2877 1850 3043 1919 Cujus
3068 1851 3120 1906 in
3148 1867 3243 1907 ore
3271 1853 3379 1907 frc-

1808 1940 1979 1993 qucns
2007 1939 2163 1983 sonat
2196 1931 2557 2001 juramentum
2583 1978 2597 2002 ,
2632 1939 2681 1993 in
2711 1940 2826 2009 ipso
2852 1940 3066 1996 homine
3110 1957 3270 2011 parva
3300 1952 3383 1998 est

1809 2013 1904 2069 Dei
1929 2020 2162 2086 cognitio
2202 2032 2255 2076 et
2278 2022 2514 2080 dilectio.
2539 2026 2597 2081 Si
2630 2043 2735 2083 non
2763 2038 2846 2084 est
2872 2030 3011 2099 quod
3034 2031 3180 2099 juro,
3215 2032 3382 2087 Deum

1810 2119 1931 2161 esse
1960 2124 2112 2178 nego.
2145 2111 2475 2184 Prmceptum
2520 2119 2660 2173 enim
2703 2119 2797 2173 Dei
2841 2121 3123 2189 prohibet,
3153 2122 3337 2177 dicens
3367 2139 3381 2173 :

1812 2192 1926 2248 Non
1966 2202 2251 2255 assumatis
2303 2219 2497 2259 nomen
2554 2208 2644 2262 Dei
2684 2210 2736 2262 in
2789 2225 3001 2264 vanum.
3044 2211 3384 2267 Orationibus

1814 2284 2006 2343 instate
2043 2293 2332 2349 continuis.
2380 2296 2601 2353 Multum
2632 2302 2774 2355 valet
2820 2301 3071 2371 frequens
3113 2304 3286 2359 oratio
3333 2314 3387 2358 et

1813 2377 2022 2434 devota.
2073 2381 2254 2438 Oratio
2298 2385 2565 2443 hominem
2605 2407 2633 2442 a
2668 2400 2804 2446 terra
2834 2393 3107 2459 sublevat,
3139 2393 3205 2448 ad
3231 2395 3389 2451 coale-

1812 2472 1914 2525 stia
1944 2473 2086 2528 vehit
2130 2476 2336 2532 etfacit
2365 2479 2631 2536 hominem
2674 2497 2795 2537 cum
2846 2484 2953 2539 Deo
2977 2485 3142 2555 loqui.
3176 2486 3386 2543 Gratias

1813 2562 1881 2616 ab
1921 2563 2108 2618 eodem
2155 2566 2401 2633 obtinet,
2447 2570 2735 2627 dummodo
2776 2575 2847 2628 sit
2890 2574 3085 2631 devota
3127 2586 3183 2633 et
3220 2580 3383 2634 mixta

1813 2652 2085 2725 lacrymis.
2127 2657 2348 2714 Multum
2403 2662 2547 2717 valet
2586 2667 2757 2719 oratio
2800 2665 3050 2737 frequens
3097 2684 3385 2740 conspersa

1815 2744 2068 2815 lacrymis
2114 2748 2180 2802 ad
2221 2753 2621 2819 promerendam
2652 2753 2885 2809 divinam
2928 2757 3287 2823 clementiam,
3318 2759 3386 2811 ad

1813 2838 2167 2894 exauditionis
2212 2841 2551 2898 benclicium.
2609 2845 2850 2900 Obtinuit
2899 2847 3159 2902 Ezechias
3205 2848 3386 2902 statim

1813 2930 2038 2997 gratiam
2077 2946 2107 2983 a
2142 2931 2370 2987 Domino
2399 2936 2511 2989 suis
2554 2934 2804 3004 Iacrymis
2832 2946 2886 2990 et
2929 2938 3261 2993 orationibus
3284 2979 3300 3004 ,
3330 2948 3390 2993 ut

1814 3030 2045 3074 mutaret
2092 3024 2414 3077 sententiam
2441 3040 2599 3094 quam
2631 3026 2730 3079 sibi
2778 3025 3064 3082 indixerat.
3119 3029 3388 3085 Liberavit

1817 3110 2076 3165 Dominus
2112 3110 2407 3167 Susannam
2451 3129 2481 3169 a
2528 3115 2730 3183 judicio
2756 3116 2887 3173 dira:
2930 3120 3136 3184 mortis,
3173 3130 3389 3192 propter

1815 3201 2107 3257 orationem
2136 3211 2190 3256 et
2217 3203 2498 3275 lacrymas.
2528 3206 2871 3264 Orationibus
2917 3210 3048 3264 Elia:
3075 3213 3271 3267 emlum
3293 3214 3385 3269 de-

1815 3290 1891 3344 dit
1945 3293 2197 3361 pluviam,
2251 3296 2392 3365 quod
2438 3298 2673 3353 clausum
2704 3300 2875 3355 fuerat
2908 3303 3075 3358 tribus
3129 3306 3285 3360 annis
3332 3317 3387 3361 et

1816 3397 1907 3438 Sex
1936 3386 2227 3441 mensibus.
2267 3384 2324 3443 Si
2354 3404 2459 3459 quo
2482 3391 2649 3461 egetis
2674 3432 2687 3455 ,
2718 3393 2909 3463 petatis
2944 3410 2975 3449 a
3009 3396 3231 3452 Domino
3259 3414 3385 3453 ora—

1818 3475 2049 3530 tionibus
2093 3488 2143 3532 ct
2203 3478 2452 3551 lacrymis
2504 3482 2557 3536 in
2607 3483 2709 3538 fide
2752 3484 2823 3539 nil
2882 3485 3202 3544 dubitantes.
3254 3490 3385 3559 Quia

1816 3566 1903 3633 qui
1931 3565 2087 3621 fidem
2116 3568 2292 3633 habet,
2321 3580 2377 3625 ut
2400 3586 2621 3641 granum
2650 3573 2869 3645 sinapis,
2895 3578 3148 3648 quicquid
3172 3582 3386 3649 petierit

1819 3655 1909 3709 liet
1936 3657 2115 3711 statim
2140 3658 2234 3714 illi.
2259 3658 2402 3715 Idem
2444 3661 2697 3717 Dominus
2726 3673 2807 3719 est
2835 3664 2983 3720 dives
3015 3668 3066 3720 in
3095 3669 3340 3725 omnibus
3370 3690 3383 3725 :

1815 3746 1906 3815 qui
1936 3757 2057 3802 tunc
2085 3759 2202 3805 erat
2228 3758 2284 3807 ει
2313 3766 2453 3807 nunc
2492 3761 2593 3806 est.
2618 3752 2753 3821 Spes
2791 3764 2988 3819 vestra,
3016 3758 3266 3826 gaudium
3294 3775 3385 3814 ve-

1814 3850 2005 3910 strum,
2036 3844 2288 3914 cogitatio
2317 3854 2513 3910 vestra,
2539 3854 2767 3900 ctonme
2790 3846 3116 3901 desiderium
3153 3858 3384 3903 vestrum

1816 3933 1886 3988 sit
1910 3949 2124 4004 semper
2150 3935 2309 3991 Deus.
2335 3935 2593 4002 Quoniam
2621 3951 2685 3991 ex
2718 3936 2855 4007 ipso,
2880 3947 2935 3993 et
2964 3938 3014 3993 in
3037 3938 3170 4008 ipso,
3205 3949 3256 3994 et
3286 3955 3387 4011 per

1817 4026 1990 4095 ipsum
2018 4035 2140 4080 sunt
2166 4028 2343 4081 omnia
2366 4067 2381 4093 ,
2411 4026 2465 4081 in
2495 4043 2601 4097 quo
2622 4017 2868 4095 vivimus,
2922 4045 3016 4099 per
3064 4046 3220 4100 quem
3267 4048 3385 4087 mo-

1818 4130 2005 4169 vemur
2051 4122 2107 4168 et
2147 4128 2367 4178 sumus,
2414 4116 2531 4170 sine
2573 4132 2678 4186 quo
2720 4118 2853 4171 nihil
2893 4120 3125 4203 penitus
3180 4135 3383 4177 sumus.

1888 4204 2015 4258 Car.
2048 4202 2267 4257 XXXV.
2289 4203 2428 4269 Jam,
2455 4205 2545 4258 filii
2573 4205 2698 4269 mei,
2732 4222 2839 4260 non
2862 4209 3031 4269 multa
3080 4209 3265 4279 loquar
3290 4227 3386 4264 vo-

1821 4294 2024 4349 biscum
2051 4310 2067 4360 ;
2093 4295 2239 4350 venit
2265 4294 2406 4350 enim
2439 4295 2589 4359 hora,
2621 4295 2687 4349 ad
2717 4312 2874 4365 quam
2922 4307 3076 4354 natus
3107 4314 3244 4355 sum.
3280 4301 3390 4357 llae

1820 4383 2126 4440 conditione
2174 4385 2278 4440 huc
2324 4386 2482 4451 veni,
2528 4397 2584 4439 ut
2629 4388 2852 4442 exirem.
2900 4388 3179 4461 Nunquam
3232 4404 3389 4451 natus

1823 4474 2065 4540 fuissem,
2088 4474 2134 4530 si
2161 4475 2295 4530 mori
2317 4490 2420 4530 non
2439 4475 2762 4532 debuisScm.
2786 4477 2894 4533 Suo
2923 4483 3138 4552 proprio
3161 4500 3262 4540 non
3293 4502 3391 4557 pe-

1824 4566 1992 4637 percit
2024 4568 2279 4623 Dominus
2319 4567 2454 4623 Filio
2487 4568 2618 4624 :sed
2663 4585 2761 4639 pro
2792 4576 2945 4628 nobis
2975 4577 3222 4633 omnibus
3271 4578 3395 4632 fecit

1823 4672 1944 4711 eum
1983 4657 2118 4711 mori
2159 4657 2211 4711 in
2252 4657 2427 4712 crucis
2465 4658 2663 4729 stipite,
2697 4676 2793 4730 per
2817 4664 2967 4733 cujus
2989 4677 3213 4721 mortem
3245 4680 3389 4719 mors

1826 4757 2004 4802 nostra
2032 4758 2237 4801 mortua
2262 4757 2362 4802 est.
2386 4747 2552 4803 Nemo
2572 4750 2715 4805 enim
2745 4763 2983 4808 nostrum
3002 4756 3101 4809 sibi
3134 4754 3277 4816 vivit,
3302 4758 3387 4807 vel

1827 4840 2068 4891 moritur.
2102 4836 2221 4891 Sive
2248 4838 2378 4890 enim
2406 4838 2636 4903 vivimus,
2661 4839 2876 4895 Domino
2906 4844 3131 4907 vivimus,
3156 4843 3257 4895 sive
3285 4858 3394 4895 mo-

1826 4927 2004 4991 rimur,
2038 4928 2254 4980 Domino
2282 4927 2542 4981 morimur.
2585 4930 2706 4984 Sive
2730 4946 2847 5000 ergo
2872 4931 3079 4984 vicimus
3097 4970 3112 4995 ,
3160 4932 3262 4983 sire
3284 4948 3393 4985 mo-

1827 5018 2016 5082 rimur,
2058 5016 2262 5070 Domini
2290 5032 2481 5070 sumus.
2510 5017 2567 5071 ln
2596 5018 2697 5071 hoc
2715 5020 2854 5072 enim
2896 5026 3116 5072 vocatus
3150 5018 3394 5075 Christus

1829 5111 2068 5163 vivorum
2109 5109 2362 5163 Dominus
2404 5118 2456 5160 ct
2505 5119 2852 5162 mortuorum.
2899 5108 2953 5163 Si
2978 5110 3121 5163 enim
3152 5110 3395 5166 Christus

1833 5210 2073 5254 mortuus
2092 5210 2171 5252 est
2186 5200 2354 5265 (certe
2382 5211 2485 5248 non
2514 5207 2595 5249 est
2626 5212 2811 5250 servus
2832 5199 2998 5267 tnajor
3030 5200 3255 5255 Domino
3274 5205 3392 5271 suo)

1832 5291 2030 5346 idcirco
2047 5296 2100 5342 et
2121 5300 2218 5340 nos
2238 5286 2545 5338 moriemur.
2566 5286 2620 5341 Si
2640 5286 2779 5339 enim
2812 5293 3119 5358 resurrexit,
3147 5293 3399 5349 habemus

1834 5394 1980 5449 spem
2030 5376 2385 5432 firmissimam
2417 5376 2556 5442 quod
2606 5384 2661 5429 et
2696 5391 2791 5428 nos
2837 5394 3192 5451 resurgcnins.
3250 5385 3314 5438 Et
3357 5390 3402 5442 si

1835 5470 2075 5524 Christus
2104 5467 2182 5523 sic
2207 5466 2530 5529 resurrexit,
2577 5474 2635 5518 ut
2664 5467 2887 5534 amplius
2914 5487 3016 5526 non
3062 5487 3356 5533 moreretur
3388 5498 3402 5533 ε

1835 5572 1980 5616 certe
2001 5570 2052 5615 et
2075 5574 2172 5614 nos
2213 5566 2331 5626 post
2370 5557 2825 5614 resurrectionem
2874 5573 3105 5619 nostram
3138 5582 3405 5637 nunquam

1841 5652 2149 5717 moriemur,
2176 5647 2267 5705 sed
2290 5661 2499 5718 semper
2520 5665 2639 5705 cum
2685 5649 2798 5719 ipso
2831 5651 2881 5706 in
2919 5654 3087 5722 gloria
3127 5657 3401 5711 stabimus.

2859 5746 3095 5826 (.Venf.)
