4048 6186
645 354 757 414 265

654 468 791 524 Cum
819 464 960 523 enim
991 465 1227 514 mortuus
1261 448 1354 500 fuit
1380 444 1645 505 Christus,
1677 449 1830 493 vetus
1858 435 2018 490 homo
2042 438 2225 524 noster

656 523 819 616 simul
848 559 1083 616 mortuus
1106 553 1208 607 est,
1231 548 1290 592 ut
1312 537 1677 591 destrueretur
1700 540 1896 598 corpus
1921 523 2147 596 peccati,

926 649 1086 694 unum
1115 643 1309 700 corpus
1332 640 1454 681 cum
1483 624 1597 677 illo.
1621 619 1824 674 Idcirco
1857 617 1904 672 si
1936 611 2231 674 resurrexit

659 735 901 791 Christus
922 767 940 792 ,
967 734 1024 781 et
1051 735 1152 778 nos
1178 730 1520 788 resurgemus
1558 725 1679 768 cum
1716 710 1813 764 illo
1851 725 1866 762 :
1895 707 2017 778 quia
2045 716 2231 759 sumus

658 822 897 881 membra
923 816 1062 888 ejus.
1093 812 1150 868 Si
1173 820 1352 866 autem
1377 817 1432 863 et
1469 805 1711 861 Christus
1740 815 1846 855 non
1888 799 2010 870 plus

659 926 766 980 tur,
792 883 972 967 et
1018 904 1288 960 similiter.
1337 900 1454 968 Quo
1492 895 1728 967 quidem,
1761 887 2093 946 dilectissimi
2141 883 2235 938 lilii

659 1005 785 1068 mei,
832 1002 877 1058 si
916 1013 1059 1056 nunc
1093 994 1315 1058 morior,
1346 989 1508 1045 credo
1547 985 1690 1057 quod
1727 981 2053 1050 Redemptor
2080 987 2236 1031 meus

659 1095 808 1160 vivit,
837 1100 891 1148 et
920 1091 973 1145 in
1003 1085 1292 1143 novissimo
1319 1082 1408 1138 die
1436 1081 1504 1135 de
1535 1088 1673 1134 terra
1720 1081 2056 1130 surrecturus
2082 1082 2235 1124 sum:

664 1195 720 1242 et
744 1198 962 1241 rursum
991 1175 1364 1236 circumdabor
1407 1173 1509 1227 hac
1550 1171 1692 1241 pelle
1738 1181 1880 1230 mea,
1929 1173 1986 1219 et
2034 1162 2088 1215 in
2139 1161 2238 1213 ista

667 1277 880 1348 propria
906 1287 1066 1330 carne
1091 1284 1209 1326 mea
1237 1266 1430 1322 videbo
1457 1263 1627 1332 ipsum
1653 1259 1988 1315 Salvatorcm
2037 1271 2050 1304 ε
2082 1262 2241 1348 quem

667 1340 878 1422 visurus
906 1379 1024 1421 sum
1075 1374 1175 1431 ego
1219 1359 1334 1428 ipse
1379 1355 1468 1426 qui
1517 1365 1660 1407 nunc
1708 1350 1918 1418 loquor,
1967 1358 2126 1414 quem
2157 1340 2244 1394 hic

670 1472 809 1511 nunc
828 1453 1048 1511 cernitis
1063 1448 1404 1509 morientem,
1431 1453 1483 1499 et
1515 1457 1620 1497 non
1643 1448 1787 1496 certe
1809 1438 1944 1491 alius
1963 1435 2082 1489 loco
2103 1432 2205 1486 mei
2227 1447 2241 1484 :

669 1561 723 1606 et
754 1547 840 1604 isti
871 1544 1068 1617 proprii
1100 1541 1205 1597 mei
1235 1539 1396 1601 oculi,
1437 1535 1629 1607 quibus
1652 1546 1751 1587 vos
1787 1529 1945 1584 video
1968 1569 1985 1595 ,
2015 1538 2245 1594 conspe-

671 1640 806 1696 cturi
836 1647 983 1694 sunt.
1010 1634 1200 1700 Unde,
1227 1627 1561 1687 dilectissimi
1607 1625 1700 1679 filii
1748 1623 1876 1688 mei,
1906 1619 2083 1674 videte
2107 1631 2246 1686 quo-

675 1729 836 1785 modo
879 1735 1035 1782 caute
1076 1722 1365 1778 ambuletis
1394 1736 1410 1772 :
1441 1733 1546 1772 non
1573 1715 1724 1786 quasi
1770 1712 2086 1782 insipientes
2107 1750 2122 1773 ,
2152 1704 2248 1761 sed

678 1831 734 1874 ut
759 1819 1046 1887 sapientes.
1081 1815 1144 1869 Et
1172 1813 1339 1867 nolite
1364 1807 1657 1866 secundum
1684 1818 1902 1860 carnem
1935 1799 2245 1862 ambulare;

677 1911 799 1981 quia
824 1911 870 1965 si
897 1906 1188 1964 secundum
1215 1917 1430 1960 carnem
1457 1899 1762 1962 ambuletis,
1792 1893 2112 1950 moriemini.
2144 1889 2252 1946 Sed

678 2002 869 2072 spiritu
913 1997 1290 2061 ambulantes,
1341 2003 1398 2048 et
1443 1992 1579 2046 facta
1634 1989 1812 2045 carnis
1853 1986 2254 2048 mortificantes,

679 2107 818 2147 nunc
849 2105 1059 2146 mecum
1088 2087 1353 2143 essultate
1374 2126 1390 2150 ,
1433 2091 1644 2139 cantate
1669 2094 1724 2136 et
1762 2081 1997 2151 psallite.
2033 2077 2258 2146 Abjieite

679 2182 997 2236 vestimenta
1041 2177 1214 2232 luctus
1238 2183 1294 2229 et
1334 2173 1564 2228 tristitia:
1609 2190 1624 2226 :
1660 2171 1904 2241 Spargite
1933 2170 2166 2224 cinerem
2192 2165 2260 2222 de

678 2274 850 2342 capite
877 2279 1081 2325 vestro.
1105 2267 1341 2323 Juhilate
1383 2267 1493 2320 Deo
1518 2305 1535 2331 ,
1566 2263 1827 2334 psalmum
1857 2261 2018 2315 dicite
2058 2258 2262 2313 nomini

681 2366 798 2434 ejus
829 2379 843 2416 :
872 2364 998 2417 date
1043 2361 1268 2432 gloriam
1313 2357 1456 2412 laudi
1499 2356 1642 2426 ejus,
1686 2355 1938 2425 quoniam
1989 2353 2262 2421 hucusque

683 2453 904 2510 transivi
932 2467 1026 2523 per
1057 2453 1232 2520 ignem
1257 2457 1312 2504 et
1334 2462 1548 2517 aquam,
1574 2455 1627 2501 et
1647 2459 1776 2500 ecce
1800 2442 2156 2498 nuncinducit
2178 2455 2264 2496 me

684 2546 738 2599 in
784 2541 1142 2612 refrigerium.
1173 2539 1411 2594 Introibo
1453 2537 1508 2591 in
1538 2536 1757 2591 domum
1781 2533 1988 2589 Domini
2016 2575 2030 2598 ,
2058 2542 2110 2587 et
2139 2529 2264 2586 red-

684 2635 806 2690 dam
837 2643 958 2687 vota
988 2646 1104 2686 mea
1132 2631 1198 2685 de
1230 2629 1318 2685 die
1339 2629 1392 2683 in
1422 2627 1590 2682 diem.

755 2725 885 2780 Car.
915 2721 1158 2777 XXXVI.
1185 2720 1231 2775 Ο
1258 2727 1513 2789 quantum
1563 2716 1768 2771 lucrum
1811 2714 1942 2768 mihi
1975 2723 2054 2768 est
2085 2712 2220 2767 mori
2249 2754 2265 2781 ,

685 2816 939 2886 quoniam
968 2813 1150 2867 vivere
1188 2810 1443 2879 deinceps
1478 2823 1658 2864 meum
1705 2806 1948 2863 Christus
1975 2806 2093 2860 erit.
2129 2804 2269 2860 Ecce

687 2905 958 2960 terrestris
1007 2902 1200 2957 domus
1246 2899 1406 2970 hujus
1454 2897 1800 2953 habitationis
1849 2896 2177 2962 dissolvitur,
2208 2902 2270 2950 ut

685 2996 788 3051 alia
833 2992 1088 3049 succedat
1125 3006 1233 3046 non
1277 2989 1576 3045 manufacta
1601 3031 1617 3056 ,
1663 2987 1918 3044 habitatio
1960 2996 2162 3042 :rtcrna
2216 2987 2270 3042 in

687 3085 858 3143 cmlis.
883 3083 1022 3139 Ecce
1049 3081 1276 3137 mortale
1301 3079 1678 3135 vestimentum
1708 3092 1904 3145 exuor,
1929 3086 1986 3132 ut
2012 3086 2272 3132 aeternum

688 3178 900 3235 induar.
943 3175 1227 3245 ﬂuensque
1256 3159 1625 3244 peregrinatus
1666 3185 1784 3224 sum
1817 3185 1831 3222 :
1857 3169 1968 3240 jam
2010 3169 2176 3225 redeo
2204 3167 2274 3224 ad

690 3269 938 3340 patriam.
973 3265 1112 3320 Ecce
1139 3263 1381 3320 bravium
1404 3262 1558 3332 capio
1584 3301 1600 3326 ,
1636 3274 1732 3331 pro
1757 3275 1863 3330 quo
1890 3262 1943 3315 in
1979 3273 2149 3329 agone
2178 3275 2274 3315 cu-

692 3361 856 3417 curri.
890 3357 1030 3412 Ecce
1081 3363 1293 3425 portum
1333 3353 1560 3422 attingo,
1603 3366 1761 3420 quem
1793 3359 1940 3405 tanto
1975 3349 2277 3405 desideravi

695 3445 983 3506 desiderio.
1017 3443 1158 3499 Ecce
1193 3441 1263 3496 de
1309 3440 1542 3495 tenebris
1571 3439 1639 3494 ad
1678 3439 1848 3494 lucem
1874 3481 1890 3505 ,
1931 3437 1999 3494 de
2027 3438 2279 3510 periculis

696 3536 763 3591 ad
810 3533 1153 3590 securitatem
1177 3570 1192 3595 ,
1225 3530 1292 3585 de
1337 3531 1514 3599 inopia
1546 3529 1613 3584 ad
1639 3528 1872 3594 divitias,
1903 3529 1972 3584 de
2003 3529 2185 3599 praelio
2211 3528 2277 3584 ad

699 3625 998 3689 victoriam,
1023 3623 1092 3678 de
1119 3621 1333 3677 tristitia
1355 3621 1422 3674 ad
1451 3619 1728 3691 gaudium,
1761 3619 1829 3675 de
1860 3621 2139 3690 temporali
2177 3620 2280 3674 vita

701 3719 767 3775 ad
798 3726 1134 3790 perpetuam,
1185 3713 1253 3768 de
1299 3711 1492 3767 fmtore
1533 3711 1600 3766 ad
1647 3711 1867 3766 odorem
1907 3712 2280 3766 suavissimum

704 3809 893 3866 vehor.
927 3807 1027 3862 IIic
1054 3818 1231 3862 caecus
1274 3817 1414 3867 sinu,
1445 3811 1500 3857 ct
1539 3802 1812 3856 illuminor
1840 3817 1854 3855 :
1887 3801 2119 3870 undique
2165 3803 2284 3856 vul-

705 3907 922 3959 iteratus
946 3939 962 3966 ,
987 3905 1042 3954 et
1065 3911 1248 3951 sanor.
1279 3893 1378 3950 Ilic
1416 3908 1630 3962 semper
1658 3893 2006 3947 contristatus
2036 3907 2152 3946 sum
2189 3908 2200 3944 :
2231 3901 2286 3948 et

704 4009 830 4051 ecce
852 3992 964 4063 jam
997 3989 1257 4044 lzetiticor.
1293 3987 1430 4043 Vere
1462 3985 1550 4040 hic
1576 3986 1762 4040 vivens
1792 3994 2032 4038 mortuus
2062 4000 2204 4051 sum,
2232 3995 2286 4040 et

702 4089 813 4159 jam
835 4101 959 4141 vere
978 4084 1238 4139 viviticor.
1251 4081 1367 4136 Vita
1389 4079 1569 4136 mundi
1598 4094 1701 4133 nou
1721 4079 1848 4142 vita,
1868 4078 1960 4133 sed
1981 4092 2124 4132 IIIOI'S
2147 4095 2159 4132 :
2184 4079 2288 4133 vita

711 4175 1001 4242 fallax,vita
1023 4180 1213 4229 onusta
1234 4170 1773 4234 tristitiis,imbecillis
1793 4179 1846 4225 et
1864 4167 2291 4234 mnbratica,vita

711 4268 961 4326 mendax.
982 4264 1134 4322 Nune
1155 4263 1335 4329 flores,
1378 4276 1431 4318 et
1461 4262 1636 4318 statim
1669 4264 1867 4318 arescis
1893 4302 1907 4323 ,
1938 4263 2047 4318 vita
2079 4262 2292 4332 privans

710 4363 817 4416 vita
846 4359 932 4416 cui
964 4359 1078 4420 ines
1098 4397 1112 4421 ,
1143 4356 1250 4410 vita
1281 4353 1499 4423 fragilis,
1546 4353 1653 4406 vita
1697 4361 2068 4408 momentanea
2117 4362 2170 4407 et
2199 4368 2292 4408 ca-

714 4450 849 4504 duca
878 4467 890 4501 :
919 4464 1039 4518 qua:
1069 4455 1267 4518 quanto
1297 4445 1465 4513 magis
1491 4445 1712 4508 crescis,
1743 4454 1890 4500 tanto
1911 4446 2079 4515 magis
2108 4443 2296 4501 decre-

715 4539 842 4594 scis.
891 4538 1022 4591 Cmn
1063 4537 1182 4604 plus
1211 4535 1476 4605 procedis,
1528 4535 1646 4604 plus
1695 4535 1761 4589 ad
1809 4546 2033 4591 mortem
2075 4537 2296 4606 propin-

716 4643 868 4699 quas.
891 4625 936 4682 0
965 4627 1076 4680 vita
1104 4625 1258 4694 plena
1290 4625 1515 4694 laqueis,
1561 4634 1692 4696 quot
1723 4629 1774 4680 in
1808 4628 2007 4682 mundo
2053 4628 2298 4684 homines

716 4721 995 4789 illaqueas,
1034 4723 1167 4785 quot
1193 4728 1285 4784 per
1314 4723 1364 4768 te
1389 4714 1498 4783 jam
1535 4715 1801 4769 sustinent
1833 4725 2094 4772 tormenta
2135 4717 2300 4772 infer-

717 4808 898 4864 nalia?
925 4806 1094 4874 Quam
1125 4804 1311 4860 beatus
1341 4804 1426 4873 qui
1450 4812 1568 4858 tuas
1592 4807 1834 4874 agnoscit
1862 4805 2119 4874 fallacias,
2139 4825 2294 4879 quam

716 4902 925 4959 beatior
945 4899 1034 4970 qui
1071 4896 1140 4953 de
1171 4897 1272 4952 tuis
1307 4911 1410 4951 non
1440 4906 1589 4951 curat
1614 4898 1764 4950 vanis
1791 4897 2064 4954 blanditiis
2096 4918 2108 4954 :
2137 4916 2296 4972 quam

718 4993 1058 5049 beatissimus
1083 4989 1172 5060 qui
1207 4998 1259 5044 te
1289 4989 1426 5044 bene
1471 4989 1706 5058 privatus
1727 4999 1807 5044 est
1833 4991 1846 5044 l
1879 4990 2063 5046 Melior
2090 5002 2172 5048 est
2202 5009 2299 5050 ne-

718 5082 938 5152 gotiatio
965 5081 1154 5136 mortis
1182 5093 1404 5150 argento
1449 5088 1504 5134 et
1551 5095 1702 5144 auro,
1745 5082 1896 5150 primi
1935 5092 1988 5137 et
2032 5067 2301 5152 purissimi

720 5175 836 5243 ejus
871 5172 1092 5227 fruetus.
1135 5170 1182 5226 Ο
1221 5186 1365 5226 mors
1407 5170 1580 5225 dulcis
1618 5180 1674 5226 et
1708 5171 1962 5242 jucunda.
2003 5173 2118 5229 Non
2157 5188 2304 5232 certe

719 5277 888 5327 mors,
920 5277 1040 5332 qua:
1075 5262 1236 5316 vitam
1267 5277 1446 5316 veram
1493 5263 1703 5332 largiris
1724 5303 1738 5326 ,
1771 5279 1890 5333 qua:
1937 5263 2086 5335 fugas
2126 5265 2302 5322 febres

722 5362 776 5409 et
815 5354 1056 5419 vulnera,
1090 5351 1256 5408 fames
1282 5354 1549 5422 extinguis
1586 5363 1641 5408 et
1671 5354 1834 5409 sitim.
1861 5356 1906 5410 0
1933 5370 2080 5411 mors
2114 5357 2305 5427 justis-

723 5443 856 5496 sima
881 5451 937 5496 et
965 5443 1047 5511 pia
1076 5443 1249 5507 bonis,
1281 5452 1335 5497 et
1373 5443 1526 5496 malis
1561 5459 1752 5513 aspera
1782 5462 1795 5497 :
1829 5444 2078 5500 humilias
2116 5463 2305 5517 super-

721 5531 876 5596 bum,
897 5531 1111 5584 divitem
1129 5540 1182 5587 et
1201 5542 1495 5601 potentem,
1525 5544 1582 5588 et
1601 5537 1804 5589 exultas
1827 5537 2105 5592 humilem.
2125 5539 2227 5594 Per
2255 5550 2307 5596 te

724 5633 988 5690 pauperes
1011 5622 1266 5675 satiantur
1293 5638 1412 5676 cum
1438 5638 1653 5678 avarum
1687 5627 2006 5694 projicis.'l‘u
2035 5633 2189 5686 malis
2211 5633 2306 5690 das

726 5707 1078 5782 supplicium,
1099 5710 1320 5779 etjustis
1347 5722 1605 5768 :eternum
1642 5718 1943 5783 praemium.
1968 5720 2122 5790 Veni,
2153 5737 2306 5780 soror

1676 320 2025 384 EUSEBIL'S,
2068 317 2156 372 DE
2194 314 2428 372 MOBTE
2461 311 2867 369 lllERONYMI.

3800 313 3902 370 ἓὸῑ

2333 442 2476 493 mea,
2497 442 2691 496 sponsa
2711 438 2850 488 mea,
2871 423 3043 478 amica
3061 437 3202 487 mea,
3223 423 3420 479 diIecta
3441 441 3579 488 mea,
3599 427 3765 482 indica
3780 434 3902 488 milu

2335 534 2496 590 quem
2515 519 2685 588 diligit
2707 517 2882 570 anima
2913 529 3052 569 mea.
3082 515 3319 571 Ostende
3343 517 3470 571 mibi
3499 517 3589 572 ubi
3617 533 3788 588 pascat
3810 523 3908 575 Do-

2338 610 2518 664 minus
2539 623 2697 664 meus
2720 627 2734 662 :
2755 609 2842 663 ubi
2855 608 3015 662 cubet
3028 606 3279 663 Christus
3295 623 3463 663 meus.
3486 609 3560 664 Ne
3576 609 3808 667 dimittas
3828 632 3910 670 me

2339 700 2571 770 amplius
2591 699 2768 770 vagari
2810 714 2906 768 per
2927 700 3125 752 invium
3157 699 3316 768 hujus
3345 700 3607 756 incolatus
3636 704 3758 756 mei.
3806 705 3910 759 Ex-

2337 806 2499 863 surge
2519 793 2687 863 gloria
2705 807 2843 846 mea.
2871 791 3090 861 Porrige
3108 791 3236 846 mihi
3266 808 3504 858 manum,
3522 795 3671 851 trabe
3693 813 3775 852 me
3799 809 3915 867 post

2341 895 2415 942 te.
2460 887 2719 955 Apertum
2762 894 2846 940 est
2869 900 2964 940 cor
2981 901 3181 950 meum,
3206 895 3265 940 ut
3282 880 3585 958 cisurgam,
3607 899 3662 944 et
3714 902 3834 962 post
3869 903 3916 947 te

2342 993 2555 1035 curram
2581 979 2632 1033 in
2655 979 2820 1034 odore
2845 986 3232 1049 unguentorum
3256 980 3661 1046 tuorum,doncc
3683 984 3915 1038 introdu-

2343 1073 2489 1128 xeris
2517 1086 2603 1125 me
2628 1072 2679 1126 in
2699 1071 2912 1125 cellaria
2930 1070 3120 1124 domus
3139 1070 3348 1125 Domini
3375 1073 3501 1135 mei,
3529 1083 3583 1126 ut
3611 1075 3843 1130 exultem
3870 1086 3918 1132 et

2345 1161 2625 1233 gaudeam,
2643 1177 2762 1216 cum
2779 1161 3047 1232 apparebo
3065 1170 3191 1216 ante
3217 1161 3402 1216 faciem
3429 1175 3598 1217 suam.
3622 1163 3773 1220 Tune
3796 1179 3923 1220 can-

2347 1253 2471 1306 tabo
2496 1260 2552 1306 et
2580 1252 2843 1323 psalmum
2868 1251 3046 1306 dicam
3076 1251 3323 1306 Domino.
3357 1251 3497 1308 Ecce
3541 1263 3594 1308 tu
3625 1254 3842 1323 pulchra
3867 1271 3924 1312 es

2348 1345 2520 1400 amica
2547 1359 2664 1399 mea
2694 1360 2710 1399 :
2748 1344 2858 1414 jam
2887 1343 2995 1398 noli
3046 1345 3244 1398 morari
3290 1345 3535 1415 amplius.
3579 1345 3717 1403 Ecce
3741 1363 3924 1403 omnes

2349 1438 2466 1493 dies
2491 1436 2597 1493 mei
2624 1436 2964 1505 defecerunt,
2996 1445 3049 1492 et
3087 1437 3211 1491 anni
3257 1438 3360 1492 mei
3407 1438 3732 1495 transierunt
3789 1441 3926 1496 chut

2349 1528 2561 1584 umbra.
2591 1527 2918 1584 Convertere
2946 1528 3332 1599 aliquantulum
3360 1543 3522 1597 super
3550 1545 3636 1585 me
3678 1548 3691 1585 :
3719 1531 3841 1601 quia
3877 1541 3927 1588 te

2353 1621 2595 1675 invenire
2631 1619 2886 1685 exultavi,
2909 1628 2964 1674 et
3012 1619 3065 1673 in
3110 1629 3161 1674 te
3207 1619 3500 1676 delectatus
3530 1637 3648 1676 sum
3688 1623 3929 1678 omnibus

2356 1713 2546 1768 diebus
2591 1712 2716 1766 vita:
2755 1726 2910 1766 mem.
2937 1710 3161 1781 Suscipe
3189 1727 3275 1766 me
3297 1754 3312 1778 ,
3341 1727 3462 1765 nam
3490 1727 3610 1767 cum
3654 1716 3930 1784 suscepisti

2357 1803 2640 1858 Dominum
2668 1817 2869 1869 meum,
2891 1816 2977 1856 me
3001 1800 3246 1870 salt'asti,
3272 1817 3356 1856 me
3380 1802 3678 1858 vivificasti.
3699 1803 3817 1858 1am
3849 1820 3930 1859 rc-

2356 1896 2506 1966 spice
2531 1894 2584 1950 in
2610 1910 2696 1950 me
2717 1936 2730 1960 ,
2755 1895 2963 1949 salvum
2994 1910 3079 1950 me
3124 1895 3208 1952 fac
3228 1938 3243 1962 ,
3283 1906 3338 1950 et
3373 1895 3541 1951 libera
3582 1906 3667 1953 me
3694 1898 3764 1953 de
3788 1899 3936 1969 aquis

2359 1986 2564 2052 multis,
2587 1993 2642 2039 et
2665 1984 2733 2040 de
2762 1999 2921 2039 manu
2951 1984 3178 2040 IiIiorum
3207 1986 3529 2041 alienorum.
3556 1987 3700 2043 Erue
3727 1988 3798 2043 de
3819 2004 3933 2044 car-

2361 2089 2488 2131 cere
2506 2075 2736 2129 animam
2769 2093 2783 2130 :
2815 2085 2868 2130 et
2893 2075 3056 2130 reduc
3078 2090 3196 2130 eam
3227 2091 3322 2146 per
3349 2078 3595 2147 gratiam,
3623 2094 3788 2149 quam
3814 2095 3936 2150 epe-

2364 2175 2475 2219 rata
2505 2164 2651 2220 fuisti
2671 2166 3016 2236 suscipiendo
3041 2167 3324 2220 Dominum
3349 2183 3526 2222 meum
3551 2209 3567 2232 ,
3618 2167 3761 2224 unde
3786 2185 3938 2226 exsu-

2364 2256 2467 2311 lavi
2521 2272 2617 2326 per
2668 2257 2900 2326 culpam,
2949 2273 3106 2328 quam
3166 2260 3490 2328 perpetravit
3539 2275 3688 2315 meus
3736 2262 3940 2332 genitor

2366 2346 2558 2402 Adam.
2585 2347 2803 2402 Veniam
2827 2363 2921 2418 per
2945 2357 2996 2402 te
3023 2349 3075 2402 in
3101 2347 3312 2403 hortum
3331 2347 3514 2405 dilecti
3541 2352 3670 2419 mei,
3694 2362 3753 2406 ut
3778 2368 3940 2410 come-

2365 2437 2492 2493 dam
2519 2437 2746 2493 fructum
2775 2451 3056 2507 pomorum
3081 2453 3322 2494 suorum.

2438 2530 2567 2586 CAP.
2595 2529 2860 2586 XXXVII.
2896 2532 3213 2587 Defecernnt
3235 2533 3369 2587 sicut
3396 2532 3572 2589 fumus
3598 2533 3713 2589 dies
3738 2536 3866 2602 mei,
3895 2545 3941 2591 et

2368 2637 2494 2677 caro
2513 2622 2622 2692 jam
2661 2624 2796 2678 sicut
2827 2623 3027 2679 faenum
3073 2626 3231 2678 aruit.
3261 2625 3397 2680 Ecce
3417 2626 3529 2695 jam
3559 2627 3702 2681 venit
3741 2637 3944 2698 tempus

2372 2714 2659 2769 miserendi
2706 2716 2836 2779 mei,
2867 2717 2976 2770 noli
3001 2717 3232 2782 tardare,
3261 2719 3501 2772 accelera
3534 2730 3590 2773 ut
3616 2720 3816 2790 eripias
3843 2737 3942 2786 me,

2373 2806 2496 2874 quia
2519 2820 2701 2860 amore
2720 2806 2967 2876 Iaugueo.
2993 2807 3094 2862 Per
3116 2817 3166 2863 te
3181 2807 3318 2862 bona
3340 2808 3740 2875 mors,fructum
3767 2811 3948 2879 recipi-

2373 2913 2496 2954 mus
2510 2898 2773 2955 bonorum
2796 2915 2914 2971 qua:
2940 2900 3186 2967 facimus,
3201 2903 3574 2972 cognoscimus
3595 2903 3815 2974 prmmia
3838 2918 3946 2973 qum

2375 3005 2672 3061 speramus.
2703 2992 2999 3063 Antequam
3023 2995 3205 3050 venias
3225 3035 3240 3059 ,
3271 2995 3436 3050 Deum
3465 3010 3530 3048 ex
3568 3005 3716 3067 parte
3756 3009 3946 3065 εοεηο-

2377 3082 2576 3137 scimus
2605 3100 2619 3136 :
2651 3081 2776 3138 dum
2804 3085 3037 3151 veneris,
3059 3085 3294 3157 perfecte
3322 3087 3619 3144 videbimus
3644 3104 3778 3145 eum
3807 3088 3949 3144 sicuti

2378 3183 2480 3228 est.
2527 3173 2684 3245 Nigra
2731 3190 2807 3240 es,
2861 3175 2956 3230 sed
3000 3176 3253 3243 formosa,
3295 3179 3513 3248 pulchra
3539 3195 3598 3236 es
3629 3189 3683 3236 et
3739 3181 3949 3248 decora,

2380 3264 2531 3321 favus
2561 3264 2823 3322 distillans
2851 3267 2989 3323 labia
3021 3276 3133 3322 tua.
3167 3269 3446 3326 Terribiﬁs
3471 3285 3530 3326 es
3553 3311 3571 3337 ,
3595 3281 3647 3326 et
3673 3272 3800 3342 quis
3828 3275 3955 3327 resi-

2381 3366 2486 3412 stet
2511 3357 2647 3412 tibi?
2682 3357 2959 3414 Terribilis
2983 3357 3197 3430 quidem
3219 3360 3358 3430 apud
3389 3377 3545 3432 reges
3569 3371 3752 3428 terrm,
3789 3363 3958 3418 auIers

2383 3449 2624 3518 spiritum
2658 3451 2979 3520 principum,
3011 3460 3188 3506 nolam
3223 3451 3353 3506 facis
3385 3453 3682 3510 humilibus
3710 3455 3956 3510 virtutem

2386 3549 2552 3604 tuam,
2580 3548 2636 3594 tu
2677 3539 2969 3611 eoufringis
3013 3555 3214 3597 cornua
3261 3535 3604 3611 peccatorum
3631 3585 3647 3611 ,
3679 3553 3731 3601 et
3763 3545 3961 3601 exaltas

2385 3644 2596 3700 cornua
2640 3629 2934 3700 justorum.
2961 3623 3256 3688 Illuxerunt
3295 3623 3691 3691 ceruscatioues
3723 3643 3832 3691 tua:
3853 3633 3962 3692 orbi

2388 3731 2568 3789 terrae,
2598 3722 2730 3777 vidit
2758 3731 2811 3779 et
2836 3733 3100 3779 commota
3128 3735 3210 3781 est
3241 3735 3404 3784 terra.
3432 3727 3593 3798 Aperi
3619 3725 3776 3791 mihi,
3802 3727 3965 3782 dulcis

2388 3815 2652 3880 soror,‘et
2678 3814 2846 3868 amica
2878 3830 2996 3870 mea
3021 3859 3036 3884 ,
3061 3815 3251 3885 januas
3279 3819 3422 3886 vitze,
3455 3832 3587 3890 quas
3607 3819 3822 3888 aperire
3843 3815 3966 3872 mihi

2390 3905 2679 3977 promisisti
2702 3921 2823 3962 cum
2853 3905 2994 3962 fuisti
3023 3923 3148 3964 cum
3170 3908 3393 3963 Domino
3420 3923 3559 3973 meo,
3594 3919 3651 3962 ut
3670 3908 3788 3978 jam
3821 3909 3889 3963 sit
3917 3908 3965 3962 in

2393 4012 2523 4069 pace
2551 3999 2699 4052 lucus
2738 4013 2913 4064 meus,
2941 4007 2996 4069 ct
3022 3998 3277 4054 habitatio
3307 4015 3422 4055 mea
3454 4000 3503 4054 in
3535 3999 3684 4055 Sion.
3715 3999 3970 4071 Esspolia

2394 4104 2480 4144 me
2505 4090 2603 4144 ista
2634 4090 2842 4145 mortali
2867 4091 3040 4145 tunica
3068 4105 3206 4156 mea,
3225 4106 3385 4162 quam
3407 4091 3540 4156 fero,
3567 4101 3626 4145 ut
3651 4091 3873 4146 induam
3895 4105 3976 4145 me

2394 4181 2727 4236 vestimentis
2751 4181 2968 4237 laetitia.
2994 4182 3182 4237 Anima
3215 4197 3331 4237 mea
3357 4181 3640 4252 liquefacta
3664 4189 3772 4248 est,
3807 4193 3864 4238 ut
3895 4181 3977 4237 iu-

2396 4271 2582 4327 venire
2607 4272 2805 4342 possim
2834 4272 3086 4327 dilectum
3109 4287 3310 4340 meum,
3339 4287 3498 4342 quem
3519 4273 3569 4326 in
3597 4271 3807 4328 mundo
3827 4287 3977 4343 qure-

2399 4363 2521 4430 sivi,
2559 4371 2612 4418 et
2641 4377 2744 4418 non
2774 4363 2971 4419 inveni.
3003 4362 3320 4420 Invenerunt
3348 4378 3436 4419 me
3466 4364 3520 4418 in
3559 4362 3656 4417 hac
3688 4363 3981 4417 solitudine

2399 4453 2672 4520 custodes,
2691 4453 2780 4524 qui
2803 4455 3133 4509 circumeunt
3149 4455 3440 4518 civitatem,
3466 4461 3853 4522 percusserunt
3878 4467 3982 4518 me,

2400 4552 2456 4598 et
2483 4542 2894 4597 vulneraverunt
2921 4559 3024 4610 me,
3046 4555 3099 4599 et
3126 4545 3361 4600 tulerunt
3388 4544 3604 4614 pallium
3649 4558 3834 4599 meum
3888 4558 3984 4598 eu-

2403 4634 2586 4690 studes
2628 4650 2924 4689 murorum.
2971 4634 3261 4690 Percussus
3287 4649 3404 4690 sum
3433 4643 3487 4691 et
3510 4634 3819 4690 humiliatus
3868 4649 3985 4690 sum

2403 4741 2432 4781 a
2475 4740 2605 4780 voce
2635 4725 2897 4779 malorum
2937 4735 2991 4780 et
3019 4725 3286 4780 dolorum.
3321 4726 3453 4780 Tota
3479 4724 3566 4781 die
3590 4723 3990 4794 exprobrabant

2405 4818 2533 4874 mihi
2565 4817 2760 4872 inimici
2791 4817 2891 4871 mei
2924 4835 2936 4870 :
2961 4818 3242 4887 loquentes
3267 4816 3551 4873 adversum
3581 4829 3664 4870 me
3691 4814 3875 4886 lingua
3897 4815 3994 4870 do-

2406 4910 2540 4974 Iosa,
2565 4917 2618 4962 ct
2647 4908 2983 4962 sermonibus
3010 4908 3116 4963 odii
3148 4907 3541 4963 circumdantes
3583 4919 3690 4970 me,
3723 4913 3780 4959 et
3813 4921 3990 4974 expu.

2406 5008 2630 5071 gnatttes
2661 5015 2746 5053 me
2775 5001 2960 5069 gratis,
2980 5007 3268 5068 posuerunt
3297 4999 3576 5054 adversum
3604 5011 3689 5052 me
3716 4995 3860 5051 mala
3896 5010 3995 5066 pro

2407 5090 2654 5154 bnnis,et
2675 5088 2852 5142 odium
2881 5104 2980 5158 pro
3001 5087 3288 5144 dilectione
3327 5103 3464 5144 mea.
3517 5085 3658 5156 Ergo
3678 5085 3816 5157 jam,
3852 5084 3994 5139 bona

2409 5196 2555 5235 mors
2576 5221 2589 5242 ,
2614 5195 2860 5250 propera,
2878 5177 3152 5250 confringe
3177 5193 3582 5244 arcum,cornu,
3615 5185 3853 5240 scutum,
3882 5174 3998 5245 glao

2410 5269 2554 5324 dium
2577 5279 2631 5324 et
2671 5267 2889 5323 bellum.
2929 5267 2984 5324 Si
3030 5269 3257 5323 moraris
3281 5306 3296 5332 ,
3323 5267 3434 5337 jam
3485 5264 3669 5322 deﬁcit
3717 5263 4000 5336 paulisper

2411 5361 2630 5432 spiritus
2648 5373 2797 5414 meus
2821 5370 3038 5430 propter
3049 5357 3442 5412 multitudinem
3453 5355 3700 5412 dolorum
3722 5368 3995 5411 meorum:

2409 5453 2520 5524 jam
2549 5451 2944 5508 consolationes
2977 5460 3080 5506 tum
3101 5447 3373 5506 Iaetiflcent
3400 5448 3633 5504 animam
3656 5462 3863 5505 meam.
3891 5446 4003 5501 Ilo-

2414 5545 2500 5600 die
2524 5560 2708 5600 vocem
2752 5559 2924 5598 meam
2967 5541 3188 5598 audiens
3219 5543 3326 5597 noli
3363 5541 3630 5598 obdurare
3675 5555 3770 5598 eor
3826 5548 4004 5596 tuum.

2414 5626 2638 5704 Quando
2665 5637 2873 5692 veniam
2895 5644 2948 5691 et
2973 5634 3242 5704 apparebo
3259 5643 3382 5688 ante
3404 5633 3595 5689 faciem
3626 5634 3742 5701 Dei,
3776 5640 3839 5686 ut
3855 5630 4008 5686 inha-

2416 5727 2580 5782 bitem
2603 5726 2656 5780 in
2684 5725 2845 5782 domo
2873 5740 2968 5782 sua
2999 5725 3051 5780 in
3072 5723 3457 5795 longitudinem
3478 5723 3731 5782 dierum?
3753 5719 4007 5780 Fuerunt
