4048 6186
540 209 571 221 -ο

136 316 233 373 265

140 429 261 485 mihi
280 428 339 485 iu
364 427 585 486 miseria
603 428 758 499 hujus
782 426 903 483 vitae
930 427 1183 499 Iacryma:
1210 440 1381 496 panes
1412 425 1498 479 die
1520 437 1581 476 ac
1613 436 1708 475 no-

142 531 239 588 cte,
259 518 495 587 labores,
521 519 861 575 contumeliae
887 559 902 585 ,
933 518 1272 583 afﬂictiones,
1306 530 1561 571 mruumze
1582 554 1599 578 ,
1625 513 1704 565 fa-

142 625 270 677 mes,
296 610 435 677 sitis,
471 608 698 680 jejunis,
722 609 920 679 vigilia:
944 650 961 676 ,
991 609 1312 663 tentatioues
1332 649 1347 674 ,
1371 616 1427 662 et
1450 607 1707 677 pestilen-

142 703 243 757 tim.
272 701 407 755 Audi
426 701 661 771 gemitus
690 700 1132 766 vinculati,solve
1145 699 1513 769 colligationes
1538 712 1704 751 meas.

141 793 329 862 Accipe
370 793 536 847 lilium
577 790 669 848 hic
716 790 1022 847 famelicum
1071 793 1124 845 in
1164 791 1386 860 regione
1424 789 1617 852 aliena,
1652 798 1708 843 et

140 883 295 938 redde
325 898 447 938 eum
478 884 613 952 patri
640 897 738 937 suo
789 901 804 938 :
837 883 1050 953 suscipe
1092 883 1357 938 ulceribus
1378 882 1620 952 plenum,
1652 890 1707 935 et

138 974 331 1029 colloca
378 990 501 1029 eum
545 977 597 1029 in
641 976 816 1029 sinum
848 975 1079 1029 Abrahae
1110 972 1453 1029 Patriarchze.
1482 972 1589 1028 Fac
1619 987 1705 1027 me

136 1063 325 1119 intrare
346 1065 408 1120 in
432 1066 650 1120 vincam
682 1066 891 1120 Domini
914 1064 1141 1120 sabaoth
1164 1105 1179 1125 .
1211 1073 1401 1119 utnon
1432 1073 1567 1118 stem
1616 1064 1703 1118 hic

134 1155 347 1211 otiosus.
373 1156 597 1226 SuScipe
614 1170 700 1210 me
720 1155 786 1209 de
808 1171 971 1210 manu
992 1155 1311 1225 iniquitatis,
1340 1162 1397 1209 et
1421 1153 1591 1209 deduc
1621 1169 1707 1207 me

133 1245 177 1299 in
218 1246 390 1300 vitam
435 1256 710 1302 aeternam.
742 1246 892 1301 Educ
939 1261 1027 1301 me
1072 1246 1139 1301 de
1180 1246 1414 1301 tenebris
1440 1255 1493 1300 et
1522 1245 1708 1299 umbra

128 1338 336 1392 mortis.
386 1337 674 1407 Disrumpe
712 1337 921 1391 vincula
946 1379 960 1404 ,
991 1338 1139 1392 solve
1166 1337 1547 1407 compeditum,
1590 1338 1710 1390 illu-

126 1429 267 1482 mina
287 1444 504 1485 uncum
526 1471 545 1493 ,
570 1430 715 1500 erige
758 1431 971 1491 elisum.
1002 1430 1211 1483 custodi
1241 1429 1501 1483 advenam
1528 1437 1581 1482 et
1611 1440 1709 1497 pu—

123 1519 331 1588 pillum.
379 1519 599 1574 Sedenti
631 1521 681 1574 in
735 1520 993 1586 tenebris,
1021 1529 1074 1575 et
1101 1520 1361 1575 habitanti
1392 1519 1443 1574 in
1490 1519 1709 1590 regione

125 1611 325 1665 umbra:
352 1611 564 1675 mortis,
593 1611 819 1665 ostende
862 1611 1042 1666 lumen
1071 1620 1243 1676 tuum,
1286 1611 1528 1664 illumina
1562 1625 1705 1664 nunc

122 1716 225 1765 me,
254 1708 312 1755 ut
342 1715 614 1769 nunquam
641 1700 874 1769 amplius
894 1700 1227 1756 obdormiam
1279 1700 1331 1754 in
1364 1708 1560 1754 morte.

183 1792 318 1847 Car.
361 1789 650 1845 XXXVIII.
707 1791 833 1845 llaec
872 1800 926 1846 et
967 1790 1050 1845 bis
1099 1789 1294 1845 similia
1342 1799 1699 1860 prosequente

123 1884 462 1941 sanctissimo
489 1884 627 1948 viro,
650 1883 890 1937 omnium
920 1883 1207 1937 astantium
1230 1883 1399 1937 crevit
1427 1896 1626 1936 maeror
1649 1891 1703 1936 et

124 1958 334 2031 tristitia
384 1993 399 2030 :
443 1989 546 2031 nec
592 1974 709 2045 quis
751 1981 993 2029 nostrum
1046 1980 1254 2043 poterat
1300 1986 1359 2025 se
1386 1986 1415 2024 a
1448 1971 1702 2042 lacrymis

121 2068 414 2134 continere,
464 2066 560 2123 sed
604 2066 841 2122 omnium
872 2080 975 2121 una
1006 2074 1120 2121 erat
1148 2080 1249 2118 vox
1280 2064 1639 2134 plangentium
1684 2086 1698 2121 :

121 2160 247 2231 quid
276 2160 394 2215 sine
443 2168 495 2215 te
538 2159 827 2225 faciemus,
867 2157 1056 2229 pater?
1098 2170 1205 2226 quo
1252 2156 1574 2225 pergcmus?
1607 2156 1698 2209 Vi-

117 2267 276 2308 neam
301 2250 456 2308 istam
483 2266 547 2305 ex
581 2249 814 2321 Egypto
846 2248 1164 2304 transtulisti
1187 2257 1243 2302 et
1274 2248 1525 2318 plantasti
1554 2263 1696 2314 eam,

116 2344 323 2418 utquid
350 2346 552 2399 avertis
579 2344 767 2399 faciem
806 2353 947 2398 tuam
977 2343 1047 2398 ab
1072 2343 1173 2398 ea?
1198 2342 1258 2397 ln
1288 2342 1488 2396 lumine
1517 2341 1697 2396 vultus

120 2439 188 2493 tui
219 2439 649 2503 ambulabamus,
682 2438 851 2509 gloria
869 2436 1081 2492 virtutis
1110 2444 1309 2491 nostra:
1333 2445 1387 2490 tu
1415 2450 1554 2489 eras.
1582 2434 1698 2489 lleu

118 2531 242 2602 quid
282 2529 400 2585 sine
442 2537 493 2585 te
517 2530 747 2599 amplius
786 2528 1083 2584 faciemus?
1108 2527 1190 2583 Tu
1218 2536 1391 2598 pater,
1424 2533 1480 2581 tu
1508 2524 1701 2580 doctor

117 2632 168 2677 et
196 2620 500 2692 refugium,
529 2630 583 2675 tu
616 2620 892 2691 exemplar
932 2619 1290 2674 innocentiae:
1322 2618 1519 2673 utinam
1547 2616 1703 2670 nobis

118 2725 292 2773 tecum
344 2715 480 2769 mori
536 2712 735 2767 liceat!
772 2710 889 2766 Jam
941 2709 1009 2763 ad
1054 2708 1277 2763 nihilum
1330 2707 1696 2769 deveniemus,

117 2811 249 2865 sicut
278 2824 411 2864 oves
434 2807 635 2863 erimus
662 2803 781 2859 sine
808 2808 1021 2872 pastore
1046 2839 1063 2865 ,
1092 2799 1158 2853 ad
1187 2798 1413 2853 nihilum
1442 2798 1699 2853 devenie-

118 2918 234 2958 mus
258 2903 413 2958 velut
437 2914 569 2970 aqua
600 2897 892 2952 decurrens
923 2912 937 2949 :
976 2908 1081 2947 non
1111 2892 1217 2947 erit
1252 2893 1343 2963 qui
1387 2893 1703 2947 consoletur

120 3013 233 3052 nos.
266 2995 432 3050 Fient
472 2992 566 3047 ﬁlii
606 2990 680 3045 tui
724 2987 971 3059 orphaui.
1026 2996 1079 3040 et
1120 2987 1313 3040 famem
1341 2986 1610 3055 patientur
1638 2994 1700 3038 ut

120 3102 297 3154 canes,
333 3086 729 3141 circumeuntes
752 3079 986 3150 tradique
1013 3087 1068 3134 te
1110 3093 1216 3134 non
1248 3079 1541 3133 invenient.
1585 3076 1699 3131 llcu

120 3191 347 3253 quantus
376 3192 538 3248 super
562 3189 662 3230 nos
686 3172 881 3230 cecidit
912 3172 1069 3243 ignis.
1114 3170 1231 3224 Non
1263 3178 1314 3225 te
1344 3170 1598 3237 deinceps
1620 3168 1699 3219 vi-

121 3277 362 3331 debimus
386 3271 579 3327 solem.
609 3266 965 3338 Congregatio
993 3263 1122 3334 quid
1149 3262 1306 3318 faciet
1329 3261 1563 3316 fidelium
1582 3260 1697 3314 sine

121 3368 203 3422 te?
229 3367 312 3421 'l‘u
343 3361 610 3433 dispersio
633 3359 1011 3415 htereticorum
1062 3369 1183 3410 eras
1220 3370 1235 3406 :
1286 3363 1341 3407 tu
1387 3354 1695 3407 interfector

120 3474 297 3513 eorum
330 3453 508 3527 gladio
530 3452 643 3508 oris
669 3451 743 3505 tui
771 3466 785 3505 :
818 3460 872 3504 tu
909 3462 1093 3503 eorum
1123 3445 1350 3500 malleus
1376 3455 1427 3500 et
1452 3444 1656 3499 securis
1678 3484 1694 3509 ,

118 3560 403 3605 conterens
437 3559 622 3600 eorum
662 3542 852 3598 dentes
874 3540 928 3593 in
950 3552 1051 3593 ore
1095 3537 1329 3607 ipsorum
1354 3578 1369 3599 ,
1399 3536 1569 3592 molas
1595 3537 1699 3591 leo-

119 3657 237 3697 num
261 3638 633 3708 confringens,
667 3644 722 3691 et
750 3633 1019 3688 deducens
1063 3644 1157 3685 eos
1184 3630 1238 3685 in
1266 3639 1481 3700 puteum
1514 3629 1699 3685 interi-

117 3741 216 3787 tus.
240 3728 577 3787 Gaudebant
610 3740 776 3794 nunc,
800 3732 854 3778 et
878 3720 1239 3787 exsultabunt,
1264 3729 1318 3776 et
1340 3719 1699 3775 humiliabnnt

119 3825 370 3895 populum
407 3830 556 3876 tuum
584 3860 599 3883 ,
626 3826 682 3874 et
709 3814 1072 3871 hrrreditatem
1098 3822 1241 3869 tuam
1274 3812 1563 3867 vexabunt.
1594 3811 1695 3867 Ca-

121 3915 324 3986 ptobtmt
346 3914 401 3968 in
432 3912 655 3966 aeriarum
683 3908 826 3975 iusti,
855 3915 901 3961 et
926 3906 1220 3976 sanguinem
1241 3906 1554 3960 innocentem
1578 3921 1699 3958 cou-

118 4006 446 4069 denuurbunt.
475 4000 772 4057 Incendent
792 3997 899 4069 igni
922 3996 1287 4052 sauctuarium
1317 3995 1432 4062 Dei,
1463 4005 1517 4052 et
1544 3996 1692 4051 veri-

120 4103 273 4150 tatem
315 4092 442 4147 lidei
474 4088 808 4146 lacenibunt.

179 4184 309 4239 Cu.
328 4179 582 4237 XXXIX.
614 4177 866 4234 Tuncille
883 4186 1060 4233 motus
1079 4175 1165 4231 his
1180 4175 1377 4242 verbis,
1401 4176 1699 4246 aliquantu-

121 4274 220 4331 lum
240 4276 575 4345 lacrymatus
593 4280 697 4334 est,
715 4278 773 4324 ut
790 4278 931 4324 totus
947 4267 1224 4338 scmperin
1251 4265 1475 4321 Domino
1498 4266 1699 4320 miseri-

118 4367 310 4422 cordia:
328 4363 630 4419 visceribus
644 4359 895 4416 afﬂuebat
917 4376 931 4413 :
950 4372 1351 4427 conversusque
1367 4356 1432 4411 ad
1449 4372 1543 4411 eos
1562 4398 1577 4422 ,
1600 4356 1698 4412 bac

121 4458 194 4511 eis
219 4454 477 4510 ﬂentibus
507 4467 639 4506 voce
660 4449 934 4518 respondit
965 4457 990 4502 τ
1013 4448 1135 4512 Eia,
1164 4446 1291 4502 boni
1323 4447 1519 4500 milites
1544 4446 1700 4501 Chri-

120 4550 202 4611 sti,
230 4544 519 4603 conlidatis
549 4543 603 4597 in
630 4541 883 4607 Domino,
906 4548 960 4595 et
994 4539 1046 4594 in
1066 4539 1298 4609 potentia
1324 4538 1534 4593 virtutis
1560 4538 1695 4607 ejus.

117 4640 285 4696 Nolite
302 4640 519 4701 timere,
540 4633 941 4705 consequemini
961 4648 990 4687 a
1010 4632 1235 4687 Domino
1251 4631 1696 4698 misericordiam,

115 4734 155 4786 si
191 4728 483 4801 sperabitis
517 4727 571 4782 in
612 4740 757 4781 eum.
795 4725 890 4779 Est
924 4725 1068 4779 enim
1112 4724 1225 4792 ipse
1252 4723 1369 4792 pius
1396 4732 1450 4777 et
1490 4722 1719 4799 miseri:

112 4838 233 4877 cors
256 4862 272 4886 ,
301 4829 360 4876 et.
384 4819 589 4874 nullum
615 4816 819 4873 deserit
843 4815 1175 4886 sperantium
1208 4815 1261 4869 in
1303 4829 1382 4870 se.
1412 4814 1543 4883 Quis
1569 4830 1699 4869 con-

111 4916 237 4969 lisus
260 4910 431 4967 estin
453 4908 678 4963 Domino
698 4918 754 4963 et
784 4908 1074 4963 derelictus
1102 4907 1229 4961 est?
1258 4906 1313 4962 Si
1351 4917 1529 4962 autem
1558 4923 1698 4961 nunc

110 5022 201 5060 vos
248 5002 575 5071 derelinquo
595 5044 611 5069 ,
645 5000 902 5056 Dominus
944 5015 1123 5055 nonne
1171 5014 1267 5054 vos
1296 5001 1556 5068 recipiet?
1584 4999 1697 5070 Ipse

106 5101 247 5152 enim
294 5095 477 5165 legem
523 5095 665 5149 vobis
694 5095 988 5149 constituet
1020 5093 1074 5146 in
1106 5091 1187 5145 via
1218 5105 1313 5145 sua
1334 5132 1349 5158 ,
1382 5090 1573 5159 diriget
1601 5106 1697 5143 vos

105 5192 154 5244 in
178 5188 434 5244 semitam
462 5194 685 5251 rectam,
717 5201 774 5241 et
800 5201 907 5239 non
940 5183 1115 5239 tradet
1142 5197 1238 5237 vos
1264 5183 1316 5237 iu
1344 5182 1550 5236 animas
1577 5197 1697 5251 per-

104 5281 446 5351 sequentium
490 5293 606 5333 vos.
638 5277 875 5331 Viriliter
913 5290 1041 5345 ergo
1067 5276 1207 5343 agite
1229 5316 1243 5339 ,
1288 5282 1342 5328 et
1367 5272 1699 5328 confortetur

102 5390 195 5427 cor
216 5382 485 5435 vestrum,
515 5378 571 5424 et
607 5368 871 5423 sustinete
907 5363 1216 5420 Dominum.
1262 5362 1358 5416 Est
1385 5362 1528 5417 enim
1558 5362 1698 5416 Deus

102 5468 151 5520 in
181 5467 329 5523 coelo
356 5467 479 5536 pius
505 5472 561 5519 et
583 5462 917 5525 misericors,
945 5460 1034 5530 qui
1063 5471 1190 5512 suos
1219 5456 1363 5512 mille
1396 5456 1570 5511 modis
1596 5457 1697 5510 srit

99 5560 283 5627 juvarc
306 5556 559 5612 famulos.
591 5553 711 5609 Non
743 5552 985 5606 turbetur
1002 5565 1101 5605 cor
1126 5556 1363 5603 vestrum
1391 5561 1564 5615 neque
1586 5546 1689 5599 for-

101 5647 283 5703 midet.
318 5647 548 5718 Sperate
604 5645 661 5699 in
712 5639 971 5704 Domino,
1014 5649 1067 5694 et
1093 5636 1351 5694 eliundite
1396 5650 1574 5691 coram
1606 5634 1698 5688 illo

99 5739 252 5795 ecrda
278 5748 482 5809 vestra,
523 5736 653 5811 quia
699 5734 817 5805 ipse
848 5730 1056 5801 adjutor
1081 5730 1183 5787 erit
1222 5737 1417 5786 vester.
1448 5726 1504 5785 Si
1552 5726 1694 5784 enim

1170 310 1537 373 'EUSlZBlUS,
1583 308 1667 363 DE
1704 306 1935 362 SIORTE
1977 306 2369 367 IIIERONYML

3284 316 3389 373 266

1813 422 1947 475 abeo
1970 436 2131 488 nunc,
2157 423 2347 477 iterum
2374 438 2459 477 me
2479 423 2745 492 videbitis,
2771 436 2823 483 et
2842 431 3186 499 gaudebimus
3206 434 3387 491 simul.

1812 513 1945 579 Quia
1977 528 2083 567 non
2114 516 2308 569 multos
2336 524 2459 584 post
2483 514 2599 571 dies
2620 532 2726 586 quo
2749 532 2848 587 ego
2873 522 3024 586 vado,
3049 534 3102 580 et
3122 541 3217 580 vos
3248 538 3386 595 pote-

1813 601 1931 656 ritis
1952 604 2135 657 venirc
2176 621 2188 657 :
2219 613 2271 657 ct
2297 605 2385 659 ubi
2416 619 2517 675 ego
2538 619 2651 671 ero,
2678 615 2735 661 et
2780 622 2877 661 vos
2905 610 3056 664 eritis
3080 613 3132 665 in
3160 617 3379 684 gaudio,

1813 692 1953 761 quod
1986 707 2144 748 nemo
2169 694 2320 749 tollet
2342 711 2371 750 a
2399 696 2571 751 vobis.
2601 696 2962 766 Mementote,
2995 700 3084 753 lilii
3108 704 3387 771 cariSsinn,

1809 785 2084 852 quomodo
2113 796 2237 856 post
2283 797 2510 843 mortem
2565 790 2732 861 Moysi
2773 792 2913 846 Deus
2953 792 3113 862 elegit
3152 794 3311 851 Josuc
3343 800 3393 851 in

1811 872 2001 929 ducem
2030 884 2083 930 et
2112 888 2474 947 protectorem
2513 882 2716 952 popqu
2769 898 2866 937 suo
2894 900 2909 936 :
2940 884 2999 939 Et
3029 886 3239 940 elevato
3282 887 3391 941 Elia

1812 978 1910 1034 per
1941 968 2203 1023 turbinem
2231 986 2391 1027 curru
2435 973 2591 1043 igneo
2622 975 2673 1030 in
2721 978 2914 1031 etclam
2938 1019 2950 1041 ,
3004 978 3129 1033 fecit
3159 979 3392 1034 Eliseum

1813 1057 1865 1111 in
1906 1059 2105 1129 popqu
2132 1075 2252 1117 esse
2282 1063 2597 1133 Prophetam
2626 1108 2639 1131 ,
2675 1068 2726 1121 iu
2768 1085 2877 1139 quo
2905 1071 3102 1141 dnplcx
3136 1075 3396 1146 requievit

1815 1150 2034 1218 spiritus
2083 1153 2231 1208 Elite.
2274 1154 2537 1227 Numquid
2577 1173 2720 1214 nunc
2760 1162 3023 1216 exinanita
3071 1174 3155 1222 cst
3209 1183 3398 1222 manus

1817 1242 2076 1298 Domini?
2102 1248 2182 1299 An
2210 1248 2405 1303 oblitus
2443 1259 2525 1304 est
2555 1250 2691 1307 Deus
2722 1252 2988 1318 misereri.
3022 1268 3111 1311 aut
3144 1262 3389 1316 contine-
3444 1236 3453 1271 λ

1815 1332 1891 1388 bit
1919 1335 1970 1388 in
2014 1336 2089 1390 ira
2143 1337 2564 1395 misericordiam
2610 1344 2804 1397 suam?
2839 1344 3091 1401 Dominus
3118 1350 3223 1403 erit
3275 1367 3395 1418 pars

1816 1421 2143 1481 hmreditatis
2169 1437 2362 1484 vestra:
2396 1440 2449 1484 et
2477 1432 2659 1487 calicis
2688 1434 2874 1503 vestri,
2906 1446 2960 1492 ct
2987 1438 3100 1509 ipse
3146 1442 3395 1495 restituet

1816 1516 1969 1572 vobis
2002 1518 2366 1576 hrcreditatem
2398 1533 2653 1578 vestram.

1883 1608 2009 1663 Car.
2039 1610 2149 1666 XL.
2180 1612 2465 1668 Suscilabit
2493 1631 2719 1687 namque
2749 1634 2812 1672 ex
2842 1620 2992 1675 vobis
3021 1623 3180 1677 alium
3214 1635 3394 1692 pasto-

1811 1712 1923 1750 rem
1950 1738 1965 1762 ,
1993 1701 2075 1752 cui
2108 1700 2253 1754 dabit
2284 1703 2498 1756 verbum
2531 1708 2929 1773 evangelizandi
2967 1729 2980 1764 :
3008 1722 3061 1765 et
3098 1713 3187 1766 ille
3214 1714 3391 1784 ingre—

1810 1785 1986 1841 dietur
2014 1788 2129 1843 sine
2160 1791 2387 1857 macula,
2425 1800 2478 1846 ct
2504 1795 2809 1862 operabitur
2834 1798 3116 1867 justitiam.
3151 1801 3219 1855 Et
3262 1818 3391 1871 rogo

1808 1878 1978 1934 Deum
2024 1894 2225 1947 meum,
2268 1882 2359 1953 qui
2399 1882 2586 1939 eduxit
2632 1895 2686 1940 et
2724 1886 2934 1942 reduxit
2962 1905 3049 1944 me
3095 1892 3387 1946 secundum

1810 1970 2138 2044 voluntatem
2185 1985 2335 2028 suam
2361 2015 2378 2041 ,
2409 1982 2468 2028 ut
2507 1974 2551 2031 si
2580 1977 2700 2046 quis
2728 1977 2778 2032 in
2813 1994 2899 2034 me
2945 1979 3041 2034 fuit
3078 1982 3298 2051 spiritus
3324 1985 3391 2038 ad
3478 2038 3481 2039 ν

1806 2060 2167 2117 obediendum
2198 2065 2480 2134 praeceptis
2502 2067 2633 2133 suis,
2666 2069 2808 2139 quod
2833 2070 2883 2125 in
2918 2072 3039 2137 isto,
3063 2088 3219 2142 quem
3242 2075 3393 2131 vobis

1809 2151 2005 2213 mittet.
2057 2155 2328 2222 paracleto
2353 2163 2408 2210 et
2448 2167 2662 2225 pastore
2703 2159 2792 2214 liat
2839 2161 3055 2231 duplex.
3108 2164 3187 2219 En
3220 2166 3390 2220 Euse-

1810 2240 1954 2296 bium
1975 2243 2137 2298 liliuru
2168 2261 2345 2301 meum
2373 2247 2780 2305 dilectissimum
2807 2251 3072 2311 habebitis
3096 2258 3388 2325 vobiscum,

1809 2340 1864 2386 et
1890 2332 2064 2403 ipsum
2107 2342 2357 2406 tanquam
2384 2353 2471 2394 me
2508 2340 2756 2399 audietis.
2797 2342 2914 2413 Ipse
2939 2348 3077 2402 enim
3112 2350 3215 2404 erit
3243 2352 3393 2407 Vobis

1809 2423 1863 2477 in
1907 2432 2111 2492 patrem
2140 2467 2155 2492 ,
2182 2435 2236 2481 ct
2265 2443 2356 2483 vos
2390 2431 2438 2485 ei
2470 2440 2719 2503 tanquam
2750 2435 2841 2490 filii
2872 2437 3131 2495 obedietis
3159 2440 3209 2496 in
3253 2445 3392 2500 cari-

1810 2522 1917 2569 tate
1940 2555 1955 2581 ,
1976 2528 2099 2570 cum
2126 2518 2270 2572 omni
2312 2518 2605 2578 humilitate
2634 2533 2687 2579 et
2717 2529 3155 2597 mansuetudine,
3177 2543 3390 2590 etcum

1806 2608 1950 2662 omni
1980 2609 2248 2678 patientia.
2280 2609 2335 2665 Si
2362 2615 2488 2685 quid
2510 2616 2659 2673 vobis
2680 2617 2839 2675 fuerit
2869 2625 3217 2692 necessitatis,
3246 2628 3388 2684 refe-

1806 2700 1937 2755 retis
1962 2702 2029 2756 ad
2060 2719 2202 2759 eum.
2245 2706 2485 2763 Obsecro
2525 2726 2619 2765 vos
2663 2720 2721 2766 ut
2758 2713 2971 2769 solliciti
3011 2715 3128 2771 sitis
3174 2732 3391 2775 seri-are

1809 2792 2065 2849 unitatem
2112 2797 2333 2867 spiritus
2364 2800 2414 2854 in
2455 2801 2665 2858 vinculo
2696 2804 2862 2874 pacis.
2903 2805 3078 2861 Unum
3115 2823 3309 2879 corpus
3335 2821 3391 2865 et

1808 2896 1945 2937 unus
1971 2886 2186 2954 spiritus
2213 2890 2350 2955 sitis,
2374 2891 2509 2946 sicut
2533 2894 2707 2947 vocati
2730 2896 2861 2948 estis
2903 2896 2954 2949 in
2981 2912 3081 2949 una
3104 2912 3199 2966 spe
3227 2915 3387 2953 voca-

1808 2973 1968 3031 tionis
1997 2987 2206 3035 vestrze.
2233 2980 2380 3036 Unus
2416 2991 2500 3037 est
2526 2984 2663 3037 Deus
2691 2992 2745 3038 et
2774 2994 2923 3053 pater
2957 2988 3193 3042 omnium
3233 2991 3388 3047 Jesus

1808 3061 2049 3119 Christus
2076 3084 2091 3119 :
2116 3069 2203 3120 cui
2228 3070 2323 3123 soli
2355 3070 2407 3123 in
2453 3086 2553 3124 una
2600 3072 2758 3126 simul
2789 3074 3026 3129 viventes
3056 3076 3389 3137 fraternitate

1809 3154 2018 3223 placere
2038 3158 2287 3226 cupiatis.
2317 3160 2456 3229 Ergo
2478 3162 2592 3231 ejus
2621 3171 2792 3219 estote
2822 3167 3115 3224 imitatores
3133 3170 3267 3225 sicut
3294 3173 3387 3228 ﬁlii

1806 3248 2090 3315 carissimi,
2143 3259 2197 3305 et
2243 3252 2511 3308 ambulate
2555 3255 2607 3309 in
2655 3256 2977 3325 dilectione,
3023 3263 3161 3318 sicut
3189 3274 3243 3319 et
3273 3265 3386 3334 ipse

1809 3342 1995 3397 dilexit
2022 3359 2134 3408 vos,
2162 3353 2217 3399 et
2241 3346 2454 3401 tradidit
2482 3352 2828 3422 semetipsum
2864 3371 2959 3426 pro
2990 3359 3142 3415 vobis
3162 3402 3177 3428 ,
3208 3372 3264 3417 ut
3286 3380 3381 3419 vos

1808 3431 2112 3498 redimeret,
2143 3446 2197 3490 et
2220 3435 2419 3493 faceret
2450 3454 2543 3495 vos
2566 3442 2665 3498 sibi
2712 3447 3066 3516 acceptabiles
3092 3461 3384 3510 sectatores

1808 3526 2069 3581 bonorum
2107 3544 2347 3598 operum.
2392 3530 2686 3605 Unicuique
2714 3547 2949 3595 vestrum
2982 3542 3073 3598 det
3117 3544 3229 3615 ipse
3258 3561 3381 3617 gra-

1807 3619 1933 3674 tiam
1961 3622 2252 3678 secundum
2275 3639 2582 3681 mensuram
2609 3628 2913 3688 donationis
2932 3648 3065 3690 su;e.
3098 3637 3194 3693 Det
3224 3642 3374 3697 vobis

1804 3709 1873 3766 de
1894 3726 2017 3766 rore
2054 3712 2283 3784 Spiritus
2328 3715 2508 3773 Sancti
2556 3720 2787 3789 abunde,
2822 3732 2878 3777 ut
2916 3724 3155 3783 habeatis
3196 3746 3291 3786 cor
3317 3735 3383 3789 ad

1804 3801 2089 3858 colendum
2118 3819 2263 3860 eum.
2312 3806 2600 3878 Adaperiat
2627 3825 2720 3864 cor
2761 3823 2995 3869 vestrum
3027 3818 3076 3870 in
3118 3820 3235 3889 lege
3262 3837 3377 3891 sua,

1804 3901 1859 3946 et
1885 3891 1938 3947 in
1967 3896 2249 3965 praeceptis
2286 3897 2416 3958 suis.
2450 3906 2506 3950 ut
2530 3902 2860 3968 cognoscatis
2889 3917 3010 3957 eum
3037 3945 3052 3971 ,
3098 3917 3153 3962 et
3182 3910 3384 3969 faciatis

1804 3984 1920 4055 ejus
1948 3986 2295 4053 voluntatem,
2323 4002 2420 4043 nec
2445 4002 2539 4042 vos
2570 4004 2800 4059 unquam
2824 3990 3057 4049 deserat.

1875 4076 2004 4131 CAP.
2034 4075 2169 4131 XLI.
2199 4076 2278 4131 Tu
2308 4088 2505 4144 autem,
2532 4079 2603 4134 mi
2628 4079 2697 4135 fili
2730 4080 2947 4149 Eusebi,
2975 4100 3259 4161 consurge,
3295 4094 3380 4149 iu-

1804 4167 1972 4222 duere
2019 4165 2402 4232 fortitudinem,
2448 4184 2662 4239 semper
2700 4173 2942 4230 subditus
2984 4189 3101 4234 esto
3129 4180 3373 4250 Domino.

1806 4272 1907 4313 nec
1956 4256 2228 4312 aemuleris
2261 4272 2405 4325 eum,
2451 4268 2507 4313 ut
2550 4262 2797 4331 nequiter
2842 4264 3024 4320 facias.
3076 4268 3231 4325 Salus
3294 4284 3378 4328 tua

1806 4352 1947 4406 Deus
1974 4351 2027 4406 in
2048 4351 2429 4420 sempiternum
2452 4353 2572 4419 erit,
2593 4363 2647 4408 et
2661 4353 2865 4424 justitia
2892 4364 2977 4411 tua
3001 4375 3105 4415 non
3131 4361 3345 4421 deﬁciat
3368 4386 3381 4421 ε

1808 4444 2060 4499 humilior
2088 4444 2161 4499 sis
2198 4443 2443 4499 omnibus
2477 4461 2490 4499 :
2535 4445 2648 4500 leva
2680 4447 2732 4502 in
2779 4448 2975 4504 cmlum
3006 4454 3193 4510 oculos
3236 4465 3375 4523 tuos.

1808 4538 1892 4593 lex
1924 4538 2017 4592 Dei
2044 4552 2258 4607 semper
2286 4537 2349 4591 sit
2383 4536 2434 4591 in
2462 4537 2623 4593 corde
2651 4548 2760 4594 tuo.
2790 4539 2907 4597 Noli
2954 4542 3143 4602 timere
3181 4564 3381 4621 oppro-

1809 4630 1981 4685 brium
2030 4630 2324 4695 hominum,
2354 4636 2407 4685 et
2451 4629 2807 4702 blasphemias
2830 4649 3017 4691 eorum
3048 4654 3114 4694 ne
3145 4650 3370 4706 metuas,

1807 4720 1864 4776 Si
1890 4718 2129 4790 sperabis
2159 4720 2213 4774 in
2240 4718 2485 4787 Domino,
2513 4736 2755 4779 assumes
2794 4723 3179 4792 fortitudinem,
3211 4738 3268 4783 et
3289 4746 3375 4785 vc-

1808 4816 1957 4871 nient
1986 4817 2078 4871 tibi
2110 4831 2296 4886 penna:
2328 4825 2387 4871 ut
2410 4819 2599 4887 aquilae
2620 4861 2634 4885 ,
2679 4829 2733 4873 et
2760 4821 2963 4876 volabis
2986 4862 3001 4886 .
3030 4831 3084 4875 et
3110 4836 3213 4875 non
3247 4822 3381 4878 deli-

1807 4907 1939 4961 cies.
1964 4906 2221 4962 Universa
2252 4906 2383 4975 legis
2414 4906 2619 4963 Domini
2638 4924 2826 4963 secure
2846 4909 3080 4977 loqueris
3109 4910 3377 4964 omnibus.

1807 4995 1885 5050 Ne
1911 4996 2099 5051 timeas
2127 5010 2157 5048 a
2188 4994 2319 5048 facie
2356 4994 2628 5050 hominum
2652 5037 2667 5061 ,
2698 4997 2819 5065 quia
2864 5010 2983 5049 cum
3031 4995 3137 5050 illis
3170 5012 3384 5069 semper

1807 5096 1887 5141 est
1931 5086 2187 5139 Dominus
2231 5098 2351 5137 cum
2388 5085 2579 5152 quibus
2614 5093 2696 5139 est
2736 5086 2952 5150 veritas,
3001 5084 3384 5159 descenditque

1807 5195 1929 5234 cum
1955 5179 2061 5233 illis
2078 5178 2129 5230 in
2156 5176 2390 5239 foveam,
2418 5186 2469 5229 et
2500 5177 2552 5228 in
2580 5176 2801 5229 vinculis
2823 5192 2930 5231 non
2952 5177 3236 5251 dereliquit
3264 5197 3379 5249 eos,

1808 5270 1900 5326 sed
1930 5284 1959 5323 a
1988 5267 2359 5324 scductoribus
2387 5275 2587 5321 tutatur
2609 5281 2723 5329 eos,
2756 5275 2917 5323 etest
2946 5270 3049 5325 illis
3088 5272 3301 5341 adjutor
3331 5287 3388 5329 et

1809 5371 2078 5433 protector
2106 5360 2157 5413 in
2187 5367 2428 5428 tempore
2472 5359 2849 5415 tribulationis.
2898 5361 3054 5418 Certe
3092 5379 3196 5420 non
3227 5365 3385 5421 facile

1808 5455 1957 5508 timet
2012 5458 2237 5507 mortem
2281 5450 2439 5516 banc,
2485 5450 2592 5506 imo
2642 5458 2699 5504 ut
2740 5451 2858 5521 plus
2908 5452 3048 5522 dico,
3091 5455 3203 5511 odit
3247 5456 3382 5513 hanc

1809 5546 1967 5598 vitam
1996 5584 2011 5607 ,
2052 5540 2141 5611 qui
2169 5554 2228 5594 se
2270 5538 2408 5594 bene
2437 5554 2596 5611 agere
2622 5541 2813 5595 cernit.
2846 5542 2986 5601 Ecce
3039 5547 3304 5603 constituo
3332 5558 3383 5603 te

1806 5651 1969 5706 super
1995 5631 2306 5690 societatem
2338 5629 2517 5711 istam,
2550 5639 2608 5686 ut
2641 5631 2860 5701 evellas,
2911 5644 2966 5691 et
3007 5636 3256 5693 destruas
3278 5680 3295 5705 ,
3327 5649 3382 5694 et
3478 5700 3481 5703 ι

1806 5726 2051 5799 dissipes,
2077 5732 2130 5783 et
2151 5720 2447 5797 disperdas,
2483 5724 2806 5794 rcmdillces,
2827 5735 2879 5783 ct
2910 5728 3134 5798 plantes.
3159 5730 3380 5800 Oportet
