4048 6186
670 292 773 352 267

677 413 728 460 lc
773 400 913 458 enim
964 411 1081 452 esse
1127 384 1664 460 irreprehcusibilcm.
1713 382 1894 438 Potest
1930 378 2069 434 male
2115 376 2251 429 alios

679 493 947 562 corrigere
967 529 982 554 ,
1015 487 1096 541 cui
1126 489 1299 552 potest
1334 479 1378 532 is
1416 490 1574 546 quem
1608 473 1826 562 corrigit
1851 470 2030 562 dicere
2063 466 2175 562 :‘Et
2198 473 2253 520 tu

677 557 925 640 sindliter
945 575 1092 631 facis.
1122 569 1240 627 Tibi
1269 566 1465 623 amodo
1487 564 1658 635 major
1688 561 1792 617 erit
1813 560 1985 625 labor,
2013 557 2106 613 sed
2135 569 2252 610 ma-

677 676 761 744 jus
813 667 1106 741 praemium.
1153 661 1283 718 Esto
1326 657 1558 722 sobrius,
1589 653 1820 726 prudens
1845 693 1860 718 ,
1914 659 1970 744 et
2005 647 2252 744 pudicus,

679 737 951 832 hospitalis
999 764 1052 810 et
1081 752 1292 808 doctor.
1329 747 1536 804 Nemini
1583 744 1890 800 violentiam
1930 740 2092 796 facito
2116 781 2132 806 ,
2160 737 2256 832 sed

677 830 862 912 omnes
886 847 1168 920 aequaliter
1192 844 1387 914 dilige:
1417 852 1472 897 et
1502 847 1648 896 tanto
1681 837 1805 910 plus
1842 842 2041 906 quanto
2071 830 2258 886 melior

665 960 754 1003 tes.
788 941 903 999 Non
949 943 1024 996 sis
1063 943 1434 1009 persequutor,
1462 930 1557 988 sed
1586 928 1861 986 modestus
1882 967 1895 992 ,
1922 941 2027 980 non
2060 922 2258 993 litigio-

674 1055 787 1103 sus,
827 1049 929 1090 nee
951 1030 1195 1102 cupidus.
1220 1027 1300 1083 Tu
1330 1037 1508 1082 autem
1535 1023 1764 1095 prmdica
1794 1027 2103 1091 opportune
2136 1031 2260 1070 ver-

675 1131 803 1185 bum
830 1126 946 1182 Dei.
999 1121 1186 1179 Omnis
1227 1119 1500 1188 Scriptura
1544 1115 1796 1170 divinitus
1827 1111 2080 1181 inspirata
2113 1107 2259 1162 utilis

677 1231 763 1276 est
797 1217 864 1273 ad
893 1213 1212 1271 docendum.
1243 1209 1474 1279 Acquire
1501 1205 1664 1263 verba
1700 1220 1819 1276 quae
1845 1201 2102 1273 praedices
2135 1213 2264 1254 ora-

682 1309 939 1366 tionibus.
983 1305 1136 1359 Valet
1175 1295 1332 1358 enim
1366 1295 1668 1368 hujusmodi
1711 1292 2020 1365 praedicatio
2067 1299 2122 1344 et
2164 1288 2264 1342 do-

681 1402 850 1456 ctrina
879 1398 944 1454 ad
967 1391 1368 1451 illuminandum
1393 1397 1447 1445 et
1471 1385 1798 1456 arguendum
1820 1426 1835 1449 ,
1881 1381 1948 1436 ad
1974 1379 2269 1448 corripien-

684 1495 809 1549 dum
864 1501 920 1547 et
966 1484 1316 1545 erudiendum
1366 1483 1420 1536 in
1470 1478 1714 1551 justitia,
1775 1483 1832 1530 ut
1881 1471 2150 1544 perfectus
2198 1469 2270 1550 sit

683 1585 904 1639 audiens
922 1623 938 1649 ,
966 1591 1021 1636 et
1049 1580 1103 1633 in
1128 1575 1276 1632 omni
1304 1573 1444 1628 bono
1470 1584 1634 1640 Opere
1662 1568 1974 1622 instructus.
2003 1561 2100 1616 Est
2125 1559 2269 1615 enim

685 1675 926 1731 Christus
963 1670 1121 1726 Iesus
1157 1667 1213 1721 in
1251 1664 1388 1719 cmlo
1426 1660 1623 1716 sedens
1668 1658 1734 1712 ad
1760 1657 2034 1711 dexteram
2062 1651 2302 1723 virtutis,

691 1765 811 1832 Dei,
848 1760 1094 1818 revelans
1125 1755 1402 1826 mysteria,
1431 1760 1484 1806 et
1505 1749 1706 1804 docens
1732 1759 1944 1800 omnem
1971 1741 2270 1798 scientiam.

690 1855 748 1910 lu
778 1853 1025 1908 omnibus
1049 1890 1063 1916 ,
1099 1847 1170 1900 fili
1198 1842 1548 1900 dilectissime
1570 1881 1583 1905 ,
1613 1839 1843 1907 teipsum
1870 1834 2048 1905 przebe
2080 1847 2271 1888 exem-

692 1949 836 2018 plum
869 1945 1128 1999 bonorum
1157 1952 1400 2010 opermn,
1434 1935 1485 1990 in
1529 1931 1674 1988 omni
1727 1927 2008 1985 sanctitate
2037 1933 2090 1982 et
2117 1924 2272 1979 bon‘i-

693 2051 821 2094 tate.
856 2036 986 2092 Nam
1015 2033 1187 2103 capite
1215 2028 1468 2098 patiente,
1515 2033 1680 2080 totum
1719 2019 2025 2076 debilitatur
2057 2030 2271 2087 corpus.

695 2131 754 2186 Ut
790 2147 915 2198 ergo
942 2125 1176 2181 breviter
1205 2131 1255 2176 te
1300 2119 1520 2174 doceam
1570 2133 1583 2169 :
1635 2112 1803 2168 facies
1832 2111 2011 2166 omnia
2041 2109 2199 2172 bona,
2227 2106 2276 2162 si

692 2221 935 2275 tiumeris
961 2217 1148 2270 Demn.

761 2310 890 2366 Car.
945 2305 1106 2362 XLII.
1163 2301 1304 2358 Patri
1354 2315 1478 2354 meo
1528 2294 1998 2353 Reverendissimo
2049 2294 2277 2348 Damaso

691 2399 973 2460 Portuensi
1005 2396 1272 2467 Episcopo
1304 2391 1545 2447 scribens
1568 2430 1581 2455 ,
1611 2387 1776 2442 facies
1802 2386 1905 2442 mei
1940 2383 2276 2450 memoriam,

692 2503 750 2548 ut
787 2491 981 2546 habeat
1009 2502 1094 2542 me
1141 2487 1194 2540 iu
1225 2484 1557 2539 orationibus
1582 2481 1728 2545 suis,
1759 2493 1857 2534 nec
1895 2476 2163 2546 corrumpi
2193 2475 2278 2530 di-

695 2584 871 2637 mittat
906 2592 1067 2648 Opera
1090 2618 1103 2642 ,
1134 2590 1251 2645 qum
1277 2582 1421 2628 tanto
1446 2571 1628 2626 labore
1653 2569 1924 2636 contexui,
1953 2567 2022 2622 ab
2051 2565 2280 2620 homini-

694 2677 794 2731 bus
823 2672 1017 2742 iniquis
1037 2679 1090 2724 et
1118 2667 1338 2732 dolosis,
1370 2681 1399 2720 a
1422 2662 1613 2734 quibus
1635 2677 1778 2733 s:epe
1807 2672 2141 2732 expugnatus
2162 2674 2278 2714 sum

694 2783 723 2821 a
768 2767 1048 2837 juventutc
1113 2775 1254 2816 mea.
1315 2756 1607 2812 Eeclesiam
1652 2754 1942 2826 prudenter
1983 2754 2281 2820 custodiat,

695 2857 874 2912 sciens
905 2850 1158 2922 quoniam
1182 2847 1306 2903 mali
1337 2846 1546 2916 erigeut
1575 2859 1634 2900 se
1654 2885 1669 2912 ,
1701 2843 2052 2912 illaqueantes
2078 2843 2282 2897 animas

695 2947 1057 3018 simplicium,
1099 2957 1234 3013 quos
1277 2950 1501 2995 conatus
1539 2954 1656 2993 sum
1688 2935 1918 2993 educere
1948 2935 1999 2990 in
2033 2937 2170 2990 viam
2194 2950 2284 2990 re-

693 3051 832 3096 ctam
858 3082 874 3107 ,
921 3039 1201 3108 loquentes
1233 3034 1285 3088 in
1313 3047 1407 3088 ore
1433 3045 1563 3096 suo,
1597 3041 1649 3086 et
1677 3029 1912 3100 gladium
1942 3027 2202 3083 habentes
2231 3027 2283 3082 in

694 3132 848 3187 labiis
872 3130 1002 3186 suis.
1031 3125 1293 3194 Quoniam
1323 3122 1562 3178 obmtttui
1589 3132 1641 3177 et
1667 3121 1789 3176 silui
1819 3135 1847 3173 a
1875 3119 2050 3186 bonis,
2079 3128 2134 3174 et
2163 3133 2286 3189 pro—

693 3223 864 3293 jectus
894 3235 1012 3274 sum
1045 3219 1094 3272 in
1124 3224 1469 3271 monumento
1509 3211 1803 3268 dormiens.
1851 3210 2019 3281 Spero
2057 3209 2199 3264 enim
2232 3210 2285 3264 in

697 3312 924 3368 Domino
953 3310 1094 3380 quod
1119 3309 1379 3378 benignus
1407 3315 1510 3370 est,
1537 3315 1590 3359 et
1613 3319 1716 3359 non
1738 3303 2071 3374 derelinquet
2102 3302 2288 3359 ﬁdeles

699 3420 845 3459 suos.
861 3403 1121 3458 Gaudium
1146 3401 1288 3455 enim
1309 3399 1478 3453 habeo
1501 3413 1747 3469 magnum
1770 3408 1823 3453 et
1839 3397 2281 3465 consolationem,

704 3506 1032 3562 praesumens
1059 3490 1126 3544 de
1156 3489 1521 3544 misericordia
1561 3489 1792 3552 Domini,
1817 3489 1959 3558 quod
1993 3490 2161 3544 virum
2188 3491 2288 3545 mi-

704 3583 926 3638 rabilem
959 3590 1014 3635 et
1041 3579 1219 3633 multa:
1261 3578 1498 3633 scientiae
1550 3586 1605 3632 et
1650 3577 1902 3633 bonitatis
1931 3579 2286 3650 Augustinum

708 3675 1104 3744 llipponcnsem
1133 3671 1454 3741 Episcopum
1487 3678 1606 3739 post
1646 3685 1734 3724 me
1769 3670 2037 3740 relinquo.
2065 3673 2290 3742 Pmpter

708 3783 866 3838 quem
893 3765 1111 3820 multam
1140 3763 1310 3818 habeo
1339 3761 1581 3817 ﬁduciam
1610 3763 1660 3816 in
1687 3761 1902 3818 Christo
1926 3761 2054 3818 Jesu
2087 3773 2291 3820 susten-

709 3859 854 3916 tandi
894 3857 1050 3912 ﬁdem
1080 3866 1328 3911 vestram.
1359 3853 1456 3908 Cui
1483 3853 1550 3910 de
1591 3870 1678 3909 me
1719 3854 1962 3911 scribens
1987 3855 2088 3911 hoc
2119 3857 2289 3926 ipsqu

710 3961 895 4023 rogato
916 3991 930 4014 ,
965 3961 1019 4004 ttt
1049 3958 1298 4018 tanquam
1347 3947 1519 4002 ﬁdelis
1547 3955 1744 4018 pugnet
1771 3948 1946 4014 miles,
1978 3963 2046 4004 ne
2076 3949 2294 4004 Veniant

713 4043 875 4113 (quod
905 4040 1065 4100 absit)
1099 4039 1234 4093 mala
1265 4037 1410 4109 genti
1454 4049 1672 4094 nostrze.
1697 4038 2000 4095 Theodosio
2023 4042 2290 4108 Senatori,

711 4145 762 4189 et
789 4133 1034 4188 omnibus
1065 4132 1114 4184 iu
1142 4131 1358 4185 Christo
1388 4132 1638 4186 fratribus
1666 4147 1751 4187 me
1773 4135 2196 4191 recommendes.

783 4226 910 4281 CAP.
946 4223 1122 4278 XLIII.
1153 4223 1338 4277 Finitis
1371 4223 1453 4276 his
1484 4223 1680 4285 verbis,
1710 4224 1790 4282 vir
1810 4226 2181 4281 sanctissimus
2207 4227 2294 4298 ju-

715 4322 884 4375 cunda
915 4334 1044 4373 voce
1078 4333 1265 4373 versus
1294 4317 1358 4371 ad
1391 4316 1584 4374 fratres
1604 4361 1619 4386 ,
1665 4320 1834 4390 inquit
1865 4337 1879 4374 :
1911 4323 2163 4378 Accedite
2193 4322 2296 4378 huc

721 4420 778 4464 ut
802 4422 1009 4480 tangam
1051 4424 1166 4470 vos,
1198 4409 1289 4462 lilii
1323 4410 1448 4472 mei,
1481 4419 1763 4479 antequam
1791 4426 1820 4464 a
1849 4412 2000 4468 vobis
2026 4412 2293 4469 recedam.

720 4502 800 4556 Ad
828 4517 982 4570 quem
1008 4501 1557 4569 appropinquantibus
1586 4501 1720 4566 illis,
1761 4503 1997 4572 singulos
2027 4503 2293 4572 brachiis,

718 4601 775 4646 ut
804 4590 992 4644 melius
1021 4597 1248 4658 poterat,
1275 4589 1622 4656 amplectens,
1651 4592 1868 4646 cuilibet
1892 4593 2036 4662 pacis
2055 4595 2296 4650 osculum

719 4681 923 4738 tribuit.
979 4679 1180 4734 Deinde
1225 4695 1409 4735 vocem
1465 4680 1805 4738 mediocriter
1849 4684 2102 4754 elevans,
2149 4686 2298 4742 vultu

716 4773 928 4845 placido
956 4782 1008 4828 et
1029 4771 1286 4842 jucunde,
1315 4775 1549 4829 extensis
1578 4774 1628 4828 iu
1652 4777 1844 4832 coelum
1872 4778 2136 4846 manibus,
2167 4795 2299 4835 eon-

717 4867 995 4936 versisque
1023 4864 1090 4919 ad
1120 4863 1402 4918 Dominum
1431 4866 1628 4929 oculis,
1657 4866 1832 4936 gaudii
1860 4867 2112 4940 lacrymis
2145 4870 2299 4926 inun-

720 4957 989 5021 dantibus,
1018 4956 1152 5010 dixit
1197 4971 1210 5010 :
1244 4955 1336 5012 Pie
1379 4955 1503 5012 Iesu
1525 4999 1540 5025 ,
1571 4958 1739 5014 virtus
1784 4973 1933 5025 mea,
1967 4959 2301 5031 refrigerium

722 5066 924 5117 meum,
951 5059 1231 5120 susceptor
1260 5066 1410 5106 mens
1436 5059 1490 5105 et
1518 5051 1772 5106 liberator
1801 5067 1985 5120 meus,
2020 5053 2132 5109 laus
2159 5071 2300 5123 mea,

721 5144 776 5197 in
803 5157 961 5212 quem
989 5143 1222 5212 speravi,
1250 5143 1332 5197 cui
1359 5140 1583 5206 credidi,
1611 5153 1663 5197 et
1684 5157 1840 5210 quem
1863 5143 2022 5198 dilexi
2055 5163 2068 5198 :
2094 5160 2300 5204 summa

721 5233 949 5289 dulcedo
970 5275 985 5299 ,
1021 5235 1182 5288 turris
1211 5233 1536 5288 fortitudinis
1555 5275 1570 5300 ,
1602 5243 1656 5291 et
1684 5249 1807 5306 spes
1834 5251 1951 5292 mea
1975 5252 2003 5291 a
2025 5237 2305 5309 juventnte

726 5339 842 5379 mea
877 5341 893 5379 :
934 5339 1066 5380 voca
1099 5339 1183 5378 me
1203 5364 1218 5389 ,
1248 5325 1353 5379 (lux
1384 5325 1504 5379 vita:
1543 5341 1712 5394 mete,
1761 5337 1816 5383 et
1842 5343 1940 5399 ego
1970 5332 2305 5401 respondebo

725 5414 821 5468 tibi
847 5431 862 5468 :
893 5414 1042 5482 operi
1075 5429 1326 5469 manuum
1361 5427 1594 5482 tuarum,
1621 5418 1762 5488 quod
1797 5429 1849 5473 tu
1896 5422 1964 5476 de
1995 5422 2121 5477 limo
2149 5434 2305 5481 terra:

729 5509 940 5554 creator
983 5503 1218 5557 omnium
1270 5505 1546 5572 formasti,
1583 5508 1724 5578 quod
1773 5511 1988 5566 ossibus
2028 5523 2079 5568 ct
2126 5519 2306 5572 nervis

733 5590 1070 5657 compegisti,
1100 5593 1181 5644 cui
1213 5595 1370 5648 vitam
1418 5606 1470 5648 et
1500 5598 1914 5656 misericordiam
1948 5605 2181 5660 moriens
2213 5607 2306 5660 tri-

733 5676 919 5743 buisti,
950 5684 1051 5732 tua:
1086 5679 1376 5737 clementiae
1416 5687 1625 5755 porrige
1666 5688 1960 5745 dexteram.
1994 5694 2154 5763 Iube,
2203 5697 2304 5763 Dor

1700 267 2048 333 EUSEBIUS,
2093 263 2178 319 DE
2215 259 2449 316 MORTE
2489 259 2890 317 HIERONYMI.

3829 260 3932 318 268

2361 372 2537 440 mine,
2563 389 2630 429 ne
2654 372 2882 429 moreris
2915 387 2931 426 :
2959 370 3083 442 quia
3112 379 3319 439 tempus
3341 377 3427 424 est
3462 377 3520 425 ut
3545 369 3718 440 pulvis
3743 370 3793 426 in
3819 375 3932 443 pul-

2359 480 2540 520 verem
2565 474 2884 531 revertatur,
2909 473 2964 520 et
2984 463 3202 534 Spiritus
3225 461 3411 518 redeat
3429 461 3496 517 ad
3515 471 3567 518 te
3587 463 3930 533 Salvatorem,

2362 555 2450 624 qui
2495 556 2596 609 huc
2627 555 2820 610 misisti
2866 554 3034 608 illum.
3080 553 3244 623 Aperi
3286 551 3358 606 illi
3395 551 3588 622 januas
3625 553 3768 608 vitae.
3810 555 3933 612 Nam

2362 663 2483 702 cum
2513 662 2610 717 pro
2640 662 2725 702 me
2746 647 2797 700 in
2821 645 2964 717 ligno
2985 645 3161 701 crucis
3189 654 3436 716 tanquam
3463 644 3600 701 latro
3627 646 3932 717 pependisti,

2365 748 2421 794 tu
2452 739 2739 810 promisisti
2766 739 2914 804 mihi,
2938 738 3081 810 quod
3102 753 3226 794 eum
3255 738 3543 809 reciperes.
3571 737 3727 805 Veni,
3754 739 3938 798 dilecte

2361 830 2458 896 mi,
2491 839 2702 886 teneam
2729 841 2802 897 te,
2825 845 2926 886 nec
2949 831 3210 885 dimittam
3238 839 3289 886 te
3323 847 3337 884 :
3381 830 3627 886 introduc
3651 847 3737 888 me
3768 832 3820 887 in
3844 834 3938 888 do-

2366 937 2513 976 mum
2549 929 2714 976 tuam.
2753 920 2834 977 Tu
2872 933 3152 993 susceptor
3197 937 3349 977 meus
3389 937 3484 986 es,
3504 923 3677 993 gloria
3712 940 3867 991 mea,
3893 937 3942 982 et

2367 1011 2614 1067 exaltans
2640 1022 2798 1083 caput
2825 1028 3000 1068 meum
3030 1031 3044 1068 :
3077 1013 3223 1069 salus
3245 1027 3363 1068 mea
3393 1024 3448 1069 et
3479 1013 3777 1070 benedictio
3806 1032 3938 1072 mea.

2367 1103 2590 1174 Suscipe
2619 1120 2726 1171 me,
2771 1106 3077 1162 misericors
3122 1107 3292 1170 Deus,
3323 1107 3613 1162 secundum
3657 1108 3943 1173 multitudi-

2369 1210 2490 1250 nem
2518 1196 2919 1251 miserationem
2949 1205 3177 1251 tuarum.
3209 1195 3341 1251 Nam
3383 1197 3642 1252 latronem
3665 1197 3731 1252 ad
3755 1207 3808 1253 te
3826 1215 3945 1254 cur-

2370 1295 2577 1341 rentem
2605 1286 2660 1341 in
2687 1301 2850 1343 cruce
2879 1289 3114 1343 moriens
3160 1289 3465 1359 Suscepisti.
3513 1289 3823 1346 Possideam
3867 1301 3943 1358 te,

2370 1375 2643 1437 beatitudo
2664 1378 3012 1447 sempiterna.
3032 1378 3246 1435 Caecum
3267 1379 3417 1449 juxta
3441 1381 3578 1435 viam
3599 1381 3944 1438 clamantem:

2373 1468 2500 1524 Jesu
2530 1470 2602 1524 fili
2644 1470 2809 1525 David
2855 1471 3113 1527 miserere
3163 1473 3302 1538 mei,
3349 1473 3550 1528 lumine
3596 1482 3700 1529 tuae
3741 1475 3948 1529 visionis

2374 1569 2590 1615 aeterna:
2616 1561 2876 1615 illumina.
2900 1560 2944 1617 Ο
2965 1563 3054 1618 lux
3086 1563 3387 1631 invisibilis,
3415 1580 3517 1634 qua
3548 1580 3738 1620 carens
3765 1565 3948 1620 Tobias

2375 1653 2678 1716 clamabat:
2729 1655 2894 1722 Quale
2939 1656 3065 1709 mihi
3106 1657 3348 1726 gaudium
3395 1665 3470 1711 est
3517 1673 3630 1711 cum
3656 1658 3709 1712 in
3750 1658 3949 1711 tenebris

2375 1744 2524 1799 sedeo
2550 1785 2568 1812 ,
2611 1755 2659 1799 et
2689 1745 2856 1800 lumen
2885 1746 2998 1800 mli
3040 1763 3141 1801 non
3169 1746 3351 1802 rideo?
3377 1746 3420 1801 Ο
3450 1747 3536 1802 lux
3579 1749 3694 1804 sine
3722 1763 3830 1817 qua
3855 1763 3949 1802 non

2377 1845 2461 1892 est
2490 1837 2708 1902 veritas,
2739 1852 2844 1892 non
2875 1847 2958 1895 est
2983 1837 3236 1894 discretio
3255 1880 3272 1905 ,
3317 1855 3422 1894 non
3451 1850 3532 1895 est
3576 1839 3834 1911 sapientia
3864 1856 3950 1894 ne-

2379 1943 2483 1998 que
2513 1927 2722 1984 bonitas
2756 1945 2771 1983 :
2813 1929 3060 1984 lllumina
3105 1931 3290 1985 oculos
3320 1944 3469 1987 meos
3514 1947 3579 1987 ne
3610 1946 3843 2001 unquam
3868 1932 3954 1986 eb~

2379 2020 2644 2077 dormiam
2675 2021 2725 2076 iu
2756 2031 2950 2089 morte,
2982 2037 3051 2078 ne
3079 2022 3292 2093 quando
3317 2022 3458 2078 dicat
3485 2023 3728 2078 inimicus
3768 2037 3912 2078 meus
3938 2041 3950 2076 :

2382 2113 2639 2169 Prrevalui
2680 2113 2936 2170 adversus
2973 2130 3119 2171 eum.
3165 2115 3350 2172 Taedet
3385 2116 3616 2170 animam
3643 2131 3820 2170 meam
3845 2117 3953 2169 vita:

2381 2220 2516 2260 mea:
2537 2245 2553 2270 ,
2587 2205 2773 2276 loquar
2821 2206 2874 2260 in
2918 2205 3278 2261 amaritudine
3305 2206 3498 2261 anima:
3538 2220 3670 2261 mea:
3690 2247 3705 2271 ,
3733 2214 3954 2276 a‘grotas

2379 2311 2520 2352 smn.
2553 2295 2819 2351 Infirmata
2858 2305 2941 2352 est
2970 2297 3023 2352 in
3069 2307 3381 2368 paupertate
3428 2297 3533 2351 vita
3565 2312 3680 2352 mea
3705 2338 3720 2361 ,
3766 2307 3820 2352 et
3845 2313 3952 2352 ossa

2383 2405 2501 2445 mea
2527 2389 2665 2444 sicut
2709 2389 2760 2443 in
2808 2388 3029 2445 frixorio
3078 2390 3319 2445 confrixa
3356 2399 3499 2445 sunt.
3533 2391 3602 2446 Et
3643 2391 3768 2446 ideo
3797 2391 3858 2446 ad
3889 2403 3951 2455 le,

2386 2479 2627 2545 Domine,
2656 2495 2816 2534 curro
2845 2478 3132 2535 medicum.
3163 2479 3300 2536 Sana
3334 2496 3445 2545 me,
3475 2481 3713 2547 Domine,
3741 2491 3800 2537 et
3826 2496 3956 2536 sana-

2385 2569 2485 2625 bor
2516 2589 2529 2626 :
2559 2570 2766 2626 salvum
2797 2585 2884 2626 me
2913 2570 3014 2637 fac,
3045 2579 3098 2626 et
3119 2572 3298 2626 salvus
3321 2587 3434 2627 ero.
3462 2573 3530 2628 Et
3553 2574 3808 2644 quoniam
3837 2575 3884 2629 in
3913 2584 3956 2628 te

2384 2666 2594 2722 conﬁdo
2639 2683 2744 2722 non
2774 2667 3109 2722 erubescam.
3161 2669 3231 2721 At
3268 2667 3388 2738 quis
3421 2683 3522 2738 ego
3545 2682 3684 2735 sum,
3729 2669 3958 2739 piissime

2387 2759 2550 2824 Deus,
2579 2767 2638 2814 ut
2670 2769 2777 2813 tam
2811 2757 3070 2814 audacter
3099 2757 3286 2828 loquar
3309 2758 3376 2812 ad
3407 2758 3495 2814 te?
3522 2759 3782 2813 Peccator
3822 2774 3955 2821 smn,

2386 2863 2440 2909 et
2490 2853 2542 2908 in
2589 2854 2822 2922 peccatis
2853 2862 2996 2908 totus
3042 2862 3198 2908 natus
3222 2895 3237 2920 ,
3283 2862 3338 2909 et
3376 2853 3587 2923 genitus
3612 2865 3662 2908 et
3692 2852 3955 2916 educatus,

2388 2946 2618 3002 cadaver
2647 2947 2939 3015 putridum,
2969 2961 3061 3000 vas
3089 2947 3353 3013 fmtidum,
3389 2962 3513 3002 esca
3544 2947 3830 3002 vermium.

2460 3038 2590 3094 CAP.
2618 3037 2800 3094 XLIV.
2832 3038 2945 3093 Ileu
2986 3037 3150 3107 milti,
3181 3039 3437 3106 Domine,
3481 3052 3636 3108 parce
3661 3039 3816 3094 mihi.
3843 3037 3959 3105 Que

2392 3131 2612 3187 victoria
2637 3132 2682 3188 si
2715 3131 2996 3203 pugnando
3021 3146 3231 3187 mecum
3255 3146 3341 3186 me
3370 3132 3581 3198 viceris,
3612 3132 3700 3202 qui
3729 3146 3850 3187 sum
3875 3130 3960 3184 ini-

2391 3238 2492 3279 nus
2531 3239 2690 3294 quam
2721 3223 2914 3292 stipula
2942 3233 3065 3278 ante
3111 3222 3299 3279 faciem
3328 3222 3512 3279 venti?
3544 3222 3764 3278 Dimitte
3802 3222 3961 3277 omnia

2393 3327 2610 3388 peccata
2638 3331 2777 3381 mea,
2808 3327 2862 3371 et
2886 3317 3034 3387 erige
3075 3315 3143 3371 de
3171 3325 3411 3371 stercore
3451 3330 3764 3386 pauperem.
3794 3315 3958 3377 Certe,

2394 3410 2639 3475 Domine,
2689 3411 2731 3464 si
2765 3411 2955 3480 placet,
2999 3409 3194 3475 dicam,
3225 3424 3329 3463 non
3357 3407 3523 3464 debes
3553 3424 3637 3463 me
3666 3407 3730 3462 ad
3768 3419 3816 3464 te
3857 3422 3964 3462 cur-

2393 3509 2598 3556 rentem
2627 3499 2809 3570 fugere
2841 3517 2854 3556 :
2889 3501 3008 3569 quia
3047 3508 3104 3554 tu
3131 3514 3191 3554 es
3231 3498 3372 3554 Dens
3416 3514 3584 3554 meus.
3614 3498 3756 3554 Caro
3785 3509 3864 3552 tua
3907 3498 3966 3551 de

2393 3607 2556 3648 carne
2581 3607 2721 3658 mea,
2753 3601 2807 3648 et
2836 3605 2958 3647 ossa
2999 3600 3083 3646 tua
3109 3591 3178 3647 de
3207 3587 3416 3646 ossibus
3443 3590 3598 3645 meis.
3626 3590 3852 3659 l’r0pter
3877 3589 3966 3642 hoc

2393 3699 2625 3751 namque
2664 3698 2768 3739 non
2809 3684 3118 3754 relinquens
3163 3684 3328 3754 patris
3369 3682 3667 3747 dexteram,
3707 3679 3969 3735 adhzesisti

2395 3791 2530 3832 mea:
2572 3775 2918 3842 humanitati,
2963 3776 3134 3830 factus
3171 3776 3310 3830 Deus
3337 3783 3391 3829 et
3434 3774 3594 3828 homo
3616 3815 3630 3840 ,
3664 3772 3811 3842 quod
3838 3770 3970 3842 prius

2397 3883 2520 3924 eras
2550 3883 2872 3938 permanens
2915 3868 2969 3921 in
3015 3882 3116 3922 una
3163 3867 3460 3936 eademque
3490 3879 3734 3935 persona.
3791 3865 3850 3919 Et
3883 3864 3972 3916 hoc

2396 3974 2562 4030 quare
2590 3970 2696 4014 tam
2722 3959 2944 4014 arduum
2973 3968 3027 4014 et
3057 3957 3383 4027 inopinabile
3425 3957 3766 4026 perpetrasti,
3797 3957 3892 4011 nisi
3924 3962 3972 4007 nt

2398 4050 2729 4106 conﬁdenter
2747 4050 2814 4105 ad
2843 4059 2894 4106 te
2921 4064 3254 4105 recurrerem
3279 4049 3433 4120 quasi
3470 4047 3536 4104 ad
3571 4047 3817 4115 fratrem,
3843 4056 3897 4102 et
3925 4053 3974 4098 ut

2400 4145 2530 4200 mihi
2582 4154 2725 4200 tuam
2776 4142 3194 4198 misericorditer
3231 4141 3566 4198 condonares
3613 4138 3975 4196 divinitatem?

2401 4240 2741 4308 Quapmpter
2767 4250 2994 4305 exsurge
3016 4243 3070 4289 et
3095 4234 3288 4305 adjuva
3318 4248 3425 4300 me,
3451 4233 3710 4289 Domine:
3734 4246 3974 4300 exsurge.

2405 4339 2460 4384 et
2485 4344 2551 4383 ne
2579 4329 2806 4398 repellas
2832 4343 2916 4381 me
2933 4327 2986 4380 in
3017 4326 3200 4381 ﬁnem.
3226 4325 3375 4381 Sicut
3401 4340 3591 4380 cervus
3617 4323 3890 4380 desiderat
3917 4321 3978 4374 ad

2402 4420 2576 4476 fontes
2599 4435 2877 4492 aquarum,
2907 4419 2977 4474 ita
2998 4419 3185 4474 sitiens
3207 4419 3381 4472 anima
3408 4433 3526 4473 mea
3554 4417 3686 4488 petit
3705 4425 3758 4472 te
3785 4415 3980 4470 fontem

2403 4513 2581 4568 vivum
2603 4552 2619 4577 ,
2654 4522 2710 4566 ut
2741 4510 2954 4565 hauriat
2995 4523 3162 4581 aquas
3200 4509 3254 4564 in
3292 4509 3486 4580 gaudio
3513 4509 3581 4565 de
3609 4508 3843 4564 fontibus
3873 4506 3985 4561 εει.

2403 4603 2605 4660 vatoris
2623 4643 2638 4669 ,
2667 4617 2736 4658 ne
2762 4602 2908 4657 sitiat
2935 4603 3181 4672 amplius.
3212 4601 3437 4670 Quando
3463 4601 3642 4657 veniet
3667 4609 3723 4656 et
3758 4613 3986 4670 appare-

2403 4693 2482 4750 bit
2507 4704 2631 4749 aute
2661 4694 2848 4751 faciem
2877 4692 3062 4748 tuam?
3089 4695 3314 4748 Domine
3337 4695 3429 4760 mi,
3452 4693 3664 4764 quando
3695 4693 3987 4762 respiciens

2407 4787 2657 4842 restitues
2686 4788 2918 4843 animam
2962 4786 3175 4842 meam?
3217 4801 3246 4840 a
3291 4786 3584 4842 malefactis
3623 4800 3814 4842 eorum
3835 4827 3852 4851 ,
3884 4795 3937 4840 et
3967 4800 3992 4835 a

2407 4879 2652 4934 leonibus
2679 4879 2889 4933 unicam
2920 4879 3132 4934 meam?
3162 4877 3372 4934 Utinam
3413 4877 3844 4949 appenderentur
3877 4890 3994 4945 pt‘c-

2407 4979 2525 5026 eata
2575 4987 2692 5026 mea
2742 4971 2938 5041 quibus
2968 4972 3101 5027 iram
3151 4971 3356 5036 merui,
3391 4980 3444 5026 et
3481 4969 3808 5034 Calamitas,
3835 4982 3995 5037 quam

2410 5062 2616 5132 patior,
2651 5063 2702 5116 in
2753 5070 2950 5117 statera
2981 5079 2994 5113 :
3040 5062 3192 5133 quasi
3235 5076 3398 5117 arena
3430 5061 3592 5116 maris
3621 5059 3835 5130 gravior
3885 5060 3997 5110 ha-c

2407 5161 2714 5222 appareret.
2744 5151 2897 5207 Unde
2935 5163 2989 5206 et
3015 5153 3058 5207 si
3089 5153 3319 5222 amplius
3356 5161 3665 5222 exspectes,
3697 5150 3998 5205 tribulatio-

2409 5259 2535 5298 nem
2562 5253 2614 5298 et
2654 5242 2894 5297 dolorem
2940 5243 3229 5298 inveniam.
3279 5243 3448 5310 Veni,
3494 5243 3746 5314 gaudium
3776 5243 3998 5312 spiritus

2411 5336 2538 5402 mei,
2570 5344 2628 5390 ut
2653 5334 2889 5391 delecter
2932 5336 2984 5392 in
3031 5345 3103 5392 te.
3150 5335 3348 5392 Revela
3394 5337 3522 5392 mihi
3573 5335 3998 5390 misericordiam

2414 5435 2580 5488 tuam,
2613 5425 2794 5480 laetitia
2840 5427 3018 5482 cordis
3069 5426 3214 5490 mei,
3265 5427 3531 5481 inveniam
3566 5437 3638 5492 te,
3667 5425 3998 5480 desiderium

2412 5533 2613 5572 meum.
2644 5517 2791 5571 Sicut
2817 5533 3003 5572 servus
3031 5517 3364 5585 prtestolatur
3390 5517 3547 5571 ﬁnem
3569 5517 3747 5587 operis
3778 5516 3896 5581 sui,
3928 5515 4002 5568 sic

2413 5617 2468 5662 et
2495 5623 2595 5676 ego
2620 5616 2872 5676 exspecto
2900 5615 2972 5661 te.
3000 5607 3162 5661 Intret
3182 5609 3462 5674 postulatio
3485 5623 3599 5662 mea
3625 5607 3677 5661 in
3706 5618 4001 5676 Conspectu

2419 5709 2532 5768 tuo,
2568 5699 2807 5767 Domine,
2838 5708 2891 5754 et
2919 5699 3009 5754 ﬁat
3035 5712 3224 5754 manus
3250 5705 3364 5760 tua,
3392 5707 3447 5752 ut
3474 5699 3682 5754 salvum
3710 5714 3801 5756 me
3826 5699 3996 5754 faciat-
