4048 6186
137 318 257 389 ιω
864 372 865 375 γ
1125 304 1473 391 sessurus,
1512 320 1604 377 os
1642 319 1873 378 noun:
1916 322 2313 384 ntenonvnt.

139 448 252 501 Ecce
269 445 434 500 virum
464 444 553 515 qui
580 440 906 499 descendens
933 456 962 495 a
992 440 1224 503 Iericho,
1252 450 1445 509 captus
1474 451 1504 489 a
1524 436 1681 489 latro-

138 537 268 591 nibus
302 535 608 590 vulneratus
654 550 803 601 sum,
844 532 1139 588 semivivus
1164 530 1382 586 relictus
1407 543 1524 583 sum
1542 568 1557 593 ,
1587 537 1640 580 tu
1662 568 1677 592 ,

137 627 210 696 pie
235 626 595 690 Samaritana,
643 625 822 694 recipe
866 638 974 678 me.
1017 622 1234 677 Peccavi
1277 620 1436 675 nimis
1477 618 1532 673 in
1576 619 1680 673 vita

138 722 343 779 ntea,et
368 714 565 769 malum
596 729 774 768 coram
819 723 872 769 te
914 712 1038 767 feci.
1080 710 1196 766 Non
1240 720 1292 766 te
1315 709 1557 780 cognovi,
1602 708 1684 762 in-

137 815 296 873 gratus
325 804 397 858 fni
430 813 505 859 tot
529 803 910 859 beneficiorum
940 811 1178 867 tuorum,
1209 814 1315 855 non
1357 808 1415 853 ut
1440 797 1680 863 decebat,

136 905 178 947 te
204 892 419 946 laudavi.
451 892 614 947 Forte
636 892 909 947 multoties
929 892 1211 946 veritatem
1250 887 1409 944 tacui.
1442 887 1497 942 In
1522 885 1685 941 corde

131 996 237 1037 meo
259 998 371 1037 cum
401 982 654 1054 pulsabas
692 981 758 1036 ad
789 982 986 1037 ostium
1011 980 1190 1037 conlis
1220 979 1361 1045 mei,
1405 980 1558 1050 piger
1586 976 1681 1045 fui,
1718 1002 1723 1006 -

130 1084 175 1127 ut
207 1087 257 1130 te
300 1076 588 1145 reciperem
626 1082 958 1130 reverenter.
990 1074 1195 1143 Corpus
1240 1072 1510 1143 putridnm
1542 1067 1683 1141 quod
1718 1096 1721 1097 ν

128 1164 254 1218 velut
287 1165 477 1220 umbra
506 1164 825 1227 declinatur,
868 1164 1038 1218 nimio
1063 1163 1230 1218 dilexi
1258 1162 1468 1217 affectu.
1497 1160 1687 1215 Verbis

126 1254 266 1307 vanis
291 1268 356 1308 os
399 1254 672 1323 inquinavi
699 1267 718 1305 ι
766 1267 921 1306 mens
966 1267 1083 1306 mea
1132 1268 1236 1305 non
1272 1251 1606 1320 semperfuit
1635 1250 1687 1303 in

124 1354 449 1397 testamento
465 1344 598 1413 legis
621 1351 748 1397 tum.
770 1342 886 1397 Non
910 1344 1073 1398 averti
1102 1343 1287 1398 oculos
1312 1358 1479 1406 meos,
1507 1350 1689 1396 utnon

119 1435 402 1503 afiquando
424 1435 659 1489 viderem
683 1435 993 1489 vanitatem.
1019 1435 1190 1489 Aures
1214 1449 1358 1489 meas
1377 1432 1692 1503 quandoque

120 1524 288 1578 verbis
322 1523 601 1576 inutilibus
644 1524 934 1592 inquinavi.
977 1524 1165 1579 Manus
1192 1538 1338 1578 meas
1371 1524 1435 1577 ad
1463 1522 1690 1592 proximi

119 1612 480 1669 necessitatem
499 1612 770 1667 multeties
786 1628 891 1669 non
912 1613 1145 1668 extendi.
1170 1613 1477 1668 Pedibusad
1492 1613 1688 1682 iniqui-

120 1712 268 1757 tatem
315 1701 549 1756 cucurri.
600 1700 739 1769 Quid
788 1702 937 1772 plura
983 1702 1201 1757 dicam?
1244 1704 1287 1757 Α
1319 1703 1494 1772 planta
1537 1701 1687 1770 pedis

118 1808 276 1863 usque
320 1791 389 1847 ad
428 1792 684 1847 verticem
730 1793 922 1863 capitis
968 1807 1075 1848 non
1105 1800 1189 1846 est
1234 1792 1285 1845 in
1333 1806 1419 1846 me
1463 1792 1681 1845 sanitas.

118 1886 266 1940 Certe
312 1884 414 1939 nisi
459 1884 511 1938 in
564 1882 710 1954 ligno
752 1884 925 1938 crucis
972 1884 1204 1938 moriens
1234 1898 1320 1938 me
1366 1882 1680 1952 adiuvisses,

117 1978 265 2047 digna
296 1985 415 2032 erat
438 1974 681 2030 habitare
709 1974 763 2030 in
794 1975 1000 2030 inferno
1039 1976 1215 2029 anima
1247 1989 1384 2029 mea.
1418 1974 1530 2043 Ego
1551 2016 1565 2036 ,
1597 1974 1685 2043 pic

115 2071 255 2135 Iesu,
287 2082 406 2123 sum
438 2082 560 2138 pars
603 2067 735 2121 tanti
770 2068 924 2138 pretii
959 2086 971 2119 :
1014 2081 1110 2138 pro
1134 2082 1219 2122 me
1263 2066 1440 2121 fudisti
1468 2067 1682 2136 sangui-

116 2179 228 2216 nem
278 2171 428 2216 tuum
473 2160 763 2231 pretiosum
798 2178 812 2215 :
858 2176 966 2216 non
1010 2177 1099 2217 me
1143 2160 1364 2216 refutes.
1411 2160 1523 2231 Ego
1564 2174 1682 2214 smn

112 2254 221 2308 ovis
250 2267 373 2323 qua:
398 2252 567 2308 erravi
605 2271 617 2307 :
646 2252 859 2323 require
898 2267 1049 2316 eam,
1081 2253 1219 2307 bone
1264 2259 1475 2321 pastor,
1511 2260 1565 2305 et
1593 2266 1686 2320 ap-

113 2359 246 2413 pone
272 2358 391 2399 eam
417 2343 539 2397 ovili
566 2352 678 2408 tuo,
704 2352 759 2397 ut
779 2342 1087 2413 justificeris
1108 2342 1162 2396 in
1190 2341 1525 2396 sermonibus
1558 2340 1683 2394 tuis.

111 2435 235 2488 Nam
294 2434 587 2503 promisisti
616 2433 785 2499 mihi,
831 2432 971 2503 quod
1018 2446 1351 2503 quacumque
1400 2432 1528 2485 hora
1559 2444 1683 2500 pec-

110 2538 255 2582 calor
302 2526 657 2598 ingemuerit,
708 2525 886 2581 salvus
918 2525 1038 2580 erit.
1088 2523 1286 2579 Dolens
1331 2521 1497 2577 factus
1525 2536 1682 2586 sum,

113 2619 418 2690 iniquitates
470 2630 620 2673 meas
676 2630 775 2687 ego
827 2630 1093 2686 cognosco
1125 2656 1141 2677 ,
1195 2622 1251 2669 et
1316 2612 1514 2669 delicta
1567 2627 1709 2666 mea

112 2726 287 2764 coram
328 2724 418 2764 me
444 2719 587 2765 sunt.
634 2707 773 2763 Vere
811 2722 915 2762 non
964 2722 1080 2762 sum
1109 2706 1299 2777 dignus
1338 2704 1515 2760 vocari
1546 2703 1685 2757 filius

114 2814 249 2868 tuus,
278 2802 405 2871 quia
434 2800 650 2873 peccavi
697 2800 750 2855 in
790 2800 986 2856 cmlum
1028 2808 1082 2855 et
1122 2808 1301 2853 ceram
1346 2805 1419 2853 te.
1470 2796 1682 2852 Auditui

115 2909 226 2948 meo
252 2893 413 2948 dabis
442 2892 692 2963 gaudium
723 2902 778 2948 et
815 2892 1075 2947 laetitiam.
1102 2891 1295 2946 Averte
1322 2889 1509 2945 faciem
1542 2899 1684 2943 tuam

115 3000 140 3037 a
176 2983 419 3055 peccatis
468 2983 622 3039 meis.
670 2983 799 3039 Dele
854 2982 1161 3054 iniquitates
1207 2996 1354 3036 meas
1393 2980 1684 3037 secundmn

116 3089 356 3143 magnam
404 3072 824 3129 misericordiam
878 3082 1041 3128 tuam.
1089 3071 1168 3127 Ne
1214 3072 1460 3142 projieias
1513 3086 1597 3125 me
1657 3086 1687 3124 a

116 3164 238 3221 facie
286 3175 404 3220 tua.
436 3164 550 3219 Non
591 3164 883 3220 secundum
914 3172 1133 3233 peccata
1163 3177 1279 3217 mea
1312 3162 1472 3216 facias
1516 3162 1643 3215 mihi
1673 3204 1685 3225 ,

116 3271 280 3325 neque
334 3254 634 3310 secundum
678 3253 983 3324 iniquitates
1028 3267 1176 3307 meas
1225 3251 1489 3307 rctribuas
1538 3251 1687 3304 mihi.

114 3348 205 3401 Sed
236 3347 440 3417 adjuva
469 3362 575 3410 me,
607 3346 747 3401 Dens
787 3345 1035 3401 salutaris
1065 3359 1233 3409 mens,
1262 3351 1314 3397 et
1353 3352 1569 3412 propter
1600 3342 1692 3396 ho-

117 3452 297 3491 norem
327 3436 661 3491 noministni
708 3435 873 3489 libera
903 3450 1008 3489 me.
1060 3433 1296 3503 Benigne
1344 3433 1427 3487 fac
1471 3432 1521 3486 in
1556 3433 1691 3487 bona

117 3530 386 3583 voluntate
436 3537 555 3593 tua,
600 3536 658 3583 ut
695 3526 984 3582 inhabilem
1034 3527 1085 3579 in
1117 3525 1275 3579 domo
1319 3532 1406 3578 tua
1447 3524 1692 3579 omnibus

117 3617 296 3673 diebus
328 3620 454 3672 vita:
481 3633 629 3681 mem,
658 3626 714 3671 ut
740 3618 791 3671 in
819 3617 1069 3672 smeulum
1098 3615 1280 3671 smculi
1311 3630 1431 3669 cum
1455 3614 1693 3669 habitan-

119 3709 249 3762 tibus
296 3710 353 3763 in
380 3724 444 3763 ea
475 3709 681 3763 laudem
711 3718 782 3763 te.
808 3707 997 3777 Surge,
1030 3715 1252 3777 propera
1274 3747 1288 3772 ,
1335 3721 1530 3776 sponse
1558 3706 1692 3760 dile-

120 3807 357 3859 ctissime
384 3802 576 3855 animte
602 3816 756 3865 mem,
790 3809 842 3855 et
872 3799 980 3854 noli
1006 3798 1347 3854 considerare
1376 3798 1514 3868 quod
1548 3796 1692 3853 fusca

121 3908 165 3950 et
190 3898 345 3966 nigra
372 3902 457 3950 est
482 3894 730 3963 peccatis.
763 3891 995 3948 Ostende
1025 3891 1098 3946 illi
1121 3891 1308 3946 faciem
1336 3900 1499 3945 tuam.
1527 3890 1697 3944 Sonet

122 4007 212 4047 vox
238 4003 333 4046 tua
359 3991 416 4045 in
445 3990 664 4043 auribus
692 3989 801 4042 suis
834 4006 848 4043 :
872 4002 978 4042 vox
1004 3995 1093 4041 tua
1120 3984 1313 4052 dulcis,
1342 3991 1399 4039 et
1422 3983 1583 4039 facies
1608 3992 1695 4039 tua

126 4084 334 4139 decora.
366 4080 447 4138 Ne
476 4091 684 4137 avertas
709 4094 824 4135 eam
853 4094 881 4132 a
909 4094 1029 4144 me,
1062 4086 1117 4133 et
1141 4090 1209 4131 ne
1237 4075 1476 4131 declines
1505 4076 1556 4129 in
1599 4074 1698 4130 hac

129 4174 245 4228 hora
278 4189 309 4228 a
357 4186 517 4227 servo
563 4182 673 4225 tuo.
725 4170 800 4226 Ne
829 4168 1007 4224 tradas
1046 4184 1133 4223 me
1164 4168 1216 4222 in
1261 4166 1466 4221 animas
1512 4179 1697 4235 perse-

129 4268 399 4335 quentium
430 4280 560 4319 me:
601 4271 851 4331 exspecto
897 4271 979 4326 te,
1014 4259 1253 4314 Domine.
1294 4256 1469 4312 Credo
1516 4250 1698 4311 videre

129 4356 254 4410 bona
288 4354 502 4409 Domini
544 4353 597 4407 in
626 4360 767 4406 terra
803 4351 1110 4406 viventium.
1154 4348 1287 4402 Veni
1319 4362 1446 4417 ergo
1468 4389 1480 4413 ,
1505 4344 1699 4401 dilecte

126 4448 215 4510 mi,
247 4442 590 4516 egrediamur
620 4442 670 4496 in
699 4456 901 4512 agrum,
935 4440 1208 4495 videamus
1235 4439 1278 4493 si
1321 4437 1497 4492 floruit
1522 4437 1695 4491 vinea.

124 4539 392 4591 Converte
419 4534 691 4603 planctum
722 4547 901 4587 meum
940 4530 992 4585 in
1028 4529 1275 4601 gaudium
1317 4526 1467 4583 mihi.
1500 4527 1697 4582 lnclina

124 4630 193 4679 ad
216 4643 304 4681 me
332 4640 517 4680 aurem
549 4632 714 4685 tuam,
746 4622 1003 4687 accelera,
1035 4630 1094 4676 ut
1120 4620 1189 4675 de
1217 4620 1316 4675 hac
1342 4620 1697 4691 lacrymarnm

119 4728 173 4773 et
205 4718 545 4772 miseriarum
574 4715 712 4770 valle
742 4715 936 4783 eripias
962 4729 1068 4769 me.

185 4810 325 4864 Chr.
358 4808 521 4862 XLV.
569 4806 693 4861 Haec
739 4807 827 4861 ubi
866 4807 947 4861 vir
988 4806 1355 4861 sanctissimus
1380 4804 1700 4859 continuatis

115 4901 403 4973 lacrymis,
432 4909 487 4954 et
511 4900 753 4954 manibus
783 4899 833 4953 i'n
866 4898 1058 4954 castum
1085 4898 1280 4954 erectis
1303 4897 1456 4962 dixit,
1485 4912 1702 4967 parum-

115 5008 209 5061 per
254 4990 440 5045 siluit.
478 4990 673 5045 Deinde
712 4989 903 5045 fratres
951 4991 1160 5045 intuens
1203 4990 1338 5045 dixit
1386 5008 1400 5045 :
1445 4989 1704 5058 Przeeipio

114 5084 291 5149 vobis,
330 5080 426 5134 filii
468 5082 570 5135 mei
610 5080 969 5146 dilectissimi,
1016 5097 1112 5151 per
1141 5083 1386 5137 virtutem
1415 5089 1469 5136 et
1511 5096 1703 5135 nomen

114 5171 334 5225 Domini
359 5169 512 5235 Jesu,
538 5180 593 5225 ut
615 5186 809 5243 corpus
836 5188 1011 5227 meum
1034 5187 1154 5227 cum
1181 5171 1497 5227 dissolutum
1522 5170 1700 5236 fuerit,

116 5262 165 5313 in
202 5270 349 5317 terra
371 5262 529 5332 juxta
558 5277 798 5334 praesepe
821 5264 1025 5319 Domini
1051 5263 1218 5317 nostri
1250 5263 1449 5317 nudum
1477 5262 1705 5333 sepelia-

116 5357 203 5420 tis,
236 5365 297 5411 ut
320 5354 450 5409 illud
481 5355 615 5411 ferat
642 5370 821 5411 secum
848 5355 1082 5420 rediens,
1108 5353 1490 5422 quod‘veniens
1516 5368 1708 5421 appor-

116 5444 265 5501 tavit.
322 5442 511 5499 Nudus
559 5445 686 5500 inde
733 5459 982 5516 egressus
1031 5457 1192 5506 sum,
1243 5442 1417 5495 nudus
1471 5444 1709 5495 revertar

116 5534 259 5589 illuc.
302 5535 556 5592 Societur
584 5544 729 5590 terra
762 5544 918 5591 teme
952 5551 967 5589 :
999 5549 1106 5589 non
1138 5534 1263 5588 licet
1290 5541 1483 5586 terram
1515 5531 1706 5585 sociari

120 5624 405 5692 lapidibus.
474 5626 699 5697 Appetit
760 5626 905 5680 enim
958 5624 1274 5680 naturaliter
1328 5636 1482 5676 suum
1535 5622 1708 5677 simile

120 5717 415 5783 quodlibet.
450 5716 655 5774 lterum
693 5729 825 5786 rogo
856 5730 949 5770 vos
973 5755 990 5783 ,
1014 5725 1070 5772 ut
1100 5714 1307 5771 Domini
1338 5712 1441 5768 mei
1472 5712 1702 5769 afferatis

3240 328 3350 387 270

1787 449 2015 505 corpus,
2046 448 2309 508 quatenus
2341 437 2392 492 in
2423 452 2520 493 suo
2562 437 2612 493 lu
2628 440 2769 495 mine
2799 437 3001 498 videam
3042 444 3253 511 lumen,
3303 456 3359 501 nt

1789 524 2011 581 firmans
2038 540 2203 598 super
2243 543 2331 582 me
2356 528 2542 583 oculos
2570 544 2696 585 suos
2734 526 2826 583 det
2856 532 2983 585 mihi
3030 534 3353 590 intellectum

1789 626 1846 673 et
1891 618 2125 675 instruat
2168 635 2255 676 me
2299 621 2353 676 in
2398 622 2483 675 via
2524 636 2627 691 qua
2677 621 2910 692 gradior.
2955 621 3105 677 Tunc
3144 625 3357 694 quidam

1792 707 1956 765 frater
1974 708 2041 765 ad
2072 710 2247 766 locum
2272 709 2555 779 accedens,
2580 711 2997 767 sacratissimum
3022 727 3214 782 corpus
3237 714 3361 768 Jesn

1790 800 1984 857 Christi
2026 801 2236 859 obtulit.
2270 804 2423 872 Quod
2452 804 2538 860 ubi
2586 804 2667 860 vir
2712 805 2921 859 Domini
2952 804 3134 859 videre
3164 805 3361 874 potuit,

1792 890 1945 947 nobis
1978 892 2029 948 ei
2071 892 2451 948 auxiliantibus
2471 936 2487 961 ,
2518 894 2807 965 prostravit
2830 908 2891 948 se
2932 895 2984 947 in
3018 904 3211 949 terram
3244 908 3367 962 pro-

1794 997 1914 1050 nus,
1944 990 1999 1039 et
2027 999 2157 1040 voce
2180 995 2234 1040 et
2260 983 2512 1057 lacrymis
2540 994 2796 1056 quantum
2836 993 3045 1056 poterat
3082 985 3320 1041 clamans
3349 1003 3363 1039 :

1794 1072 2057 1139 Domine,
2103 1076 2222 1145 quis
2272 1090 2373 1145 ego
2419 1091 2565 1141 sum,
2623 1082 2682 1130 ut
2732 1076 2832 1130 sim
2863 1076 3053 1146 dignus
3081 1074 3223 1146 quod
3268 1075 3372 1129 sub

1795 1171 1990 1217 tectum
2039 1179 2213 1220 meum
2264 1166 2428 1221 intres
2447 1166 2487 1220 ἱ
2515 1164 2705 1220 Meruit
2747 1164 2848 1221 hoc
2878 1176 3121 1236 peccator
3165 1164 3370 1218 homo?

1795 1253 1971 1315 Certe,
2002 1254 2242 1319 Domine,
2273 1272 2378 1310 non
2404 1270 2522 1310 sum
2536 1255 2745 1326 dignus.
2769 1255 3035 1327 Numquid
3053 1270 3152 1326 ego
3179 1254 3364 1308 melior

1796 1358 1913 1397 sum
1940 1357 2097 1413 quam
2127 1360 2313 1400 omnes
2341 1357 2518 1415 patres
2545 1346 2784 1401 meii'l‘u
2817 1347 3028 1400 noluisd
3067 1344 3235 1416 Moysi
3262 1360 3369 1397 uno

1798 1434 1901 1488 ictu
1928 1435 2068 1489 oculi
2101 1447 2151 1491 te
2181 1447 2498 1491 monstrare.
2531 1437 2637 1491 Cur
2678 1454 2819 1492 nunc
2865 1448 3067 1493 tantum
3101 1447 3152 1493 te
3195 1436 3371 1490 humi-

1798 1525 1915 1590 lias,
1949 1534 2007 1579 ut
2036 1526 2253 1595 patiaris
2279 1527 2345 1580 ad
2376 1528 2645 1581 hominem
2675 1527 3003 1583 descendere
3033 1526 3368 1597 publicanum

1795 1625 1848 1670 et
1894 1616 2273 1683 peceatorem?
2314 1616 2379 1670 Et
2409 1633 2512 1670 non
2552 1618 2724 1672 solum
2767 1632 2889 1673 eum
2932 1619 3023 1673 illo
3048 1617 3370 1673 manducare

1795 1708 1891 1766 vis.
1922 1708 2014 1761 sed
2044 1708 2269 1774 tcipsum
2302 1709 2608 1763 manducari
2639 1708 2705 1762 ab
2736 1709 2825 1763 illo
2842 1709 3019 1779 jubcs.

1859 1794 1985 1850 Car.
2020 1796 2459 1868 XLVl.Cumque
2495 1813 2656 1868 prope
2703 1800 2851 1853 illum
2902 1808 3045 1855 esset
3073 1797 3324 1853 sacerdos
3350 1837 3365 1862 ,

1790 1890 2003 1959 erigens
2030 1903 2088 1944 se
2114 1889 2197 1944 vir
2213 1888 2477 1959 gloriosus
2500 1890 2729 1960 genibus
2765 1890 2919 1945 ﬂexis
2944 1932 2959 1955 ,
2988 1905 3113 1945 eum
3158 1890 3367 1944 cunctis

1792 1979 2097 2035 tenentibus
2118 2017 2134 2045 ,
2180 1980 2385 2049 magnis
2412 1979 2663 2051 lacrymis
2686 1988 2741 2036 et
2767 1979 3012 2049 suspiriis
3031 2021 3047 2045 ,
3075 1987 3129 2033 et
3178 1992 3335 2049 quam
3354 2006 3368 2020 ο

1790 2069 1989 2139 pluries
2045 2071 2347 2140 percutiens
2394 2079 2582 2140 pectus
2616 2084 2770 2125 suum
2822 2070 2953 2125 dixit
2984 2088 2999 2125 :
3030 2069 3109 2124 Tu
3138 2084 3198 2125 es
3229 2070 3369 2125 Deus

1792 2175 1964 2227 meus,
1999 2169 2054 2216 et
2082 2162 2335 2216 Dominus
2366 2176 2516 2216 meus
2540 2201 2555 2226 ,
2594 2161 2684 2230 qui
2730 2174 2834 2229 pro
2857 2175 2942 2213 me
2975 2174 3163 2228 passus
3186 2174 3273 2224 es,
3301 2172 3366 2211 an

1792 2252 1928 2306 forte
1948 2250 2119 2305 alius?
2142 2247 2300 2305 Certe
2329 2258 2382 2304 tu
2403 2264 2462 2305 es
2488 2250 2599 2316 ille,
2626 2249 2715 2319 qui
2742 2264 2862 2304 eum
2887 2251 3022 2304 Deus
3051 2262 3199 2303 esses
3225 2248 3372 2301 solus

1791 2352 1916 2400 ante
1945 2344 2122 2398 omnia
2152 2352 2389 2413 tempora
2438 2353 2492 2399 et
2520 2344 2636 2399 sine
2674 2344 2931 2414 principio
2957 2343 3171 2414 genitus
3208 2358 3237 2399 a
3266 2343 3372 2397 Deo

1792 2435 1949 2491 Patre
1972 2444 2172 2491 mterna
2202 2445 2255 2491 et
2290 2436 2698 2507 ininvestigabili
2725 2435 3067 2507 generatione
3090 2476 3104 2500 ,
3132 2435 3219 2503 qui
3247 2448 3368 2489 Clllll

1792 2526 1909 2596 ipso
1936 2525 2096 2582 Patre
2113 2535 2168 2582 et
2184 2528 2383 2597 Spiritu
2410 2526 2608 2582 Sancto
2630 2542 2766 2581 unus
2786 2526 2925 2582 Deus
2939 2541 3019 2593 es,
3052 2540 3373 2596 permanens

1793 2617 1923 2672 illud
1950 2617 2091 2672 idem
2118 2618 2260 2688 quod
2308 2632 2426 2673 eras
2470 2627 2525 2673 et
2552 2632 2610 2674 es
2632 2661 2646 2685 ,
2684 2619 2820 2672 intra
2853 2619 3006 2673 unius
3035 2617 3227 2688 puellae
3252 2631 3374 2671 cor-

1792 2708 2070 2778 pusculum
2104 2718 2156 2764 te
2199 2709 2468 2775 clausisti,
2498 2710 2669 2765 factus
2709 2710 2869 2765 homo
2904 2710 3041 2765 sicut
3086 2723 3186 2779 ego
3226 2723 3367 2763 sum.

1797 2797 1931 2853 Vere
1975 2808 2026 2853 et
2066 2798 2205 2854 Deus
2231 2808 2284 2853 et
2310 2799 2469 2854 homo
2489 2812 2569 2855 es.
2597 2798 2688 2854 Sic
2715 2799 2857 2853 enim
2882 2800 2934 2853 in
2959 2798 3196 2867 virginali
3221 2804 3373 2849 utero

1794 2890 2062 2944 hominem
2090 2891 2399 2960 suscepisti,
2432 2890 2572 2960 quod
2600 2905 2698 2946 nec
2721 2891 2836 2944 sine
2866 2889 3079 2944 homine
3109 2888 3246 2942 Deus
3272 2901 3331 2942 es
3355 2926 3371 2951 ,

1794 2996 1893 3036 nec
1921 2982 2036 3037 sine
2073 2981 2183 3036 Deo
2226 2983 2385 3036 homo
2419 2998 2433 3036 :
2476 2981 2718 3046 quamvis
2755 2994 2924 3049 neque
2962 2977 3263 3033 humanitas
3306 2979 3376 3032 sit

1794 3072 2064 3137 divinitas,
2093 3086 2191 3127 nec
2216 3070 2465 3126 divinitas
2491 3071 2810 3127 humanitas.
2839 3070 2956 3127 Non
2988 3080 3111 3127 sunt
3138 3068 3375 3124 confusae

1798 3172 2017 3227 nature,
2049 3163 2288 3231 quamvis
2312 3163 2387 3216 sit
2433 3177 2537 3216 una
2582 3172 2638 3216 et
2686 3162 2872 3217 eadem
2921 3162 2976 3216 in
3018 3171 3069 3217 te
3121 3175 3367 3231 persona.

1797 3251 1982 3307 Nonne
2010 3268 2069 3307 es
2096 3262 2291 3310 caroet
2320 3253 2484 3307 frater
2512 3268 2661 3308 meus
2685 3253 2708 3306 ?
2739 3252 2875 3308 Vere
2903 3254 2999 3308 sic.
3034 3252 3247 3307 Famem
3281 3252 3377 3305 ha-

1797 3344 1980 3410 buisti,
2014 3344 2172 3399 sitisti
2195 3384 2215 3411 ,
2237 3344 2430 3401 flevisti
2452 3382 2466 3411 ,
2502 3359 2649 3399 meas
2678 3345 3013 3401 infirmitates
3056 3344 3285 3399 habuisu
3318 3358 3389 3399 ut-

1799 3451 1917 3507 ego.
1948 3436 2053 3491 Sed
2083 3444 2258 3490 tamen
2301 3437 2351 3490 in
2384 3444 2433 3489 te
2458 3435 2709 3506 peccandi
2740 3437 3021 3491 infirmitas
3048 3446 3101 3491 et
3132 3435 3375 3490 defectus

1801 3542 1903 3581 non
1931 3526 2026 3580 fuit
2052 3535 2107 3581 nt
2134 3528 2183 3580 in
2212 3542 2315 3591 tne,
2353 3542 2459 3581 non
2480 3527 2623 3582 enim
2654 3542 2875 3598 peccare
2901 3528 3115 3598 potuiin
3166 3536 3223 3582 ut
3248 3543 3370 3596 ego.

1801 3617 1854 3671 Ιιι
1902 3627 1953 3672 te
1983 3618 2078 3671 fuit
2108 3619 2458 3689 corporaliter
2483 3629 2641 3674 etest
2670 3622 2846 3676 omnis
2872 3622 3145 3691 plenitudo
3166 3622 3371 3689 gratim.

1801 3724 1904 3762 non
1930 3710 2067 3764 enim
2085 3708 2205 3764 data
2226 3711 2321 3764 fuit
2347 3711 2436 3765 tibi
2464 3713 2630 3781 gratia
2649 3713 2722 3766 ad
2751 3727 3074 3767 mensuram.
3100 3712 3210 3765 Tua
3232 3714 3370 3766 enim

1801 3802 1975 3854 anima
2007 3802 2184 3854 statim
2204 3816 2322 3855 cum
2343 3802 2497 3856 unita.
2520 3802 2945 3871 inseparabiliter
2972 3803 3071 3855 fuit
3089 3802 3373 3862 divinitati,

1801 3891 1977 3945 Omnia
2003 3892 2235 3960 perfecte
2256 3892 2415 3946 scivit
2439 3901 2490 3946 ct
2522 3892 2711 3962 potuit,
2730 3907 2847 3961 qum.
2870 3892 2980 3961 ipsa
3001 3892 3102 3946 scit
3126 3900 3180 3945 ct
3202 3901 3381 3960 potest

1803 3981 2077 4037 divinitas.
2099 3982 2365 4048 Quantum
2392 3981 2459 4036 ad
2499 3982 2735 4036 divinam
2765 3989 3029 4047 naturam,
3079 3996 3199 4050 qua:
3231 3982 3281 4035 in
3326 3992 3376 4035 te

1803 4081 1903 4136 est,
1934 4081 2137 4125 aeterno
2159 4071 2299 4125 Patri
2330 4072 2437 4125 Deo
2463 4072 2680 4141 aequalis
2706 4086 2785 4127 es.
2813 4070 2917 4127 Sed
2946 4072 3198 4136 obillam,
3217 4087 3374 4143 quam

1806 4176 1901 4231 pro
1920 4168 2097 4215 nostra
2117 4159 2487 4229 redemptione
2501 4162 2831 4231 assumpsisti
2853 4162 3258 4227 humanitatem,
3280 4165 3379 4216 mi-

1805 4266 1902 4305 nor
1934 4267 1992 4307 es
2021 4266 2035 4306 :
2061 4264 2165 4305 nec
2188 4260 2361 4304 tamen
2377 4266 2439 4305 ex
2470 4265 2533 4304 eo
2548 4251 2761 4320 aliquod
2787 4251 3019 4305 incurris
3037 4253 3375 4321 vitnpcrimn.

1805 4342 1882 4397 'l‘u
1917 4356 2107 4413 nempe
2156 4357 2215 4397 es
2246 4342 2335 4397 ille
2370 4358 2527 4412 quem
2558 4343 2608 4395 in
2635 4341 2881 4398 Iordanis
2900 4343 3053 4398 alveo
3080 4343 3378 4413 baptizante

1804 4438 2043 4502 Joanne,
2082 4452 2181 4491 vox
2210 4438 2387 4493 subito
2440 4446 2654 4507 paterna
2706 4437 2917 4493 ccelitus
2974 4439 3064 4493 inti
3089 4439 3201 4493 nuit
3232 4458 3243 4492 :
3280 4439 3377 4493 llic

1806 4529 2099 4600 (inquiens)
2128 4538 2199 4582 est
2234 4528 2397 4583 Filius
2424 4545 2562 4583 meus
2610 4529 2820 4584 dilectus
2857 4530 2909 4582 in
2951 4546 3048 4600 quo
3099 4532 3220 4585 milii
3261 4534 3380 4585 bene

1804 4621 2107 4690 complacui,
2136 4620 2301 4689 ipsum
2338 4620 2525 4674 audite.
2550 4620 2617 4674 Et
2637 4620 2864 4690 Spiritus
2884 4620 3111 4676 Sanctus
3138 4623 3187 4675 in
3214 4634 3281 4681 te,
3325 4634 3380 4674 ut

1805 4714 2047 4769 Columba
2091 4713 2459 4780 descendens,
2517 4722 2569 4768 te
2599 4729 2761 4767 unum
2814 4727 2947 4768 esse
2966 4729 3085 4768 cum
3135 4715 3288 4766 Patre
3327 4725 3381 4765 et

1806 4804 2052 4859 eumdem
2082 4804 2132 4858 in
2159 4805 2451 4859 substantia
2481 4804 2787 4858 declaravit.
2819 4804 2919 4867 'l‘u,
2945 4804 3081 4857 bone
3105 4802 3251 4863 Jesu,
3285 4818 3381 4869 pro

1808 4908 1899 4948 me
1918 4895 2090 4949 crucis
2110 4902 2214 4949 tam
2234 4895 2434 4965 grande
2452 4894 2503 4948 in
2532 4902 2621 4948 tuo
2640 4895 2761 4958 isto,
2782 4892 2920 4962 quod
2941 4905 3175 4961 praesens
3194 4906 3377 4954 cerno,

1809 4999 2040 5055 corpore
2068 4986 2260 5040 subisti
2292 4985 2611 5053 supplicium
2632 5024 2646 5048 ,
2675 4993 2732 5037 ut
2762 4993 3023 5046 mortem,
3054 4996 3209 5050 quant
3248 4983 3383 5037 meis

1812 5076 2141 5130 incurreram
2182 5075 2395 5144 flagitiis
2420 5116 2433 5140 ,
2479 5075 2815 5128 interimeres
2844 5089 2857 5125 :
2888 5073 3092 5126 animas
3138 5074 3384 5144 antiquo-

1813 5181 1929 5219 rum
1949 5205 1964 5229 ,
2010 5178 2142 5232 quas
2167 5163 2365 5217 dudum
2397 5162 2659 5215 diabolica
2704 5170 2936 5231 potestas
2968 5162 3189 5217 miseras
3219 5164 3269 5218 in
3298 5166 3379 5218 in.

1814 5254 2107 5311 fernalibus
2154 5252 2849 5318 mansionibusretinebat,
2898 5268 3281 5322 recnpcrarcs,
3329 5266 3382 5310 et

1818 5356 1977 5401 totam
2010 5344 2287 5397 humanam
2318 5350 2729 5412 naturam,qua:
2775 5352 3046 5397 eorruerat
3075 5344 3124 5397 in
3156 5356 3380 5400 mortem

1817 5449 2151 5511 perpetuam,
2186 5446 2277 5489 tuo
2321 5450 2439 5489 cum
2477 5437 2587 5506 ipsa
2616 5435 2893 5506 pacificate
2921 5437 3077 5491 Patre
3107 5439 3170 5491 ad
3220 5440 3379 5494 vitam

1817 5528 2296 5594 interminabilem,
2328 5538 2417 5581 tuo
2446 5543 2600 5597 quem
2633 5543 2728 5597 pro
2778 5527 2888 5594 ipsa
2931 5526 3106 5583 fudisti
3150 5532 3382 5600 pretioso

1816 5624 2090 5694 sanguine,
2123 5631 2428 5674 revocares.
2452 5620 2616 5688 Cujus
2659 5618 2870 5688 quidem
2897 5621 3051 5687 vitm,
3083 5621 3169 5676 die
3208 5639 3385 5676 resur-

1817 5729 1944 5787 gens
1977 5711 2147 5777 tertia,
2176 5707 2240 5764 de
2264 5709 2354 5764 illo
2381 5709 2432 5764 in
2460 5726 2564 5782 quo
2592 5718 2831 5765 mortuus
2856 5710 3067 5781 jacuisti
3097 5712 3381 5776 barathro,
