4048 6186
627 373 732 431 271

632 483 1010 547 eertitudinem
1049 463 1405 527 ﬁrmissimam
1433 447 1812 521 comprobasti.
1840 445 1956 512 Quo
1985 437 2202 510 quidem

636 531 1177 640 .n‘ds't-rauestvsolidata
1223 555 1353 611 ﬁdes
1380 557 1435 605 et
1459 553 1615 602 aucta
1651 556 1807 612 Spes,
1851 545 1910 591 ut
1947 535 2084 589 sicut
2119 531 2204 584 in-

638 627 992 736 edrruptibilis
1029 660 1086 708 et
1134 639 1474 717 impassibilis
1513 645 1568 690 et
1609 627 1922 736 immortalis
1959 633 2209 736 resqrre-

638 711 786 823 ;isti,
804 711 874 810 Iita
904 744 1150 804 similiter
1170 749 1224 794 et
1253 750 1353 791 nos
1381 736 1746 796 resurgamus.
1773 719 1854 773 Tu
1883 711 2211 778 ccrte,bone

636 804 1104 922 etvp'ienDomine,
1147 840 1266 905 post
1292 837 1434 885 tuam
1465 817 1868 922 mirabilemlet‘
1885 804 2210 922 singular‘em

637 893 1104 1001 resurrectionem,
1129 893 1474 996 quadraginta
1510 907 1736 1001 expletis
1975 938 1991 963 ,
2019 893 2214 1001 quibus

640 1025 979 1104 experientia
1009 985 1184 1077 lucida
1226 985 1561 1104 indiciorum.
1585 996 1962 1104 multiplicium
1989 997 2106 1104 ,"te
2120 985 2216 1104 Aab

641 1074 828 1183 inferis
854 1118 1034 1173 vivum
1062 1103 1425 1166 resurreaisse
1449 1089 1750 1156 dcelarasti,
1778 1094 1831 1141 et
1859 1091 1916 1139 ut
1945 1079 2091 1136 nulla
2119 1074 2221 1130 dn—

642 1209 917 1272 bitationis
959 1205 1190 1261 oriretur
1208 1195 1402 1264 caligo,
1437 1188 1506 1244 ad
1547 1183 1714 1241 ceeios
1748 1174 1954 1272 cunctis
1993 1181 2220 1272 cerncnv

1199 1257 1412 1359 propria
1433 1279 1630 1333 virtute
1649 1264 1958 1327 ascendisti,
1970 1257 2223 1364 .mihique

646 1346 839 1469 Ξξιῖιῖἷεξ
865 1346 1364 1452 resreransparadisi
1384 1414 1400 1440 ,
1427 1369 1493 1426 ad
1517 1367 1610 1423 Dei
1633 1361 1807 1469 Patrijs
1841 1346 2224 1422 omnipotentis

957 1449 1244 1534 consedisti
1265 1509 1280 1534 ,
1308 1464 1398 1521 ubi
1427 1462 1542 1517 sine
1571 1455 1675 1511 ﬁne
1699 1449 1879 1506 sedes.

1063 1564 1160 1621 .Tu
1174 1531 1411 1628 insuper,
1427 1553 1566 1606 bone
1577 1546 1726 1608 Jesu,
1741 1557 1768 1594 a
1785 1531 2227 1633 Deoconstitutus

653 1669 814 1741 judex
828 1665 1075 1719 vivorum
1103 1663 1158 1710 et
1182 1657 1512 1707 mortuorum
1530 1680 1545 1704 ,
1571 1638 1708 1692 sicut
1733 1634 1786 1688 in
1816 1629 1905 1741 in:
1929 1625 2228 1741 die‘asee‘n-

818 1757 892 1810 ita
905 1755 960 1808 in
979 1711 1254 1806 tremendo
1276 1747 1330 1793 et
1345 1730 1585 1790 horribili
1613 1719 1927 1825 universalis
1938 1713 2121 1786 judicii
2142 1711 2230 1825 die

981 1801 1207 1895 reddere
1235 1824 1460 1897 singulis
1489 1815 1782 1908 secundum
1809 1823 1969 1880 opera
1999 1819 2117 1876 quin
2147 1801 2225 1904 fe-

662 1947 871 1999 cerunt.
901 1935 1095 1990 Coram
1139 1935 1192 1980 te
1219 1929 1365 1979 certe
1394 1926 1520 1972 tunc
1542 1906 1818 1982 procident
1855 1913 2036 1971 reges,
2059 1893 2235 1952 omnis

663 1985 830 2090 strata
855 2025 960 2084 erit
987 2015 1302 2080 dominatio.
1324 2011 1402 2065 Te
1438 2016 1564 2062 tunc
1604 2013 1791 2057 omnes
1822 1993 2082 2048 timebunt
2101 2027 2118 2054 ,
2145 1985 2236 2057 qui

666 2078 1323 2181 “nunc—icontemnunt.
1347 2099 1485 2170 Qnid
1521 2106 1648 2152 tunc
1687 2091 1780 2146 tibi
1811 2085 2050 2143 infelices
2082 2120 2099 2148 ν
2146 2078 2237 2150 qui

665 2227 809 2272 nunc
855 2171 977 2268 cum
1022 2197 1392 2261 malefeccrint
1417 2189 1749 2263 gloriantur.
1791 2180 1976 2236 dicent
2018 2192 2032 2229 :
2070 2171 2160 2243 qui
2191 2181 2243 2225 te

666 2304 846 2363 omnia
872 2300 1131 2357 scientem
1149 2294 1397 2349 cernent,
1424 2261 1619 2352 quibus
1647 2273 1850 2330 nullum
1877 2265 2110 2338 amplius
2137 2261 2243 2317 erit

668 2392 965 2453 remedium
1006 2373 1428 2441 misericordiae?
1453 2367 1590 2438 Quid
1616 2366 1669 2420 in
1690 2367 1979 2430 conspectu
2010 2351 2243 2426 potentis

671 2484 872 2547 omnia,
898 2473 1170 2535 cernentis
1193 2467 1392 2530 omnia,
1436 2471 1492 2518 et
1521 2459 1696 2516 solum
1737 2450 1880 2524 quod
1921 2449 2126 2519 justum
2162 2448 2247 2496 est

673 2531 979 2650 judicantis,
1006 2566 1200 2624 facient
1220 2557 1424 2621 miseri,
1459 2553 1548 2624 qui
1597 2556 1765 2603 totum
1795 2555 1947 2599 suum
1981 2538 2033 2592 in
2063 2531 2247 2590 mundi

1413 2647 1424 2650 ‘
1646 2649 1652 2650 ί
1906 2632 2016 2650 νιμ--
2059 2623 2247 2650 λεμιιεε..

675 2623 998 2722 vanitatibus
1014 2665 1069 2716 et
1082 2651 1296 2725 ﬂagitiis
1321 2623 1614 2703 amiserunt
1642 2649 1872 2706 tempus,
1902 2632 2019 2704 plus
2054 2623 2252 2682 divitiis

677 2717 976 2820 fallacibus,
1009 2717 1181 2822 quam.
1194 2743 1290 2800 tibi
1315 2741 1646 2798 insistentes,
1676 2730 1796 2802 plus
1821 2726 2070 2822 ﬁlios-.‘et
2096 2717 2250 2781 ﬁlias,

756 2813 945 2905 mundi
964 2813 1195 2916 gloriam
1222 2839 1651 2892 momentaneam
1675 2834 1834 2893 quam
1860 2826 1912 2872 te
1932 2813 2213 2882 diligentes
2239 2822 2252 2858 :

681 2942 804 3015 quid
831 2952 958 2996 tunc
972 2908 1189 2992 'facient
1215 2943 1336 2986 cum
1362 2934 1510 2981 tuum
1537 2932 1662 2990 erga
1699 2928 1795 2970 eos
1821 2911 2012 2967 iratum
2037 2908 2263 3004 cernent

681 2993 909 3100 vultum,
939 3043 1061 3086 cum
1090 3034 1198 3081 tam
1225 3030 1466 3078 severam
1500 3005 1887 3080 exspectabunt
1913 2993 2260 3058 sententiam,

684 3087 924 3184 comicos
949 3121 1015 3178 de
1042 3117 1266 3174 minimo
1291 3121 1506 3182 quoque
1529 3097 1853 3172 cogitamine
1872 3099 1925 3148 et
1941 3087 2154 3184 pr0pria
2168 3097 2263 3184 ac:

685 3216 894 3275 eusabit
929 3205 1276 3272 conscientia,
1303 3171 1360 3258 et
1399 3171 1704 3254 daemonium
1739 3194 1955 3275 caterva
1980 3220 1995 3246 ,
2015 3187 2080 3275 ct
2105 3171 2266 3275 simul

687 3265 956 3381 quaslibet
969 3265 1242 3361 creatura,
1263 3265 1446 3363 'quam
1474 3296 1527 3342 te
1553 3287 1720 3339 Deum
1750 3269 2070 3334 oﬂendcndo
2094 3265 2268 3366 oden-

691 3355 922 3454 derunt:
951 3406 1073 3448 cum
1097 3355 1354 3442 videbunt
1395 3377 1576 3434 statim
1619 3385 1740 3429 eum
1791 3363 1951 3422 fuerit
2004 3355 2270 3418 sententia

694 3489 985 3556 ili-vulgata,
1013 3496 1074 3536 se
1099 3478 1385 3546 adepturos
1413 3474 1700 3527 tormenta,
1735 3459 1929 3530 quibus
1975 3462 2030 3510 et
2074 3460 2272 3518 corpus

697 3591 751 3637 et
779 3541 956 3632 anima
985 3570 1139 3626 simul
1167 3563 1546 3622 cruciabuntur
1569 3570 1691 3612 cum
1713 3548 1943 3608 diabolis
1968 3546 2086 3603 sine
2126 3541 2232 3595 ﬁne
2255 3579 2271 3604 ,

699 3669 902 3725 nullum
934 3663 1056 3719 inde
1081 3661 1134 3715 in
1166 3665 1483 3730 perpetuum
1511 3642 1846 3716 refrigerium
1869 3629 2276 3707 exspectantes?

701 3759 794 3813 Vin
833 3770 914 3810 vte
937 3721 1282 3818 miseris,'qui
1305 3744 1356 3799 in
1385 3742 1486 3797 isto
1513 3747 1618 3793 tam
1641 3731 1790 3791 brevi
1813 3739 2054 3798 tempore
2073 3721 2278 3778 vilissi-

701 3849 805 3904 mis
834 3843 987 3902 bonis
1010 3813 1394 3910 temporalibus
1431 3829 1605 3896 ebrii,
1633 3838 1753 3897 qua:
1795 3837 1903 3877 non
1935 3817 2106 3872 solum
2154 3813 2278 3868 iuo-

704 3940 847 4010 piam
887 3950 995 3990 non
1029 3929 1278 3985 auferunt
1316 3923 1427 3980 suis
1473 3913 1908 3991 possessoribus,
1937 3906 2032 3964 sed
2063 3913 2119 3961 et
2165 3904 2280 3973 ipsa

705 3995 854 4085 suam
875 4025 1074 4080 faciunt
1093 4017 1459 4089 indigentiam,
1485 4010 1813 4081 negligentes
1833 4003 1884 4060 in
1901 4000 2130 4057 belluam
2144 3995 2284 4052 redi-

705 4129 924 4192 guntur.
944 4115 1058 4178 Vin,
1075 4127 1157 4167 va:
1185 4110 1272 4182 qui
1303 4107 1490 4163 saltem
1519 4109 1666 4159 tanto
1692 4099 1795 4155 hoc
1823 4097 2016 4152 timore
2037 4101 2283 4162 peccare,

707 4180 763 4266 et
789 4219 932 4265 tuam
960 4180 1254 4278 provocare
1303 4194 1631 4254 iracundiam
1669 4203 1776 4246 non
1803 4185 2056 4244 desinunt
2075 4222 2090 4246 ,
2117 4180 2164 4236 si
2193 4187 2286 4234 tuo

710 4302 896 4358 nolunt
918 4269 1123 4362 amore,
1155 4302 1215 4349 ut
1243 4297 1510 4347 tenentur.
1531 4283 1638 4341 Sed
1675 4278 1944 4353 quomodo
1963 4317 1979 4343 ,
2009 4273 2095 4344 pie
2123 4269 2248 4326 Jesu
2271 4309 2287 4334 ,

712 4402 772 4447 tu.
795 4391 947 4459 cujus
976 4358 1119 4443 tanta
1139 4393 1223 4439 est
1249 4377 1661 4450 magniﬁcentia,
1685 4381 1744 4426 ut
1772 4369 1915 4426 nulla
1941 4371 2102 4437 queat
2119 4358 2291 4431 expli—

713 4496 838 4536 care
857 4488 1099 4534 creatura
1132 4491 1146 4528 :
1175 4449 1357 4542 quem
1376 4466 1516 4532 cmli,
1548 4477 1717 4528 mare,
1740 4470 1794 4517 et
1819 4456 1997 4514 omnia
2022 4466 2142 4524 qua:
2175 4449 2294 4520 ejus

715 4570 917 4626 ambitu
946 4567 1307 4627 continentur,
1337 4573 1530 4629 capere
1577 4570 1683 4611 non
1727 4558 1987 4623 possunt:
2025 4546 2114 4617 qui
2150 4542 2291 4600 idem

718 4672 863 4720 totus
894 4659 1091 4730 ubique
1103 4656 1344 4711 locorum
1375 4661 1610 4720 praesens
1637 4660 1718 4711 es,
1739 4657 1839 4698 nec
1863 4640 2006 4694 intus
2034 4636 2292 4700 inclusus,

716 4772 818 4812 nec
845 4728 1310 4810 extra—exclusus:
1341 4742 1480 4798 idem
1499 4741 1552 4793 in
1574 4735 1710 4793 caelo
1739 4732 1804 4788 ad
1827 4731 1998 4787 Patris
2019 4728 2296 4784 dexteram

719 4847 960 4905 omnium
992 4850 1346 4911 supernorum
1375 4831 1568 4888 civium
1610 4821 1884 4882 beatitudo
1913 4829 1967 4877 et
1987 4819 2177 4890 gloria,
2206 4814 2298 4886 qui

721 4951 824 4996 tua:
848 4909 1179 4993 celsitudinis
1196 4927 1430 4999 speciem
1449 4917 1906 4988 contemplantur:
1933 4911 2072 4967 idem
2088 4909 2139 4964 iu
2160 4917 2300 4963 terra

723 5031 923 5104 pugillo
947 5029 1116 5098 ipsam
1143 5021 1427 5080 continens
1456 5023 1510 5072 et
1538 5009 1866 5069 concludens
1895 5004 2072 5060 :idem
2095 5003 2147 5057 iu
2167 4999 2302 5055 mari

724 5100 774 5179 et
798 5100 850 5177 in
880 5117 1090 5190 abyssis
1117 5113 1185 5170 ad
1211 5121 1397 5169 nutum
1427 5119 1618 5177 regens
1639 5100 1816 5158 omnia
1855 5105 1911 5152 et
1935 5103 2262 5150 conservans
2287 5106 2301 5144 :

725 5214 867 5269 idem
897 5212 948 5266 in
976 5208 1193 5264 inferno
1224 5211 1468 5274 potenter
1497 5195 1812 5258 dominans,
1839 5189 1939 5245 sub
1978 5193 2122 5240 tanta
2153 5180 2306 5253 panis

725 5302 984 5359 brevitate
998 5295 1312 5356 contineris.
1339 5305 1444 5347 non
1470 5281 1886 5360 particulariter,
1908 5275 2002 5335 sed
2025 5275 2232 5344 integre
2252 5279 2308 5327 et

729 5391 965 5463 perfecte
990 5404 1052 5444 ac
1079 5381 1527 5456 inseparabiliter.

801 5455 1258 5535 αλκχιιγιιιζο
1299 5469 1584 5529 ineffabilia
1631 5460 1952 5526 admiratio,
1989 5471 2024 5514 o
2067 5455 2307 5511 omnium

735 5571 1028 5626 novitatum
1057 5566 1283 5620 novitas.
1313 5561 1465 5618 Oculi
1494 5562 1547 5614 in
1577 5568 1630 5614 te
1665 5555 1847 5610 vident
1866 5549 2192 5613 albetlincm,
2219 5561 2307 5600 sa-

739 5672 921 5729 porem
947 5655 1110 5711 sentit
1134 5663 1338 5723 gustus,
1367 5650 1587 5705 odorem
1606 5645 1857 5706 olfactus,
1879 5649 2160 5707 tactusque
2184 5636 2314 5691 sub-

741 5752 981 5808 tilitatem
1010 5743 1228 5818 reperit.
1247 5741 1353 5798 Sed
1380 5739 1590 5795 auditus
1634 5732 1783 5790 cordi
1806 5738 2153 5800 repricsentat
2176 5731 2226 5784 in
2258 5737 2308 5786 te

1655 326 2006 392 EUSEBIUS,
2048 323 2135 378 DE
2173 314 2408 376 MORTE
2443 309 2840 369 ΗΙΕΒΟΝῚΜΙ.

3779 298 3886 356 272

2313 431 2403 486 illa
2419 444 2525 485 non
2546 428 2661 484 fore
2680 422 2996 482 accidentia.
3015 420 3318 475 ﬂinc'certe
3333 430 3427 488 per
3443 429 3511 470 se
3523 412 3638 470 sola
3654 415 3880 471 existunt

2312 519 2607 576 accidentia
2631 518 2747 572 sine
2771 513 3059 583 subjecto:
3081 510 3205 579 quia
3230 523 3362 574 non,
3390 515 3449 560 ut
3479 503 3734 559 humanis
3751 506 3885 561 vide~

2317 621 2402 666 tur
2417 610 2684 674 sensibus,
2702 608 2855 678 panis
2869 621 2949 668 es,
2966 603 3060 659 sed
3072 601 3227 657 Jesus
3245 598 3490 655 Christus
3506 597 3733 666 integer,
3754 596 3887 654 sicut

2317 703 2369 757 in
2389 701 2526 757 celo
2540 699 2608 754 ad
2625 698 2802 753 Patris
2823 696 3096 751 dexteram
3123 690 3328 746 resides
3346 689 3488 744 Deus
3509 698 3562 743 et
3579 686 3759 742 homo.
3785 689 3888 742 Ave

2317 793 2469 862 panis
2489 790 2630 854 vitae,
2663 789 2753 858 qui
2781 786 2849 842 de
2872 785 3018 840 coelo
3040 780 3398 847 descendisti,
3412 778 3546 834 dans
3573 788 3625 834 te
3649 778 3893 833 sument}

2319 882 2421 937 bus
2447 881 2609 953 digne
2643 879 2834 942 vitam,
2867 892 2983 931 non
3022 875 3165 930 sicut
3191 886 3385 927 manna
3411 869 3636 941 quodin
3678 868 3901 924 deserto

2321 973 2520 1030 nostris
2540 971 2674 1042 pluit
2693 969 2954 1041 patribus,
2985 968 3054 1024 de
3079 981 3192 1037 quo
3214 978 3402 1020 omes
3423 963 3512 1033 qui
3540 962 3894 1018 manducave-

2323 1073 2450 1120 runt
2468 1062 2662 1118 mortui
2681 1070 2826 1116 sunt.
2844 1058 3004 1115 Certe
3020 1057 3108 1128 qui
3129 1064 3180 1110 te
3207 1054 3368 1126 digne
3385 1052 3570 1118 sumit,
3598 1065 3904 1122 quanquam

2323 1167 2498 1209 morte
2524 1151 2794 1223 corporali
2819 1150 2996 1205 anima
3023 1163 3054 1202 a
3083 1160 3311 1216 corpore
3335 1153 3636 1215 separetur,
3659 1156 3768 1196 non
3796 1157 3902 1198 mo-

2326 1247 2494 1302 rietur
2522 1245 2576 1300 in
2607 1252 2865 1298 internum
2897 1257 2914 1296 :
2942 1239 3066 1309 quia
3090 1253 3198 1293 non
3228 1237 3319 1292 illa
3342 1235 3614 1305 separatio
3636 1247 3784 1288 mors
3798 1241 3905 1300 est,

2329 1336 2423 1392 sed
2447 1335 2514 1390 de
2547 1343 2724 1390 morte
2751 1333 2820 1388 ad
2849 1333 3010 1386 vitam
3043 1329 3324 1384 transitus.
3352 1326 3510 1383 Unde
3536 1326 3627 1396 qui
3661 1336 3713 1380 te
3747 1324 3904 1394 digne

2329 1425 2617 1482 manducat
2646 1425 2698 1480 in
2729 1423 2960 1486 mundo,
2989 1420 3228 1476 moriens
3273 1427 3448 1473 tecum
3476 1424 3677 1472 :nterne
3727 1415 3912 1472 vivere

2332 1515 2608 1589 incipit.0
2651 1531 2813 1588 quam
2858 1515 3093 1586 pretiosa
3137 1525 3285 1566 mors
3330 1508 3426 1564 illa
3462 1517 3581 1574 est,
3625 1516 3913 1577 antequam

2337 1609 2580 1664 homines
2636 1607 2834 1663 mortui
2879 1613 3046 1671 sunt,
3075 1612 3356 1674 postquam
3401 1599 3664 1670 incipiunt
3708 1599 3913 1654 vivere.

2337 1699 2415 1766 Tu
2439 1699 2589 1768 panis
2616 1697 2942 1767 Angelorum
2964 1736 2980 1762 ,
3018 1703 3104 1749 tua
3133 1693 3342 1748 visione
3383 1691 3616 1762 Angelos
3656 1688 3838 1744 reﬁcis
3861 1699 3914 1744 et

2337 1789 2623 1862 gloriﬁcas.
2673 1787 2754 1842 Tu
2792 1800 2914 1842 esca
2963 1799 3024 1841 es
3063 1784 3294 1848 animae,
3339 1795 3447 1837 non
3489 1779 3732 1849 corporis
3765 1797 3782 1834 :
3812 1780 3915 1832 im-

2339 1882 2599 1951 pinguans
2651 1885 2919 1942 mentem,
2975 1891 3085 1930 non
3136 1882 3402 1930 ventrem.
3448 1870 3552 1939 Qui
3613 1870 3667 1925 in
3707 1877 3768 1924 te
3809 1882 3916 1923 non

2341 1972 2700 2040 impinguatur
2725 1970 2777 2022 itt
2806 1967 3111 2032 virtutibus,
3141 1965 3301 2020 nimis
3330 1978 3472 2034 inger
3493 1962 3638 2032 jacet
3661 1961 3713 2016 in
3759 1959 3913 2029 ﬂagi-

2345 2062 2451 2117 tiis.
2474 2060 2552 2115 Tu
2580 2070 2632 2115 te
2655 2057 3092 2123 manducantem,
3119 2065 3177 2110 ut
3201 2054 3463 2110 condecet
3483 2053 3536 2108 in
3565 2061 3620 2108 te
3649 2060 3927 2105 transmar-

2345 2161 2448 2219 tas,
2478 2160 2537 2206 ut
2565 2151 2640 2206 tui
2671 2149 3075 2220 participatione
3104 2145 3370 2202 efﬁciatur
3393 2145 3536 2200 Deus
3566 2160 3582 2197 :
3610 2157 3711 2198 nec
3737 2150 3919 2197 tamen

2347 2247 2399 2301 in
2427 2245 2575 2300 illum
2605 2243 2992 2307 transmutaris,
3015 2241 3164 2296 velut
3183 2240 3288 2293 alia
3317 2251 3578 2308 corporea
3628 2234 3759 2290 facit
3782 2248 3924 2290 esca.

2349 2335 2455 2392 Sed
2495 2350 2574 2389 vin
2596 2343 2646 2390 te
2676 2333 2890 2404 indigne
2913 2330 3272 2387 sumentibus.
3293 2328 3455 2384 Certe
3494 2326 3563 2382 ad
3596 2327 3680 2382 sui
3711 2339 3933 2396 pinnam

2349 2435 2405 2481 et
2428 2433 2633 2489 reatum
2677 2423 2874 2478 iterum
2905 2430 2957 2478 te
2981 2419 3321 2490 cruciﬁgunt,
3355 2433 3463 2472 non
3493 2415 3643 2486 quod
3663 2424 3716 2470 te
3735 2412 3933 2484 dijudi-

2352 2525 2438 2572 cet
2462 2515 2549 2570 illa
2590 2514 2954 2582 manducatio,
2983 2511 3243 2582 quoniam
3271 2507 3618 2581 impassibil'ts
3638 2516 3695 2563 et
3713 2507 3937 2561 immoro

2355 2610 2476 2665 talis
2501 2609 2720 2663 omnino
2744 2621 2824 2662 es.

2427 2701 2556 2756 Car.
2578 2697 2763 2754 XLIX.
2784 2697 2936 2752 lleu!
2967 2694 3185 2751 domine
3226 2693 3298 2748 mi
3323 2731 3341 2760 ,
3371 2689 3498 2762 quid
3542 2689 3768 2746 dicam!
3793 2684 3947 2757 Quod

2359 2790 2518 2846 hodie
2563 2800 2616 2846 te
2643 2788 2951 2846 sacerdotes
2991 2786 3283 2842 comedunt
3325 2784 3380 2838 in
3409 2781 3564 2836 altari
3591 2821 3610 2848 ,
3649 2788 3711 2834 ut
3755 2790 3949 2834 carnes

2363 2881 2628 2952 pecudum
2657 2889 2713 2938 et
2747 2879 3021 2935 volucrum
3046 2919 3062 2944 ,
3097 2877 3205 2931 imo
3238 2873 3414 2946 pejus.
3444 2871 3612 2927 Nocte
3654 2867 3946 2924 mulierum

2367 2976 2612 3031 fruuntur
2635 2980 2758 3027 actu
2785 2969 3119 3040 turpissimo,
3149 2975 3203 3022 et
3230 2974 3282 3021 te
3303 2977 3458 3018 mane
3499 2959 3842 3017 masticando
3863 2972 3954 3013 co-

2367 3063 2608 3121 medunt.
2635 3060 2758 3126 Ubi,
2787 3058 3030 3122 Domine,
3060 3056 3238 3111 latitas
3255 3051 3500 3109 idormis
3528 3064 3704 3118 ne,an
3725 3046 3954 3120 vigilas?

2371 3157 2466 3212 Est
2513 3153 2610 3211 tibi
2648 3153 2750 3207 hoc
2775 3159 3056 3220 acceptum
3079 3145 3444 3203 sacriﬁcium?
3474 3143 3570 3199 Est
3610 3143 3729 3198 haec
3761 3139 3957 3198 oblatio

2371 3261 2531 3320 quam
2569 3244 2759 3316 eligis?
2788 3240 3023 3297 Exaudis
3045 3253 3231 3310 preces
3254 3251 3442 3293 eorum
3483 3235 3554 3292 de
3595 3233 3776 3300 (20310,-
3807 3231 3954 3290 etde

2374 3339 2501 3395 sedc
2533 3335 2827 3407 majestatis
2853 3332 2999 3389 ture?
3032 3331 3173 3386 Vere
3201 3329 3248 3386 si
3283 3329 3386 3384 hoc
3425 3327 3589 3383 velles
3631 3323 3955 3381 sacriﬁcium

2375 3439 2430 3485 et
2479 3428 2747 3492 libamen,
2798 3422 3030 3480 mendax
3059 3422 3218 3476 ﬁeres
3256 3427 3313 3475 et
3357 3425 3706 3489 peccatorum
3756 3413 3952 3469 socius.

2377 3520 2557 3582 Certe,
2586 3515 2833 3581 Domine,
2864 3514 2910 3569 si
2930 3527 3055 3568 vera
3100 3519 3226 3566 sunt
3260 3524 3382 3580 quin
3409 3523 3504 3578 per
3526 3521 3589 3562 os
3625 3505 3881 3575 loquutus
3904 3515 3962 3557 es

2381 3610 2792 3680 Prophetarum,
2818 3605 3038 3675 sijustis
3063 3602 3237 3658 solum
3267 3596 3750 3671 supplicationibus
3769 3602 3962 3667 priesto

2382 3719 2440 3760 es
2459 3720 2472 3756 :
2491 3710 2545 3759 et
2567 3701 2613 3757 si
2638 3699 2731 3756 tibi
2759 3698 2931 3768 placet
2955 3697 3198 3765 aequitas,
3217 3694 3318 3747 hoc
3335 3691 3439 3746 tale
3462 3698 3544 3745 est
3566 3686 3966 3758 impediendum

2385 3792 2708 3851 sacriﬁcium
2737 3805 2804 3845 ne
2836 3788 2946 3853 ﬁat,
2986 3799 3290 3858 quanquam
3319 3784 3374 3837 in
3400 3797 3458 3836 se
3483 3789 3540 3836 et
3566 3788 3759 3834 natura
3787 3777 3871 3833 sui
3895 3789 3970 3828 sa-

2385 3887 2646 3944 criﬁcium
2663 3885 2860 3940 bonum
2885 3880 2978 3949 sit,
2999 3894 3099 3934 nec
3129 3875 3302 3948 possit
3326 3873 3514 3929 violari
3538 3870 3698 3926 malis
3715 3865 3972 3925 sacerdo-

2387 3979 2531 4036 tibus
2563 3995 2576 4032 :
2605 3974 2728 4048 quia
2748 3972 2948 4028 malitia
2978 3985 3084 4024 non
3107 3966 3313 4038 judicat
3329 3962 3672 4019 sacriﬁcium.
3692 3958 3855 4016 Unde
3882 3957 3975 4009 hu-

2383 4066 2619 4140 jusmodi
2642 4062 2959 4122 sacriﬁcium
3003 4059 3063 4113 ﬁt
3092 4057 3159 4112 ad
3187 4053 3495 4112 sacerdotis
3523 4049 3899 4122 prmjudicium
3929 4054 3984 4100 ct

2389 4138 2807 4222 damnationem,
2831 4167 2932 4210 nec
2953 4152 3029 4224 (a)
3050 4165 3146 4221 pro
3171 4149 3365 4220 quibus
3391 4147 3477 4212 ﬁt,
3497 4143 3715 4215 prodest
3733 4160 3749 4196 :
3766 4141 3880 4196 imo
3906 4138 3986 4210 (ut

2390 4243 2876 4318 verissimedicam)
2897 4244 2987 4314 qui
3009 4243 3169 4297 vitam
3186 4238 3481 4296 sace’rdmis
3496 4234 3762 4307 agnoscit,
3782 4241 3840 4288 et
3862 4245 3987 4287 eum

2393 4357 2493 4416 pro
2518 4357 2578 4398 se
2593 4341 2867 4397 celebrare
2887 4336 3033 4403 facit,
3051 4335 3109 4390 ﬁt
3124 4333 3177 4389 in
3204 4331 3443 4402 ejusdem
3464 4337 3682 4400 peccato
3702 4325 3988 4387 conscius,

2395 4413 2496 4491 nec
2525 4449 2632 4489 non
2654 4440 2709 4488 et
2732 4443 2906 4502 pinna:
2923 4426 3209 4499 particeps.
3230 4422 3537 4492 Omagnum
3553 4429 3608 4474 et
3629 4413 3997 4472 inscrutabile

2397 4525 2735 4599 mysterium.
2767 4522 2928 4578 Panis
2961 4518 3262 4576 accidentia
3283 4516 3602 4586 franguntur
3631 4526 3731 4581 per
3757 4517 3958 4580 partes
3981 4547 3996 4572 ,

2399 4598 2656 4676 ettamcn
2694 4614 2747 4669 in
2769 4612 3009 4684 qualibet
3034 4621 3320 4681 permanes
3347 4603 3604 4677 particula
3633 4610 3790 4656 totus
3821 4609 3882 4682 et
3911 4598 4000 4652 in-

2401 4720 2548 4778 tcger
2573 4707 2820 4764 Christus
2845 4705 2984 4759 sicut
3008 4677 3129 4758 eras
3157 4710 3334 4755 antea.
3353 4695 3400 4753 Ο
3429 4697 3790 4751 humanorum
3817 4677 4006 4745 illusio

2403 4814 2679 4860 sensuum.
2706 4797 3048 4868 Franguntur
3075 4792 3163 4847 illa
3189 4805 3311 4860 qua:
3359 4784 3604 4842 humanis
3647 4780 3924 4837 sensibus
3952 4779 4009 4833 in

2415 4902 2466 4948 tc
2504 4891 2750 4946 videntur
2776 4884 3069 4942 accidentia
3091 4922 3107 4950 ,
3140 4889 3195 4937 et
3221 4889 3399 4936 tamen
3427 4890 3526 4932 nec
3553 4869 3832 4941 frangcris
3855 4911 3874 4933 ,
3906 4883 4016 4924 nec

2406 4981 2788 5052 corrumperis.
2807 4979 2882 5034 Te
2901 4977 3090 5032 dentes
3104 4972 3352 5028 videntur
3378 4967 3657 5025 masticare
3681 4961 3867 5018 veluti
3897 4975 4020 5016 ma-

2409 5049 2654 5132 terialcm
2701 5085 2892 5141 pauem
2919 5109 2935 5136 ,
2977 5077 3030 5122 et
3059 5075 3238 5120 tamen
3279 5074 3547 5130 nunquam
3592 5051 3939 5112 masticaris.
3973 5049 4022 5106 Ο

2411 5167 2591 5224 nobile
2619 5162 2947 5227 convivium,
2996 5160 3050 5215 in
3080 5173 3189 5230 quo
3214 5157 3314 5212 sub
3357 5153 3507 5225 panis
3535 5158 3587 5205 et
3626 5146 3741 5202 vini
3774 5145 3979 5217 specie
4004 5184 4023 5212 ,

2415 5269 2557 5316 totus
2577 5255 2820 5313 Christus
2845 5253 2988 5309 Deus
3017 5258 3075 5308 et
3099 5249 3261 5306 homo
3288 5245 3542 5307 sumitur,
3569 5250 3623 5294 ct
3651 5239 3730 5294 ita
3764 5245 3930 5292 totus
3970 5235 4028 5289 in

2414 5349 2598 5421 specie
2625 5348 2779 5418 panis
2803 5385 2819 5412 ,
2849 5353 2904 5400 et
2939 5341 3180 5415 qualibet
3221 5339 3341 5408 ejus
3371 5332 3628 5406 particula
3654 5369 3672 5398 ,
3713 5338 3776 5384 et
3807 5329 3868 5384 in
3911 5327 4030 5382 viui

2416 5417 2595 5514 specie
2613 5417 2734 5494 eum
2758 5435 2996 5508 qualibet
3014 5440 3184 5505 gutta,
3209 5429 3350 5485 sicut
3375 5426 3427 5482 in
3457 5423 3607 5496 panis
3634 5419 3814 5476 totius
3835 5429 3898 5475 ct
3915 5417 4030 5472 vini

2482 5551 2555 5612 (α)
2577 5546 2854 5612 Nedum-»
2872 5543 3188 5612 meream.
3205 5539 3360 5612 pains.
3380 5528 3914 5612 sumePtPPIEE":
3936 5529 4030 5612 ξμς

2419 5616 2468 5664 in
2483 5590 2554 5660 ἶῗέ
2570 5590 3186 5666 ééiiéﬁiiﬁifeaiii‘siisi;
3203 5590 3308 5666 tum
3347 5599 3396 5666 in
3433 5594 3864 5666 Dialogo‘oontra
3889 5590 4029 5666 ιλιιοῇι

2420 5651 3025 5729 ἒὲνῖεἶηόζὲῖᾗρἓἰῑηὶιξξη
3053 5663 3142 5729 sed
3165 5651 3231 5710 ἐι
3260 5660 3323 5707 ab
3359 5659 3473 5729 ipsa.
3493 5651 3871 5729 hecfatiugr‘ct
3895 5651 4030 5703 utri

2423 5712 3170 5793 ὲῖἷᾶἧῖίῖίιὲξῖιέίῇᾆῦἶίἆωιυτ
3191 5732 3337 5785 posse
3361 5712 3622 5780 benignius
3643 5712 3838 5776 accipi.
