4048 6186
229 202 332 260 επ
1235 200 1588 270 EUSEBIUS,
1627 200 1715 256 nt:
1753 197 1985 254 nom
2024 199 2422 260 menoatvnt.
3385 222 3491 288 επ

226 318 401 394 specie
421 323 603 380 simul.
622 309 752 379 Nam
777 316 916 379 totus
943 324 1209 395 perfectus
1230 332 1282 376 et
1309 322 1519 391 integer
1534 318 1795 382 Christus,
1906 331 2029 373 cras
2074 327 2130 375 et
2180 320 2301 374 ﬁnis
2339 329 2392 373 et
2443 322 2782 393 principium.
2813 325 2893 382 Tu
2919 328 3068 386 solus
3095 331 3214 387 sine
3242 341 3486 404 tempore

225 416 328 471 sub
351 416 503 486 panis
531 415 708 485 specie
730 456 746 481 ,
795 425 849 471 et
895 419 998 471 sub
1035 416 1273 486 qualibet
1312 423 1800 486 quantumcumque
1903 417 2107 466 aeterne
2134 425 2165 466 a
2205 412 2314 466 Deo
2345 412 2507 469 Patre
2532 416 2763 484 genitus.
2798 418 2964 486 Quam
2994 423 3135 478 beati
3167 426 3259 495 qui
3287 434 3341 481 te
3361 427 3484 482 dili-

225 506 437 560 minima
466 506 768 562 continetur
795 506 1087 576 particula,
1134 515 1189 562 et
1233 503 1372 559 idem
1402 513 1542 559 totus
1592 503 1645 558 in
1688 502 1795 556 vini

223 597 399 664 specie
445 606 500 652 et
552 597 604 652 in
649 598 1023 670 qualicumque
1066 607 1213 669 gutta
1256 604 1550 668 permanet.
1583 597 1629 651 0
1672 610 1794 650 esca

220 691 572 746 sacratissima
596 731 611 755 ,
653 707 809 761 quam
841 707 968 747 vere
999 691 1286 747 comedens
1310 733 1326 758 ,
1358 692 1500 746 Deus
1524 688 1753 744 efﬁcitur
1775 729 1793 755 ,

214 781 360 848 juxta
389 780 519 836 illud
553 800 566 836 :
598 781 707 853 Ego
732 784 841 837 dixi
884 784 958 836 dii
983 784 1102 838 estis
1121 825 1135 847 ,
1158 793 1207 836 et
1235 783 1328 851 ﬁlii
1375 781 1562 837 excelsi
1591 796 1783 834 clunes.

216 869 496 926 Liberatur
517 887 546 926 a
573 873 758 939 malis,
790 874 1038 945 itnpletur
1066 875 1256 941 bonis,
1288 882 1344 927 et
1368 872 1682 927 immortalis
1708 872 1791 924 in-

210 959 517 1019 dubitanter
544 962 795 1021 efﬁcitnr.
821 964 866 1021 0
891 981 1103 1021 sacrum
1131 965 1573 1037 peregrinationis
1593 972 1790 1019 nostra:

208 1051 481 1121 viaticum,
509 1070 613 1125 quo
642 1056 710 1110 dc
736 1054 838 1110 hoc
864 1072 1091 1128 nequam
1128 1057 1326 1112 saeculo
1378 1057 1683 1126 pervenitur
1721 1056 1790 1110 ad

203 1142 447 1200 caelestis
485 1145 781 1201 Jerusalem
808 1147 1155 1202 consortium.
1183 1147 1368 1202 Patres
1409 1148 1578 1201 nostri
1609 1147 1662 1200 in
1690 1147 1788 1203 de-

194 1245 350 1290 serto
377 1251 571 1291 manna
600 1235 969 1303 comedentcs,
988 1252 1096 1292 non
1120 1247 1480 1309 pervenerunt
1501 1237 1567 1292 ad
1590 1246 1787 1292 terram

191 1327 605 1394 promissionis.
635 1327 733 1395 Qui
763 1344 893 1384 vero
925 1338 976 1385 te
999 1329 1255 1394 comedit,
1288 1330 1341 1383 in
1377 1329 1688 1384 fortitudine
1713 1329 1786 1384 tui

189 1415 500 1472 ambulabit
529 1434 696 1488 usque
725 1418 791 1472 ad
846 1429 1083 1474 montem
1132 1421 1222 1474 Dei
1249 1417 1411 1475 Orch.
1446 1420 1492 1475 0
1531 1420 1789 1475 eomestio

191 1505 583 1562 delicatissima
610 1548 628 1573 ,
690 1510 742 1562 in
774 1525 881 1578 qua
919 1510 1099 1565 omnis
1146 1512 1354 1580 saporis
1381 1519 1437 1566 et
1488 1511 1669 1565 odoris
1703 1521 1787 1567 est

191 1597 436 1651 suavitas
459 1638 478 1664 ,
525 1611 686 1652 omne
733 1598 1219 1668 delectamentum,
1251 1602 1428 1655 omnis
1475 1601 1738 1656 medicina
1761 1641 1780 1668 ,

192 1686 368 1742 omnis
393 1689 736 1752 sustentatio,
763 1690 1009 1743 etomnis
1036 1690 1246 1758 requies
1269 1704 1314 1742 a.
1331 1690 1532 1756 labore,
1551 1705 1650 1744 nec
1671 1706 1778 1744 non

189 1787 242 1833 et
261 1791 429 1832 omne
455 1777 596 1847 quod
623 1775 915 1833 desiderari
945 1788 1140 1849 potest.
1161 1779 1240 1834 Tu
1265 1788 1414 1834 certe
1442 1781 1546 1835 vita
1573 1796 1653 1846 es,
1671 1797 1775 1852 qua

192 1868 364 1923 otnnis
385 1867 807 1935 vivitcreatura,
827 1879 886 1924 et
910 1870 1029 1925 sine
1055 1885 1157 1940 qua
1190 1872 1438 1925 moritur.
1468 1871 1548 1926 Tu
1575 1887 1636 1927 es
1667 1874 1773 1928 vita

191 1958 386 2025 vitalis,
418 1959 612 2024 dulcis,
643 1969 700 2015 et
726 1960 993 2024 amabilis,
1015 1969 1174 2030 atque
1193 1961 1448 2030 jucunda.
1475 1963 1668 2020 Odoris
1696 1967 1771 2020 tui

191 2051 419 2104 suavitas
449 2065 624 2121 mgros
645 2061 850 2106 recreat
870 2059 926 2105 et
952 2051 1180 2115 debiles,
1207 2069 1344 2124 quos
1375 2064 1496 2108 tuus
1519 2055 1646 2110 facit
1683 2072 1770 2110 sa-

191 2158 282 2212 por
304 2142 553 2198 salubres
572 2153 629 2198 et
655 2143 998 2199 fortissimos.
1025 2143 1104 2199 Tu
1130 2145 1218 2200 lux
1241 2147 1330 2201 illa
1359 2147 1769 2218 incomprehen.

187 2236 386 2302 sibilis,
437 2251 562 2307 qua:
587 2251 803 2292 omnem
845 2237 1113 2294 illuminas
1155 2238 1432 2295 hominem
1463 2241 1768 2298 venientem

187 2326 234 2381 in
257 2325 395 2381 hunc
418 2327 700 2381 mundum.

246 2416 373 2474 Car.
399 2417 466 2472 L.
502 2418 634 2484 Tua,
658 2419 729 2472 mi
760 2419 1002 2488 Domine,
1030 2429 1110 2476 est
1135 2421 1313 2476 omnis
1331 2424 1586 2492 potentia,
1613 2431 1762 2480 tuum

185 2523 337 2565 omne
359 2525 612 2578 regnum,
642 2521 764 2565 ante
791 2521 842 2566 te
863 2513 1173 2568 curvabitur
1199 2527 1360 2569 omne
1387 2530 1547 2585 genu.
1571 2516 1760 2574 Onmia

184 2616 526 2672 qumcumque
570 2602 673 2668 vis,
709 2602 838 2658 facis
860 2604 913 2657 in
932 2605 1091 2669 calo,
1117 2615 1173 2660 et
1199 2607 1252 2659 in
1280 2615 1438 2672 terra,
1461 2609 1583 2663 etin
1603 2613 1756 2675 mari,

181 2704 230 2748 et
251 2694 481 2766 abyssis.
510 2694 642 2750 Tum
664 2695 794 2750 nihil
822 2707 905 2750 est
933 2697 1073 2765 quod
1099 2699 1267 2766 possit
1295 2698 1543 2755 resistere
1573 2702 1756 2756 volun-

184 2786 286 2839 tati.
310 2784 364 2840 ln
393 2797 469 2852 te,
507 2796 560 2841 et
589 2803 654 2842 ex
681 2797 734 2842 te
753 2829 768 2852 ,
797 2795 852 2842 et
882 2801 976 2858 per
1002 2799 1051 2843 te
1076 2800 1198 2843 sunt
1228 2791 1406 2844 omnia
1431 2832 1445 2857 ,
1473 2800 1530 2846 et
1556 2795 1673 2848 sine
1703 2804 1755 2850 te

183 2874 322 2931 nihil.
349 2877 444 2932 Eia
483 2892 613 2947 ergo
641 2877 814 2933 ﬁdelis
837 2878 1012 2932 anima
1044 2878 1238 2948 gaude,
1271 2880 1508 2949 epulare,
1542 2898 1610 2936 ne
1638 2899 1754 2939 mo-

183 2967 302 3022 reris
328 2967 409 3021 his
436 2969 588 3037 pasci
615 2967 831 3023 deliciis
851 3008 869 3035 ,
899 2984 970 3023 ne
996 2969 1264 3039 pigriteris
1294 2970 1394 3024 hoc
1425 2971 1524 3026 frui
1567 2976 1751 3028 convi-

181 3060 286 3126 vio,
318 3060 368 3115 in
397 3075 516 3131 quo
557 3075 662 3115 non
697 3075 886 3115 carnes
925 3062 1192 3116 hirCornm
1220 3073 1312 3116 aut
1339 3073 1650 3131 taurorum,
1696 3075 1754 3121 ut

179 3149 290 3202 olim
335 3151 387 3204 in
426 3151 572 3219 lege,
599 3150 694 3205 sed
735 3150 1030 3205 Salvatoris
1077 3151 1152 3204 tui
1195 3166 1390 3221 corpus
1430 3154 1751 3210 sumendum

183 3243 499 3311 mponitur.
518 3242 568 3300 0
586 3244 792 3313 signum
820 3243 1122 3298 dilectionis
1141 3244 1506 3313 inopinabilis,
1524 3255 1582 3301 ut
1608 3247 1750 3303 idem

182 3333 244 3387 sit
269 3334 419 3390 dator
444 3333 592 3405 quod
618 3333 720 3406 (a)
749 3335 907 3390 datur
927 3374 946 3401 ,
979 3344 1037 3390 et
1081 3335 1311 3390 donator
1349 3335 1490 3392 idem
1516 3338 1587 3392 sit
1607 3338 1751 3408 quod

187 3423 337 3492 ipsum
369 3424 600 3479 donum.
643 3425 813 3493 Quam
843 3440 1031 3495 magna
1057 3425 1288 3481 dulcedo
1315 3436 1405 3481 tua
1428 3468 1445 3494 ,
1486 3429 1747 3498 Domine,

186 3530 322 3583 quam
359 3517 691 3574 abscondisti
734 3519 1044 3574 timentibus
1079 3528 1161 3585 te,
1213 3529 1268 3575 et
1307 3520 1578 3591 perfecisti
1626 3539 1746 3580 eam

185 3609 501 3674 sperantibus
534 3609 587 3663 in
617 3618 688 3664 te.
718 3608 761 3664 Ο
793 3609 1049 3663 ferculum
1080 3611 1623 3682 excellentissimum,
1653 3631 1748 3676 ve-

187 3698 479 3765 nerandum,
510 3699 818 3764 colendum,
844 3701 1205 3768 adorandum,
1236 3703 1663 3774 gloriﬁcaudnm,
1693 3717 1745 3764 et

186 3791 591 3858 amplectendum
616 3832 633 3857 ,
657 3792 904 3846 omnibus
932 3793 1296 3848 extollendum
1337 3796 1581 3852 laudibus
1604 3839 1618 3862 ,
1648 3814 1744 3853 ex-

186 3878 428 3936 altandum
455 3883 672 3937 cunctis
704 3884 1007 3953 prmconiis,
1041 3884 1263 3940 ﬁrmiter
1286 3887 1337 3940 in
1364 3889 1542 3943 cordis
1579 3889 1746 3945 visce-

187 3971 314 4025 ribus
340 3974 680 4030 retinendum
705 4015 720 4041 ,
768 3984 825 4030 et
847 3977 1121 4045 perpetuis
1161 3977 1494 4046 temporibus
1519 3979 1743 4050 alligan-

187 4061 294 4118 dum
321 4067 522 4122 animo.
551 4066 761 4122 Cecidit
801 4067 964 4121 homo
995 4084 1090 4137 per
1117 4068 1298 4123 cibum
1330 4068 1456 4138 ligni
1488 4070 1636 4124 vetiti
1676 4071 1744 4126 ad

186 4157 454 4225 miseriam,
481 4173 583 4228 per
608 4168 660 4212 te
690 4156 963 4212 relevatur
996 4157 1063 4212 ad
1095 4165 1351 4212 aeternam
1381 4158 1629 4229 gloriam.
1663 4161 1744 4216 Tu

185 4256 310 4302 certe
348 4250 399 4303 in
439 4250 606 4306 rectis
629 4257 686 4304 et
708 4249 938 4304 eruditis
966 4249 1172 4304 habitas
1196 4251 1631 4320 cogitationibus.
1659 4252 1746 4308 Tu

187 4337 548 4406 miserrimum,
577 4349 940 4410 arrogantem,
959 4350 1012 4396 et
1040 4341 1334 4410 superbum
1356 4341 1655 4398 detestaris
1669 4345 1746 4399 di-

187 4427 348 4494 vitem,
367 4445 489 4485 eum
521 4431 748 4486 dimittis
779 4432 992 4488 inanem
1021 4441 1075 4487 et
1103 4447 1322 4487 vacuum
1343 4471 1360 4499 ,
1390 4447 1454 4488 ac
1481 4433 1550 4488 de
1579 4443 1630 4489 te
1659 4434 1742 4490 fa-

188 4518 428 4575 melicum.
474 4521 557 4576 Tu
593 4536 883 4592 pauperem
908 4522 1107 4591 justum
1128 4563 1143 4586 ,
1176 4522 1319 4592 pium
1349 4532 1405 4578 et
1444 4523 1744 4592 humilem,

185 4609 409 4666 omnibus
446 4601 575 4668 eum
615 4613 840 4683 impleas
866 4613 1064 4668 divitiis
1085 4654 1098 4678 ,
1146 4623 1248 4667 tua:
1279 4613 1473 4669 domus
1498 4615 1742 4672 ubertate

185 4702 343 4758 satias.
365 4705 422 4760 ln
451 4714 502 4762 te
525 4715 584 4762 et
613 4721 706 4775 per
730 4715 782 4761 te
805 4715 890 4760 est
914 4716 1116 4761 rectum
1138 4706 1396 4775 judicium
1422 4715 1475 4762 et
1497 4709 1738 4778 aequitas,

183 4799 341 4849 tecum
364 4798 660 4867 prudentia.
691 4807 746 4854 ct
775 4797 1049 4866 fortitudo,
1077 4807 1132 4854 et
1159 4799 1334 4854 omnis
1362 4801 1604 4855 victoria.
1639 4801 1741 4855 l’er

184 4887 232 4933 te
255 4887 416 4939 sancti
438 4897 659 4958 regnant
681 4889 732 4943 in
758 4888 1086 4944 celestibus.
1121 4887 1221 4943 Per
1246 4897 1298 4944 te
1328 4888 1575 4944 doctores
1604 4905 1741 4958 prae-

182 4970 374 5029 dicant.
420 4976 517 5032 Ῥει-
542 4988 595 5034 te
614 4980 792 5050 justus
819 4981 1042 5034 viriliter
1068 4992 1256 5035 contra
1291 4981 1473 5035 hostes
1496 4981 1734 5036 dimicat.

183 5059 253 5116 Tu
282 5064 564 5135 superbum
600 5079 872 5140 potentem
911 5069 1135 5139 deponis
1179 5070 1246 5124 de
1274 5059 1405 5124 sede
1451 5069 1737 5124 exaltando

184 5147 436 5213 humilem.
480 5158 678 5214 Tecum
722 5173 846 5216 sunt
881 5175 1068 5214 omnes
1107 5159 1306 5214 divitize
1347 5167 1400 5212 et
1437 5157 1625 5228 gloria.
1658 5158 1736 5213 Tu

185 5237 444 5313 diligentes
482 5248 679 5319 diligis.
715 5251 814 5318 Qui
844 5249 912 5304 ad
943 5258 994 5302 te
1026 5264 1161 5316 puro
1196 5247 1360 5303 corde
1391 5249 1650 5319 vigilant,
1689 5257 1738 5302 te

185 5331 438 5396 inveniunt
461 5383 476 5408 ,
506 5345 757 5411 quoniam
789 5358 910 5397 cum
939 5339 1270 5409 simplicibus
1300 5348 1354 5394 ct
1382 5341 1544 5394 rectis
1577 5340 1738 5394 corde

186 5427 437 5492 gradieris.
463 5432 542 5487 Tu
584 5433 732 5487 solus
757 5443 882 5488 ante
917 5446 1079 5486 omne
1115 5427 1430 5501 principium
1456 5471 1471 5495 ,
1500 5430 1738 5484 onmium

186 5559 305 5668 dig
319 5559 452 5627 Lege
472 5578 587 5615 cum
601 5567 796 5628 antiqua
820 5564 1135 5629 Lugdunensi
1158 5561 1401 5624 Editione,
1427 5561 1610 5624 datum,
1637 5578 1735 5615 non

1903 510 2051 570 gunt,
2078 503 2167 572 qui
2195 503 2336 559 aliud
2363 520 2524 575 quam
2546 516 2597 561 te
2623 522 2727 562 non
2752 508 3076 579 desiderant,
3106 516 3196 585 qui
3223 517 3291 573 de
3321 527 3372 574 te
3393 534 3483 574 as-

1900 593 2056 650 sidue
2102 596 2337 666 cogitant
2361 638 2374 661 ,
2423 597 2514 668 qui
2545 607 2595 655 te
2621 599 2782 670 digne
2818 602 3147 671 comedunt,
3182 608 3272 676 qui
3303 619 3479 665 tecum

1900 696 2181 742 manentes
2210 704 2398 745 omnes
2429 691 2540 746 vias
2562 700 2681 747 tuas
2706 693 2854 748 omni
2885 705 3126 765 tempore
3153 701 3478 756 custodiunt.

1896 775 2056 832 Certe
2084 779 2173 848 qui
2198 788 2250 836 te
2279 780 2560 836 inveniunt
2589 823 2604 848 ,
2638 783 2917 840 inveniunt
2966 787 3127 839 vitam
3157 828 3172 852 ,
3230 793 3478 858 quoniam

1895 874 1951 920 ct
1979 866 2230 924 hauriunt
2257 870 2422 925 vitam
2465 871 2939 928 interminabilem.
2977 875 3024 930 0
3064 889 3189 930 esca
3225 877 3480 933 mirabilis

1893 971 1958 1012 ac
1980 960 2261 1029 stupenda,
2295 961 2625 1017 delectabilis
2647 978 2708 1017 ac
2732 963 2988 1034 jucunda,
3013 967 3276 1022 tutissima
3303 983 3365 1022 ac
3385 984 3477 1022 suo

1894 1063 1989 1116 per
2017 1052 2194 1105 omnia
2218 1053 2569 1124 peroptandal
2590 1053 2644 1108 ιη
2673 1069 2774 1124 qua
2799 1065 2874 1109 tot
2894 1067 3018 1110 sunt
3037 1057 3283 1112 innovata
3306 1059 3476 1128 signa,

1891 1151 1946 1193 et
1969 1142 2232 1198 mirabilia
2263 1144 2557 1201 immutata.
2576 1145 2634 1200 In
2666 1161 2769 1216 qua
2799 1162 2960 1203 omne
2987 1147 3213 1204 habetur
3238 1149 3477 1206 delecta-

1891 1243 2131 1287 mentum
2152 1275 2166 1300 ,
2189 1243 2244 1289 et
2270 1235 2337 1290 ad
2363 1238 2601 1292 onmium
2628 1239 2919 1309 gratiarum
2937 1241 3265 1314 proﬁcimus
3297 1243 3475 1298 incre-

1892 1335 2150 1382 mentum.
2175 1326 2346 1393 Quam
2370 1329 2654 1399 singularis
2683 1341 2736 1388 et
2762 1333 2997 1388 inaudita
3026 1343 3116 1390 tua
3149 1336 3466 1391 liberalitas.

1889 1415 2057 1482 Quam
2101 1418 2723 1488 supcrabundantissima
2769 1440 2833 1480 ac
2869 1427 3086 1498 prodiga
3126 1429 3342 1499 largitas
3371 1471 3386 1497 ,
3418 1441 3472 1484 ut

1889 1506 1962 1559 tui
2002 1509 2270 1563 netninem
2297 1522 2567 1567 exsortem
2595 1512 2781 1579 facias,
2821 1518 2923 1572 nisi
2952 1519 3017 1572 ad
3045 1528 3096 1575 te
3129 1520 3310 1574 venire
3339 1535 3469 1573 con-

1886 1603 2106 1650 temnat.
2131 1597 2186 1652 Si
2205 1601 2324 1668 quis
2345 1616 2473 1670 ergo
2489 1604 2740 1672 parvulus
2765 1616 2866 1671 est,
2892 1623 3080 1664 secure
3101 1610 3167 1662 ad
3191 1621 3242 1664 te
3264 1611 3462 1675 veniat,

1878 1692 1935 1737 et
1971 1693 2021 1738 te
2059 1689 2354 1742 comedens
2384 1691 2474 1743 fiat
2500 1707 2726 1762 magnus
2756 1734 2773 1758 ,
2825 1706 2874 1750 et
2908 1697 3220 1766 relinquens
3245 1701 3464 1752 semitas

1877 1772 2135 1860 infantia),
2155 1792 2250 1847 per
2269 1780 2382 1833 vias
2407 1781 2694 1838 ambulabit
2722 1787 3042 1854 prudentim.
3077 1787 3133 1842 Si
3158 1791 3278 1860 quis
3308 1790 3460 1844 dehi-

1875 1865 1942 1920 lis
1963 1877 2065 1932 est,
2089 1856 2155 1923 ad
2189 1879 2242 1925 te
2271 1871 2538 1937 declinet,
2560 1882 2614 1928 et
2651 1878 2896 1945 protinus
2926 1878 3016 1933 ﬁet
3048 1856 3216 1934 fortis.
3257 1881 3313 1936 Si
3340 1881 3462 1953 quis

1873 1955 2116 2013 inﬁrmus
2139 2001 2155 2026 ,
2198 1961 2497 2018 sanabitur.
2541 1964 2598 2020 Si
2629 1966 2749 2035 quis
2780 1977 3026 2023 mortuus
3053 1979 3168 2037 est,
3199 1971 3243 2025 si
3268 1973 3458 2027 audire

1873 2055 1926 2103 te
1956 2051 2222 2115 voluerit,
2255 2053 2416 2108 vitam
2447 2055 2899 2114 interminabilem
2929 2061 3318 2130 apprehendet.
3347 2064 3456 2119 Sed

1869 2141 1956 2208 qui
1981 2158 2202 2212 magnus
2225 2154 2306 2199 cst
2333 2155 2387 2200 et
2411 2146 2585 2212 fortis,
2611 2164 2708 2203 nec
2740 2149 2826 2205 hic
2853 2160 2904 2206 te
2926 2152 3140 2208 deserat
3173 2170 3187 2207 :
3214 2169 3335 2208 nam
3363 2170 3455 2208 su-

1869 2235 2300 2302 perabundantcr
2346 2240 2398 2294 in
2435 2249 2488 2295 te
2531 2241 2764 2297 inveniet
2808 2258 2914 2313 quo
2960 2255 3225 2314 pascatur.
3283 2245 3452 2304 Nemo

1865 2335 2011 2382 certe
2040 2328 2158 2384 sine
2189 2339 2238 2384 te
2265 2340 2441 2398 potest
2469 2331 2647 2388 vivere
2673 2333 2740 2388 ad
2770 2344 3124 2391 momentum.

1933 2417 2061 2472 Car.
2083 2418 2170 2473 LI.
2197 2420 2275 2475 Tn
2302 2422 2452 2476 solus
2469 2423 2630 2478 vitam
2656 2423 2752 2478 das
2778 2426 3027 2480 omnibus
3053 2429 3330 2483 creaturis.
3359 2429 3447 2484 ld-

1861 2507 2008 2563 circo
2037 2509 2220 2580 defecit
2245 2527 2333 2565 cor
2354 2529 2537 2579 meum,
2568 2522 2614 2567 et
2641 2531 2762 2568 cura
2787 2532 2897 2569 mea
2929 2532 2948 2570 :
2973 2515 3109 2572 Deus
3131 2520 3299 2574 cordis
3326 2523 3442 2587 mei,

1860 2610 1907 2654 et
1931 2617 2050 2670 pars
2077 2619 2189 2656 mea
2219 2602 2358 2659 Deus
2378 2607 2430 2659 in
2457 2608 2663 2661 secula.
2696 2607 2752 2662 ln
2777 2616 2828 2664 te
2847 2610 3020 2664 solum
3035 2610 3331 2668 delectatur
3349 2629 3444 2668 cor

1857 2709 2056 2749 meum.
2086 2694 2144 2751 In
2173 2703 2226 2751 te
2252 2699 2491 2753 exsultat
2517 2701 2694 2756 anima
2726 2716 2866 2757 mea.
2889 2701 3006 2758 Tibi
3037 2704 3135 2760 soli
3163 2705 3441 2763 adhaerere

1853 2786 2002 2854 cupit
2028 2801 2180 2843 mens
2211 2803 2326 2843 mea
2355 2807 2370 2844 :
2397 2791 2646 2860 quoniam
2673 2792 2761 2862 qui
2793 2792 3043 2864 elongant
3065 2809 3124 2850 se
3153 2810 3183 2849 a
3209 2805 3279 2860 te,
3313 2811 3437 2866 per-

1855 2876 2024 2944 ihupt.
2057 2878 2136 2933 Tu
2165 2889 2366 2947 autem,
2401 2881 2661 2949 Domine,
2692 2898 2759 2938 ne
2789 2882 2949 2952 longe
2980 2882 3146 2940 facias
3178 2885 3437 2942 auxilium

1854 2975 2001 3022 tuum
2026 2983 2055 3021 a
2076 2984 2182 3035 me,
2210 2971 2304 3025 sed
2330 2980 2471 3026 tuam
2499 2973 2565 3026 ad
2593 2987 2679 3027 me
2700 2972 2896 3028 inclina
2918 2987 3104 3029 aurem
3130 2976 3435 3032 misericor-

1849 3059 1972 3113 dize.
1995 3060 2072 3114 Te
2102 3060 2226 3116 edat
2253 3077 2487 3132 pauper,
2531 3074 2587 3120 et
2619 3065 2808 3134 inops,
2841 3075 2893 3120 ct
2915 3065 3138 3122 satictur
3169 3084 3182 3120 :
3217 3077 3272 3123 et
3303 3079 3431 3126 tmzc

1852 3151 2036 3206 vivens
2064 3166 2160 3206 cor
2185 3151 2424 3210 laudabit
2449 3165 2520 3209 te.
2565 3155 2610 3210 Ο
2649 3157 2736 3210 lux
2766 3157 3082 3225 invisibilis,
3116 3160 3436 3233 inextingui-

1850 3239 2004 3306 hilis,
2035 3250 2090 3296 et
2113 3242 2292 3297 omnia
2336 3260 2464 3300 vere
2502 3245 2812 3302 illuminans
2843 3289 2860 3314 ,
2904 3247 3113 3305 sedenti
3141 3267 3287 3307 careo
3315 3254 3436 3307 huic

1850 3345 2007 3388 secus
2037 3333 2175 3388 viam
2205 3335 2466 3391 miserere
2495 3337 2625 3391 mihi
2651 3378 2666 3402 ,
2702 3339 2776 3393 fili
2811 3340 2974 3396 David
3002 3381 3016 3406 ,
3040 3343 3328 3411 clamanti,
3359 3346 3434 3399 vi-

1849 3440 1966 3480 sum
1997 3426 2190 3487 tribue.
2221 3442 2440 3498 quaeso,
2471 3445 2576 3499 quo
2597 3440 2646 3486 te
2687 3431 2882 3487 videat.
2925 3433 3194 3504 Propitius
3228 3452 3432 3506 qua-so,

1850 3517 2072 3573 Domine
2097 3560 2112 3585 ,
2148 3519 2273 3574 huic
2303 3531 2420 3575 esto
2450 3524 2716 3592 peccaturi
2741 3565 2757 3590 ,
2787 3536 2843 3578 ut
2868 3526 2942 3580 sis
2974 3527 3106 3582 mihi
3138 3528 3187 3582 in
3216 3528 3430 3600 adjuto-

1848 3610 1984 3664 rium
2015 3618 2071 3666 et
2100 3611 2153 3664 in
2187 3611 2362 3666 locum
2389 3613 2573 3684 rcfugii
2601 3656 2614 3680 ,
2658 3624 2716 3670 ut
2763 3618 2968 3673 salvum
3013 3635 3099 3675 mc
3147 3619 3330 3676 facias.
3366 3621 3433 3675 Et

1849 3708 1975 3754 tunc
1995 3700 2038 3754 si
2070 3701 2335 3756 ambulem
2363 3703 2415 3756 in
2441 3704 2618 3759 medio
2643 3707 2841 3760 umbra!
2861 3709 3068 3775 mortis,
3098 3724 3203 3764 non
3234 3711 3432 3766 timebo

1847 3791 1983 3844 mala
2018 3810 2030 3844 :
2063 3792 2314 3860 quoniam
2336 3801 2392 3845 tu
2426 3809 2634 3848 mecum
2668 3810 2748 3850 cs.
2784 3797 3020 3851 Mortuus
3045 3815 3136 3861 cn.
3166 3800 3253 3868 pic
3277 3800 3426 3864 Jcsn,

1841 3881 1996 3949 jaceo
2025 3923 2040 3948 ,
2069 3896 2298 3952 exsurge
2317 3915 2339 3949 ,ι
2375 3891 2430 3938 et
2458 3885 2717 3940 resuscita
2748 3901 2835 3941 me
2860 3928 2876 3954 ,
2906 3895 2963 3942 et
2992 3888 3288 3945 conﬁtebor
3312 3891 3425 3944 tibi.

1844 3969 2008 4042 Aliger
2035 3980 2091 4026 et
2120 3973 2363 4028 inﬁrmus
2390 3990 2532 4039 sum,
2565 3977 2648 4031 cui
2677 3977 2817 4032 nulla
2840 3987 2921 4034 est
2942 3979 3173 4050 amplius
3193 3980 3245 4035 in
3267 3996 3430 4037 carne

1845 4062 2048 4117 sanitas
2069 4079 2087 4116 :
2113 4064 2353 4119 medicus
2373 4081 2453 4133 es,
2483 4082 2612 4122 sana
2634 4084 2740 4124 mc.
2765 4069 2948 4126 Nudus
2967 4071 3174 4142 aﬁligor
3193 4071 3392 4144 frigore
3415 4093 3425 4126 :

1846 4154 1998 4209 dives
2038 4169 2098 4210 es
2118 4195 2134 4219 ,
2169 4155 2328 4210 indue
2354 4172 2458 4211 me.
2491 4159 2651 4212 Fame
2682 4160 2732 4213 in
2764 4159 2864 4214 hac
2893 4161 3187 4218 solitudine
3216 4179 3380 4235 pereo
3413 4185 3426 4218 :

1844 4244 1996 4300 cibus
2018 4260 2099 4311 es,
2130 4247 2268 4302 satia
2297 4263 2383 4303 me
2409 4266 2424 4303 :
2453 4248 2589 4304 Sitio
2622 4266 2635 4302 :
2663 4249 2886 4305 salubre
2913 4253 3161 4322 poculum
3190 4271 3248 4310 es
3271 4297 3286 4323 ,
3314 4256 3428 4312 ine-

1844 4339 1957 4394 bria
1991 4354 2094 4394 me.
2132 4339 2332 4394 lnﬁxus
2368 4357 2487 4396 sum
2516 4342 2567 4396 in
2595 4341 2726 4396 limo
2755 4342 3054 4412 profundo,
3102 4354 3157 4401 et
3193 4362 3298 4402 non
3341 4357 3425 4404 cst

1845 4430 2162 4484 substantia.
2193 4431 2322 4486 Veni
2349 4432 2400 4484 in
2429 4432 2768 4489 altitudinem
2799 4437 2963 4490 maris
2987 4477 3003 4502 ,
3044 4445 3098 4493 et
3127 4445 3424 4510 tempestas

1843 4524 2100 4579 demersit
2123 4539 2228 4578 me.
2258 4523 2506 4578 Laboravi
2529 4525 2780 4594 clamans,
2803 4544 2971 4583 rauca:
2989 4534 3140 4600 facite
3167 4543 3284 4586 sunt
3311 4535 3426 4602 [an-

1843 4630 1924 4668 res
1955 4629 2097 4667 meat.
2135 4613 2250 4668 Jam
2296 4612 2638 4670 intraverunt
2681 4631 2832 4687 aquae
2874 4634 3041 4691 usque
3080 4621 3146 4675 ad
3189 4622 3422 4674 animant

1845 4717 2039 4758 meam.
2071 4702 2220 4758 Educ
2251 4719 2338 4759 me
2364 4703 2432 4759 de
2456 4705 2648 4776 laqueo
2670 4706 2794 4776 isto,
2823 4721 3095 4779 protector
3123 4725 3294 4774 meus,
3325 4725 3422 4788 gu-

1845 4791 2095 4848 bernator
2113 4809 2282 4861 meus,
2307 4795 2700 4854 ﬁrmamentum
2719 4816 2918 4867 meum,
2939 4799 3197 4870 refugium
3221 4816 3423 4870 meum,

1841 4883 1948 4937 dux
1978 4899 2149 4951 meus,
2172 4894 2226 4940 et
2251 4899 2344 4939 rex
2366 4901 2540 4954 meus,
2564 4897 2617 4943 et
2639 4889 2778 4943 Deus
2803 4902 2974 4942 meus.
3001 4889 3057 4940 In
3092 4888 3244 4958 enjus
3270 4904 3420 4946 com-

1842 4974 2040 5029 mendo
2066 4975 2320 5030 manibus
2350 4977 2600 5046 spiritum
2629 4993 2830 5041 meum,
2861 4992 3020 5045 quem
3043 4979 3094 5030 in
3126 4979 3302 5034 crucis
3329 4982 3422 5035 stic

1842 5064 1952 5132 pite
1982 5064 2297 5131 redemisti,
2328 5066 2414 5120 cui
2441 5068 2604 5121 vitam
2635 5077 2686 5123 et
2713 5067 3135 5122 misericordiam
3165 5071 3410 5125 tribuisti.

1842 5152 2094 5222 Respice,
2129 5153 2371 5220 Domine,
2397 5155 2751 5215 humilitatem
2779 5171 2974 5224 meam,
3009 5174 3108 5214 nec
3136 5159 3421 5215 concludas

1843 5260 1929 5297 mc
1952 5243 2001 5295 in
2031 5257 2222 5300 manus
2245 5245 2652 5302 inimiciJIodie
2678 5256 2852 5302 tecum
2873 5248 3140 5318 ingrediar
3163 5254 3212 5305 in
3240 5250 3417 5307 locmn

1844 5335 2175 5390 tabernaculi
2205 5335 2537 5390 admirabilis
2559 5376 2574 5402 ,
2611 5347 2669 5391 ut
2695 5337 2989 5394 inhabilem
3021 5341 3072 5395 in
3102 5340 3262 5397 domo
3291 5351 3376 5396 tua
3400 5383 3418 5412 ,

1844 5429 1896 5483 in
1927 5427 2257 5496 longitudine
2280 5426 2488 5480 dierum
2518 5428 2569 5482 in
2595 5430 2850 5484 sarculum
2882 5434 3084 5488 sazculi.

1914 5521 2044 5574 Car.
2073 5518 2182 5573 Lll.
2215 5519 2307 5574 llis
2333 5518 2517 5587 ﬁnitis,
2541 5524 2623 5577 vir
2652 5523 2861 5578 Domini
2891 5525 3179 5596 gloriosum
3210 5543 3424 5586 sacrum

1847 5612 2056 5669 Domini
2087 5609 2294 5682 Corpus
2318 5611 2640 5684 suscipiens,
2673 5613 2738 5670 ad
2769 5622 2965 5671 terram
2995 5618 3214 5690 supinus
3243 5617 3426 5674 rediit.
