4048 6186
537 263 644 320 275

547 377 754 437 Deinde
783 390 970 430 manus
991 373 1045 428 in
1069 371 1289 426 modum
1308 363 1482 421 crucis
1503 374 1662 431 supra
1693 365 1880 429 peetus
1910 361 2131 414 tenens,

541 469 812 528 Simeonis
833 463 1112 536 Propheta:
1134 459 1438 515 vaticinium
1462 449 1784 508 decantavit.
1802 446 1920 516 Quo
1943 444 2114 509 linito,

541 563 725 620 subito
747 559 947 617 cunctis
973 553 1062 625 qui
1089 551 1314 606 aderant
1337 544 1680 603 cernentibus
1699 583 1714 607 ,
1743 549 1888 597 tanta
1915 540 1966 593 in
1997 537 2118 592 loco

539 657 595 710 in
640 667 746 724 quo
769 647 976 720 jacebat
1002 641 1260 698 divinitus
1297 640 1385 693 lux
1421 636 1618 693 cil'ulsit
1649 675 1664 701 ,
1698 643 1756 688 ut
1791 633 1959 687 instar
1987 627 2117 683 solis

548 744 687 801 radii
714 737 967 812 splendor
993 731 1363 808 quorumlibet
1388 729 1622 784 vibraret
1641 725 1826 780 oculos
1851 765 1866 789 ,
1899 737 1968 776 ne
1995 733 2119 791 pos-

535 845 656 892 sent
683 833 1002 889 morientem
1036 828 1210 882 virum
1236 824 1529 898 gloriosum
1557 818 1866 890 aliqualiter
1895 812 2114 870 intueri.

532 929 646 997 Qua
669 924 883 997 quidem
910 922 1028 977 luce
1050 919 1120 975 ad
1136 918 1325 974 horam
1353 922 1727 987 permanente,
1757 909 2119 966 circumstan-

533 1021 664 1073 tium
688 1015 900 1088 quidem
929 1027 1122 1085 agmen
1147 1007 1444 1081 angelicum
1471 1004 1668 1061 ibidem
1695 1001 1942 1057 viderunt
1964 997 2120 1052 undi-

533 1124 639 1179 que
667 1106 1106 1168 discurrentium,
1125 1101 1200 1158 uti
1225 1098 1472 1156 scintilla:
1500 1096 1551 1151 in
1575 1093 1895 1150 arundineto
1921 1089 2114 1144 solen'.

535 1201 764 1271 Quidam
795 1213 924 1254 vero
963 1196 1197 1267 Angelos
1228 1208 1335 1248 non
1377 1189 1660 1256 viderunt,
1693 1187 1787 1242 sed
1821 1198 2006 1238 vocem
2037 1183 2118 1234 la-

537 1309 690 1364 psam
725 1292 937 1348 cmlitus
967 1289 1254 1345 audierunt
1280 1285 1361 1341 sic
1387 1284 1654 1339 dicentem
1690 1298 1704 1333 :
1733 1277 1891 1340 Veni,
1924 1275 2119 1329 dilecte

535 1387 608 1440 mi
638 1403 650 1441 :
687 1394 896 1455 tempus
918 1392 1000 1439 est
1021 1383 1200 1446 enim,
1230 1387 1289 1433 ut
1315 1374 1623 1432 mercedem
1647 1370 1879 1440 accipias
1913 1381 2010 1438 pro
2038 1365 2119 1419 la-

537 1478 760 1534 boribus
784 1518 798 1541 ,
829 1491 963 1546 quos
992 1473 1098 1530 mei
1127 1486 1288 1527 causa
1314 1469 1544 1524 viriliter
1578 1463 1928 1536 supportasti.
1982 1457 2115 1525 Qui-

537 1570 660 1624 dam
694 1583 793 1622 nec
822 1565 1072 1621 viderunt
1099 1561 1366 1633 Angelos,
1395 1573 1496 1613 nec
1541 1556 1682 1611 hanc
1718 1553 2004 1607 audierunt
2028 1563 2122 1603 vo-

535 1681 656 1720 cem
686 1681 700 1718 :
729 1661 824 1718 sed
862 1668 1068 1715 tantum
1099 1671 1222 1712 cum
1253 1655 1338 1710 bis
1379 1669 1409 1708 a
1449 1653 1614 1707 beato
1659 1649 1988 1717 Hieronymo
2029 1644 2117 1698 illa

539 1755 688 1810 tinita
712 1767 845 1809 voce
868 1793 882 1818 ,
909 1751 1028 1806 lucc
1054 1748 1339 1803 audiertmt
1366 1744 1528 1799 verba
1560 1760 1574 1796 :
1608 1742 1747 1796 Ecce
1775 1738 1842 1792 ad
1867 1746 1917 1792 te
1938 1736 2117 1802 venio,

541 1848 627 1916 pie
645 1846 774 1902 Jcsu
795 1886 811 1911 ,
842 1843 1055 1910 suscipe
1082 1841 1314 1896 animam
1342 1853 1501 1909 quam
1526 1844 1614 1890 tuo
1634 1830 1964 1904 rceuperasti
1993 1844 2119 1883 san-

538 1939 718 2009 guine.
751 1937 903 1992 Tunc
927 1934 1105 1990 subito
1136 1931 1227 1987 illa
1256 1932 1344 1985 lux
1369 1927 1633 1999 disparuit
1664 1966 1679 1992 ,
1725 1933 1779 1979 et
1816 1923 1904 1977 illa
1940 1921 2118 1974 anima

540 2027 876 2084 sanctissima
923 2034 1175 2095 tanquam
1226 2021 1374 2078 sidus
1423 2017 1673 2074 omnibus
1710 2012 1994 2069 virtutibus
2036 2025 2122 2064 ra-

542 2119 716 2183 dians,
754 2115 933 2172 carnis
970 2113 1210 2170 resoluta
1255 2125 1448 2174 emno,
1471 2109 1729 2164 ccelorum
1775 2117 1935 2174 regna
1991 2099 2124 2154 adiit

537 2208 791 2280 gloriosa.
821 2206 876 2260 In
900 2205 1095 2277 quibus
1118 2205 1228 2273 jam
1256 2211 1404 2258 certe
1426 2211 1677 2269 tanquam
1705 2195 1965 2251 luminare
1985 2207 2122 2247 cou-

537 2301 781 2370 spicuum
808 2297 1023 2361 renitet,
1052 2304 1108 2350 et
1131 2292 1420 2365 Splendore
1449 2287 1815 2351 beatitudinis,
1850 2294 1905 2341 et
1928 2285 2122 2339 multo-

538 2407 660 2448 rum
688 2389 1061 2447 coruscatione
1085 2383 1476 2458 prodigiorum.
1511 2381 1774 2450 Quoniam
1803 2394 1908 2433 non
1944 2383 2124 2447 potest

540 2483 798 2541 abscondi
844 2481 1034 2537 civitas
1072 2493 1232 2549 supra
1281 2485 1520 2532 montem
1568 2473 1763 2544 posita.
1815 2471 1924 2526 Nec
1951 2468 2121 2524 voluit

545 2576 708 2638 Deus,
728 2581 788 2628 ut
809 2572 862 2627 in
885 2578 1060 2627 morte
1081 2569 1254 2638 ipsius
1277 2567 1470 2622 lateret
1498 2565 1760 2620 sanctitas
1787 2604 1801 2629 ,
1833 2561 1987 2630 cujus
2014 2559 2121 2612 vita

541 2667 839 2724 sanctitatis
879 2681 1042 2724 causa
1098 2663 1316 2728 fuerat,
1360 2672 1416 2716 et
1439 2660 1629 2716 salutis
1657 2657 1824 2712 totius
1865 2655 2122 2711 Ecclesia:

542 2758 844 2814 militantis.
887 2756 1090 2812 Tantus
1130 2753 1365 2824 denique
1395 2751 1486 2806 illa
1523 2748 1812 2805 recedente
1842 2744 2124 2801 sanctissi-

542 2865 628 2906 ma
655 2850 830 2905 anima
859 2847 994 2905 odor
1019 2847 1382 2917 subsequutus
1407 2853 1491 2918 est
1537 2857 1632 2912 per
1656 2841 1772 2896 dies
1812 2854 1916 2894 non
1948 2836 2125 2893 modi-

541 2958 636 2999 eos
656 2985 672 3010 ,
724 2950 782 2998 ut
809 2941 954 2997 nulla
984 2939 1127 2996 forte
1154 2936 1442 2994 vetustatis
1475 2934 1793 2992 recordetur
1827 2918 1976 2986 aetas.
2020 2927 2127 2984 Sed

542 3042 689 3090 certe
715 3031 934 3106 dignum
959 3039 1094 3097 erat,
1126 3038 1187 3085 ut
1214 3028 1354 3084 illius
1381 3027 1571 3083 merita
1598 3067 1613 3092 ,
1648 3023 1832 3080 odoris
1857 3019 2128 3092 praecipue

540 3128 809 3182 clarerent
847 3122 1046 3180 indicio
1070 3165 1085 3190 ,
1119 3122 1208 3193 qui
1244 3119 1315 3176 ad
1347 3121 1607 3176 unitatem
1639 3116 1762 3172 lldei
1792 3115 2127 3171 intemeratae

544 3217 784 3274 membra
813 3214 994 3272 fmtida
1023 3228 1246 3269 suorum
1276 3212 1564 3268 verborum
1591 3208 1759 3265 odore
1785 3213 2125 3264 evocaverat.

544 3309 690 3366 Hora
737 3321 990 3379 namque,
1035 3305 1300 3361 carissimi
1344 3305 1532 3360 Patres
1584 3309 1641 3357 et
1691 3300 1938 3366 Domini,
1970 3297 2129 3368 hujus

546 3400 805 3457 transitus
861 3397 1270 3471 gloriosze_diei
1313 3406 1431 3452 erat
1477 3395 1684 3449 ultima.
1752 3393 1808 3448 ιιι
1851 3408 1954 3463 qua
2010 3392 2132 3461 qui-

545 3492 710 3557 dem,
769 3500 826 3545 ut
865 3491 950 3546 sui
1007 3488 1225 3544 athleta:
1279 3488 1400 3558 pius
1451 3486 1708 3541 Dominus
1759 3485 1986 3554 gloriam
2037 3481 2132 3538 de-

547 3588 894 3645 monstraret,
924 3587 978 3635 et
1010 3579 1258 3633 omnibus
1283 3579 1370 3648 qui
1399 3577 1450 3632 in
1491 3575 1747 3632 Ecclesia:
1781 3575 1941 3630 domo
1980 3574 2134 3629 babi-

547 3682 663 3730 tant
687 3670 956 3744 proferret
973 3670 1182 3726 clarum
1211 3669 1392 3724 lumen
1426 3685 1438 3721 :
1470 3666 1572 3722 hoc
1598 3664 1758 3721 modo
1779 3665 1980 3737 Cyrillo
2007 3665 2132 3734 Epi-

548 3779 717 3838 scopo
761 3763 1041 3821 transitum
1085 3761 1305 3834 gloriosi
1355 3758 1664 3830 Hieronymi
1716 3757 1831 3828 ipse
1875 3756 2131 3811 Dominus

548 3855 825 3915 revelavit.

616 3947 748 4005 CAP.
771 3946 903 4004 Llll.
928 3945 1169 4018 Cumque
1196 3945 1335 4001 dicta
1351 3943 1462 4016 jam
1491 3942 1623 3998 liora
1653 3940 1884 4013 Cyrillus
1908 3938 2132 4010 Episco-

549 4025 650 4112 pus
691 4039 902 4097 devotis
948 4038 1002 4092 in
1047 4051 1144 4094 sua
1184 4035 1378 4092 cellula
1417 4033 1751 4090 orationibus
1797 4033 2085 4087 inhaereret
2113 4069 2131 4097 ,

549 4146 765 4188 sursum
795 4130 848 4185 in
878 4129 1072 4201 spiritu
1100 4137 1290 4200 raptus
1315 4169 1329 4193 ,
1359 4126 1508 4181 velut
1535 4123 1589 4180 in
1614 4123 1785 4181 extasi
1810 4122 1980 4178 tactus
1999 4163 2013 4184 ,
2043 4137 2136 4176 su-

549 4226 663 4280 bito
695 4221 968 4295 quoddam
999 4235 1028 4276 a
1061 4219 1388 4276 monasterio
1418 4259 1430 4284 ,
1461 4233 1490 4272 a
1516 4233 1622 4288 quo
1647 4217 1730 4270 vir
1758 4215 2132 4270 sanctissimus

551 4317 912 4388 migraverat,
949 4326 1118 4388 usque
1165 4312 1231 4366 ad
1281 4309 1476 4366 cmlum
1501 4349 1515 4373 ,
1549 4305 1792 4362 mirabile
1825 4313 1881 4360 et
1917 4302 2134 4374 specio-

553 4386 824 4460 sissimum
853 4403 986 4458 vidit
1014 4386 1134 4458 iter.
1175 4399 1339 4470 Cujus
1371 4407 1518 4454 tanta
1555 4404 1671 4453 erat
1705 4393 2046 4466 pulchritudo
2078 4401 2134 4446 et

555 4493 840 4550 admiratio
865 4534 880 4558 ,
912 4505 969 4548 ut
999 4493 1159 4564 (sicut
1185 4491 1374 4547 eodem
1406 4487 1744 4560 postmodum
1776 4493 2006 4540 testante
2044 4499 2136 4537 co-

556 4587 870 4661 gnovimus)
894 4595 1112 4658 stupore
1136 4584 1283 4640 velut
1305 4597 1492 4638 amens
1513 4580 1750 4644 etl‘ectus,
1776 4580 1879 4635 huc
1900 4581 2136 4646 illucque

546 4683 847 4750 admirans,
877 4679 959 4734 sui
984 4678 1255 4750 paulisper
1278 4677 1534 4735 credebat
1557 4678 1825 4734 oblivisci.
1860 4676 1915 4733 lu
1942 4678 2040 4734 hac
2069 4680 2135 4735 si-

548 4773 768 4844 quidem
816 4769 1012 4828 mentis
1061 4768 1265 4840 positus
1305 4769 1571 4824 anxietate
1595 4809 1610 4833 ,
1638 4768 1865 4823 elevavit
1903 4769 2130 4828 oculos:

552 4873 608 4918 et
648 4878 775 4921 eccc
823 4861 1152 4934 Angelorum
1183 4857 1414 4914 maxima
1459 4874 1489 4912 a
1537 4859 1862 4914 monasterio
1905 4861 2134 4916 societas

537 4954 837 5020 veniebat,
873 4951 1179 5010 alternatim
1234 4948 1586 5006 melodiarum
1641 4961 1696 5006 et
1751 4951 2131 5008 melliﬂuorum

552 5055 807 5100 cantuum
841 5045 1061 5100 vocibus
1084 5040 1485 5099 concinentium
1509 5083 1525 5108 ,
1554 5057 1785 5112 quorum
1817 5041 2134 5098 videbantur

553 5134 776 5191 vocibus
820 5135 1015 5189 caelum
1044 5141 1098 5189 et
1127 5142 1290 5199 terra,
1322 5141 1378 5189 ct
1408 5134 1588 5188 omnia
1636 5149 1754 5204 qure
1798 5135 2138 5190 continentur

557 5244 743 5286 eorum
784 5226 988 5283 ambitu
1019 5269 1036 5295 ,
1081 5227 1316 5299 undique
1353 5241 1626 5283 resonare.
1672 5225 1939 5282 Ferebant
1977 5228 2137 5283 etiam

556 5319 750 5390 singuli
773 5318 1097 5388 Angelorum
1123 5318 1364 5389 singulos
1384 5318 1628 5373 manibus
1649 5331 1903 5372 accensos
1928 5334 2135 5386 cereos,

561 5426 791 5480 quorum
839 5408 1056 5463 claritas
1091 5410 1219 5464 solis
1259 5409 1554 5478 repellebat
1611 5410 1812 5465 lumen.
1856 5411 1962 5466 Sed
2012 5412 2138 5481 quid

561 5499 778 5557 additur
819 5495 1156 5550 admirationi
1201 5497 1534 5554 admiratio?
1579 5498 1659 5554 Ad
1703 5501 1872 5556 caelos
1923 5511 2141 5556 vertens

558 5585 800 5659 Cyrillus
830 5581 1036 5647 oculos,
1067 5598 1176 5638 non
1203 5586 1466 5642 minorem
1495 5589 1821 5660 Angelorum
1852 5592 2022 5646 cernit
2045 5606 2142 5645 nu-

557 5690 790 5742 merum,
817 5671 978 5727 modo
1021 5673 1182 5730 simili
1227 5676 1342 5731 istis
1381 5677 1592 5734 obviam
1644 5681 1972 5737 venientium
2004 5699 2017 5737 :
2049 5682 2140 5760 qui

1563 236 1915 304 EUSEBIUS,
1957 232 2044 289 DE
2081 226 2321 287 MORTE
2359 230 2757 312 lilERONYHi.
2808 249 2812 252 ·

3700 236 3814 293 276

2239 347 2321 402 rei
2348 349 2505 421 hujus
2529 355 2717 408 anxius
2737 363 3055 424 exspectans
3084 361 3336 412 eventum
3361 395 3378 422 ,
3420 353 3816 428 interrogasset

2225 443 2442 512 quidem
2481 447 2610 517 quid
2641 447 2742 500 hoc
2770 456 2914 502 esset
2940 463 2954 500 :
2987 447 3080 501 sed
3113 448 3180 500 ita
3204 461 3326 502 eum
3355 457 3543 518 stupor
3567 464 3770 519 cpprcs
3789 477 3816 491 ο

2226 545 2390 603 serat,
2421 537 2562 608 quod
2584 537 2709 608 quid
2737 537 2940 593 diceret
2965 579 2980 602 ,
3007 537 3297 592 nesciebat.
3341 538 3440 592 Ast
3480 538 3574 592 illo
3605 539 3820 596 diutius

2225 636 2590 697 exspectante,
2621 627 2910 698 gloriosam
2935 627 3067 681 vidit
3087 627 3400 698 Hieronymi
3427 629 3662 684 animam
3701 645 3819 701 pra:

2225 719 2433 774 cunctis
2456 719 2546 789 qui
2579 718 2838 788 pra-ibant
2868 717 3115 788 Angelis,
3145 726 3202 773 et
3229 719 3598 788 sequebantur
3623 761 3638 786 ,
3675 721 3820 775 mira

2225 811 2532 868 decoratam
2577 811 2972 882 pulchritudine
3018 811 3348 866 venientem.
3385 811 3468 867 Ad
3513 812 3666 882 cujus
3693 821 3820 868 erat

2225 902 2502 958 dexteram
2528 902 2777 959 Salvator
2802 944 2817 968 ,
2849 919 2973 958 cum
3006 902 3094 956 illa
3130 902 3329 972 pariter
3362 902 3649 958 veniendo.
3676 905 3817 972 Quae

2226 993 2442 1064 quidem
2478 995 2531 1049 in
2563 995 2702 1058 loco,
2725 1009 2833 1065 quo
2859 992 3096 1065 Cyrillus
3121 993 3353 1064 degebat
3375 993 3602 1064 gradum
3637 995 3818 1065 ﬁgens

2225 1093 2281 1138 et
2309 1095 2458 1138 stans
2482 1125 2496 1148 ,
2527 1085 2577 1139 ei
2600 1085 2780 1139 taliter
2806 1094 2888 1140 est
2915 1085 3133 1153 loquuta
3161 1101 3174 1137 :
3204 1085 3466 1154 Agnoscis
3495 1100 3561 1139 ne
3582 1085 3705 1140 me?
3727 1085 3823 1140 Ad

2225 1191 2385 1245 quam
2407 1175 2497 1230 ille
2530 1193 2544 1230 :
2575 1175 2793 1230 Minime
2821 1175 3057 1244 quidem.
3083 1174 3215 1243 Quis
3239 1175 3381 1229 enim
3410 1190 3471 1230 es
3495 1217 3508 1240 ,
3541 1178 3628 1247 qui
3660 1187 3818 1234 tanto

2225 1267 2438 1321 crteris
2457 1265 2662 1322 honore
2689 1266 2940 1322 emines?
2971 1267 3041 1320 At
3072 1266 3163 1320 illa
3191 1283 3203 1318 :
3236 1265 3311 1321 De
3346 1265 3675 1338 Hieronymo
3700 1285 3818 1323 un-

2225 1371 2384 1424 quam
2434 1357 2526 1411 luit
2554 1357 2732 1426 aliqua
2766 1357 2858 1411 tibi
2888 1355 3124 1428 cognitio
3149 1356 3174 1410 7
3200 1356 3271 1411 At
3297 1356 3389 1411 ille
3418 1374 3432 1410 :
3463 1357 3624 1413 Certe
3649 1375 3815 1429 quem

2226 1449 2490 1512 nominas,
2520 1450 2776 1519 singulari
2798 1449 2994 1507 atl‘ectu
3020 1449 3194 1521 diligo
3211 1451 3470 1507 caritatis.
3499 1451 3605 1507 Sed
3631 1469 3827 1523 quzeso

2227 1543 2313 1596 ille
2339 1543 2438 1596 es?
2464 1542 2532 1596 Et
2561 1543 2646 1597 illa
2673 1585 2688 1609 ,
2733 1543 2854 1613 ejus
2899 1558 3018 1598 sum
3045 1543 3222 1597 anima
3244 1585 3258 1606 ,
3299 1558 3421 1614 qua)
3450 1543 3672 1615 gloriam
3698 1549 3820 1615 jam

2225 1635 2443 1690 obtineo
2485 1652 2646 1706 quam
2675 1636 2980 1705 sperabam.
3012 1635 3094 1691 Ad
3122 1651 3273 1691 meos
3303 1637 3510 1708 pergito
3541 1637 3681 1693 ﬁlios
3709 1678 3730 1705 ,
3754 1647 3818 1693 et

2226 1744 2345 1797 qua:
2375 1727 2552 1782 vidisti
2579 1727 2797 1792 nuntia,
2834 1736 2892 1782 ut
2924 1737 2979 1783 et
3018 1743 3048 1782 a
3081 1728 3226 1783 luctu
3267 1727 3516 1782 desinant
3545 1770 3560 1792 ,
3592 1738 3647 1784 et
3687 1745 3818 1784 meo

2226 1822 2387 1875 statui
2417 1820 2788 1889 congaudeant
2812 1836 2972 1890 quem
2996 1821 3152 1890 elegi.
3179 1819 3387 1888 Quibus
3412 1821 3662 1876 omnibus
3689 1821 3816 1876 liui-

2229 1914 2331 1977 tis,
2359 1913 2537 1967 omnis
2569 1913 2658 1966 illa
2688 1912 2842 1967 beata
2873 1911 3008 1967 visio
3033 1911 3100 1965 ab
3121 1911 3239 1980 ejus
3269 1911 3486 1965 evanuit
3513 1913 3683 1966 oculis
3707 1953 3722 1977 ,
3752 1922 3820 1967 et

2226 2006 2326 2062 fuit
2371 2008 2424 2061 in
2463 2016 2636 2062 semet
2679 2021 2927 2062 reversus
2974 2007 3230 2076 protinus
3274 2005 3509 2076 Cyrillus
3557 2006 3816 2062 ineffabili

2225 2097 2422 2167 gaudio
2457 2096 2834 2167 perabundans
2869 2115 2882 2151 :
2917 2096 2988 2151 ita
3021 2106 3198 2152 tamen
3225 2095 3368 2166 quod
3396 2112 3490 2166 per
3518 2106 3679 2152 totam
3707 2113 3814 2152 no.-

2227 2201 2366 2247 ctem
2392 2192 2535 2246 illam
2561 2205 2671 2245 non
2697 2205 2757 2246 se
2779 2191 2952 2261 potuit
2977 2204 3007 2244 a
3039 2189 3288 2260 lacrymis
3311 2205 3419 2260 prae
3450 2191 3646 2245 mentis
3673 2189 3816 2244 laeti-

2229 2282 2300 2337 tia
2331 2282 2631 2337 continere.

2299 2373 2427 2428 CAP.
2469 2373 2604 2428 LIV.
2649 2373 2819 2440 Quam
2865 2388 2994 2445 ergo
3037 2373 3298 2429 mirabilis
3341 2380 3424 2428 est
3472 2373 3730 2429 Dominus
3759 2374 3824 2428 in

2229 2465 2439 2522 Sanctis
2464 2468 2575 2522 suis
2604 2485 2617 2521 :
2648 2465 2905 2522 mirabilis
2926 2467 2979 2521 in
3002 2471 3302 2535 majestate,
3327 2466 3529 2522 faciens
3550 2465 3816 2536 prodigia.

2231 2558 2454 2614 Dextera
2491 2559 2697 2613 Domini
2729 2558 2855 2614 fecit
2887 2559 3157 2625 virtutem,
3182 2558 3398 2613 dextera
3432 2557 3640 2612 Domini
3668 2558 3824 2612 exal-

2232 2650 2363 2704 tavit
2402 2665 2523 2704 eum
2549 2692 2565 2715 ,
2602 2660 2784 2704 notam
2831 2649 3030 2705 faciens
3062 2651 3113 2704 in
3155 2651 3364 2720 populis
3393 2650 3644 2705 virtutem
3673 2650 3814 2719 ejus.

2230 2741 2276 2796 Ο
2303 2741 2465 2796 divini
2491 2741 2692 2796 amoris
2714 2741 3068 2808 immensitas,
3092 2741 3295 2797 divinae
3308 2742 3567 2810 largitatis
3591 2741 3820 2797 afﬂuen-

2233 2834 2325 2888 tia.
2369 2832 2506 2899 Quid
2535 2833 2676 2887 cnim
2709 2834 2794 2888 isti
2831 2849 2930 2888 suo
2967 2835 3135 2902 potuit
3173 2833 3350 2889 facere
3380 2835 3488 2888 tilio
3516 2833 3735 2888 [notioris
3761 2844 3824 2889 et

2231 2925 2434 2995 gratim,
2467 2934 2516 2978 et
2542 2940 2647 2978 non
2675 2925 2800 2979 fecit
2827 2943 2840 2978 :
2874 2942 2994 2980 cum
3022 2934 3128 2979 tam
3158 2926 3371 2994 copiosa
3393 2937 3448 2981 et
3478 2927 3533 2978 in
3555 2926 3655 2980 vita
3678 2935 3733 2980 et
3762 2927 3827 2979 in

2232 3029 2406 3072 morte
2443 3031 2569 3086 erga
2604 3031 2726 3070 eum
2760 3015 2919 3072 fuerit
2945 3015 3346 3072 muniﬁcentia?
3392 3016 3546 3071 Dedit
3583 3017 3724 3071 enim
3765 3017 3820 3070 ei

2235 3109 2493 3164 Dominus
2517 3110 2814 3164 claritatem
2841 3120 3119 3173 aeternam,
3147 3118 3202 3165 et
3230 3110 3446 3166 nomine
3476 3119 3678 3165 :cterno
3702 3109 3827 3164 ba:-

2235 3197 2484 3253 reditavit
2525 3199 2674 3254 illum
2707 3216 2720 3252 ι
2750 3208 2806 3254 et
2855 3198 2981 3255 fecit
3022 3215 3145 3254 eum
3188 3199 3455 3255 barredem
3497 3199 3817 3270 gaudiorum

2235 3306 2616 3360 supernorum,
2643 3292 2694 3346 in
2720 3291 2914 3362 quibus
2945 3290 3275 3360 permanebit
3303 3292 3355 3345 in
3387 3292 3604 3346 saecula.
3644 3292 3818 3357 Quam

2235 3385 2518 3454 singularis
2546 3384 2718 3439 honor
2746 3395 2798 3440 et
2823 3384 3133 3439 admiranda
3160 3385 3324 3456 gloria
3343 3425 3358 3447 ,
3387 3384 3654 3439 excedens
3681 3398 3821 3452 pene

2235 3477 2464 3532 aliorum
2507 3476 2732 3546 gloriam
2777 3476 3094 3531 Sanctorum
3137 3487 3190 3532 et
3240 3476 3520 3531 honorem.
3567 3474 3665 3530 Ubi
3711 3492 3819 3530 non

2236 3571 2413 3625 solum
2459 3569 2600 3623 illam
2643 3568 3032 3624 sanctissimam
3072 3568 3304 3622 animam
3345 3581 3533 3621 omnes
3570 3566 3822 3621 cmlestes

2237 3662 2558 3716 comitantur
2577 3659 2827 3715 cohortes
2851 3677 2864 3712 :
2893 3658 2986 3713 sed
3021 3657 3182 3713 etiam
3217 3658 3331 3726 ipse
3358 3657 3602 3727 proprius
3630 3656 3825 3712 Salva-

2238 3762 2342 3808 tor.
2376 3751 2484 3806 Nec
2508 3751 2650 3806 enim
2677 3751 2787 3806 sola
2817 3751 2869 3804 in
2900 3750 3040 3804 coelo
3064 3747 3229 3820 fulget
3255 3749 3476 3818 insignis
3505 3748 3823 3818 dignitatum

2240 3848 2327 3903 illa
2361 3848 2512 3903 beata
2542 3847 2718 3901 anima
2751 3865 2764 3901 :
2794 3847 2887 3902 sed
2915 3848 3076 3902 etiam
3102 3861 3298 3916 corpus
3325 3860 3480 3900 suum
3510 3859 3617 3899 non
3643 3853 3828 3899 cessat

2239 3941 2291 3995 in
2338 3941 2494 3996 terris
2539 3939 2748 3995 radiare
2795 3938 3086 3993 miraculis.
3139 3936 3218 3990 Ad
3262 3937 3414 4004 cujus
3461 3935 3824 3989 narrationem

2239 4049 2532 4104 enngrunm
2580 4042 2662 4088 est
2703 4031 2899 4086 redire.
2948 4030 3212 4084 Defuncto
3249 4043 3478 4098 namque
3507 4029 3591 4095 (ut
3619 4027 3826 4080 dictum

2239 4127 2342 4198 egl)
2373 4125 2486 4179 viro
2513 4124 2850 4179 sanctissimo
2880 4123 3010 4177 liora
3036 4120 3379 4190 Complctorii
3405 4160 3423 4185 ,
3457 4135 3650 4189 corpus
3693 4118 3832 4178 illud

2243 4219 2406 4274 tantis
2434 4219 2675 4289 fragrans
2701 4214 3028 4271 aromatibus
3051 4212 3412 4268 custodientes
3435 4253 3452 4276 ,
3486 4219 3650 4265 totam
3680 4210 3827 4263 illam

2242 4311 2538 4366 insomnem
2560 4319 2769 4364 noctem
2800 4306 3058 4362 ducentes
3087 4306 3229 4360 circa
3256 4321 3378 4360 eum
3407 4305 3458 4359 in
3489 4303 3714 4372 magnis,
3744 4304 3826 4356 si-

2239 4402 2453 4473 quidem
2482 4415 2579 4471 pro
2607 4399 2802 4454 damno
2828 4399 2968 4468 quod
3007 4397 3216 4452 cunctis
3245 4405 3528 4460 evenerat,
3563 4394 3775 4449 ﬂetilms
3810 4409 3825 4444 ε

2241 4507 2289 4548 et
2327 4509 2422 4563 pro
2458 4508 2551 4548 sna
2582 4508 2740 4562 quam
2772 4491 2882 4561 jam
2913 4490 3211 4545 obtinuerat
3237 4487 3426 4558 gloria,
3456 4485 3662 4557 gaudiis
3693 4486 3831 4553 vigi-

2243 4585 2489 4638 lavimus.
2515 4583 2667 4636 Mane
2695 4591 2871 4635 autem
2904 4579 3062 4642 facto,
3091 4577 3287 4633 divinis
3319 4577 3546 4646 peractis
3579 4576 3658 4642 (ut
3692 4591 3832 4627 eou-

2241 4676 2490 4745 dccebat)
2523 4674 2813 4746 mysteriis,
2837 4671 3139 4739 debilisque
3168 4668 3441 4739 obsequiis
3481 4667 3687 4721 honore
3728 4666 3831 4719 de-

2243 4770 2352 4825 bito
2374 4767 2779 4831 consummatis,
2800 4767 2851 4820 in
2880 4761 3320 4832 Bctbleemjnxta
3352 4773 3608 4830 praisepe,
3641 4757 3692 4809 in
3721 4772 3834 4825 quo

2245 4877 2342 4931 pro
2380 4860 2533 4914 nobis
2562 4858 2806 4912 Christus
2843 4855 2911 4910 de
2951 4855 3265 4908 intemerata
3306 4850 3501 4906 ibidem
3531 4857 3684 4901 natus
3715 4846 3833 4900 vir-

2244 4952 2366 5022 gine
2399 4950 2571 5004 infans
2594 4948 2778 5018 vagiit,
2810 4959 3008 5015 corpus
3053 4943 3178 4998 illud
3221 4942 3640 4997 sacratissimum
3684 4938 3834 4992 sacci

2244 5051 2556 5113 coopertum
2583 5041 2770 5105 linteo,
2802 5039 2853 5092 in
2885 5047 3082 5093 terram
3109 5039 3203 5105 (ut
3227 5031 3602 5101 ordinaverat)
3632 5030 3834 5098 sepeli-

2246 5137 2438 5192 vimus.
2485 5133 2710 5202 Quantis
2737 5139 2915 5187 autem
2945 5131 3062 5200 ipso
3081 5129 3168 5183 die
3195 5138 3247 5182 et
3275 5127 3440 5181 etiam
3484 5123 3549 5178 ad
3595 5137 3837 5193 praesens

2246 5228 2520 5285 miraculis
2545 5225 2795 5296 gloriosis
2825 5221 3126 5278 miriﬁcavit
3176 5219 3432 5274 Dominus
3471 5217 3636 5271 tilium
3676 5229 3834 5268 suum

2247 5329 2491 5374 sanctum
2523 5317 2932 5386 Hieronymum,
2964 5323 3113 5368 certe
3136 5325 3239 5364 non
3269 5307 3407 5362 foret
3437 5320 3690 5362 enarrare
3718 5303 3837 5360 sui?

2250 5410 2435 5464 ﬁciens
2456 5409 2630 5478 lingua
2655 5406 2852 5461 carnis.
2898 5404 3006 5459 Sed
3034 5411 3208 5455 tamen
3231 5398 3406 5467 aliqua
3434 5397 3503 5452 de
3529 5394 3714 5449 multis
3743 5393 3842 5463 (ne

2250 5507 2436 5554 noster
2467 5499 2624 5552 nimis
2650 5497 2998 5567 prolongetur
3027 5487 3230 5559 sermo)
3261 5488 3509 5542 referam.

2319 5590 2446 5646 Car.
2466 5591 2576 5646 LV.
2600 5589 2827 5659 Quidam
2855 5602 2886 5641 a
2913 5585 3189 5639 nativitate
3209 5595 3404 5644 aecus,
3434 5580 3486 5633 in
3515 5579 3631 5646 ipso
3658 5579 3817 5646 sepul

2183 5749 2190 5754 I
2257 5691 2387 5739 tura:
2422 5682 2529 5750 die,
2570 5679 2786 5740 videndi
2827 5674 3147 5735 beneﬁcium
3197 5683 3392 5742 corpus
3440 5679 3664 5740 tangens
3713 5684 3833 5726 san-
