4048 6186
195 220 310 274 277

191 343 348 388 ctum
368 371 388 399 ,
415 329 665 387 obtinuit.
695 329 913 387 Cnidam
944 327 1103 386 etiam
1125 327 1306 398 juveni
1341 324 1505 400 surdo
1537 334 1594 383 et
1628 333 1778 382 muto

192 422 596 478 sanctissimum
625 436 818 492 corpus
843 418 1194 494 deosculanti,
1222 418 1399 474 soluto
1425 417 1574 472 auris
1595 425 1650 471 et
1677 415 1782 470 Iin-

193 529 319 586 gum
347 514 617 586 ligamine,
643 524 700 570 et
725 513 970 585 loquendi
997 520 1053 568 et
1079 509 1328 567 audiendi
1348 509 1517 581 gratia
1543 517 1628 564 est
1645 521 1781 563 eon-

201 627 380 668 cessa.
426 609 497 664 Et.
517 617 663 664 certe
687 607 904 678 dignum
933 613 1084 670 erat,
1123 612 1182 659 ut
1219 603 1310 674 qui
1347 601 1604 657 caecitatis
1637 613 1783 654 verae

193 706 370 770 lucis,
413 719 533 775 quae
575 701 820 757 Christus
860 708 976 767 est,
1020 696 1256 755 tenebris
1297 695 1626 759 obca3catos,
1671 690 1783 747 suis

193 794 554 852 sanctissimis
603 790 864 847 doctrinis
919 798 976 845 et
1022 786 1285 856 exemplis
1345 783 1782 848 illuminaverat,

191 885 376 942 surdis
422 897 633 954 quoque
677 891 737 938 et
775 880 938 935 mutis
977 879 1034 933 in
1075 877 1276 933 divinis
1321 874 1573 946 operibus
1599 887 1782 928 verant

190 985 514 1034 excreuerat
539 973 828 1038 medelam,
858 981 916 1026 ut
943 980 998 1027 et
1027 970 1208 1026 divina
1232 968 1590 1038 intelligerent
1616 965 1782 1020 docu-

187 1079 398 1130 menta,
427 1076 482 1123 et
505 1065 787 1121 catholica:
809 1062 931 1119 ﬁdei
957 1062 1341 1117 conﬁterentur
1362 1058 1620 1122 rationes,
1645 1070 1784 1126 quas

183 1160 526 1230 spernebant
555 1159 609 1212 in
635 1157 724 1212 die
751 1155 832 1210 sui
857 1155 1036 1210 obitus
1059 1152 1302 1224 gloriosi,
1335 1160 1386 1206 et
1412 1150 1572 1206 czeeis
1602 1149 1784 1202 lumen

181 1251 462 1306 tribueret
504 1246 808 1317 corporale,
847 1255 901 1300 et
940 1243 1117 1300 surdis
1153 1258 1218 1298 ac
1263 1243 1424 1297 mutis
1462 1239 1785 1296 concederet

175 1342 511 1396 sanitatem.
552 1335 938 1406 Quampiurimi
977 1335 1060 1404 (ut
1099 1341 1347 1390 asserunt
1387 1332 1478 1402 qui
1507 1328 1783 1398 viderunt)

174 1447 209 1486 a
236 1431 502 1485 nefandis
525 1428 801 1499 spiritibus
827 1425 1152 1492 obumbrati,
1183 1425 1236 1478 in
1263 1425 1379 1479 loco
1403 1437 1508 1492 quo
1537 1429 1782 1476 sanctum

177 1522 427 1592 quiescit
468 1533 700 1588 corpus,
738 1517 1092 1573 clamantibus
1122 1515 1256 1570 diris
1281 1515 1499 1569 vocibus
1523 1512 1785 1567 daemoni-

179 1615 288 1669 bus
315 1629 333 1668 :
361 1611 560 1666 Sancte
590 1609 947 1678 Ilieronyme,
981 1622 1078 1662 cur
1107 1621 1206 1660 nos
1234 1615 1338 1658 tam
1367 1604 1602 1674 graviter
1637 1603 1782 1656 inse-

181 1703 408 1776 queris?
439 1712 494 1755 tu
531 1710 775 1755 nostrum
805 1713 1018 1768 semper
1043 1696 1306 1765 ﬂagellum
1338 1694 1480 1748 luisti
1503 1734 1518 1756 ,
1546 1704 1600 1748 ct
1627 1694 1779 1746 vivus

180 1806 237 1852 et
278 1809 428 1850 nunc
465 1800 709 1846 mortuus
728 1831 743 1854 ,
774 1805 871 1860 per
897 1804 1019 1843 eum
1045 1795 1171 1842 sunt
1199 1783 1515 1839 mirabiliter
1542 1781 1773 1836 liberati.

183 1887 487 1942 Ilaeretieus
519 1882 733 1954 quidam
761 1881 887 1936 dum
917 1879 1232 1950 praedictum
1264 1877 1475 1931 beatum
1506 1875 1774 1946 Hierony-

184 1995 336 2034 mum
368 1975 793 2046 blaspltcmarct,
824 1981 879 2028 et
913 1971 1029 2040 ejus
1068 1969 1182 2024 fore
1219 1968 1435 2038 dignum
1463 1981 1658 2037 corpus
1687 1966 1772 2019 in-

182 2071 381 2126 cendio
398 2068 624 2133 diceret,
644 2063 843 2120 ultione
862 2062 1039 2118 divina
1062 2060 1128 2115 ad
1150 2061 1374 2114 aliorum
1397 2058 1772 2113 hzeretieorum

183 2160 533 2217 formidinem
553 2200 573 2226 ,
599 2158 652 2212 in
678 2155 808 2227 ligni
835 2154 1067 2225 Speciem
1100 2159 1183 2206 est
1217 2158 1469 2204 mutatus.
1504 2147 1570 2201 Et
1595 2146 1772 2202 subito

181 2255 398 2311 cunctis
442 2252 532 2323 qui
575 2249 798 2306 aderant
836 2244 1174 2309 videntibus,
1217 2242 1354 2314 ignis
1393 2240 1605 2296 cmlitus
1646 2254 1770 2294 eum

182 2344 418 2409 invasit,
464 2357 529 2397 ac
570 2355 692 2396 eum
738 2338 913 2394 taliter
952 2333 1283 2398 combussit,
1324 2331 1466 2402 quod
1511 2341 1652 2384 totus
1720 2329 1772 2383 in

181 2437 426 2491 cinerem
467 2442 550 2488 est
590 2441 899 2486 conversus.
929 2426 1010 2481 Ad
1037 2424 1152 2480 hare
1179 2437 1365 2492 magna
1397 2420 1778 2475 haereticorum

183 2525 497 2589 multitudo,
524 2537 644 2578 cum
687 2527 888 2575 tantam
935 2532 1047 2572 sua:
1088 2513 1386 2569 sanctitatis
1430 2511 1773 2565 adverterent

184 2617 600 2690 experientiam,
625 2623 680 2669 et
699 2611 765 2667 ad
797 2610 1074 2666 veritatem
1095 2622 1262 2662 saera:
1291 2605 1408 2659 ﬁdei
1436 2603 1597 2658 tantis
1619 2611 1673 2656 et
1697 2610 1772 2655 tot

184 2711 389 2783 apertis
431 2709 707 2780 signorum
754 2703 963 2758 indiciis
1007 2710 1258 2770 tanquam
1302 2695 1619 2768 quibusdam
1663 2694 1772 2748 ela-

187 2803 461 2859 mantibus
490 2795 824 2870 przeconibus
855 2801 1193 2855 vocarentur,
1223 2789 1287 2843 ad
1321 2790 1486 2859 ipsius
1515 2787 1769 2842 sacratis-

187 2898 339 2952 sima:
360 2904 415 2951 et
441 2895 770 2948 intemerata:
801 2885 922 2941 ﬁdei
950 2885 1132 2939 lumen
1166 2881 1460 2936 redierunt.

256 2988 389 3044 Cap.
423 2985 558 3040 LVI.
589 2980 725 3052 Quid
753 2979 900 3050 plura
924 2973 1135 3030 dicam?
1155 2970 1311 3027 Certe
1341 2971 1393 3025 in
1423 2969 1770 3042 generatione

189 3091 243 3138 et
267 3079 663 3150 generationem
689 3074 774 3127 vix
801 3069 1169 3125 annuntiarem
1188 3083 1307 3139 quae
1334 3082 1431 3136 per
1457 3067 1603 3119 illum
1633 3065 1770 3118 Deus

191 3171 475 3228 ostendere
506 3167 708 3231 voluit,
751 3173 807 3218 ut
851 3161 1215 3231 magniﬁcaret
1251 3175 1372 3214 cum
1404 3167 1457 3212 et
1486 3156 1769 3212 colendum

189 3262 467 3319 exhiberet
507 3255 787 3311 universis.
831 3251 1000 3319 Quam
1036 3264 1259 3318 magnus
1285 3256 1430 3302 certe
1459 3255 1542 3302 est
1569 3247 1666 3299 istc
1695 3253 1772 3298 tot

191 3357 392 3411 faciens
421 3349 704 3413 mirabilia,
726 3346 810 3400 cui
833 3353 976 3400 certe
1008 3358 1113 3397 non
1149 3349 1231 3396 est
1257 3340 1445 3392 similis
1473 3337 1767 3393 secundum

190 3461 351 3520 opera
372 3459 489 3499 sua.
521 3441 706 3510 Magna
727 3434 987 3506 magnalia
1011 3433 1076 3486 de
1101 3431 1201 3485 hoc
1226 3447 1320 3500 per
1340 3428 1591 3483 mundum
1619 3443 1770 3482 reso-

192 3518 319 3596 nant
349 3537 654 3592 universum
676 3551 686 3584 :
708 3530 788 3584 sui
819 3526 1034 3600 gloriosi
1067 3523 1220 3579 exilit
1259 3520 1512 3591 triumphi
1548 3520 1682 3573 lania
1718 3518 1769 3570 in

191 3645 403 3688 onmem
425 3637 644 3682 terram.
664 3632 718 3678 et
739 3623 790 3675 in
808 3628 1045 3675 extrema
1067 3625 1330 3670 terrarum
1354 3612 1522 3682 spatia
1552 3609 1771 3664 rutilant

191 3739 283 3779 sua
299 3718 470 3776 lucida
492 3715 784 3788 signa,jam
802 3720 1066 3764 lautorum
1082 3706 1460 3762 miraculorum
1481 3701 1774 3757 multitudi-

194 3835 261 3876 ne
286 3815 667 3875 corroboratur
693 3811 1002 3864 intemerata
1026 3803 1175 3859 ﬁdes.
1210 3800 1362 3870 Quod
1383 3800 1524 3854 enim
1549 3796 1773 3852 inﬁrmis

194 3915 450 3979 integram
473 3904 757 3960 sanitatem
777 3897 1104 3954 concesserit
1133 3900 1490 3964 peroptatam,
1521 3902 1772 3943 enarrare

194 4001 403 4058 cederet
452 3997 504 4050 in
552 3995 889 4048 immensum.
925 3986 991 4040 Et
1021 3995 1226 4054 tempus
1274 3992 1326 4037 ct
1364 3983 1492 4046 vita,
1516 3989 1570 4034 et
1598 3980 1774 4032 omnis

197 4093 456 4148 humanus
497 4063 749 4140 deﬁceret
793 4091 983 4135 sensus
1003 4117 1016 4141 ,
1047 4075 1091 4130 si
1125 4072 1288 4126 vellet
1316 4071 1492 4124 omnia
1523 4069 1773 4139 indagare

197 4198 308 4253 qua:
338 4185 592 4250 operatus
619 4181 699 4229 est
729 4172 784 4226 in
810 4169 998 4224 diebus
1027 4164 1246 4229 nostris,
1280 4179 1398 4232 qua:
1429 4163 1646 4214 auribus
1675 4177 1776 4213 au-

199 4275 423 4331 divimus
443 4313 458 4336 ,
492 4282 591 4322 nec
619 4275 742 4320 sunt
767 4261 974 4318 occulta
1004 4275 1032 4312 a
1063 4257 1184 4311 ﬁliis
1213 4255 1509 4308 hominum.
1545 4253 1777 4308 Lzetetur

200 4369 368 4434 itaque
410 4371 552 4416 totus
599 4355 833 4411 ﬁdelium
861 4360 1065 4413 cretus,
1103 4357 1159 4404 et
1187 4346 1459 4402 canticum
1492 4343 1688 4398 laititize
1721 4353 1775 4398 et

202 4449 566 4512 exsultationis
613 4446 722 4501 Deo
760 4449 1083 4512 concrepent
1113 4438 1218 4492 alta
1242 4451 1372 4491 voce
1394 4477 1408 4500 ,
1435 4434 1576 4505 quod
1609 4451 1674 4488 cx
1700 4434 1777 4488 eis

205 4543 426 4614 prosiliit
454 4539 608 4596 stella
637 4537 861 4598 micans,
885 4533 1038 4603 cujus
1065 4529 1316 4599 fulgentis
1337 4527 1471 4581 lucis
1497 4527 1653 4592 radii,
1683 4540 1778 4580 eos

203 4638 428 4706 dirigunt
454 4631 522 4686 ad
549 4631 819 4685 caelestem
847 4625 1070 4695 patriam
1100 4620 1418 4676 adeundam.
1449 4617 1607 4674 Istius
1633 4627 1779 4672 certe

202 4729 302 4782 vita
326 4723 688 4781 sacratissima
733 4727 817 4772 est
859 4715 1107 4768 omnibus
1145 4712 1444 4780 disciplina.
1473 4709 1666 4764 .Morcs
1696 4708 1777 4761 sui

204 4829 318 4875 sunt
343 4815 584 4871 omnium
612 4810 848 4866 ﬁdelium
878 4807 1136 4861 instituta.
1179 4803 1372 4859 Adsint
1411 4801 1572 4856 hodie
1609 4815 1778 4855 saera:

204 4910 357 4968 matri
385 4903 660 4967 Ecclesiae,
704 4910 758 4956 et
795 4913 892 4969 pro
933 4896 1064 4951 tanti
1104 4895 1194 4949 ﬁlii
1222 4910 1438 4951 recessu
1471 4894 1569 4963 pia:
1597 4892 1777 4956 lacrv-

205 5018 323 5067 mar,
357 5008 413 5054 et
445 5011 537 5066 pro
564 5002 704 5048 tanta
732 4991 850 5062 ejus
875 4989 1038 5060 gloria
1061 5029 1076 5054 ,
1105 4985 1475 5040 iumstimabile
1501 4983 1774 5054 gaudium.

208 5099 381 5155 Liceat
411 5104 541 5161 ergo
565 5087 728 5142 instar
768 5085 867 5155 piie
907 5081 1090 5136 matris
1124 5080 1172 5134 ei
1213 5079 1326 5148 pias
1369 5077 1777 5132 lamentationes

209 5183 532 5258 impendere,
557 5193 677 5234 cum
709 5185 856 5230 tanto
880 5188 939 5229 se
968 5171 1137 5226 cernit
1158 5170 1411 5238 privatam
1442 5167 1566 5230 lilio,
1597 5165 1781 5221 vidua-

210 5289 302 5336 tam
333 5277 472 5340 viro,
513 5270 822 5327 destitutam
865 5263 1063 5337 pugile,
1105 5271 1160 5317 et
1197 5263 1475 5330 capitaneo
1502 5259 1624 5314 vitis
1667 5274 1780 5314 sua:

211 5371 416 5427 incisam
455 5361 678 5436 palmite
698 5401 714 5424 ,
741 5372 899 5430 quam
933 5355 988 5410 in
1017 5367 1145 5423 agro
1175 5351 1299 5406 ﬁdei
1325 5351 1579 5420 plantavit
1604 5358 1659 5405 et
1685 5366 1780 5405 co-

211 5461 309 5516 luit.
336 5457 457 5514 Nou
476 5453 633 5518 mihi,
657 5463 860 5520 quznso,
881 5447 1170 5515 imputetur
1187 5441 1298 5494 ﬁlio
1315 5449 1460 5493 tanto
1481 5440 1667 5494 orbato
1693 5455 1784 5508 pa-

211 5562 307 5619 tre,
345 5550 391 5604 si
421 5561 538 5620 pra:
566 5541 758 5598 dolore
788 5536 969 5592 damni
995 5544 1099 5589 tam
1132 5529 1524 5620 inaestimabilis
1546 5544 1606 5582 ea
1635 5528 1784 5620 refe-

207 5616 303 5702 ram
351 5616 478 5714 qua:
521 5647 634 5692 non
680 5627 893 5686 decent.
923 5624 1079 5697 Smpe
1123 5634 1352 5694 namque
1398 5617 1562 5674 nimia
1606 5616 1784 5675 cordis

1208 211 1558 278 EUSEBIUS,
1600 208 1691 266 DE
1729 208 1967 298 MOR'I‘E
2005 210 2404 271 IIlBRORYﬂI.

3369 220 3474 278 ὶῗὸ

1890 324 2212 382 abundantia
2254 328 2406 399 plura
2451 327 2612 385 homo
2651 332 2885 404 loquitur
2925 351 3085 409 quam
3113 337 3292 393 vellet.
3335 337 3472 407 Quid

1891 416 2017 484 heu,
2043 419 2303 474 carissimi
2332 430 2509 492 patres
2535 431 2589 478 et
2607 423 2829 492 domini,
2854 445 2992 484 nunc
3019 431 3171 488 vobis
3197 431 3468 489 referam?

1889 507 2316 581 Circumquaque
2359 513 2692 582 prospiciens
2732 524 2787 570 et
2829 532 3089 587 pergens,
3133 531 3190 577 ut
3233 524 3279 579 si
3327 523 3464 580 forte

1888 613 2090 664 meum,
2113 615 2269 669 quem
2299 601 2411 656 dira
2439 617 2583 658 mors
2607 602 2823 658 abstulit
2847 616 3051 675 patrem
3082 609 3459 684 Hieronymum

1888 687 2208 758 invenirem,
2249 699 2305 746 et
2347 706 2454 746 non
2490 693 2702 750 invenio
2728 710 2886 768 quem
2910 695 3082 769 diligit
3111 702 3285 758 anima
3314 722 3429 762 mea
3454 749 3467 771 ,

1887 780 2040 851 cujus
2065 795 2247 838 amore
2277 783 2520 854 langueo.

1957 871 2085 927 CAP.
2126 873 2281 928 LVII.
2320 875 2504 931 Tardct
2528 877 2758 934 animam
2787 894 2960 936 meam
2989 882 3112 937 vita:
3137 899 3304 952 mete,
3333 903 3467 958 quo-

1888 962 2028 1017 niam
2060 963 2231 1020 ablata
2257 975 2339 1020 est
2357 983 2387 1021 a
2410 984 2497 1024 me
2521 970 2623 1024 vita
2653 987 2791 1035 mea,
2821 981 2874 1027 et
2899 989 3158 1030 excussus
3183 993 3298 1032 sum
3331 981 3467 1034 sicut

1857 1051 2089 1120 .locusta
2115 1096 2132 1122 ,
2176 1063 2231 1110 et
2273 1059 2483 1113 exaruit
2507 1061 2675 1114 virtus
2717 1078 2833 1118 mea
2854 1105 2868 1128 ,
2901 1074 2955 1120 et.
2985 1064 3161 1121 lumen
3189 1067 3464 1124 oculorum

1887 1162 2128 1202 meorum
2158 1151 2449 1206 extinctum
2480 1161 2578 1208 est.
2609 1154 2774 1221 Quale
2799 1158 3027 1227 amplius
3057 1160 3159 1214 erit
3184 1160 3310 1216 mihi
3337 1178 3438 1233 gau

1886 1235 2032 1290 dium
2057 1238 2108 1292 in
2131 1240 2350 1308 mundo,
2365 1256 2484 1296 cum
2504 1245 2680 1299 lumen
2701 1262 2880 1303 meum
2896 1249 3078 1306 videre
3099 1266 3204 1306 non
3227 1255 3468 1323 possim?

1887 1327 2203 1385 obscuratus
2230 1339 2312 1386 est
2350 1333 2492 1387 enim
2535 1335 2618 1390 sol
2655 1353 2836 1402 meus,
2859 1348 2913 1394 et
2953 1340 3077 1396 luna
3122 1357 3227 1396 non
3273 1353 3378 1398 stat
3414 1346 3465 1399 in

1887 1419 2076 1476 ordine
2100 1436 2218 1478 suo.
2255 1425 2381 1479 Ovis
2405 1442 2523 1482 cum
2553 1428 2690 1498 lupis
2725 1431 2856 1500 quid
2885 1431 3060 1499 faciet,
3093 1437 3328 1504 pastoris
3360 1439 3469 1507 pri-

1884 1517 2003 1563 vata
2032 1513 2358 1568 munimine?
2379 1516 2659 1582 Quomodo
2688 1520 2827 1590 viget
2851 1522 3013 1578 arbor
3042 1525 3222 1581 radice
3247 1527 3467 1583 detrun-

1883 1600 2042 1652 cata?
2080 1602 2216 1666 Quid
2254 1604 2355 1658 heu
2394 1606 2507 1660 dira
2548 1609 2715 1663 fecisti
2747 1626 2891 1667 mors
2925 1631 2940 1668 :
2968 1629 3064 1668 cur
3092 1625 3296 1685 patrem
3324 1620 3466 1673 reci-

1882 1687 2054 1756 piens,
2081 1689 2245 1744 ﬁlium
2270 1703 2373 1747 tam
2397 1697 2698 1752 mendicum
2721 1708 2774 1753 et
2799 1702 3046 1757 omnibus
3071 1705 3223 1760 bonis
3248 1707 3465 1762 exulem

1879 1777 2168 1834 dimisisti?
2195 1781 2240 1836 Ο
2270 1799 2413 1838 mors
2433 1787 2686 1856 crudelis,
2711 1805 2818 1844 non
2849 1792 2920 1846 illi
2949 1794 3042 1848 sed
3074 1797 3226 1858 milii,
3249 1807 3302 1852 et
3323 1813 3460 1867 pene

1880 1870 1975 1924 toti
2005 1870 2284 1939 Ecclesia),
2319 1891 2477 1945 quem
2519 1880 2821 1950 surripuisti
2869 1882 3162 1940 athletam?
3202 1886 3311 1943 Cur
3353 1905 3457 1943 non

1877 1959 2126 2016 distulisti
2182 1979 2302 2018 eum
2356 1969 2632 2038 recipere?
2685 1972 2862 2040 Quare
2910 1976 3296 2047 aliquantulum
3349 1997 3455 2036 non

1876 2053 2113 2108 avertisti
2145 2055 2330 2111 faciem
2361 2067 2503 2114 tuam
2528 2061 2594 2116 ab
2624 2065 2864 2121 eo?Scis
2894 2069 3023 2138 quid
3048 2070 3262 2126 fecisti?
3288 2073 3459 2129 Num-

1876 2142 2004 2210 quid
2050 2160 2156 2199 non
2195 2148 2546 2205 considerasti
2593 2169 2752 2223 quem
2796 2165 2900 2211 tam
2940 2160 3195 2215 velociter
3234 2178 3264 2217 a
3305 2167 3459 2220 nobis

1876 2233 2177 2304 surripuisti
2202 2279 2218 2303 ,
2249 2239 2389 2306 quod
2419 2257 2524 2296 non
2553 2244 2622 2298 sit
2647 2245 2699 2298 in
2727 2246 2926 2301 mundo
2952 2249 2999 2303 ei
3030 2251 3223 2305 similis
3243 2294 3256 2316 ,
3286 2254 3337 2308 in
3365 2255 3460 2309 do-

1876 2324 2070 2390 ctrina,
2101 2326 2154 2381 in
2183 2331 2496 2387 sanctitate?
2544 2332 2641 2388 IIie
2683 2346 2830 2392 certe
2867 2339 3113 2410 princeps
3153 2344 3321 2412 pacis,
3349 2344 3458 2399 dux

1871 2414 2116 2484 justitite,
2147 2417 2338 2474 doctor
2363 2423 2604 2478 veritatis
2632 2434 2686 2480 et
2715 2427 2978 2496 aequitatis
3001 2472 3016 2494 ,
3053 2433 3287 2503 armiger
3316 2434 3454 2492 inte-

1876 2519 2094 2564 merata:
2124 2510 2270 2577 ﬁdei,
2300 2524 2484 2568 contra
2515 2515 2796 2573 hmrcticos
2827 2520 3052 2576 bellator
3083 2523 3234 2580 fortis
3257 2567 3272 2592 ,
3306 2530 3456 2597 cujus

1875 2602 2066 2672 sagitta
2090 2620 2359 2675 nunquam
2382 2608 2510 2662 abiit
2527 2620 2837 2678 retrorsum,
2865 2630 2963 2669 nee
2986 2615 3216 2673 declinat
3239 2621 3457 2692 clypens

1875 2692 1989 2762 ejus
2037 2694 2089 2749 in
2133 2695 2306 2761 bello,
2353 2707 2409 2753 et
2453 2700 2568 2764 ejus
2616 2719 2883 2773 nunquam
2923 2717 3004 2761 est
3047 2724 3233 2764 aversa
3283 2712 3455 2768 liasta.

1876 2783 2062 2856 Inclyti
2103 2787 2531 2846 Christianorum
2578 2795 2746 2864 plebis
2785 2797 2940 2856 ﬂete.
2982 2802 3230 2868 quoniam
3262 2806 3456 2859 cecidit

1875 2873 1979 2928 dux
2011 2887 2206 2932 vester.
2235 2880 2348 2934 Vox
2381 2882 2431 2935 in
2466 2883 2629 2936 Rauta
2657 2897 2830 2938 sonet.
2875 2887 3030 2941 Tanti
3063 2890 3153 2944 ﬁlii
3184 2907 3451 2947 recessum

1877 2966 1959 3034 pie
2008 2967 2174 3035 ploret
2219 2970 2472 3026 Ecclesia.
2518 2973 2634 3027 Jatn
2684 2977 3090 3034 circumdnbunt
3134 2996 3251 3036 eam
3296 2999 3456 3040 canes

1876 3055 2060 3122 multi,
2110 3066 2165 3111 et
2205 3063 2486 3114 concilium
2532 3065 2931 3133 malignantium
2979 3069 3245 3125 obsidebit
3290 3089 3454 3130 eam:

1875 3148 2126 3216 quoniam
2155 3149 2310 3221 longe
2342 3151 2508 3207 faetns
2537 3165 2621 3210 est
2650 3157 2718 3211 ab
2750 3173 2810 3212 ea
2841 3159 3124 3216 auxiliator
3157 3163 3291 3232 ejus.
3338 3165 3457 3220 Jatn

1875 3236 1942 3291 ad
1988 3254 2140 3292 suam
2189 3257 2292 3294 non
2337 3244 2526 3312 aspicit
2571 3245 2962 3304 defens’onem.
3009 3251 3126 3306 Jam
3189 3254 3460 3312 tribulatio

1877 3331 2112 3397 proxima
2139 3341 2240 3394 est,
2269 3342 2446 3385 etnon
2475 3320 2668 3404 estqui
2690 3336 2925 3406 adjuvet.
2956 3339 3072 3394 Jam
3119 3343 3171 3396 in
3206 3347 3457 3412 sepulcro

1870 3419 2013 3490 jacet
2048 3432 2318 3491 protector
2346 3425 2536 3478 solitus
2567 3445 2579 3480 :
2614 3443 2718 3481 non
2746 3438 2892 3483 certe
2919 3443 3174 3502 exsurget
3203 3435 3458 3492 adversus

1875 3514 2228 3592 malignantes
2251 3515 2301 3570 in
2328 3533 2411 3571 ea.
2445 3517 2645 3574 Idcirco
2675 3521 2844 3574 clama
2873 3522 2923 3575 in
2951 3524 3126 3580 cilicio
3147 3536 3198 3581 et
3223 3528 3454 3597 planetu,

1880 3608 1960 3675 pia
2006 3618 2178 3663 mater
2226 3627 2240 3661 :
2290 3610 2506 3663 induere
2549 3611 2821 3667 viduitatis
2862 3627 3009 3669 veste
3060 3627 3208 3672 tanto
3247 3619 3456 3674 viduata

1878 3697 2005 3752 lilio.
2037 3697 2151 3753 IIeu
2182 3699 2611 3756 vaticinabuntur
2635 3705 3133 3774 pseudoprOpltelze,
3157 3719 3208 3762 et
3231 3710 3462 3779 pr0plie-

1881 3791 2064 3844 tabunt
2093 3790 2320 3844 visiones
2350 3792 2633 3846 mendaces
2658 3833 2670 3854 ,
2698 3805 2751 3847 ct
2782 3793 3147 3851 fraudulentas
3173 3798 3458 3853 divinatio.

1880 3895 1996 3943 nes,
2025 3889 2077 3934 et
2106 3881 2185 3934 sui
2214 3880 2392 3935 cordis
2419 3881 2471 3934 in
2502 3881 2656 3935 nobis
2685 3881 3026 3938 seductioncs
3051 3926 3066 3950 ,
3099 3893 3154 3938 et
3180 3896 3325 3940 certe
3353 3905 3457 3940 non

1879 3971 1982 4024 erit
2020 3972 2107 4042 qui
2149 3973 2357 4026 resistat
2393 3973 2492 4026 eis.
2535 3972 2774 4028 Siccatus
2804 3982 2886 4028 est
2919 3976 3062 4030 enim
3093 3975 3215 4031 fons
3236 3978 3377 4044 vila‘,
3409 3990 3462 4034 et

1880 4078 2013 4116 vena
2044 4061 2300 4128 dlSpaﬂlil
2331 4079 2586 4132 aquarum
2616 4065 2925 4121 viventium.

1950 4154 2077 4207 Cap.
2123 4153 2299 4207 LVIII.
2349 4153 2453 4208 Sed
2492 4164 2544 4207 ct
2575 4165 2626 4208 tu
2656 4157 2782 4224 quid
2811 4157 2978 4222 dices,
3007 4158 3283 4214 carissime
3313 4169 3464 4228 pater

1885 4244 2145 4299 Damase?
2172 4244 2270 4299 Ubi
2295 4260 2450 4313 quem
2481 4246 2597 4312 plus
2617 4247 2874 4314 diligebas
2902 4263 3058 4316 quam
3095 4259 3164 4314 te,
3201 4251 3462 4322 Hierony-

1885 4337 2036 4391 mus?
2077 4335 2174 4391 Ubi
2221 4335 2294 4389 tui
2341 4350 2583 4388 normam
2623 4335 2862 4390 itineris?
2901 4337 3246 4402 Consiliator,
3271 4340 3461 4396 dot-tor

1881 4437 1935 4482 et
1961 4438 2136 4483 rector
2157 4442 2262 4497 quo
2286 4426 2416 4481 abiit
2443 4427 2600 4481 tuus?
2640 4427 2886 4496 Quando,
2907 4445 3112 4498 quasso,
3136 4431 3338 4484 scribes
3370 4435 3415 4486 ci
3447 4451 3459 4486 :

1881 4522 2008 4577 Sine
2052 4531 2141 4575 tuo
2186 4535 2337 4587 sum,
2376 4520 2699 4592 Hieronyme
2742 4520 3040 4587 carissime,
3066 4524 3288 4577 consilio
3321 4526 3463 4579 velut

1883 4613 2172 4668 abscissum
2194 4628 2224 4666 a
2245 4627 2470 4681 corpore
2498 4611 2833 4666 membrum?
2857 4613 3062 4676 Scribe,
3094 4615 3291 4677 scribe,
3314 4631 3458 4683 qum-

1883 4717 1964 4770 so,
1993 4719 2060 4758 ne
2087 4703 2371 4773 pigriteris,
2391 4703 2510 4757 utsi
2537 4711 2624 4756 tua
2647 4703 2883 4758 locorum
2910 4703 3156 4758 distantia
3186 4716 3463 4773 peroptata

1883 4811 2041 4851 careo
2066 4796 2293 4860 visione,
2325 4797 2511 4850 saltem
2562 4805 2649 4850 tua
2690 4796 2818 4851 mihi
2867 4798 3006 4852 adsit
3046 4799 3301 4852 memoria
3351 4793 3463 4854 fre-

1885 4901 2052 4956 quens
2096 4886 2201 4939 tuis
2239 4885 2466 4939 assiduis
2492 4885 2685 4940 litteris
2731 4889 2997 4956 gratiosis.
3051 4887 3210 4943 Teste
3259 4889 3368 4944 Deo
3411 4891 3463 4944 in

1887 4979 2031 5031 nullo
2051 4977 2360 5039 viventium,
2384 4983 2442 5027 ut
2464 4975 2514 5027 in
2539 4984 2590 5028 te
2617 4991 2752 5030 mea:
2773 4978 2884 5044 spei
2913 4977 3116 5032 ﬁrmavi
3145 4979 3457 5034 anelioram.

1888 5068 2042 5121 Plora
2083 5066 2272 5134 igitur,
2305 5063 2475 5132 plora,
2505 5062 2769 5118 deducant
2797 5065 2934 5118 oculi
2968 5067 3041 5118 tui
3074 5067 3335 5139 Iacrymas
3365 5087 3462 5138 per

1888 5157 2029 5212 diem
2060 5166 2114 5210 et
2141 5163 2348 5208 noctem
2368 5194 2382 5218 ,
2413 5153 2664 5222 quoniam
2693 5150 2889 5206 defecit
2915 5153 3148 5209 anchora
3182 5167 3284 5212 tuae
3323 5162 3458 5229 spei.

1889 5251 2043 5306 Aruit
2079 5245 2363 5301 scribentis
2391 5257 2582 5297 manus
2610 5251 2864 5312 tanquam
2891 5241 2989 5296 ﬂos
3019 5241 3144 5297 {teni
3177 5261 3192 5297 :
3220 5247 3328 5314 jam
3358 5264 3464 5304 non

1893 5339 1986 5394 tibi
2013 5336 2116 5392 erit
2143 5334 2373 5404 amplius
2398 5333 2653 5388 memoria
2691 5332 2825 5402 ejus.
2859 5331 2970 5386 Vox
2994 5343 3140 5387 certe
3169 5348 3260 5387 sua
3292 5334 3466 5394 dulcis

1891 5443 1940 5490 et
1968 5428 2221 5502 jucunda,
2249 5441 2369 5498 qua:
2397 5433 2512 5480 erat
2541 5426 2592 5480 in
2620 5425 2852 5480 ﬁdelium
2881 5424 3096 5479 auribus
3128 5427 3230 5482 mel
3270 5426 3468 5482 dulcis-

1892 5526 2114 5587 simum,
2147 5521 2312 5576 siluit.
2345 5517 2457 5573 IIeu
2483 5517 2696 5587 qualem
2728 5515 2952 5570 amisisti
2989 5517 3384 5573 consiliatorem
3415 5529 3470 5575 et

1898 5615 2228 5688 adjutorem?
2273 5613 2430 5672 Certe
2470 5609 2578 5682 jam
2633 5611 2686 5668 in
2739 5609 3077 5668 multitudine
3124 5611 3471 5669 consiliorum
