4048 6186
547 287 656 343 279

546 416 763 459 tuorum
808 392 1068 452 defecisti.
1113 388 1227 444 Non
1271 382 1373 440 erit
1417 378 1507 451 qui
1553 390 1745 447 panem
1783 372 1994 440 frangat
2031 366 2127 422 tibi

549 497 698 550 vita.
725 491 973 547 Extincta
996 493 1075 538 est
1103 482 1313 534 lucerna
1342 473 1393 527 in
1418 468 1596 526 medio
1621 465 1875 522 Ecclesia
1902 462 2128 525 micans,

1543 255 1897 324 EUSEBIUS,
1940 252 2029 308 DE
2070 248 2307 308 HOBTE
2346 243 2751 306 ΗῙΕΒΟΝΥΜΙ.

2306 363 2438 418 Car.
2467 360 2580 417 LX.
2627 360 2798 417 Hodie
2823 367 2970 416 certe
3010 357 3243 416 obtinuit
3285 357 3645 431 Hieronymus
3675 360 3825 429 quod

2239 460 2387 508 tanto
2415 453 2676 508 aestuabat
2713 451 3006 506 desiderio.
3061 449 3234 506 Hodie
3279 450 3504 506 devictis
3535 449 3775 505 hostibus
3799 492 3821 516 ,

550 542 939 643 utnon—nobis,
970 571 1062 630 sed
1090 569 1190 624 sibi
1221 567 1397 621 luceat
1423 583 1436 616 :
1467 578 1573 617 non
1605 557 1804 615 mundo
1826 598 1842 623 ,
1874 552 1968 610 sed
1993 551 2134 643 calo
2237 558 2486 643 tie-curiﬁn
2509 543 2748 643 oblini“.
2770 542 3299 643 ιΐίωηρδιξφοεθξίε
3587 544 3823 614 θ¹Ρ¹θ³ί⁸

549 641 847 748 splendeat.
890 663 1025 734 Quid
1064 674 1193 731 ergo
1221 654 1433 713 diram?
1472 651 1574 709 Cui
1612 645 1961 748 conquerar?
1977 641 2135 748 Unde

551 739 683 822 mihi
711 764 764 816 in
793 760 893 813 hoc
919 753 1094 809 veniet
1123 749 1380 805 auxilium
1404 787 1423 814 ,
1449 754 1506 800 ut
1524 741 1809 800 consoler?
1836 739 2000 795 Certe
2022 775 2039 801 ,
2078 741 2138 788 ut

551 858 788 917 intueor,
819 863 850 903 a
882 844 1110 902 Domino
1137 841 1335 896 factum
1362 847 1447 895 est
1480 833 1658 900 istud,
1690 842 1748 889 et
1779 831 1902 886 ideo
1927 827 2030 884 sibi
2057 824 2138 881 di-

556 961 676 1002 cam
706 939 874 1005 :Cur,
914 939 1052 994 bene
1089 935 1249 999 Jesu,
1293 941 1401 987 tam
1430 928 1686 985 velociter
1723 939 1755 980 a
1789 933 1879 978 tua
1917 932 2142 991 sponsa,

556 1050 716 1106 quam
741 1033 794 1089 in
819 1044 980 1088 cruce
1007 1025 1243 1083 moriens
1266 1019 1627 1093 desponsasti,
1650 1025 1854 1072 tantum
1865 1007 2140 1106 abstulisti

557 1099 725 1182 filium
748 1131 1129 1196 protectorem,
1151 1125 1207 1172 ct
1229 1124 1412 1170 contra
1443 1111 1560 1182 ejus
1585 1110 1768 1164 hostes
1792 1099 2142 1174 belligerum?

559 1218 723 1274 Forte
753 1213 966 1269 voluisti
997 1227 1119 1267 eum
1146 1218 1320 1264 tecum
1350 1218 1493 1262 esse.
1521 1201 1684 1257 Certe
1705 1241 1720 1265 ,
1754 1197 2007 1260 Domine,
2036 1207 2143 1248 non

560 1326 628 1366 eo
666 1308 888 1380 egebas,
915 1313 973 1360 ut
1013 1304 1150 1376 ipsa.
1181 1301 1322 1356 Bene
1346 1295 1562 1369 quidem
1596 1293 1648 1350 ei
1685 1283 2147 1380 subvenisti

563 1413 664 1456 nos
687 1374 959 1469 orphanos
990 1374 1274 1464 reliquisti.
1315 1389 1430 1445 Non
1470 1398 1793 1480 conqueror,
1819 1378 1974 1480 quod
1999 1374 2145 1480 aliud

563 1505 726 1562 quam
769 1489 974 1559 justum
1000 1496 1054 1542 et
1081 1499 1294 1556 aquum
1322 1479 1552 1536 feceris:
1584 1475 1836 1547 quoniam
1866 1478 2014 1526 certe
2028 1475 2145 1562 jam

563 1560 679 1653 ipse
703 1581 1008 1637 merebatur
1039 1578 1197 1632 finem
1224 1576 1498 1644 imponere
1526 1569 1684 1639 hujus
1702 1567 1824 1621 vita
1853 1560 2142 1625 laboribus,

566 1685 622 1730 et
649 1685 824 1730 tecum
853 1688 997 1728 esse.
1035 1667 1144 1726 Sed
1183 1667 1342 1724 doleo
1380 1663 1522 1736 quod
1562 1671 1764 1717 tantum
1803 1657 2028 1713 incurrit
2055 1653 2151 1709 da-

568 1782 753 1821 mnum
787 1763 1021 1820 Ecclesia
1043 1777 1109 1816 eo
1137 1760 1386 1814 abeunte.
1411 1756 1621 1811 Utinam
1642 1767 1762 1807 eum
1788 1747 2062 1808 redderes,
2093 1753 2152 1800 ut

573 1865 718 1912 tuam
743 1865 974 1925 regeret,
1004 1850 1288 1912 stabiliret,
1311 1858 1366 1904 et
1396 1845 1707 1901 defenderet
1737 1840 2034 1896 Ecclesiam
2060 1851 2153 1892 ve-

571 1948 654 2002 lut
695 1945 866 2016 prius.
905 1943 1043 2012 Quid
1080 1942 1221 1998 bone
1261 1938 1506 2003 Domine,
1534 1937 1648 2006 ejus
1674 1934 1928 2002 deinceps
1959 1928 2156 1984 facient

572 2040 692 2106 ﬁlii,
717 2039 982 2109 jacentes,
1008 2035 1330 2100 esurientes,
1359 2032 1750 2087 circumeuntes
1777 2023 2004 2081 famelici
2027 2021 2158 2077 civi—

577 2139 742 2186 tatem
768 2137 824 2184 ut
851 2142 1035 2194 canes,
1063 2141 1170 2182 non
1198 2125 1453 2181 habentes
1478 2122 1568 2192 qui
1596 2121 1674 2177 eis
1701 2133 1890 2190 panem
1914 2115 2156 2186 frangat?

574 2220 712 2278 Sunt
736 2235 866 2276 oves
891 2227 1136 2276 errantes
1163 2232 1271 2274 non
1300 2217 1558 2273 habentes
1587 2222 1878 2286 pastorem,
1909 2208 2158 2279 discipuli

574 2314 692 2370 sine
716 2312 957 2380 doctore,
979 2311 1108 2368 caci
1137 2309 1255 2366 sine
1278 2309 1521 2364 ductore.

646 2405 776 2460 Car.
790 2402 924 2458 LIX.
950 2402 1066 2458 lleu
1092 2411 1244 2472 pater
1257 2402 1343 2472 pie
1365 2399 1706 2470 Hieronyme,
1729 2404 1930 2450 nostra
1949 2401 2163 2448 susten-

577 2495 798 2550 tationis
816 2493 1039 2549 baculus
1055 2492 1144 2547 ubi
1163 2495 1260 2549 es?
1281 2491 1416 2560 Quid
1437 2489 1725 2546 tuusfaciet
1746 2501 1935 2544 currus
1951 2486 2067 2542 sine
2086 2494 2158 2551 te,

583 2585 758 2642 dulcis
778 2585 997 2656 auriga?
1029 2583 1128 2640 Ubi
1157 2583 1343 2647 cubas.
1376 2582 1551 2638 indica
1581 2579 1757 2635 nobis.
1801 2579 1908 2635 Cur
1932 2593 1992 2633 es
2019 2590 2160 2631 nunc

585 2684 746 2732 terra
770 2676 969 2742 socius,
998 2676 1088 2745 qui
1112 2675 1166 2731 in
1208 2684 1260 2731 te
1287 2674 1418 2729 nihil
1455 2672 1669 2728 voluisti
1709 2686 1830 2728 esse
1855 2668 2162 2726 terrenum?

583 2764 886 2833 Bethleem,
910 2766 1186 2822 Bethleem
1205 2766 1394 2821 civitas
1429 2764 1588 2830 Juda,
1614 2778 1736 2834 qua
1763 2778 1868 2817 non
1897 2762 2161 2816 minorem

580 2856 651 2914 de
678 2858 1012 2930 principibus
1033 2859 1290 2916 Ecclesia
1328 2860 1552 2923 retines,
1593 2857 1721 2930 quid
1740 2856 1951 2912 fecisti?
1982 2854 2168 2910 Redde

581 2948 739 3004 nobis
775 2965 940 3020 quem
967 2951 1170 3006 retines
1207 2959 1440 3021 patrem.
1474 2949 1580 3006 Sed
1619 2957 1676 3004 ct
1719 2957 1774 3004 tu
1805 2956 1968 3013 terra,
1999 2959 2166 3015 quare

581 3038 750 3096 audes
769 3039 1004 3096 retinere
1020 3041 1292 3097 hominem
1307 3056 1412 3097 non
1437 3051 1609 3107 tuum,
1626 3040 1714 3110 qui
1736 3038 1865 3094 nihil
1882 3037 2048 3109 gessit
2061 3045 2167 3092 ter-

583 3145 796 3200 renum,
816 3129 890 3186 nil
909 3132 1125 3188 carnale
1147 3142 1296 3188 certe
1320 3147 1417 3187 sua
1448 3131 1680 3188 redoluit
1698 3145 1846 3186 caro.
1887 3126 2170 3198 Suspende

580 3229 638 3276 et
667 3231 752 3289 tu,
786 3223 1026 3293 piissime
1053 3223 1344 3290 Theodosi,
1387 3231 1476 3278 tua
1529 3223 1584 3278 in
1635 3220 1889 3277 salicibus
1942 3231 2164 3288 organa.

592 3312 710 3369 Non
735 3314 858 3386 pius
881 3324 1060 3372 cesset
1078 3315 1398 3382 ﬂetus,cum
1428 3317 1505 3370 tui
1532 3315 1714 3371 dilecti
1735 3312 2045 3384 Hieronymi
2074 3327 2167 3368 re-

589 3405 834 3461 cordaris
853 3421 1013 3476 quem
1041 3407 1290 3463 amisisti.
1318 3405 1493 3462 Tanta
1518 3405 1750 3476 denique
1777 3405 1872 3462 tibi
1902 3405 2031 3461 insit
2067 3403 2169 3460 do.

595 3497 726 3551 loris
766 3495 1009 3563 affectio,
1057 3507 1256 3568 quanta
1324 3499 1532 3554 exstitit
1577 3498 1794 3554 dilectio
1837 3517 1851 3553 :
1903 3507 2051 3553 tanta
2102 3497 2169 3552 sit

599 3585 953 3654 lamentatio,
1012 3595 1268 3657 quantum
1331 3587 1609 3644 damnum.
1662 3587 1768 3644 Sed
1821 3603 1941 3658 qua
1993 3595 2175 3659 posset

599 3678 904 3735 mortalium
944 3679 1214 3748 explicare
1260 3679 1476 3750 lingua,
1522 3688 1719 3750 quanta
1771 3694 1840 3736 eo
1885 3680 2174 3750 superstite

601 3768 789 3824 aderat
829 3767 926 3825 toti
956 3769 1214 3826 Ecclesia
1263 3769 1490 3839 utilitas,
1518 3778 1714 3842 quanta
1746 3770 2173 3828 Christianorum

599 3862 824 3933 singulis
861 3861 1170 3930 salubritas,
1217 3873 1474 3932 quantum
1513 3872 1789 3918 certamen
1819 3905 1838 3931 ,
1869 3872 2174 3935 quantaque

595 3952 864 4011 haereticis
889 3953 1182 4009 destructio
1209 3969 1272 4010 ac
1291 3955 1596 4026 dispersio?
1625 3955 1722 4012 llic
1747 3964 1897 4013 certe
1928 3957 2177 4014 omnibus

596 4042 937 4099 Christicolis
967 4044 1213 4100 amabilis
1249 4052 1402 4111 erat,
1452 4054 1508 4100 et
1554 4045 1784 4104 decorus
1822 4047 1878 4102 in
1914 4049 2019 4104 vita
2050 4063 2172 4118 sua,

600 4146 656 4190 et
678 4135 800 4190 idco
838 4135 955 4205 ejus
1000 4151 1217 4192 recessu
1257 4136 1484 4210 singulis
1510 4138 1640 4196 llere
1669 4139 1815 4208 licet,
1846 4156 1945 4196 nec
1973 4150 2054 4197 est
2085 4142 2174 4212 qni

603 4242 668 4284 se
695 4227 1026 4284 abscondere
1049 4230 1132 4285 vel
1161 4245 1416 4288 excusare
1447 4233 1637 4303 possit.
1679 4232 1759 4288 Ne
1803 4233 1963 4304 igitur
1995 4243 2179 4290 noster

599 4319 762 4374 nimis
788 4319 1133 4390 protrahatur
1151 4334 1353 4389 sermo,
1383 4332 1440 4378 ut
1464 4323 1699 4380 breviter
1716 4323 2032 4381 concludam
2059 4339 2180 4396 qua

607 4423 706 4477 pro
732 4420 915 4465 nostro
947 4411 1145 4468 damno
1185 4414 1252 4469 ad
1281 4414 1521 4470 dolorem
1565 4417 1816 4482 attinent,
1850 4425 1906 4471 ut
1934 4431 2059 4488 qua
2105 4432 2176 4472 ex

604 4499 699 4553 illo
732 4501 1068 4568 proveniebat
1093 4504 1344 4559 omnibus
1373 4505 1570 4560 utilitas
1596 4517 1651 4562 et
1674 4507 1955 4575 exultatio,
2003 4507 2174 4576 expli-

609 4589 721 4645 cari
754 4605 858 4644 non
888 4599 1080 4660 potest,
1109 4594 1180 4646 ita
1209 4593 1455 4649 dolorum
1497 4603 1580 4651 est
1627 4597 1960 4652 lamentatio.
1991 4598 2178 4654 Cesset

609 4681 772 4752 igitur
801 4681 977 4748 dolor,
1015 4683 1176 4739 abeat
1207 4687 1440 4754 tristitia,
1475 4689 1668 4758 quibus
1709 4698 1890 4746 tamen
1915 4692 2181 4764 attingere

603 4789 710 4830 non
741 4790 1026 4846 possumus
1053 4792 1176 4848 qua
1200 4778 1485 4848 vellemus,
1507 4796 1625 4850 qua
1651 4796 1758 4837 non
1785 4783 1959 4837 solum
1978 4785 2182 4840 nullum

603 4866 901 4922 remedium
931 4866 1152 4924 adhibet
1185 4868 1384 4938 dolori,
1411 4870 1505 4928 sed
1544 4883 1723 4942 auget.
1750 4873 1806 4930 Si
1850 4882 2058 4944 patrem
2084 4891 2184 4931 no-

604 4965 774 5012 strum
791 4956 1080 5030 diligimus,
1111 4958 1180 5016 de
1203 4959 1322 5030 ejus
1345 4961 1525 5017 latitia
1551 4963 1899 5033 gaudeamus.
1917 4964 2030 5020 Non
2061 4981 2187 5023 vere

605 5047 797 5119 diligit,
821 5050 911 5120 qui
937 5065 1089 5107 suam
1118 5060 1324 5108 tantum
1360 5053 1645 5111 utilitatem
1677 5055 1870 5127 diligit.
1905 5056 2110 5112 Idcirco
2131 5068 2187 5115 ct

611 5140 658 5193 si
687 5154 784 5209 pro
812 5155 875 5196 ea
913 5157 1033 5211 qua
1081 5143 1239 5200 nobis
1288 5145 1468 5200 evenit
1505 5146 1793 5204 inutilitate
1819 5147 2105 5204 dolemus:
2133 5158 2190 5204 ct

614 5245 715 5302 pro
755 5234 833 5288 eis
857 5250 976 5304 qua
1003 5237 1206 5307 recepit
1241 5238 1452 5308 gaudiis
1480 5239 1834 5295 collatcmur.
1878 5238 2034 5295 Adsit
2056 5255 2188 5311 ergo

613 5319 773 5377 hodie
816 5324 969 5379 nobis
1013 5339 1174 5382 causa
1213 5343 1420 5399 magna
1466 5329 1688 5386 latitia.
1740 5330 1936 5386 Cantet
1961 5331 2192 5400 quilibet

620 5421 862 5469 nostrum
915 5433 1112 5471 novum
1168 5419 1397 5476 Domino
1435 5422 1722 5476 canticum.
1752 5421 1976 5478 Sonoris
2000 5422 2192 5492 jubilet

618 5502 838 5558 vocibus
865 5514 1038 5558 mater
1064 5507 1322 5563 Ecclesia.
1347 5510 1404 5565 In
1435 5510 1650 5581 hymnis
1676 5523 1730 5569 ct
1759 5512 2188 5570 confessionibus

615 5589 828 5654 ltlattdat
865 5591 1028 5646 hodie
1057 5593 1210 5659 plebs
1253 5598 1548 5677 Catholica,
1584 5601 1827 5674 Undique
1849 5601 2016 5672 jucun
2030 5603 2186 5661 dctur

613 5680 916 5749 Christiana
942 5683 1160 5740 concio.
1634 5737 1639 5749 ,
2081 5685 2094 5690 “

2240 633 2552 701 laboribus,
2597 636 2840 705 requiem
2901 634 3140 705 possidet
3195 635 3316 690 sine
3363 636 3490 690 line.
3540 635 3658 691 1am
3710 652 3825 694 non

2241 726 2636 797 esurietneque
2656 726 2801 782 sitiet
2828 726 3079 796 amplius,
3106 742 3282 797 neque
3309 726 3468 782 cadet
3482 740 3645 798 super
3666 728 3829 783 illum

2241 819 2344 884 sol,
2364 833 2538 889 neque
2556 818 2694 873 nllus
2713 825 2899 873 astus.
2922 819 3110 875 Ablata
3127 828 3212 874 est
3226 817 3296 873 ab
3318 819 3490 874 oculis
3507 820 3623 889 ejus
3648 821 3835 876 omnis

2244 909 2674 981 lacrymazabiit
2713 909 2857 964 enim
2901 909 3101 964 luctus.
3152 907 3273 965 1am
3326 920 3475 966 certe
3522 910 3627 966 sibi
3673 910 3838 966 dolor

2245 1000 2502 1072 deinceps
2530 1017 2638 1057 non
2668 1004 2775 1058 erit
2802 1019 2818 1057 :
2847 1003 2959 1072 jam
2995 1012 3145 1058 certe
3174 1004 3477 1059 mercedem
3511 1004 3688 1072 habet,
3728 1020 3839 1076 pro

2246 1107 2350 1162 qua
2381 1101 2493 1147 toto
2532 1093 2656 1148 vita
2707 1109 2819 1149 sua
2868 1104 3114 1166 tempore
3141 1095 3423 1151 laboravit.
3477 1097 3841 1154 Consolemur

2247 1199 2413 1256 ergo,
2466 1184 2656 1240 demus
2707 1187 3156 1256 magniﬁcentiam
3200 1185 3312 1242 Deo
3337 1198 3547 1254 nostro,
3577 1189 3838 1258 quoniam

2253 1277 2346 1332 Dei
2379 1278 2615 1348 perfecta
2643 1288 2771 1334 sunt
2797 1294 2984 1350 opera,
3017 1289 3073 1335 et
3101 1294 3294 1336 omnes
3323 1281 3424 1335 via:
3466 1282 3586 1349 ejus
3607 1281 3834 1351 judicia.

2248 1366 2614 1425 Conflteamur
2635 1370 2894 1439 Domino,
2920 1381 2976 1427 et
2997 1369 3374 1426 collaudemus
3401 1371 3567 1427 Deum
3591 1371 3846 1428 Salvato-

2250 1477 2366 1518 rem
2396 1471 2661 1530 nostrum,
2687 1464 2942 1534 quoniam
2962 1479 3067 1519 non
3089 1464 3380 1536 dereliquit
3399 1465 3655 1521 Sanctum
3677 1481 3850 1522 suum

2251 1552 2370 1608 sine
2401 1552 2672 1624 adjutorio
2694 1556 2744 1610 in
2772 1556 3231 1622 tribulationibus,
3255 1572 3377 1626 qua
3406 1557 3459 1611 in
3486 1572 3659 1627 agone
3676 1557 3848 1627 hujus

2254 1642 2376 1699 vita
2405 1646 2724 1701 miserrima
2741 1646 3210 1702 circumdederunt
3227 1648 3375 1703 illum
3396 1665 3412 1714 ;
3439 1648 3534 1702 sed
3551 1647 3762 1718 adjutor
3780 1657 3850 1703 et

2257 1747 2531 1806 protector
2555 1752 2684 1792 suns
2712 1736 2917 1804 laetus,
2953 1740 3202 1795 liberavit
3241 1754 3438 1810 corpus
3462 1754 3617 1794 suum
3647 1755 3675 1792 a
3710 1755 3858 1812 per-

2255 1827 2480 1894 ditione,
2514 1844 2545 1883 a
2588 1828 2782 1900 laqueo
2810 1830 3007 1899 lingua
3025 1832 3245 1902 iniqua,
3284 1842 3340 1886 et
3373 1847 3404 1886 a
3435 1831 3592 1888 labiis
3616 1847 3853 1902 operario

2258 1919 2391 1973 tium
2423 1920 2786 1986 mendacium,
2815 1931 2870 1977 et
2908 1937 3030 1978 eum
3069 1923 3375 1978 sublimiter
3394 1923 3673 1978 collocavit
3703 1923 3850 1978 infra

2260 2011 2433 2066 Patris
2455 2013 2780 2078 mansiones,
2815 2014 2902 2069 ubi
2933 2030 3093 2069 omne
3115 2023 3199 2070 est
3217 2014 3494 2086 gaudium,
3517 2017 3694 2070 omnis
3716 2031 3856 2071 sua»

2263 2106 2422 2173 vitas,
2453 2121 2614 2162 omne
2656 2106 2800 2176 quod
2830 2106 3125 2162 desiderari
3169 2116 3365 2178 potest.
3406 2105 3505 2163 Ubi
3530 2107 3758 2178 gloriosa
3787 2116 3858 2163 et

2261 2197 2394 2252 felix
2409 2208 2491 2252 est
2521 2197 2744 2254 refectio
2769 2199 3069 2254 animarum
3103 2209 3222 2271 post
3247 2199 3460 2256 labores
3482 2210 3536 2256 et
3551 2215 3854 2265 arumnas.

2262 2288 2355 2343 ubi
2391 2287 2564 2343 dulcis
2593 2288 2910 2344 solemnitas
2938 2290 3262 2361 Angelorum
3298 2291 3424 2347 :ubi
3462 2307 3566 2347 una
3614 2292 3856 2349 societas

2263 2389 2318 2435 et
2339 2381 2532 2435 caritas
2552 2381 2792 2436 omnium
2823 2383 3017 2436 civium
3048 2397 3430 2454 supernorum.
3465 2384 3545 2440 lbi
3582 2394 3729 2442 certe
3746 2401 3860 2442 ne-

2265 2471 2462 2524 minem
2479 2471 2899 2526 timorautdolor
2917 2473 3172 2528 concutit.
3199 2473 3273 2529 lbi
3288 2475 3432 2529 nulla
3453 2475 3667 2545 penitus
3677 2492 3856 2548 agno-

2265 2561 2430 2615 scitur
2447 2562 2711 2634 angustia,
2736 2562 3008 2618 tribulatio
3031 2573 3120 2618 aut
3139 2564 3445 2622 diversitas.
3483 2565 3637 2622 Nulla
3661 2568 3730 2622 ibi
3761 2569 3856 2623 in-

2268 2653 2494 2708 firmitas
2521 2655 2848 2709 nominatur.
2869 2654 3039 2712 Nemo
3055 2658 3201 2712 enim
3219 2657 3498 2715 fraudator
3510 2674 3609 2715 suo
3626 2660 3821 2718 deside
3836 2691 3855 2704 -

2269 2743 2368 2799 rio.
2387 2743 2577 2800 Procul
2597 2745 2668 2800 ibi
2682 2745 2846 2800 distat
2865 2761 3032 2801 mors.
3053 2747 3203 2802 Nulla
3231 2748 3304 2803 ibi
3323 2763 3548 2821 prorsus
3567 2753 3860 2820 praesentis

2269 2838 2452 2909 gloria
2472 2848 2814 2908 exspectatur
2846 2839 3154 2908 minoratio,
3186 2840 3282 2896 sed
3309 2850 3680 2913 augmentum,
3707 2844 3861 2898 scili-

2269 2941 2356 2986 cet
2384 2947 2506 2987 cum
2527 2933 2764 2988 omnium
2789 2935 3104 2990 universalis
3131 2937 3236 2993 erit
3266 2940 3597 2995 resurrectio
3614 2948 3862 2994 mortuo-

2271 3039 2389 3078 rum
2417 3040 2430 3078 :
2458 3024 2529 3080 ibi
2556 3033 2680 3080 tunc
2707 3040 2905 3096 corpus
2934 3027 3220 3096 cujuslibet
3240 3029 3518 3085 beatorum
3545 3030 3703 3087 simul
3731 3046 3862 3087 cum

2271 3116 2472 3183 anima,
2498 3118 2809 3188 pradictam
2838 3120 3087 3188 gloriam,
3115 3137 3275 3192 quam
3304 3137 3446 3180 nunc
3469 3124 3584 3180 sola
3615 3123 3868 3196 possidet

2272 3209 2474 3274 anima,
2515 3209 2622 3265 fine
2652 3212 3039 3266 interminabili
3065 3213 3386 3283 possidebit.

2346 3299 2475 3357 Car.
2507 3299 2644 3356 LXI.
2668 3301 2801 3370 Quis
2849 3313 3033 3360 autem
3071 3305 3399 3375 Angelorum
3443 3305 3530 3362 vel
3556 3305 3865 3375 hominum,

2275 3403 2470 3466 quanta
2483 3395 2553 3450 sit
2566 3395 2742 3450 minor
2764 3395 3023 3467 particula
3040 3397 3356 3468 gaudiorum
3371 3407 3427 3454 et
3447 3399 3634 3470 gloria
3648 3415 3767 3471 qua
3785 3401 3868 3457 ibi

2275 3498 2421 3554 sunt,
2453 3497 2601 3544 esset
2627 3489 2901 3545 sufficiens
2918 3493 3209 3548 enarrare?
3238 3492 3370 3561 Quis
3388 3505 3533 3551 esset
3560 3497 3868 3554 intellectus

2275 3578 2342 3632 ad
2362 3579 2478 3634 hac
2507 3579 2914 3651 intelligendum
2943 3581 3193 3652 idoneus,
3219 3599 3339 3654 qua
3359 3601 3459 3641 nec
3487 3587 3678 3643 oculus
3706 3588 3866 3654 vidit,

2279 3686 2380 3725 nec
2399 3672 2545 3726 auris
2571 3671 2798 3741 audivit,
2839 3689 2940 3729 nec
2986 3675 3040 3729 in
3086 3690 3181 3730 cor
3202 3676 3434 3732 hominis
3459 3678 3821 3734 ascenderunt
3843 3681 3872 3735 ?

2279 3763 2438 3820 Certe
2467 3767 2511 3820 si
2544 3763 2659 3821 hac
2703 3775 2900 3836 quanta
2929 3767 3038 3822 sint
3066 3768 3258 3839 gaudia
3286 3769 3719 3838 considerentur,
3748 3783 3870 3828 ter-

2280 3871 2409 3910 rena
2437 3856 2614 3910 omnia
2633 3856 2824 3912 viliora
2848 3859 2993 3913 omni
3022 3869 3261 3916 stercore
3282 3861 3637 3937 apparebunt.
3663 3863 3716 3918 Si
3745 3862 3870 3919 hac

2283 3948 2594 4017 temporalis
2624 3948 2730 4003 vita
2760 3949 2834 4004 illi
2866 3962 3235 4021 comparetur,
3269 3951 3407 4007 hanc
3436 3953 3664 4024 quilibet
3692 3952 3872 4008 horni-

2283 4057 2411 4096 num
2453 4043 2765 4113 extinguere
2813 4059 2974 4113 quam
3015 4045 3178 4100 citius
3230 4046 3456 4116 poterit,
3511 4046 3779 4114 ardescet,
3811 4057 3874 4101 ut

2285 4133 2428 4188 illius
2455 4147 2633 4203 capax
2659 4133 2944 4189 efticiatur.
2979 4134 3104 4190 llac
3123 4136 3230 4191 vita
3263 4137 3463 4193 caduca
3483 4146 3538 4193 et
3568 4149 3872 4193 momenta-

2285 4241 2408 4293 nea,
2457 4236 2707 4296 respectu
2763 4227 2907 4282 illius
2941 4243 3087 4282 mors
3130 4229 3308 4300 potius
3335 4241 3418 4285 est
3449 4230 3676 4285 dicenda
3704 4245 3870 4301 qnam

2284 4318 2413 4371 vita.
2459 4317 2647 4373 Omnis
2684 4317 2869 4372 mundi
2913 4319 3070 4374 fallax
3097 4331 3186 4375 vet
3225 4336 3360 4376 vana
3399 4322 3610 4387 latitia,
3660 4320 3873 4392 pondus

2287 4411 2687 4465 amarissimum
2715 4421 2769 4465 et
2797 4411 2974 4482 gravis
2995 4412 3202 4468 sarcina
3225 4421 3330 4469 est.
3359 4413 3506 4470 lianc
3529 4415 3724 4485 quippe
3753 4428 3847 4468 sar
3863 4443 3878 4454 -

2286 4503 2460 4556 cinam
2483 4502 2758 4572 deponens
2793 4503 3150 4577 llieronymus
3174 4507 3588 4573 sacratissimns,
3612 4507 3872 4577 Optimam

2292 4593 2438 4648 illam
2459 4594 2617 4664 elegit
2645 4605 2874 4664 partem,
2916 4612 3034 4667 qua
3075 4598 3142 4652 ah
3169 4613 3237 4654 eo
3257 4598 3405 4652 nullo
3438 4607 3685 4668 tempore
3716 4598 3876 4652 anfe-

2289 4696 2459 4742 retur.
2490 4687 2667 4759 Rogo,
2698 4688 2926 4760 gaudete
2952 4701 3004 4745 et
3048 4691 3334 4756 exsultate,
3367 4701 3580 4746 cantate
3620 4699 3676 4745 et
3723 4691 3872 4762 psal-

2289 4779 2405 4847 lite,
2433 4781 2556 4851 quia
2581 4792 2733 4852 pater
2761 4793 2952 4838 noster
2979 4783 3244 4854 gloriosus
3291 4784 3472 4840 navim
3509 4783 3719 4855 plenam
3760 4797 3874 4837 ca-

2290 4871 2513 4929 lcstibus
2539 4875 2741 4930 divitiis
2777 4877 3113 4945 aeternisque
3143 4877 3415 4932 mercibus
3441 4877 3550 4947 jam
3581 4875 3876 4944 concupito

2292 4965 2346 5020 in
2370 4964 2548 5020 littore
2574 4965 2874 5031 collocavit,
2905 4967 3207 5021 anchoram
3235 4968 3350 5037 spei
3383 4965 3664 5037 tranquilla
3682 4965 3795 5037 jam
3821 4967 3876 5022 in

2292 5058 2524 5115 statione
2553 5056 2784 5112 firmavit
2819 5055 2929 5127 (Ex
2991 5055 3184 5113 Homil.
3217 5058 3294 5122 S._
3314 5057 3530 5112 Maximi
3556 5046 3775 5112 secunda
3810 5059 3875 5112 de

2295 5147 2358 5203 S.
2393 5146 2654 5220 Eusebio).
2688 5147 2805 5202 Jam
2837 5157 2984 5202 certe
3011 5147 3250 5203 hravium
3290 5149 3517 5215 obtinet,
3548 5163 3644 5221 pro
3669 5165 3778 5220 quo
3821 5150 3873 5204 in

2299 5254 2470 5311 agone
2491 5239 2654 5309 hujus
2674 5237 2858 5293 sacnli
2884 5239 2950 5294 ab
2970 5241 3217 5296 omnibus
3243 5255 3302 5297 se
3331 5241 3533 5298 illicitis
3551 5241 3872 5296 abstinendo

2297 5332 2555 5388 cucurrit.
2612 5330 2728 5387 .lam
2759 5331 2929 5387 victor
2954 5333 3022 5389 de
3067 5334 3177 5388 suis
3206 5333 3449 5392 hostibus
3480 5334 3862 5406 triumphavit,

2297 5440 2418 5480 cum
2462 5425 2657 5495 quibus
2718 5433 2871 5480 scuto
2900 5425 3099 5480 amoris
3128 5425 3337 5479 Domini
3371 5427 3612 5481 munitus
3649 5425 3872 5482 viriliter

2273 5516 2596 5582 ,dimicavit.
2625 5515 2742 5573 Jam
2781 5517 3061 5572 denariu’m
3087 5518 3309 5585 accepit,
3344 5532 3440 5587 pro
3470 5535 3578 5590 quo
3611 5527 3758 5575 tanto
3793 5519 3873 5574 la-

2301 5606 2434 5662 bore
2461 5605 2513 5661 in
2565 5608 2719 5662 vinea
2744 5615 2944 5661 saneta:
2969 5604 3225 5660 Ecclesia
3247 5605 3527 5663 laboravit.
3563 5609 3680 5665 Jam
3702 5610 3873 5665 talen-

2315 5707 2427 5753 tum
2457 5697 2686 5768 Domino
2711 5696 2944 5755 reddidit
2961 5694 3309 5769 duplicatum,
3329 5714 3426 5771 pro
3447 5703 3601 5775 cujus
3631 5700 3879 5762 mercede
