4048 6186
287 184 414 247 28!

290 306 359 359 in
410 308 681 376 gaudium
738 309 947 364 Domini
993 312 1195 367 meruit
1247 314 1489 370 introire.
1534 316 1758 386 Propter
1786 317 1902 373 btet:

289 397 567 464 gaudens
587 398 852 468 gaudebo,
883 411 936 456 ct
979 403 1207 457 cantabo
1246 403 1446 459 dilecto
1474 407 1608 475 patri
1633 423 1754 462 meo
1782 423 1903 463 cau-

287 484 491 539 ticum
513 503 736 556 novum,
762 500 817 543 ut
838 491 907 544 sit
925 489 1042 545 laus
1072 491 1189 562 ejus
1217 494 1267 546 in
1294 493 1529 550 Ecclesia
1571 508 1902 553 sanctorum.

289 571 462 629 Ecce
497 576 723 632 dilectus
753 589 904 647 pater
929 597 1103 649 meus,
1128 583 1403 651 candidus,
1427 587 1853 655 speciosissimus
1879 628 1894 653 ,

285 664 532 723 electus
554 684 620 723 ex
646 670 901 738 millibus,
931 674 983 727 in
1009 689 1114 743 quo
1139 675 1282 729 nulla
1315 683 1397 730 est
1418 678 1644 742 macula,
1664 679 1900 748 pascitur

1289 199 1377 257 DE
1412 199 1964 291 HAGNIFICENTIIS
1999 206 2201 265 BEATI
2242 213 2638 276 lllERONYNl.
2710 256 2717 261 ι

2698 256 2717 307 ᾖ
3481 238 3589 300 283

2012 337 2274 395 mortuus,
2320 340 2376 387 ut
2412 336 2721 393 existimant
2748 340 2827 393 sui
2865 340 3062 409 hostes,
3118 346 3215 403 sed
3240 359 3389 408 certe
3417 353 3587 411 victor

2009 433 2199 488 regnat
2229 424 2279 477 in
2309 434 2448 480 terra
2492 427 2785 484 viventium
2818 448 2830 483 :
2859 434 2964 499 jam
3010 446 3155 492 certe
3197 440 3314 510 ejus
3355 444 3581 516 refulget

2008 517 2225 571 claritas
2268 532 2364 587 per
2392 528 2593 574 acterna
2630 519 2823 589 palatia
2854 536 2869 574 :
2894 521 3002 591 jam
3030 530 3297 586 veteribus
3321 532 3576 604 depositis

2005 607 2170 662 armis
2197 608 2493 676 fragilibus,
2522 624 2657 664 nova
2687 610 2857 666 induit
2881 626 2944 667 ac
2978 625 3251 683 perpetua.
3281 621 3450 681 Hodie
3474 642 3571 681 un-

2001 697 2161 769 dique
2192 699 2328 755 facta
2366 700 2435 755 sit
2462 701 2513 755 in
2544 703 2740 773 populo
2765 703 3067 761 Christiano
3088 707 3304 767 laetitia.
3337 713 3569 772 Exsultat

284 753 459 812 inter
495 759 600 815 lilia
633 761 685 816 in
711 762 860 817 vinea
888 764 1102 819 Domini
1134 766 1382 821 sabaotlt.
1410 767 1547 824 Ecce
1579 769 1677 824 llos
1699 771 1893 841 campi,

278 854 345 899 et
369 863 515 903 rosa
539 850 703 907 nimio
734 852 977 924 fragrans
1006 854 1195 921 odore,
1226 854 1293 909 de
1320 856 1478 912 horto
1501 874 1673 928 nuper
1714 860 1896 916 Ecclea

274 935 423 1001 sim,
462 938 517 993 in
553 939 866 995 viridarium
912 952 995 997 est
1032 944 1241 999 Domini
1266 950 1707 1016 transplantalus.
1756 950 1898 1006 Ecce

273 1036 602 1094 eypressus
630 1028 697 1082 ad
724 1029 847 1085 cteli
877 1031 1208 1088 altitudinem
1239 1049 1299 1088 se
1325 1037 1554 1090 extollit.
1588 1037 1665 1091 Ad
1696 1038 1895 1094 insulas

271 1113 476 1186 longe
528 1118 834 1188 divulgetur
887 1136 1081 1176 nomen
1136 1138 1313 1191 suum,
1358 1136 1417 1181 ut
1451 1127 1523 1182 sit
1552 1126 1604 1181 in
1636 1136 1897 1183 aeternum

267 1204 428 1273 ejus
462 1209 722 1262 memoria
745 1209 798 1263 in
824 1209 1219 1268 benedictione.

364 1296 516 1352 Car.
561 1298 722 1353 LXII.
755 1300 1032 1356 Exsultate
1083 1303 1279 1372 igitur,
1329 1304 1596 1360 carissimi
1633 1313 1812 1375 patres
1841 1315 1899 1362 et

266 1385 543 1453 domini,
579 1388 830 1443 ltetamini
865 1400 919 1445 et
942 1391 1149 1447 laudate
1170 1410 1183 1446 :
1204 1394 1326 1462 quia
1358 1393 1513 1449 decet
1539 1394 1754 1451 laudare
1782 1396 1890 1451 Do-

267 1476 513 1531 minum
533 1519 549 1543 ,
598 1481 688 1548 qui
719 1482 1019 1537 mirabilem
1051 1500 1111 1539 se
1147 1485 1202 1539 in
1233 1488 1346 1541 suis
1385 1487 1625 1543 declarat
1649 1489 1889 1546 Sanctis.

272 1567 545 1623 Laetetur
580 1576 723 1623 totus
751 1572 923 1627 orbis.
957 1573 1282 1629 Erubescant
1304 1575 1522 1633 fallaces
1547 1578 1801 1645 ltmretici,
1830 1590 1884 1635 et

267 1657 408 1726 jam
449 1673 508 1713 se
534 1669 759 1714 noscant
788 1661 854 1715 ad
884 1662 1106 1717 nibilum
1139 1663 1444 1720 devenisse.
1479 1666 1638 1722 Certe
1665 1683 1775 1721 non
1801 1677 1884 1722 est

273 1797 3560 1864 Ἢ

1427 1855 2531 2054 unusunus;
3310 1855 3556 1866 *—

1090 2133 1197 2193 DE
1238 2130 1915 2207 SUBSEQUENTIBUS
1956 2132 2265 2194 DUABUS
2305 2133 2733 2197 EPISTOLIS.

1736 2294 2143 2331 m-

2003 790 2267 860 praecipue
2292 792 2441 846 sacra
2488 800 2659 850 mater
2690 794 2952 863 Ecclesia,
3002 796 3155 868 cujus
3184 798 3341 856 hodie
3375 804 3564 871 gloria.

2002 893 2093 934 sus
2125 882 2266 935 lilius
2290 890 2347 938 et
2370 882 2566 952 cultor,
2582 893 2790 941 amator
2805 895 2858 941 et
2876 898 3239 960 propugnator
3256 894 3570 962 prtecipuus,

1998 973 2248 1027 omnibus
2276 974 2554 1045 extirpatis
2604 976 2871 1033 btercticis
2924 978 3285 1049 dogmatibus,
3312 997 3432 1037 cum
3463 986 3573 1039 suis

1999 1061 2276 1118 fallacibus
2312 1066 2618 1122 auctoribus
2646 1067 2716 1122 de
2747 1081 2874 1137 agro
2907 1068 3030 1125 fidei
3057 1069 3373 1138 Catltolicte,
3398 1086 3449 1129 et
3479 1075 3547 1128 do

1996 1152 2185 1208 ctrinis
2214 1155 2592 1209 sacratissimis
2629 1165 2682 1210 et
2734 1156 3063 1228 przefulgidis
3103 1160 3270 1231 signis
3298 1176 3361 1217 ac
3391 1163 3539 1232 prodi

1995 1243 2116 1312 giis,
2139 1252 2197 1297 ut
2217 1243 2299 1298 sol
2327 1244 2531 1300 relucet
2556 1246 2694 1300 inter
2720 1247 2933 1317 agmina
2970 1248 3280 1303 Beatorum.
3315 1249 3441 1305 Vale
3472 1251 3567 1321 igi-

1995 1340 2081 1388 tur
2111 1332 2435 1405 Hieronyme
2460 1335 2722 1405 gloriose,
2766 1337 2934 1393 nostri
2963 1353 3179 1410 semper
3210 1340 3413 1397 faciens
3428 1343 3568 1413 apud

1997 1424 2162 1481 Deum
2190 1427 2526 1493 memoriam,
2557 1436 2614 1481 ut
2644 1436 2728 1483 tua
2752 1429 3027 1486 valeamus
3044 1433 3283 1501 piissima
3310 1433 3563 1488 interces-

1991 1516 2163 1580 sione,
2196 1517 2333 1571 etin
2381 1518 2629 1586 praesenti
2675 1519 2745 1572 ab
2794 1521 3039 1576 omnibus
3072 1522 3277 1592 prategi
3320 1523 3523 1577 nocivis
3550 1564 3565 1588 ,

1994 1614 2050 1660 et
2078 1606 2129 1659 in
2158 1605 2359 1672 futuro,
2394 1606 2584 1677 gaudia
2626 1606 2768 1676 (quae
2791 1608 2906 1678 jam
2934 1618 2988 1664 tu
3014 1612 3282 1681 possides)
3324 1612 3567 1683 adipisci.

279 2417 561 2473 Habentur
577 2429 622 2474 et
643 2419 772 2474 inter
790 2419 1111 2491 snppasititia
1130 2435 1243 2473 cum
1259 2419 1457 2489 Cyrilli,
1482 2426 1585 2472 tum
1606 2418 1876 2488 Augustini

353 2511 503 2580 apud
538 2526 684 2581 quem
712 2512 887 2565 ist/tare
912 2509 1303 2564 Louanieusium
1343 2508 1710 2579 Tlteologorum
1739 2507 1871 2562 Cen-

351 2616 482 2655 sura
511 2602 831 2671 prce/igitur:
858 2600 1117 2669 Impostor
1143 2600 1377 2653 indoctus
1414 2600 1509 2668 fuit
1534 2599 1757 2668 quisquis
1787 2614 1871 2651 se-

349 2704 565 2764 quentes
594 2693 850 2765 Epistolas
888 2694 951 2747 de
993 2692 1129 2746 abitu
1169 2691 1469 2762 Hieronymi
1507 2691 1752 2757 conﬁnxit
1779 2689 1870 2744 sub

351 2785 646 2840 nominibus
683 2785 746 2841 S.
780 2784 1047 2855 Augustini
1074 2784 1141 2835 ad
1162 2782 1411 2853 Cyrillum
1435 2780 1869 2851 Jerasolymorum

350 2876 692 2948 Episcopum,
720 2886 768 2930 et
787 2886 961 2930 contra
984 2875 1044 2930 S.
1063 2873 1243 2945 Cyrilli
1261 2873 1331 2926 ad
1349 2873 1706 2943 Augustinum.
1729 2870 1869 2923 Nam

349 2978 550 3022 constat
595 2966 844 3038 Cyrillum
889 2976 1006 3020 ante
1052 2964 1421 3033 Hieronymum
1465 2964 1663 3017 abiisse.
1720 2960 1869 3018 Unde

356 3058 700 3131 Hieronymus
724 3059 774 3111 in
796 3057 924 3111 libro
951 3057 1015 3112 de
1054 3056 1186 3110 Viris
1216 3054 1509 3110 lllustribus
1530 3054 1731 3117 scribit,
1758 3052 1865 3122 Cy-

351 3151 512 3207 rillus
536 3149 883 3221 Jerosolyma:
912 3148 1209 3217 Episcopus
1226 3186 1244 3213 ,
1289 3162 1430 3216 stupe
1456 3145 1639 3215 pulsus
1665 3144 1733 3198 ab
1765 3143 1868 3199 Ec-

354 3242 518 3297 clesia
541 3280 557 3308 ,
596 3250 652 3295 et
678 3248 924 3309 receptus
950 3256 966 3294 :
999 3238 1066 3292 ad
1109 3245 1403 3293 extremum
1433 3236 1536 3292 sub
1562 3234 1865 3289 Theodosio

354 3333 595 3402 principe
632 3341 753 3386 octo
791 3330 946 3385 annis
986 3330 1358 3383 inconcussum
1387 3327 1751 3396 episcopatum
1782 3332 1862 3379 tc-

356 3426 490 3478 nuit.
538 3422 797 3476 Praeterea
836 3421 917 3474 hic
954 3420 1119 3491 falsus
1147 3418 1369 3488 Cyrillus
1409 3417 1462 3470 in
1494 3432 1590 3469 suo
1620 3416 1862 3482 rescripto

355 3531 468 3586 cap.
501 3514 555 3568 4.
584 3512 921 3567 Sabinianum
946 3519 1089 3564 vacat
1116 3508 1504 3562 ha'resiarcltam
1536 3506 1856 3575 pestiferum,

354 3605 472 3674 quia
514 3604 567 3657 in
599 3601 800 3658 Christo
840 3602 968 3655 duas
997 3601 1245 3655 asserebat
1275 3599 1552 3653 voluntates
1576 3613 1595 3651 :
1621 3596 1861 3664 additque

358 3695 721 3765 Hieronymum
760 3692 1045 3762 Epistolam
1072 3706 1224 3758 super
1263 3690 1415 3757 hujus
1439 3688 1626 3741 erroris
1664 3689 1861 3740 destru-

353 3788 514 3841 ctione
537 3785 771 3839 edidisse.
807 3783 892 3838 Ea:
930 3799 1031 3855 qua
1056 3781 1393 3847 consequitur,
1434 3780 1565 3832 hunc
1605 3787 1860 3831 auctorem

354 3878 640 3931 heretica":
672 3876 847 3946 fuisse,
876 3890 937 3927 ac
964 3873 1305 3941 imposlarent.
1336 3870 1403 3923 Et
1431 3870 1538 3922 [nec
1567 3878 1740 3921 contra
1766 3868 1858 3920 ltus

351 3968 611 4039 Epistolas
638 3984 665 4022 e
688 3967 859 4021 multis
888 3980 1076 4036 pauca,
1103 3963 1192 4018 sed
1219 3963 1507 4032 praxipua,
1536 3961 1805 4030 sufﬁciant.

284 4117 559 4158 Αυςυετικι
608 4114 942 4155 ιιιῐφοκεκειε
1006 4112 1233 4151 EPISCOPI
1281 4111 1348 4149 AD
1394 4109 1648 4149 (ςῖιιιιιυιι
1701 4108 1858 4149 ιειιοο

351 4208 714 4249 δοιῑιιτλδωι
759 4204 1070 4256 ΕΡΙΞΕΟΡυΜ,
1127 4204 1195 4244 DE
1236 4200 1655 4242 IAGNIFICENTHS
1698 4201 1856 4240 ΒΕΔΊῚ

350 4302 649 4343 ιιιεκοκςιι.

348 4420 732 4477 Gloriosissimi
755 4418 1073 4475 Christiana:
1097 4414 1222 4471 ﬁdei
1250 4413 1487 4477 alhch‘B,
1519 4420 1716 4468 sancta;
1743 4426 1857 4467 ma-

283 4513 375 4567 tris
405 4512 660 4567 Ecclesia:
687 4510 876 4579 lapidis
901 4506 1169 4577 angularis
1187 4548 1202 4571 ,
1237 4506 1288 4559 in
1314 4520 1421 4574 quo
1447 4503 1731 4558 admodum
1758 4502 1853 4555 lir-

281 4613 414 4657 mata
460 4601 703 4657 consistit
733 4618 746 4652 :
779 4614 920 4652 nunc
950 4611 1076 4652 vero
1118 4596 1169 4650 in
1214 4595 1417 4649 caelesti
1462 4594 1629 4664 gloria
1663 4592 1855 4647 sideris

280 4696 555 4759 radiantis,
585 4694 711 4749 olim
746 4689 1052 4761 Hieronymi
1084 4687 1379 4758 presbyteri
1402 4686 1609 4751 laudes,
1633 4700 1855 4740 venera-

279 4786 399 4841 bilis
426 4794 574 4854 pater
601 4783 817 4855 Cyrille,
846 4781 1183 4837 silendumne
1204 4788 1379 4849 putas,
1404 4786 1497 4832 aut
1523 4778 1701 4847 lingua
1725 4776 1856 4832 bal-

283 4876 538 4931 butiensis
564 4879 747 4945 pueri,
784 4884 843 4929 ut
869 4874 1041 4928 virum
1086 4873 1343 4944 pollutum
1388 4870 1545 4926 labiis
1580 4885 1667 4925 me
1698 4869 1853 4924 locu-

284 4976 461 5023 turum
507 4968 620 5022 tore
665 4968 841 5023 reris?
891 4967 1028 5023 Caeli
1072 4973 1322 5021 enarmnt
1363 4964 1587 5034 gloriam
1633 4961 1750 5028 Dei,
1800 4970 1854 5017 et

281 5059 461 5115 omnia
489 5072 608 5128 quae
649 5057 768 5110 fecit
798 5057 1083 5123 Dominus,
1112 5072 1235 5112 eum
1264 5056 1317 5110 in
1359 5054 1569 5110 Sanctis
1596 5052 1706 5107 suis
1736 5052 1851 5106 lau-

280 5153 426 5206 dant.
460 5151 631 5206 Silere
659 5147 820 5202 debet
862 5148 1132 5201 rationalis
1178 5156 1423 5202 creatura
1471 5160 1500 5198 a
1532 5144 1689 5199 laude
1717 5143 1811 5198 Dei
1833 5182 1850 5209 ,

282 5241 629 5299 irrationabili
674 5256 780 5295 non
810 5237 1041 5294 silente?
1086 5238 1311 5294 Taceam
1332 5278 1349 5305 ,
1379 5254 1448 5293 an
1476 5237 1700 5307 loquar?
1730 5250 1852 5290 cum

280 5339 322 5391 si
369 5347 569 5391 taceam
604 5333 869 5405 lapidibus
902 5330 1122 5402 jubetur
1162 5331 1412 5387 clamare.
1442 5331 1604 5386 Certe
1644 5329 1849 5398 loquar,

281 5444 380 5481 ttutt
427 5426 611 5482 tacebo
650 5426 775 5480 totis
816 5424 1023 5478 nisibus
1047 5421 1300 5478 eximium
1330 5422 1713 5491 Hieronymum
1740 5418 1854 5471 lau-

280 5519 423 5573 dare.
457 5519 555 5586 Qui
596 5516 839 5586 quamvis
878 5513 1127 5584 indignus
1156 5523 1211 5569 et
1237 5511 1568 5568 insufl‘tciens
1608 5509 1853 5563 laudator

280 5612 517 5679 existant,
540 5624 659 5665 cum
692 5623 799 5662 non
825 5605 895 5661 sit
916 5604 1138 5687 pulcltra
1169 5606 1222 5659 in
1252 5619 1347 5659 ore
1368 5602 1664 5675 peccatoris
1694 5600 1843 5670 laus,

1979 2423 2157 2470 tamen
2186 2413 2255 2469 ab
2297 2413 2413 2485 ejus
2459 2414 2706 2472 laudibus
2746 2415 2964 2472 minime
3008 2418 3248 2473 cessabo.
3295 2419 3554 2473 Firmctur

1977 2507 2153 2577 itaque
2184 2522 2372 2561 manus
2398 2517 2600 2575 nostra,
2632 2519 2685 2564 et
2708 2509 2884 2579 lingua
2919 2520 3095 2564 nostra
3126 2512 3300 2578 palato
3321 2526 3423 2564 non
3454 2512 3549 2565 ειιΙ-

1976 2598 2195 2664 lttereat,
2224 2600 2475 2669 quoniam
2504 2611 2651 2657 certe
2682 2616 2903 2671 magnus
2928 2610 3012 2657 est
3040 2602 3141 2657 iste
3170 2608 3249 2656 vir
3280 2603 3551 2657 sanctissi-

1974 2706 2126 2755 mus,
2176 2691 2438 2747 mirabilis
2483 2701 2539 2747 et
2583 2692 2899 2749 metuendus
2947 2708 3107 2764 super
3136 2709 3323 2748 omnes
3361 2694 3450 2763 qui
3499 2695 3551 2747 in

1971 2783 2192 2837 circuitu
2222 2793 2407 2839 nostro
2440 2794 2580 2839 sunt.
2618 2784 2837 2854 Magnus
2864 2794 3011 2840 certe
3038 2786 3088 2839 in
3123 2785 3244 2839 vitm
3272 2786 3547 2841 excelleno

1973 2875 2191 2929 tissimtc
2234 2876 2562 2929 sanctitate:
2595 2890 2817 2944 magnus
2857 2875 2908 2927 in
2951 2875 3226 2943 sapientite
3270 2875 3551 2929 ineffabilis

1970 2964 2330 3036 profunditate
2350 3008 2363 3029 ,
2393 2980 2619 3035 magnus
2661 2966 2712 3018 in
2742 2965 2960 3035 majoris
3002 2982 3142 3019 nunc
3173 2966 3352 3036 gloriae
3382 2982 3549 3036 quan-

1971 3055 2141 3109 titate.
2172 3054 2423 3111 Mirabilis
2467 3056 2517 3108 in
2564 3055 2819 3125 prodigiis
2848 3056 3091 3110 insuetis.
3139 3056 3451 3111 Metuendus
3479 3058 3549 3112 ob

1968 3143 2071 3199 sibi
2098 3159 2129 3198 a
2158 3144 2382 3199 Domino
2409 3144 2654 3198 traditam
2680 3154 3017 3217 potestatem.
3041 3146 3208 3215 Quam
3239 3147 3415 3217 itaque
3436 3162 3548 3202 ma-

1966 3249 2103 3303 gnus
2130 3236 2198 3289 sit
2236 3236 2335 3290 iste
2373 3236 2792 3307 gloriosissimus
2829 3206 3184 3309 llic‘ronymus
3224 3234 3275 3291 in
3304 3238 3427 3294 vita:
3455 3253 3547 3293 ex-

1966 3326 2359 3381 cellentissima:
2400 3325 2717 3393 sanctitate,
2761 3327 3030 3397 quomodo
3060 3327 3384 3398 patefaceret
3426 3342 3543 3382 mea

1967 3414 2181 3485 lingua,
2232 3431 2351 3470 cum
2406 3417 2671 3487 pra'ciptte
2720 3427 3037 3473 cunctorum
3088 3434 3193 3473 non
3238 3416 3546 3472 sufficerent

1966 3506 2264 3560 mortalium
2295 3507 2508 3578 lingttm,
2541 3517 2596 3562 ut
2623 3508 2738 3577 ejus
2768 3509 3143 3564 excellentiam
3174 3509 3546 3579 explicarent?

1962 3599 2144 3655 Liceat
2184 3616 2312 3671 ergo
2340 3602 2444 3656 dici
2474 3621 2487 3656 :
2518 3604 2653 3657 alter
2680 3603 2763 3657 hic
2794 3602 2967 3666 Elias,
2995 3603 3130 3657 alter
3174 3602 3258 3656 ltic
3285 3601 3498 3657 Samuel
3521 3643 3537 3669 ,

1960 3690 2098 3745 alter
2127 3690 2213 3745 ltic
2237 3690 2471 3747 Joannes
2500 3690 2754 3761 Baptista,
2791 3693 2913 3746 vitae
2936 3692 3397 3746 excellentissima:
3422 3706 3543 3745 san-

1961 3782 2161 3836 ctitate.
2189 3781 2334 3837 Elias
2358 3792 2411 3836 ct
2436 3782 2667 3838 Joannes
2696 3782 2967 3848 Eremitae,
2994 3782 3199 3849 magnis
3224 3781 3462 3834 ciborum
3488 3791 3542 3835 et

1959 3872 2185 3926 vestium
2237 3872 2615 3942 asperitatibus
2668 3885 2885 3925 carnem
2943 3878 3369 3923 maceraverunt.
3422 3868 3539 3922 Non

1960 3961 2183 4015 minoris
2225 3962 2348 4015 vita:
2401 3960 2758 4032 Hieronymus
2806 3958 3224 4029 gloriosissimus
3268 3957 3536 4023 Eremita,

1960 4054 2100 4109 idem
2133 4069 2228 4124 per
2269 4052 2674 4123 quadriennium
2708 4054 2759 4108 in
2801 4068 3015 4120 eremo,
3063 4051 3293 4107 ferarum
3334 4058 3537 4105 tantum

1959 4144 2137 4199 socius
2165 4144 2419 4214 perstitit.
2465 4144 2855 4215 Quinquaginta
2898 4143 3053 4197 annis
3094 4144 3194 4212 (ut
3218 4140 3537 4198 venerabilis

1960 4232 2175 4288 Eusebii
2201 4233 2551 4304 litterm,quas
2576 4233 2740 4303 pridie
2761 4232 2960 4302 recepi,
2986 4232 3192 4302 plenius
3215 4232 3535 4299 fatebantur,

1957 4332 2089 4379 etut
2118 4339 2202 4378 me
2230 4326 2427 4378 certius
2456 4332 2512 4378 tu
2546 4322 2685 4378 idem
2714 4320 2876 4393 nosti)
2903 4323 3083 4376 vinum
3110 4330 3165 4375 et
3189 4321 3414 4376 siceram
3441 4321 3540 4374 ali-

1957 4416 2185 4486 qualiter
2230 4430 2336 4470 non
2381 4415 2632 4486 gustavit.
2687 4414 2769 4469 Ab
2798 4413 2945 4469 omni
2988 4413 3264 4479 carnium,
3296 4421 3349 4468 et
3374 4413 3535 4467 etiam

1960 4507 2185 4577 piscium
2211 4521 2303 4560 esu
2325 4546 2342 4572 ,
2374 4507 2444 4559 ita
2487 4520 2546 4561 se
2571 4504 2860 4572 abstinuit,
2893 4503 3033 4575 quod
3056 4504 3140 4558 vix
3169 4518 3231 4559 ea
3261 4503 3538 4558 nominare

1957 4598 2186 4653 volebat.
2228 4597 2451 4651 Coctum
2490 4597 2701 4667 quidem
2747 4612 2851 4651 non
2881 4596 2981 4651 nisi
3012 4596 3063 4650 in
3096 4594 3279 4649 ultima
3306 4594 3535 4661 a‘gritu-

1956 4689 2081 4745 dine
2102 4689 2184 4744 bis
2208 4688 2461 4744 comedit.
2483 4688 2707 4743 Ciliciuo
2728 4702 2882 4743 sacco
2902 4700 3115 4742 carnem
3138 4682 3300 4738 veluti
3327 4680 3537 4735 Ethio-

1956 4782 2038 4852 pis
2067 4797 2381 4847 maceratis,
2422 4781 2656 4852 desuper
2699 4796 2875 4851 panno
2918 4776 3175 4832 vilissimo
3205 4788 3263 4828 se
3306 4773 3533 4842 tegebat.

1955 4871 2191 4929 Stratum
2233 4870 2377 4927 aliud
2406 4871 2509 4925 nisi
2540 4880 2735 4926 terram
2778 4881 3049 4935 nunquam
3087 4863 3259 4918 scivit.
3289 4861 3405 4916 Non
3434 4861 3535 4917 nisi

1955 4963 2126 5019 semel
2156 4961 2448 5027 fructibus,
2480 4969 2571 5015 aut
2613 4960 2897 5013 herbarum
2945 4954 3085 5008 foliis
3114 4954 3227 5006 sive
3268 4952 3535 5007 radicibus

1956 5064 2140 5126 pastus
2165 5054 2217 5109 in
2244 5053 2333 5108 die
2361 5068 2375 5105 :
2409 5058 2531 5121 post
2556 5063 2808 5119 vesperas
2829 5061 2889 5101 se
2909 5042 3239 5099 orationibus
3270 5042 3533 5113 pra-beas,

1956 5145 2206 5213 deinceps
2244 5156 2413 5211 usque
2447 5138 2732 5195 secundam
2776 5136 2948 5192 noctis
2979 5135 3164 5190 boram
3193 5133 3429 5205 quotidie
3456 5134 3531 5187 vi-

1956 5234 2175 5302 gilabat.
2202 5230 2552 5286 Postmodum
2574 5243 2704 5283 vero
2733 5242 2923 5284 somno
2952 5226 3127 5283 fessus
3153 5227 3204 5280 in
3234 5236 3373 5280 terra
3412 5225 3524 5279 dor-

1957 5325 2165 5388 miens,
2211 5337 2379 5391 usque
2423 5320 2488 5375 ad
2534 5319 2763 5375 mediam
2810 5328 3020 5375 noctem
3066 5317 3391 5389 quiescebat.
3420 5318 3537 5382 Qua

1957 5414 2174 5487 quidem
2217 5411 2469 5468 continue
2511 5426 2736 5481 surgens
2768 5411 2894 5466 liora
2917 5453 2931 5479 ,
2962 5411 3278 5467 lectionibus
3302 5418 3355 5464 et
3393 5406 3538 5463 Scri-

1956 5506 2129 5579 pturis
2167 5502 2517 5560 sanctissimis
2560 5503 2788 5573 (quibus
2820 5512 2926 5558 tota
2974 5502 3144 5558 radiat
3186 5500 3417 5557 Ecclesia
3460 5496 3533 5551 uti

1957 5598 2223 5671 lapidibus
2255 5594 2547 5668 pretiosis)
2580 5594 2843 5666 intentus,
2874 5612 3039 5670 usque
3070 5594 3133 5658 ad
3178 5607 3303 5649 csus
3347 5591 3530 5645 horam
