4048 6186
505 301 611 360 283

509 437 851 510 perdurabat.
879 434 952 488 Ita
979 427 1241 486 levissima
1267 421 1424 477 flebat
1449 426 1693 510 pec—cata,
1799 413 1918 483 quis
1946 425 2069 510 eum

507 503 830 586 iestimasset
850 521 1115 578 hominem
1135 510 1490 570 interemisse.
1520 507 1626 562 'l'er
1646 507 1698 560 in
1718 504 1805 559 die
1825 503 2076 557 continue

508 633 726 675 carnem
776 614 904 670 diris
945 605 1254 663 verberibus
1280 597 1602 668 flagellavit,
1651 598 1726 651 ita
1766 604 1824 648 ut
1865 607 1931 647 ex
1959 593 2077 661 ejus

509 722 735 778 corpore
786 699 940 758 rivuli
989 695 1264 766 sanguinis
1309 689 1617 746 efﬂuebant.
1668 685 1808 752 Quin
1854 682 2075 778 verbum

508 772 735 854 otiosum
773 788 988 861 aliquod
1031 797 1088 843 ut
1115 795 1320 857 pestem
1358 781 1642 837 maximam
1673 775 1926 848 fugiebat.
1965 772 2078 828 Sibi

507 888 672 942 otium
713 881 914 938 nullum
957 886 1074 935 erat
1104 895 1118 930 :
1150 889 1361 944 semper
1393 877 1487 927 aut
1525 869 1691 925 sacris
1735 863 2074 927 lectionibus,

508 987 601 1033 aut
627 971 911 1031 scribendo
930 1011 948 1038 ,
990 977 1082 1024 aut
1110 963 1352 1021 docendo
1381 969 1600 1042 cunctos
1619 1001 1635 1027 ,
1666 954 2076 1012 exercitahatur.

508 1067 643 1136 Quid
672 1066 828 1138 plura
853 1061 1077 1134 loquar?
1105 1059 1161 1115 Si
1182 1058 1499 1114 Sanctorum
1523 1049 1847 1121 singulorum
1869 1044 2082 1138 perqui-

511 1136 684 1214 rerem
712 1157 880 1216 vitas,
910 1168 976 1209 eo
1007 1151 1089 1224 (ut
1116 1146 1263 1220 puto)
1292 1148 1548 1215 majorem
1578 1143 1843 1197 neminem
1871 1136 2076 1192 inveni-

508 1263 645 1304 rem.
691 1245 796 1302 Sed
840 1244 962 1314 quia
1013 1240 1262 1310 superius
1305 1234 1607 1292 Samuelem
1649 1228 2038 1286 nominavimus
2063 1265 2078 1290 ,

510 1341 673 1395 fuisse
720 1339 860 1393 hunc
904 1333 1208 1392 Samuelem
1255 1328 1622 1386 ostendamus.
1667 1323 1766 1378 llic
1801 1328 1948 1376 certe
1994 1317 2084 1370 ille

509 1429 748 1494 Sam'uel,
791 1427 881 1498 qui
911 1426 979 1481 de
1021 1438 1171 1478 vanis
1215 1421 1513 1476 litterarum
1542 1412 1734 1470 studiis
1773 1407 2084 1498 verberibus

511 1530 791 1584 evocatus,
812 1497 990 1574 sacrae
1019 1516 1310 1584 Scriptura:
1350 1508 1646 1565 ministerio
1671 1503 1956 1572 deputatur
1982 1515 1996 1551 :
2028 1497 2081 1550 in

511 1611 665 1682 cujus
689 1610 864 1664 vultus
890 1608 1092 1662 lumine
1113 1605 1290 1659 divina
1318 1599 1486 1670 gratia
1514 1595 1786 1659 influente,
1811 1590 2084 1682 utriusque

512 1678 841 1755 Testamenti
868 1697 1048 1751 lumen
1075 1693 1306 1748 vidimus
1333 1706 1348 1742 :
1381 1689 1508 1742 etin
1533 1685 1686 1754 cujus
1713 1680 1910 1736 brachii
1932 1678 2086 1732 forti-

514 1788 699 1844 tudine
727 1786 1103 1841 hmreticorum
1144 1794 1270 1852 pars
1298 1776 1528 1832 maxima
1571 1783 1654 1828 est
1694 1771 1955 1840 dispersa.
1990 1765 2086 1820 llic

513 1889 662 1937 certe
705 1878 874 1948 gloria
923 1873 1140 1929 virtutis
1186 1880 1382 1925 nostra:
1432 1863 1762 1920 transferens
1805 1870 2088 1926 utrumque

514 1971 918 2026 Testamentum
944 1981 1010 2021 ex
1042 1963 1386 2020 llebrzorum
1433 1957 1610 2026 lingua
1651 1954 1704 2008 in
1729 1951 1967 2008 Grzecam
1995 1962 2087 2018 pa-

515 2061 645 2116 rizer
689 2069 744 2114 et
787 2057 1026 2112 Latinam
1057 2071 1071 2108 :
1101 2053 1499 2123 disponensque
1546 2046 1716 2115 ipsum
1761 2039 1990 2112 posteris
2031 2039 2085 2092 in

515 2159 811 2214 aeternum,
856 2145 1137 2200 declarans
1180 2140 1459 2210 aenigmata
1500 2146 1555 2191 et
1579 2134 1802 2188 obscura
1847 2129 2010 2184 dubia
2034 2135 2088 2183 et

513 2239 710 2295 nodosa
731 2279 747 2304 ,
781 2247 1088 2307 przeparans
1115 2231 1412 2287 ofﬁciorum
1440 2226 1634 2282 seriem
1665 2221 1872 2277 cunctis
1899 2218 2081 2275 Eccle-

510 2333 605 2387 sia:
634 2329 910 2392 ministris,
943 2337 1109 2382 totam
1137 2339 1272 2395 pene
1295 2321 1588 2380 Ecclesium
1613 2315 1910 2372 aedificavit.
1933 2311 2087 2369 Unde

511 2425 648 2480 bene
671 2436 894 2492 magnus
922 2427 1144 2490 apparet
1167 2417 1220 2471 in
1247 2413 1524 2486 sapientiae
1554 2407 1840 2466 inefl‘abilis
1862 2403 2085 2476 profun-

512 2506 1003 2572 ditate/Liberales
1031 2517 1207 2564 autem
1249 2503 1503 2561 scientias
1532 2502 1602 2556 ita
1632 2497 1870 2570 perfecte
1897 2493 2082 2560 scivit,

513 2605 657 2678 quod
698 2604 958 2660 relatione
1005 2599 1244 2656 omnium
1274 2597 1448 2652 nullus
1490 2593 1592 2648 sibi
1637 2590 1826 2646 similis
1867 2593 2088 2658 apparet

511 2697 708 2753 adlutc.
737 2695 812 2748 De
835 2691 1126 2762 Scripturis
1165 2701 1292 2742 vero
1317 2685 1516 2749 sacris,
1544 2681 1619 2737 uti
1658 2680 1940 2734 multarum
1965 2690 2088 2731 sua-

511 2804 630 2845 rum
674 2785 1066 2856 Epistolarum,
1094 2795 1230 2853 quas
1271 2777 1335 2833 ad
1363 2792 1450 2833 me
1492 2773 1724 2839 direxit,
1757 2769 2085 2839 experientia

510 2879 692 2946 didici,
721 2876 980 2948 aequalem
1009 2873 1107 2929 sibi
1139 2870 1406 2926 neminem
1433 2880 1664 2936 unquam
1694 2863 1957 2918 novimus.
1981 2860 2088 2914 He-

509 2969 832 3033 braicornm,
859 2964 1168 3020 Grmcorum
1191 3001 1206 3026 ,
1234 2956 1610 3014 Chaldzeorum
1629 2995 1643 3018 ,
1678 2951 1963 3008 Persarum
1983 2988 2000 3016 ,
2032 2957 2087 3003 et

511 3057 782 3113 Medorum
803 3095 817 3119 ,
846 3052 1198 3108 Arabieorum
1219 3089 1234 3114 ,
1267 3055 1322 3103 ct
1352 3059 1486 3116 pene
1525 3041 1766 3098 omnium
1811 3040 2085 3095 nationum

509 3147 714 3217 linguas
739 3154 792 3201 et
809 3145 1034 3206 litteras,
1053 3149 1304 3210 tanquam
1329 3136 1373 3190 si
1405 3134 1592 3190 fuisset
1619 3133 1671 3188 in
1698 3130 1901 3186 eisdem
1930 3137 2086 3182 natus

510 3248 566 3294 et
606 3237 894 3302 educatus,
943 3226 1287 3300 scivitﬂuid
1317 3228 1465 3300 plura
1495 3223 1709 3281 dicam?
1741 3223 1872 3290 Qua:
1899 3221 2086 3276 Hiero-

510 3343 704 3399 nymus
731 3326 990 3397 ignoravit
1015 3324 1066 3378 in
1093 3332 1280 3376 natura
1307 3319 1566 3381 humana,
1601 3315 1782 3371 nullus
1808 3312 2082 3367 hominum

510 3432 741 3486 unquam
771 3416 949 3470 scivit.
981 3413 1099 3468 Non
1141 3427 1227 3467 me
1256 3410 1386 3476 ista,
1417 3407 1738 3463 venerabilis
1765 3413 1940 3474 pater,
1971 3403 2084 3458 exi-

489 3507 696 3561 stimes
720 3504 918 3568 dicere,
948 3511 1005 3557 ut
1030 3511 1206 3571 putem
1233 3509 1282 3554 te
1306 3497 1612 3568 llieronymi
1636 3505 1691 3549 et
1710 3495 1871 3549 vitam
1900 3503 1956 3550 et
1979 3493 2086 3546 vir-

511 3607 650 3650 tutes
679 3595 830 3665 pejus
857 3607 942 3647 me
966 3593 1125 3657 scire,
1154 3605 1275 3645 cum
1297 3587 1399 3642 sibi
1421 3586 1598 3641 socius
1623 3583 1894 3640 exstiteris
1919 3583 2085 3636 multo

511 3700 772 3758 tempore.
795 3684 900 3742 Sed
926 3692 1090 3739 testor
1109 3682 1297 3746 Deum,
1315 3679 1562 3751 quoniam
1583 3676 1654 3732 ob
1675 3685 1780 3730 tam
1803 3672 2085 3729 inefl’abilis

508 3777 608 3832 viri
638 3775 996 3837 sanctitatem.
1029 3773 1074 3827 si
1099 3771 1385 3828 voluissem
1409 3780 1607 3834 tacere,
1636 3781 1741 3823 non
1770 3765 2081 3836 potuissem.

508 3869 846 3925 Cetifitcntur
887 3865 1150 3922 mirabilia
1197 3872 1253 3918 et
1294 3861 1631 3919 sanctitatem
1684 3872 1836 3914 suam
1883 3867 1937 3911 et
1985 3856 2083 3925 ipsi

511 3960 656 4026 cteli,
704 3959 755 4013 in
786 3957 980 4028 quibus
1009 3968 1264 4027 magnus,
1293 3952 1512 4022 majoris
1536 3949 1722 4022 gloria:
1748 3947 2047 4019 quantitate
2065 3986 2081 4014 ,

507 4067 664 4120 quam
693 4049 848 4105 multi
866 4049 1205 4113 Sanctorum,
1232 4043 1436 4100 habitat
1459 4043 1575 4097 sine
1595 4040 1722 4097 fine.
1744 4039 1883 4095 Nulli
1907 4038 2086 4109 itaque

507 4142 727 4200 dubium
755 4148 860 4208 est,
881 4147 932 4194 et
959 4140 1094 4193 intra
1117 4137 1287 4192 Patris
1309 4134 1614 4190 mansiones
1634 4133 1805 4204 ipsum
1833 4144 1994 4185 unam
2016 4144 2084 4184 ex

511 4233 802 4304 majoribus
843 4241 899 4288 et
946 4229 1343 4287 sublimioribus
1384 4226 1600 4284 sedibus
1641 4224 1904 4280 obtinere.
1947 4220 2082 4277 Cum

509 4325 651 4380 enim
681 4323 842 4378 homo
870 4320 1160 4378 secundum
1204 4333 1367 4390 opera
1395 4315 1725 4387 praamietur,
1752 4322 1805 4368 et
1836 4312 1936 4367 iste
1961 4324 2084 4380 per-

511 4414 746 4469 fectioris
771 4428 907 4483 pene
929 4413 1049 4468 vita:
1073 4411 1358 4473 exstiterit,
1378 4408 1525 4464 clare
1548 4415 1695 4476 patet
1719 4407 1889 4474 ipsum
1919 4414 2082 4455 unum

509 4505 577 4561 de
605 4501 897 4572 majoribus
925 4513 975 4556 et
1007 4500 1411 4556 sublimioribus
1435 4497 1669 4554 etelestis
1693 4493 1990 4550 Jerusalem
2016 4491 2086 4546 ci-

508 4594 663 4649 vibus
689 4593 824 4648 fore.
856 4591 1007 4659 Quod
1038 4601 1094 4644 ut
1119 4606 1149 4644 a
1178 4589 1332 4644 nobis
1362 4589 1568 4658 plenius
1591 4593 1647 4640 et
1676 4585 1873 4640 certius
1899 4582 2086 4636 creda-

509 4695 592 4740 tur
613 4685 665 4740 in
691 4682 910 4740 mundo.
937 4696 1045 4751 pne
1065 4680 1286 4743 cunctis,
1313 4692 1539 4748 quorum
1565 4685 1744 4730 nostra
1771 4673 2086 4729 recordatur

507 4785 658 4842 tetas,
689 4773 842 4829 valde
869 4771 1129 4829 mirabilis
1149 4777 1369 4840 apparet
1391 4766 1642 4838 prodigiis
1668 4765 1888 4820 insuetis
1914 4773 1968 4819 et
1987 4764 2086 4818 mi-

507 4865 705 4922 raculis
735 4863 954 4921 inﬁnitis
980 4879 994 4918 :
1022 4875 1248 4934 quorum
1281 4858 1411 4914 mihi
1435 4858 1610 4928 aliqua
1635 4854 1953 4912 venerabilis
1974 4855 2084 4910 Eu-

506 4955 686 5010 sebius
706 4955 816 5009 suis
837 4953 1026 5010 litteris
1045 4951 1334 5008 declaravit
1361 4949 1435 5004 De
1454 4948 1660 5004 cmteris
1680 4961 1808 5002 vero
1833 4945 2086 5016 prodigiis

507 5062 627 5117 quae
653 5046 967 5103 mirabiliter
995 5046 1127 5101 fiunt
1165 5043 1435 5116 quotidie,
1475 5051 1532 5096 ut
1569 5041 1820 5096 continue
1849 5038 2084 5108 intelligo

507 5136 763 5192 relatibus
806 5136 1190 5207 plurimorum,
1219 5133 1407 5189 avidus
1455 5131 1768 5203 peraudire,
1815 5129 1907 5183 tibi
1951 5128 2081 5198 ipsi,

508 5236 661 5298 pater
687 5229 998 5296 carissime,
1028 5226 1292 5297 supplico,
1319 5236 1377 5280 ut
1403 5225 1534 5280 mihi
1567 5225 1617 5278 in
1647 5222 1790 5278 brevi
1817 5220 2084 5276 volumine

507 5330 856 5388 quaecumque
886 5319 1087 5389 poteris
1116 5332 1240 5372 vera
1269 5325 1324 5371 et
1367 5316 1512 5370 utilia
1553 5313 1809 5370 miracula
1835 5313 2080 5378 collecta,

508 5421 667 5478 quam
697 5409 854 5464 citius
878 5408 1100 5463 facultas
1121 5405 1322 5470 aderit,
1357 5405 1592 5475 eiusdem
1623 5403 1932 5474 Hieronymi
1961 5391 2089 5457 san?

510 5495 733 5552 ctissimi
763 5496 1046 5551 devotione
1077 5496 1437 5550 transmittere
1464 5511 1568 5550 non
1607 5495 1862 5565 deneges.
1891 5492 1994 5547 Sed
2027 5501 2083 5548 ut

512 5586 675 5642 multa
702 5587 887 5640 merita
913 5585 1222 5653 Hieronymi
1245 5584 1564 5639 sanctissimi
1587 5599 1692 5639 non
1714 5586 1933 5647 lateant,
1955 5582 2084 5652 quid

510 5692 634 5748 erga
662 5691 768 5743 me,
797 5676 972 5731 divina
1006 5683 1273 5729 annuente
1299 5673 1602 5742 clementia,
1633 5675 1684 5730 in
1715 5675 1830 5744 ipso
1855 5673 1935 5728 sui
1965 5673 2078 5728 obi-

1417 287 1503 342 οε
1541 274 2080 338 SlAGNlFlCENTllS
2117 275 2317 331 eum
2357 231 2754 331 ηιειιοςῑιιι.

3639 271 3751 326 98;":-

2181 419 2266 465 tus
2292 409 2379 465 die
2419 410 2706 474 acciderit,
2736 407 3019 464 enarrabo.
3061 405 3264 461 Eodem
3309 421 3539 477 namque
3567 407 3654 462 die
3698 419 3792 463 er'

2181 499 2348 565 hora,
2375 515 2478 568 qua
2522 509 2712 554 exutus
2755 496 3048 568 putredinis
3089 505 3143 550 et
3187 496 3540 551 immunditia:
3577 499 3752 552 carnis

2181 597 2301 657 toga
2335 588 2694 658 llieronymns
2719 587 3086 641 sanctissimus
3107 628 3123 652 ,
3155 587 3529 641 vestimentum
3560 601 3751 656 perpe-

2183 688 2286 732 tua:
2314 679 2748 743 immortalitatis,
2776 677 3156 732 inmstimabilis
3183 677 3379 732 lmtitize
3400 685 3454 731 et
3475 677 3656 746 gloriz'e
3684 679 3754 731 in-

2182 767 2328 831 duit,
2373 767 2499 822 dum
2531 767 2773 836 Hippone
2803 769 2855 820 in
2885 767 3075 821 cellula
3109 781 3224 820 mea
3256 765 3574 836 quiescens,
3601 767 3754 822 avide

2182 858 2467 928 cegitarem
2488 859 2658 928 qualis
2680 859 2877 913 inesset
2898 858 3176 912 animabus
3197 857 3501 923 Beatorum,
3522 859 3612 928 qui
3631 873 3753 912 cum

2183 950 2399 1004 Christo
2424 949 2656 1020 gaudent
2676 991 2691 1016 ,
2720 951 2901 1019 gloriae
2926 961 2978 1005 et
3009 949 3309 1003 lietitiantm
3340 950 3629 1019 quantitas,
3661 965 3758 1004 cu—

2187 1040 2334 1106 piens
2360 1042 2483 1096 inde
2503 1057 2569 1096 ex
2591 1042 2688 1097 hac
2710 1043 2926 1096 materia
2951 1042 3162 1096 brevem
3185 1057 3506 1112 componere
3530 1041 3756 1097 Tracta-

2187 1141 2318 1198 tum,
2347 1134 2591 1202 precibus
2616 1135 2921 1202 compulsus
2942 1133 3108 1188 n05lri
3133 1133 3340 1198 Severi,
3368 1132 3635 1203 quondam
3667 1148 3761 1186 ve-

2185 1221 2437 1276 nerabilis
2501 1223 2712 1278 Martini
2772 1223 3098 1279 Turonensis
3155 1222 3400 1293 EpiseOpi
3465 1222 3758 1293 discipuli,

2185 1311 2368 1368 charta
2389 1355 2405 1378 ,
2435 1314 2671 1377 calamo,
2702 1315 3051 1384 jugillarique
3087 1313 3140 1368 in
3169 1313 3414 1367 manibus
3452 1315 3718 1382 susceptis
3740 1353 3756 1378 ,

2187 1404 2402 1459 brevem
2427 1405 2618 1460 vellem
2657 1405 2894 1460 scribere
2936 1405 3225 1476 Epistolam
3257 1405 3590 1460 sanctissimo
3631 1403 3761 1458 llic-

2187 1510 2412 1565 ronymo
2443 1495 2809 1550 destinandam
2842 1514 2856 1549 :
2890 1506 2947 1550 ut
2981 1496 3228 1567 quiequid
3257 1511 3320 1550 ex
3354 1495 3455 1549 hoc
3497 1496 3759 1557 sentiret,

2187 1583 2536 1652 responderet
2563 1584 2818 1654 (sciebam
2845 1585 2987 1639 enim
3026 1587 3078 1640 in
3107 1594 3210 1639 tam
3240 1583 3440 1640 difficili
3466 1585 3764 1654 quastione

2189 1687 2218 1726 a
2243 1674 2388 1727 nullo
2417 1674 2702 1729 viventium
2731 1691 2817 1730 me
2857 1691 3012 1746 posse
3036 1675 3538 1731 deceri'evidentius
3565 1676 3763 1746 )‘cunt-

2189 1779 2292 1832 que
2332 1764 2439 1832 jam
2481 1765 2722 1820 scribens
2765 1766 3098 1820 salutationis
3127 1765 3406 1819 exordium
3434 1765 3763 1836 Hieronymo

2189 1864 2572 1924 prenotarem,
2601 1857 2866 1912 inedi-bile
2893 1857 3071 1912 subito
3101 1857 3278 1915 lumen
3307 1857 3505 1910 nostris
3530 1856 3799 1910 invisum.-

2191 1947 2519 2016 temporibus
2547 1949 2849 2017 nostriSqne
2878 1948 3098 2002 minime
3123 1948 3317 2018 linguis
3346 1946 3758 2011 declarandum,

2186 2050 2310 2092 eum
2353 2037 2604 2094 ineffabili
2637 2038 2978 2108 inauditaque
3005 2039 3226 2093 odorum
3257 2038 3494 2092 omnium
3523 2036 3764 2106 fragran-

2191 2127 2282 2190 tia,
2313 2128 2554 2183 cellulam
2584 2129 2635 2184 in
2657 2145 2758 2200 qua
2787 2130 2992 2185 stabam
3012 2172 3026 2195 ,
3059 2131 3278 2185 intravit
3307 2131 3435 2185 hora
3465 2131 3765 2199 completo-

2189 2221 2276 2277 rii.
2307 2221 2422 2289 Quo
2453 2237 2482 2275 a
2508 2236 2596 2276 me
2623 2224 2757 2286 viso,
2787 2233 3005 2292 stupore
3031 2221 3490 2291 admirationeque
3517 2236 3763 2276 commo-

2190 2322 2310 2378 tus,
2353 2311 2516 2366 animi
2563 2319 2617 2366 et
2662 2311 3022 2366 membrorum
3061 2312 3284 2365 virtutes
3328 2321 3546 2380 repente
3583 2313 3764 2367 amisi.

2187 2402 2498 2457 Nesciebam
2549 2401 2690 2456 enim
2738 2412 2862 2456 tunc
2907 2401 3045 2472 quod
3093 2402 3308 2456 dextera
3360 2401 3618 2456 mirabilis
3668 2403 3761 2456 Dei

2188 2493 2477 2548 exaltasset
2517 2507 2730 2548 servum
2771 2508 2957 2559 suum,
3020 2503 3175 2547 notas
3215 2494 3412 2548 faciens
3453 2493 3509 2548 in
3552 2494 3790 2562 pepulis,

2188 2585 2410 2638 virtutes
2445 2599 2590 2642 suas.
2617 2584 2927 2640 Nesciebam
2968 2586 3165 2640 etenim
3193 2585 3331 2654 quod
3363 2585 3503 2640 Deus
3530 2585 3764 2654 antiqua:

2189 2674 2547 2728 miserationis
2566 2715 2588 2740 ,
2613 2689 2826 2730 servum
2852 2690 3005 2729 suum
3036 2675 3249 2730 fidelem
3275 2691 3304 2730 a
3331 2677 3511 2730 carnis
3534 2676 3764 2730 immun-

2187 2763 2331 2818 ditiis
2355 2764 2718 2832 dissolvisset,
2744 2777 2799 2821 et
2820 2775 2928 2820 tam
2958 2768 3237 2822 sublimem
3260 2769 3309 2823 ei
3337 2768 3388 2822 in
3409 2768 3554 2824 etelo
3577 2767 3762 2823 sedem

2189 2864 2558 2924 prmparasset.
2586 2855 2910 2910 Nesciebam
2925 2867 3072 2912 certe
3096 2858 3494 2928 investigabiles
3521 2859 3637 2913 vias
3659 2860 3765 2913 De-

2190 2946 2338 3000 mini.
2379 2945 2687 3000 Nesciebam
2717 2946 2996 3002 thesauros
3025 2949 3246 3002 infinita:
3274 2949 3363 3003 Dei
3389 2949 3662 3019 sapientiae
3705 2958 3766 3004 et

2187 3037 2423 3091 scientia:
2450 3055 2464 3091 :
2493 3046 2698 3092 secreta
2717 3047 2771 3091 et
2798 3038 3004 3093 occulta
3037 3038 3127 3093 Dei
3149 3038 3346 3108 judicia
3369 3054 3477 3094 non
3499 3054 3763 3110 agnosce-

2188 3126 2341 3191 bam;
2369 3129 2621 3198 quoniam
2650 3135 2785 3199 quos
2811 3130 2942 3196 vult,
2971 3130 3096 3184 facit
3112 3146 3205 3185 sna
3228 3131 3481 3186 ineffabili
3502 3132 3762 3200 sapientia

2186 3218 2252 3272 ad
2273 3221 2353 3273 sui
2374 3221 2693 3287 agnitionem
2711 3221 2910 3275 venire.
2933 3220 3079 3289 Quos
3098 3230 3272 3276 autem
3296 3222 3658 3291 praedestinat,
3676 3237 3767 3278 v.0.

2185 3320 2289 3374 cat,
2315 3309 2588 3379 justificat,
2611 3319 2664 3365 et
2689 3310 2974 3376 beatificat,
3001 3320 3152 3380 prout
3174 3311 3430 3366 discernit
3448 3313 3760 3369 convenire.

2190 3400 2369 3471 Itaque
2408 3401 2531 3471 quia
2559 3401 2718 3456 talem
2744 3401 2884 3475 oeuli
2914 3402 3017 3456 mei
3064 3418 3332 3472 nunquam
3379 3414 3764 3473 perspexerant

2188 3491 2391 3556 lucem,
2422 3492 2583 3545 talem
2610 3491 2840 3546 olfactus
2881 3507 3038 3546 meus
3071 3493 3292 3547 odorem
3334 3509 3440 3547 non
3480 3503 3760 3549 senserat:

2189 3591 2293 3636 tam
2322 3583 2494 3645 novis,
2537 3591 2644 3636 tam
2699 3582 2950 3636 inauditis
2999 3583 3149 3636 miris
3193 3582 3568 3652 obstupebam.
3615 3583 3766 3642 Inter

2188 3674 2303 3729 haec
2327 3683 2505 3728 autem
2545 3674 2677 3729 meis
2710 3675 2762 3728 in
2804 3691 2902 3730 me
2928 3673 3385 3744 perstrepentibus
3428 3675 3765 3746 cogitationi-

2188 3764 2288 3820 bus
2324 3764 2450 3835 qnid
2491 3764 2592 3820 hoc
2619 3775 2781 3830 esset,
2813 3765 2881 3821 de
2909 3766 3028 3820 luce
3067 3765 3184 3820 haec
3224 3765 3411 3820 dicens
3440 3765 3623 3830 verba,
3657 3780 3763 3818 vox

2185 3856 2402 3912 emicuit
2429 3873 2443 3911 :
2477 3856 2772 3927 Augustine,
2815 3857 2939 3928 quid
2977 3856 3204 3926 quieris?
3240 3855 3468 3910 Putasne
3500 3855 3632 3910 breui
3661 3855 3762 3907 im-

2186 3947 2380 4000 mittere
2402 3948 2602 4000 vasculo
2626 3953 2764 4000 mare
2782 3956 2959 4012 totum,
2989 3946 3123 3999 breui
3146 3945 3403 3999 includere
3439 3945 3631 4016 pugillo
3655 3952 3764 3998 ter-

2185 4053 2361 4092 rarum
2405 4038 2572 4092 orbem
2615 4053 2636 4092 :
2681 4038 2860 4092 calum
2907 4038 3112 4105 ﬁrmare
3165 4052 3229 4090 ne
3273 4037 3484 4091 usitatos
3533 4045 3763 4090 exerceat

2186 4127 2396 4182 motus?
2437 4127 2564 4192 Qua:
2611 4127 2786 4182 oculus
2831 4125 3002 4180 nullus
3052 4126 3311 4178 hominum
3360 4125 3526 4179 videre
3573 4125 3758 4196 patuit,

2189 4228 2302 4272 tuus
2331 4217 2509 4272 uidebit
2526 4219 2552 4272 .9
2579 4217 2704 4283 Qua:
2728 4217 2866 4269 auris
2894 4215 3036 4270 nulla
3064 4233 3152 4286 per
3175 4233 3352 4270 sonum
3379 4217 3564 4282 hausit,
3590 4218 3772 4269 audiet

2189 4318 2276 4361 tua
2295 4309 2321 4361 .’
2352 4308 2478 4372 Quae
2503 4324 2588 4361 cor
2607 4309 2884 4361 humanum
2909 4308 3198 4361 nullatenus
3217 4307 3480 4372 intellexit,
3506 4324 3594 4361 nec
3613 4308 3764 4360 etiam

2186 4398 2439 4468 cegitavit,
2481 4399 2739 4452 existimas
2786 4408 2834 4452 te
2883 4414 3029 4468 posse
3069 4399 3391 4471 intelligere?
3429 4397 3654 4468 Inﬁnita:
3690 4401 3765 4452 rei

2187 4489 2298 4558 quis
2345 4490 2437 4543 erit
2493 4489 2658 4557 finis?
2704 4487 2996 4555 Immensa,
3053 4505 3156 4559 qua
3213 4505 3446 4544 mensura
3502 4488 3765 4543 meticn's.’

2191 4579 2371 4635 Potius
2407 4581 2565 4635 totum
2591 4597 2729 4635 mare
2761 4582 2814 4635 in
2857 4582 3140 4634 arctissimo
3168 4581 3487 4635 clauderetur
3513 4581 3714 4634 vasculo
3743 4595 3767 4632 ε,

2188 4672 2357 4742 potius
2387 4682 2633 4726 terrarum
2651 4671 2818 4726 orbem
2846 4671 3086 4741 parvulus
3108 4679 3291 4724 teneret
3330 4669 3572 4741 pugillus,
3597 4670 3763 4734 potius

2188 4765 2369 4820 caelum
2398 4781 2430 4817 α
2468 4776 2606 4818 motu
2633 4764 2870 4818 continuo
2901 4764 3177 4828 desisteret,
3205 4778 3355 4833 quam
3392 4761 3690 4832 gaudiorum
3713 4771 3763 4814 et

2189 4855 2365 4926 gloria:
2387 4854 2564 4924 quibus
2589 4853 2861 4908 Beatorum
2893 4855 3076 4908 animle
3100 4855 3208 4908 sine
3235 4854 3336 4922 [ine
3356 4852 3632 4921 potiuntur,
3660 4851 3762 4903 mi-

2189 4959 2362 4999 norem
2389 4945 2689 5015 intelligeres
2721 4945 3045 5013 particulam,
3078 4943 3196 5008 nisi,
3219 4945 3295 4997 uti
3313 4959 3425 5014 ego,
3456 4941 3764 5010 experientia

2189 5037 2458 5092 docereris.
2509 5037 2751 5092 Discurre
2787 5037 2954 5089 adhuc
3005 5035 3163 5089 brevis
3209 5037 3448 5102 temporis
3491 5034 3710 5102 spatium
3745 5049 3764 5086 :

2189 5128 2518 5198 impossibilia
2556 5130 2722 5198 facere
2748 5143 2848 5181 non
2887 5127 3104 5193 coneris,
3147 5127 3306 5180 donec
3347 5136 3462 5180 tuus
3495 5125 3765 5195 impleatur

2188 5221 2304 5274 uiue
2326 5236 2525 5272 cursus.
2561 5218 2658 5272 Hic
2685 5234 2788 5271 non
2816 5233 3032 5288 quwras,
3081 5233 3195 5288 qua:
3229 5234 3328 5271 non
3357 5215 3498 5282 alibi,
3541 5216 3639 5269 nisi
3666 5231 3765 5285 quo

2190 5321 2293 5364 tam
2321 5310 2534 5380 feliciter
2560 5324 2796 5380 prapero,
2825 5309 3036 5363 inveniri
3060 5318 3287 5380 possunt.
3317 5306 3416 5360 Hic
3446 5317 3618 5378 satage
3641 5307 3766 5361 talia

2189 5416 2417 5455 exercere
2443 5416 2616 5466 Opera,
2643 5409 2699 5453 ut
2737 5400 3055 5469 postmodum
3089 5400 3160 5453 ibi
3199 5413 3312 5468 quc
3360 5398 3645 5466 aliqualiter
3685 5397 3764 5450 hic

2189 5491 2466 5560 intelligere
2507 5491 2673 5562 cupis,
2719 5489 2939 5544 totaliter
2979 5489 3032 5542 in
3074 5499 3320 5543 (sternunt
3365 5488 3553 5542 habeas
3595 5503 3612 5541 :
3649 5487 3765 5541 inde

2188 5581 2275 5649 qui
2302 5579 2512 5644 intrant,
2552 5579 2840 5633 nullatenus
2883 5586 3085 5632 exeunt.
3129 5576 3209 5631 Ad
3255 5577 3370 5631 haec
3429 5591 3530 5644 ego
3571 5591 3766 5645 pavore

2192 5678 2436 5738 stupens,
2467 5668 2816 5725 admiratione
2844 5675 2951 5722 tam
2979 5666 3146 5723 invisa
3189 5681 3328 5736 pene
3366 5679 3578 5734 amens,
3619 5666 3765 5723 omni
