4048 6186
250 248 352 323 ass

250 362 388 432 quasi
419 362 600 432 vigore
642 372 852 423 carens,
904 358 987 414 his
1042 358 1221 415 verbis
1267 362 1554 432 aliqualem
1596 371 1817 415 sumens

247 453 533 517 audaciam,
567 450 915 507 tremebunda
946 466 1077 507 voce
1122 452 1229 507 dixi
1258 471 1271 505 :
1302 453 1407 509 Fas
1438 454 1643 509 utinam
1685 450 1817 507 mihi

244 544 393 607 ioret,
425 545 512 613 qui
552 553 658 598 tam
700 543 823 598 felix
868 557 948 610 es,
980 552 1086 598 tam
1113 543 1400 617 gloriosus,
1429 543 1727 599 honoriﬁce
1751 541 1818 597 ad

242 632 327 688 illa
356 649 645 703 properans
682 635 873 705 gaudia
909 652 922 689 :
960 636 1049 703 qui
1080 644 1184 689 tam
1225 635 1401 691 dulcia
1440 635 1653 707 eloquia
1695 643 1820 704 gut-

238 723 343 778 turi
369 739 490 779 meo
515 725 664 791 faris,
694 741 801 779 non
830 724 1123 794 ambigere.
1157 726 1225 779 At
1251 725 1363 791 ille,
1397 726 1587 795 inquit,
1618 723 1819 778 Nomen

243 833 400 870 nteum
442 823 627 886 quieris
650 816 676 870 .9
716 814 1015 887 Hieronymi
1040 818 1180 871 illius
1208 816 1506 888 presbyteri,
1547 818 1629 870 cui
1655 825 1823 871 trans-

238 910 527 963 mittendum
557 909 844 980 Epistolam
862 915 977 977 jam
1000 910 1224 965 scribens
1250 912 1449 981 cepisti,
1486 926 1597 964 sunt
1625 910 1817 975 anima,

238 1017 345 1067 qui:
371 1002 423 1053 in
455 1002 550 1054 hac
576 1003 703 1055 hora
727 1004 780 1055 in
812 1000 1067 1056 Bethleem
1092 1000 1235 1055 Juda
1273 1002 1444 1056 carnis
1473 1018 1625 1056 onere
1662 1004 1822 1071 depo-

236 1090 350 1155 sito,
380 1090 602 1156 Christo,
647 1093 882 1160 omnique
909 1091 1093 1146 coalein
1138 1092 1380 1145 comitata
1418 1093 1644 1159 cohorte,
1686 1090 1823 1144 omni

234 1182 472 1235 decorata
513 1182 911 1252 pulchritudine,
956 1182 1091 1235 omni
1122 1181 1383 1235 illustrata
1410 1180 1703 1250 splendore,
1732 1180 1825 1233 illo

231 1271 414 1324 induta
440 1270 836 1325 inniiorta'litatis
870 1273 1114 1325 deaurato
1150 1274 1463 1337 vestimento,
1497 1270 1823 1325 circumami-

233 1376 319 1417 cta
360 1366 585 1419 omnium
611 1365 859 1419 bonorum
891 1375 937 1419 et
966 1366 1271 1437 gaudiorum
1303 1365 1565 1430 uarietate,
1593 1372 1825 1417 terreno-

227 1471 352 1507 rum
383 1457 607 1508 omnium
647 1457 1032 1524 triumphatrix,
1073 1457 1211 1510 omni
1236 1456 1535 1509 diademate‘
1555 1464 1824 1523 coronata,

231 1554 282 1597 et
308 1546 449 1597 omni
487 1544 797 1599 beatitudine
834 1555 879 1599 et
910 1546 1153 1615 felicitate
1191 1546 1401 1613 vallata,
1434 1554 1535 1598 tant
1583 1546 1822 1615 gloriose,

232 1647 437 1705 tantque
460 1635 786 1702 ineﬂabiliter
811 1654 964 1708 pergo
990 1640 1059 1690 ad
1084 1654 1241 1708 regna
1274 1639 1535 1703 caelorum,
1571 1638 1684 1690 sine
1723 1637 1826 1704 [ine

234 1744 496 1781 mansura.
523 1726 644 1782 lant
678 1730 877 1782 nullum
905 1730 1087 1783 ctenim
1114 1729 1348 1797 deinceps
1376 1738 1607 1798 exspecto
1644 1726 1826 1799 gloria:

233 1819 504 1890 defectum,
538 1819 627 1872 sed
664 1830 1012 1890 augmentum,
1044 1820 1249 1885 quando
1278 1819 1458 1872 iterum
1479 1820 1678 1889 jungar
1703 1834 1818 1871 cor-

235 1912 345 1981 pari
375 1910 735 1982 gloriﬁcando,
775 1920 822 1965 et
852 1928 951 1965 non
993 1913 1260 1978 morituro,
1302 1910 1391 1965 sed
1418 1912 1638 1980 gloriam
1671 1928 1820 1982 quam

234 2021 369 2057 nunc
397 2005 507 2058 sola
550 2004 730 2070 habeo,
780 2021 892 2058 cum
937 2004 1027 2058 illo
1069 2003 1307 2058 habitura
1352 2022 1371 2059 :
1414 2006 1468 2059 in
1511 2005 1603 2059 illa
1631 2006 1822 2059 scilicet

236 2098 482 2151 universis
508 2098 721 2151 rationis
752 2098 853 2150 die.
881 2096 1030 2152 Tunc
1061 2112 1164 2168 ego
1192 2098 1421 2169 amplius
1458 2098 1622 2153 animi
1652 2098 1704 2153 in
1735 2112 1823 2152 me

235 2188 477 2242 collectis
505 2188 705 2242 viribus
741 2203 849 2258 prie
874 2188 1068 2259 gaudio
1097 2204 1128 2242 a
1155 2187 1410 2260 lacrymis
1444 2204 1547 2242 non
1580 2203 1819 2251 cessans,

234 2279 308 2332 sic
334 2279 591 2349 respondi
623 2297 635 2333 :
666 2278 908 2343 Utinam,
935 2280 1174 2334 virorum
1217 2280 1435 2344 eximie,
1468 2280 1540 2333 tui
1584 2294 1824 2334 mererer

235 2366 353 2422 fieri
399 2368 772 2439 pedissequus.
815 2369 921 2424 Sed
951 2384 1135 2440 quaeso
1186 2371 1260 2424 tui
1292 2370 1491 2425 servuli
1518 2386 1821 2440 quanquam

236 2459 506 2523 vilissimi,
549 2474 711 2530 quem
757 2460 992 2515 dilexisti
1044 2462 1094 2515 in
1136 2461 1336 2516 mundo
1378 2461 1537 2515 nimia
1583 2463 1823 2517 caritatis

241 2551 550 2617 affectione,
602 2553 952 2609 recorderis:
998 2564 1057 2608 ut
1104 2557 1207 2609 tuis
1260 2554 1747 2609 interventionibus
1793 2572 1822 2610 a

244 2644 483 2712 peccatis
534 2644 829 2709 emunder,
886 2654 971 2700 tua
1019 2645 1405 2715 gubernatione
1454 2654 1603 2700 recto
1652 2646 1820 2712 calle,

236 2735 508 2791 iunﬂenso
527 2736 661 2806 pede
680 2738 987 2807 procedam,
1015 2739 1119 2794 tuis
1140 2737 1539 2794 defensionibus
1569 2739 1820 2805 assiduis,

234 2830 298 2883 ab
361 2830 592 2885 inimicis
646 2830 776 2884 mihi
824 2830 1079 2886 continue
1128 2831 1505 2887 insidiantibus
1550 2842 1819 2901 protegar,

233 2929 439 2990 tuoque
480 2930 667 2975 sancto
695 2920 855 2976 ductu
895 2922 1083 2977 salutis
1126 2924 1383 2992 attingam
1426 2933 1662 2992 portum.
1705 2923 1825 2977 Pla-

233 3018 386 3065 cet-et
416 3011 618 3065 utinam
644 3012 900 3065 voluntati
934 3022 1036 3066 tua:
1074 3013 1250 3082 aliqua
1296 3014 1427 3067 mihi
1472 3015 1821 3083 interroganti

235 3100 589 3170 respondere.
642 3101 709 3155 At
756 3103 842 3156 illa
878 3120 890 3155 :
926 3102 1077 3169 Quod
1127 3113 1293 3172 optas,
1340 3104 1491 3158 dicito
1523 3120 1542 3157 :
1569 3120 1646 3158 me
1687 3108 1823 3158 omni

240 3204 348 3247 tuae
383 3192 631 3246 voluntati
671 3210 1029 3263 responsuram
1076 3195 1261 3247 sciens.
1304 3194 1505 3249 Vellem
1560 3194 1823 3264 (inquam)

238 3282 560 3353 intelligere,
619 3293 796 3338 utrum
843 3283 1127 3339 Beatorum
1159 3284 1351 3339 anima:
1393 3284 1639 3354 quaedam
1691 3285 1826 3340 velle

237 3373 469 3442 possint,
511 3389 631 3443 quae
674 3373 917 3429 obtinere
962 3383 1252 3445 nequeant.
1309 3378 1381 3429 At
1426 3374 1514 3429 illa
1567 3392 1580 3427 :
1633 3374 1823 3437 Unum,

239 3466 543 3536 Augustine,
572 3466 788 3539 noveris,
813 3466 949 3536 quod
975 3465 1283 3521 Sanctorum
1321 3466 1506 3520 animte
1544 3466 1615 3519 ita
1655 3467 1705 3520 in
1734 3467 1826 3520 illa

237 3568 431 3611 aeterna
456 3557 622 3627 gloria
658 3558 712 3611 in
753 3556 857 3611 Deo
885 3566 1003 3612 sunt
1042 3557 1276 3612 solidata:
1314 3568 1359 3611 et
1401 3556 1642 3625 ﬁrmatae,
1688 3556 1826 3626 quod

240 3647 388 3700 nulla
413 3647 509 3700 sibi
546 3647 673 3701 inest
708 3648 812 3700 alia
842 3648 1095 3714 voluntas,
1133 3648 1227 3701 nisi
1261 3648 1395 3702 Dei:
1426 3651 1563 3715 quod
1599 3648 1674 3701 nil
1705 3647 1828 3701 velle

248 3738 395 3791 aliud
425 3746 653 3806 possunt,
694 3739 793 3792 nisi
827 3754 940 3807 quae
981 3738 1115 3792 Deus
1149 3737 1253 3791 vult
1284 3754 1302 3792 :
1329 3740 1443 3792 ideo
1481 3754 1596 3809 qua:
1633 3739 1825 3802 nolunt,

242 3832 470 3886 obtinere
503 3840 734 3899 possunt.
780 3830 980 3885 Etenim
1015 3846 1340 3901 quacumque
1386 3832 1581 3897 volunt,
1612 3829 1753 3884 Deus
1780 3840 1827 3885 et

243 3927 348 3977 vult
376 3934 422 3977 et
449 3923 713 3993 adimplet.
759 3921 923 3976 Nemo
954 3923 1139 3993 quippe
1164 3931 1389 3975 nostrum
1424 3924 1529 3975 suis
1559 3922 1830 3990 fraudetur

246 4015 509 4068 desideriis
554 4031 573 4068 :
619 4014 739 4083 quia
792 4015 866 4067 nil
913 4023 1097 4081 prattcr
1145 4012 1310 4065 Deum
1361 4011 1547 4081 aliquis
1602 4022 1830 4067 nostrum

247 4116 411 4175 optat.
443 4104 698 4170 Quoniam
727 4120 842 4158 vero
862 4119 1078 4171 semper,
1102 4112 1156 4155 ut
1192 4104 1439 4166 volumus,
1478 4101 1640 4156 Deum
1673 4102 1831 4157 habe-

250 4213 362 4249 mus
386 4212 405 4250 :
434 4207 604 4251 nostra
647 4212 854 4266 semper
880 4193 1134 4247 desideria
1179 4202 1296 4247 sunt
1342 4193 1628 4262 plenissime
1663 4194 1832 4247 adiut-

254 4290 408 4355 pletn.
439 4287 617 4359 Longa
647 4287 886 4358 quidem,
914 4296 1065 4357 pater
1084 4286 1365 4341 carissime
1394 4283 1613 4356 Cyrille,
1643 4284 1835 4340 verbo-

252 4396 368 4434 rum
398 4390 671 4436 texeretur
695 4381 886 4446 series,
914 4380 959 4433 si
984 4379 1163 4434 omnia
1194 4393 1312 4448 quae
1334 4377 1462 4432 ntihi
1492 4378 1724 4449 gloriosa
1747 4378 1833 4433 illa

254 4471 429 4525 anima
461 4472 814 4540 perscrutanti
845 4470 1116 4541 patefecit,
1148 4469 1442 4525 scriberem
1474 4469 1527 4523 in
1570 4468 1669 4523 hac
1708 4469 1834 4525 bre-

254 4563 436 4618 vitatis
468 4564 726 4632 Epistola.
772 4564 943 4633 Spero
969 4562 1111 4618 enim
1143 4560 1282 4631 quod
1312 4559 1585 4615 Bethleem
1615 4560 1681 4615 ad
1720 4572 1838 4615 tan-

255 4663 337 4708 tas
391 4655 643 4724 reliquias
686 4653 1007 4709 visitandum
1063 4654 1271 4708 veniam
1321 4668 1425 4706 non
1478 4664 1596 4722 post
1640 4654 1837 4708 multos

256 4761 518 4801 annorum
556 4746 807 4813 circulos,
834 4746 921 4801 ubi
959 4755 1082 4800 tunc
1128 4760 1246 4815 qum
1283 4744 1482 4809 audivi,
1528 4746 1661 4799 etin
1704 4746 1839 4799 scri-

258 4838 363 4905 ptis
415 4837 629 4901 tradidi,
684 4836 874 4892 videbo
923 4836 1319 4909 perspicaciter.
1367 4836 1616 4891 Pluribus
1664 4837 1840 4907 itaque

260 4925 412 4979 horis
453 4926 539 4981 illa
577 4928 958 4995 gloriosissima
995 4930 1171 4982 anima
1220 4927 1416 4982 ibidem
1471 4943 1677 4983 mecum
1729 4944 1840 4982 ma-

260 5012 422 5079 nens,
464 5014 736 5071 Trinitatis
768 5019 1117 5072 sanctissima:
1172 5017 1465 5084 Unitatem,
1519 5027 1573 5074 et
1616 5018 1841 5073 Uuitatis

260 5106 605 5169 Trinitatem,
630 5106 748 5162 Filii
769 5123 798 5161 a
826 5109 983 5163 Patre
1009 5112 1428 5179 generationem,
1457 5110 1687 5180 Spiritus
1709 5109 1842 5164 San-

262 5203 332 5257 cti
361 5216 393 5255 a
422 5200 583 5255 Patre
621 5208 677 5254 et
720 5198 855 5253 Filio
887 5203 1298 5268 processionem,
1329 5202 1597 5271 angelicas
1634 5201 1842 5255 hierar-

265 5291 412 5347 chias
439 5299 495 5347 et
537 5291 775 5355 ordines,
808 5300 863 5345 et
900 5292 1205 5346 earumdem
1250 5291 1530 5347 beatorum
1562 5292 1842 5361 Spirituum

268 5383 545 5454 mysteria,
574 5382 849 5440 beatarum
892 5382 1053 5437 etiam
1091 5383 1384 5438 animarum
1438 5383 1715 5438 felicitates
1749 5400 1761 5435 :
1794 5391 1847 5437 ct

269 5476 370 5530 alia
397 5475 546 5530 utilia
568 5483 619 5529 et
648 5475 824 5543 gravia
856 5474 1102 5529 humanis
1125 5473 1505 5539 intellectibus,
1534 5487 1691 5542 quam
1718 5471 1846 5526 sub-

272 5568 450 5635 tiliter,
479 5584 639 5640 quam
666 5568 965 5635 evidenter,
1004 5583 1161 5637 quam
1203 5567 1520 5622 mirabiliter
1542 5565 1670 5620 mihi
1694 5574 1846 5633 pate-

272 5655 454 5719 fecerit
482 5660 659 5729 avido,
692 5661 736 5717 si
765 5660 1002 5716 omnium
1047 5658 1323 5714 hominum
1352 5657 1545 5727 linguis
1578 5656 1844 5727 loquerer,

1188 245 1275 303 DE
1311 240 1865 304 MAGNIFICENTHS
1902 239 2107 298 BEATI
2142 241 2537 301 HIERONYMI.

1928 367 2034 408 non
2062 356 2382 425 explicarem
2428 371 2697 413 sermone.
2736 359 2934 418 Deinde
2977 377 3007 418 a
3051 364 3185 421 meis
3212 366 3387 423 oculis
3417 367 3507 424 lux

1927 444 2017 499 illa
2047 444 2310 515 disparuit
2342 464 2356 500 :
2390 447 2484 502 sed
2531 448 2714 503 multis
2745 454 3082 518 postmodum
3108 456 3295 513 diebus
3321 459 3506 514 inetia-

1925 534 2047 589 bilis
2092 538 2319 591 odorum
2368 538 2607 592 suavitas
2659 541 2915 595 remansit
2963 557 2979 597 :
3028 543 3196 608 Quam
3242 549 3505 606 mirabilis

1926 641 2055 697 ergo
2082 626 2182 682 iste
2210 636 2315 693 est,
2360 628 2565 684 faciens
2594 638 2672 683 tot
2713 630 2999 698 mirabilia,
3046 642 3124 689 tot
3150 646 3203 691 et
3245 648 3386 694 tanta
3425 642 3509 695 in-

1926 730 2077 773 sueta
2108 719 2414 775 hominibus
2431 721 2668 792 prodigia
2690 720 2715 775 i
2741 722 2826 777 Ad
2849 722 3022 793 ipsum
3047 738 3176 797 ergo
3199 742 3293 784 ore
3322 742 3506 787 nostro

1924 810 2241 879 clamemus,
2287 822 2343 868 et
2370 813 2704 869 exsultemus
2735 831 2748 866 :
2780 813 3076 885 demusque
3114 816 3334 886 gloriam
3371 822 3507 879 laudi

1926 901 2064 972 ejus,
2090 904 2347 973 quoniam
2376 916 2525 961 certe
2553 906 2745 977 dignus
2771 916 2854 962 est
2892 908 3041 962 omni
3073 908 3249 976 laude,
3293 927 3391 968 nec
3418 930 3509 969 su-

1927 1008 2048 1046 mus
2072 994 2404 1051 sufficientes
2443 1012 2569 1051 eum
2603 996 2844 1053 laudare.
2888 997 3134 1056 Introivit
3158 1003 3302 1058 enim
3328 1004 3379 1058 in
3411 1006 3511 1060 do-

1927 1100 2074 1139 mum
2120 1087 2332 1143 Domini
2367 1088 2628 1145 candidus
2679 1100 2735 1145 et
2784 1091 3177 1161 pulcherrimus
3218 1112 3233 1151 :
3279 1098 3367 1153 ubi
3397 1100 3513 1157 sine

1925 1174 2093 1229 dubio
2120 1177 2189 1231 de
2212 1179 2618 1236 sublimioribus
2644 1188 2697 1235 et
2736 1183 3164 1251 praeclarioribus
3199 1190 3383 1259 gloriae
3421 1206 3512 1246 se-

1928 1264 2053 1320 dem
2080 1267 2308 1324 obtinet.
2349 1271 2505 1339 Quod
2531 1281 2587 1327 ut
2612 1272 2805 1329 iterum
2832 1275 3027 1333 clarius
3057 1280 3297 1335 veritatis
3332 1283 3512 1339 lumen

1930 1364 2132 1425 pateat,
2164 1359 2404 1428 pluribus
2434 1363 2661 1419 testibus
2686 1380 2844 1435 quam
2874 1382 2980 1421 uno
3006 1370 3210 1433 censui,
3249 1372 3390 1441 quod
3421 1388 3515 1427 su-

1932 1447 2202 1514 pradictus
2244 1462 2431 1506 noster
2470 1453 2725 1519 Severus,
2773 1456 2859 1511 vir
2885 1456 3126 1514 doctrina
3154 1470 3207 1515 et
3247 1464 3511 1531 sapientia

1931 1536 2161 1605 pollens,
2192 1536 2313 1594 cum
2346 1541 2516 1597 tribus
2554 1544 2753 1600 aliisin
2798 1547 2914 1618 ipso
2954 1550 3040 1606 die
3080 1562 3133 1607 et
3170 1553 3300 1609 hora
3337 1556 3513 1611 obitus

1928 1625 2233 1699 Hieronymi
2265 1632 2317 1685 in
2345 1632 2643 1689 Turonensi
2670 1637 2888 1695 civitate
2918 1641 3129 1709 viderit,
3155 1661 3287 1699 mea:
3313 1646 3511 1702 addere

1928 1716 2118 1771 visioni
2150 1736 2164 1771 :
2198 1720 2266 1775 de
2304 1736 2412 1791 quo
2439 1724 2656 1793 quidem
2696 1730 3033 1787 solummodo
3078 1735 3300 1803 ipsemet
3341 1738 3511 1807 pridie

1923 1810 1990 1863 ad
2042 1826 2129 1866 me
2168 1815 2409 1881 veniens,
2456 1816 2555 1873 fuit
2582 1821 2756 1876 testis.
2807 1822 3002 1880 Volens
3046 1827 3225 1898 itaque
3261 1830 3421 1897 Deus,
3452 1841 3511 1889 ut

1922 1903 2166 1959 snblimis
2191 1905 2500 1979 Hieronymi
2528 1911 2697 1981 gloria
2727 1915 2984 1971 mundum
3016 1934 3120 1974 non
3150 1920 3345 1978 lateret
3370 1941 3383 1977 :
3412 1940 3507 1980 ve-

1925 1993 2019 2047 luti
2045 1998 2303 2052 sanctitas
2326 2000 2594 2069 sublimis,
2619 2012 2673 2059 et
2700 2019 2837 2075 pene
2869 2008 3182 2066 cunctorum
3213 2014 3506 2071 viventium

1924 2085 2396 2155 excellentissima,
2429 2106 2535 2146 non
2568 2094 2790 2162 latebat,
2828 2111 2897 2151 ne
2934 2099 3011 2153 illi
3041 2116 3178 2170 quos
3208 2108 3509 2162 sanctitatis

1927 2175 2071 2232 illius
2098 2178 2397 2236 delectabat
2421 2185 2575 2252 sequi
2601 2188 2846 2256 vestigia,
2891 2190 3195 2247 habiturum
3229 2198 3507 2264 pra-mium

1927 2266 2253 2335 ignorantes,
2276 2272 2565 2341 aliquando
2592 2290 2620 2328 a
2647 2278 2948 2335 sanctitatis
2968 2281 3250 2341 deviarent
3273 2290 3507 2358 tramite,

1926 2366 1980 2411 ct
2010 2367 2065 2412 ut
2090 2361 2251 2414 etiam
2294 2362 2382 2416 alii
2427 2364 2527 2418 sibi
2574 2374 2653 2421 tot
2696 2376 2751 2423 et
2781 2378 2926 2426 tanta
2976 2373 3195 2446 elargiri
3226 2389 3509 2437 cernentes

1928 2450 2166 2515 pra-mia,
2198 2451 2343 2507 illius
2378 2456 2676 2513 sanctitatis
2714 2468 2771 2514 et
2814 2462 3027 2520 virtutis
3055 2466 3382 2527 inhaererent
3411 2488 3505 2529 ve-

1925 2541 2120 2610 stigiis,
2167 2544 2357 2600 minuit
2380 2549 2522 2603 enim
2569 2548 2804 2607 laborem
2848 2556 3121 2627 ponderis,
3162 2562 3503 2630 prmmiorutn

1924 2648 2052 2726 spes
2082 2653 2093 2687 :
2127 2635 2214 2691 die
2250 2648 2304 2693 et
2346 2638 2475 2696 hora
2514 2658 2613 2713 qua
2662 2645 2804 2701 idem
2844 2650 3108 2718 gloriosus
3151 2653 3507 2726 Hieronymus

1926 2723 2151 2781 feliciter
2177 2732 2487 2811 exspiravit,
2516 2736 2879 2808 elargiendam
2908 2741 3007 2794 sibi
3031 2742 3276 2811 gloriam,
3304 2723 3507 2801 severo

1924 2824 1979 2869 ct
2007 2817 2177 2872 tribus
2216 2821 2336 2876 aliis
2363 2836 2485 2879 cum
2521 2842 2587 2881 eo
2626 2829 2916 2893 stantibus,
2963 2832 3144 2886 taliter
3191 2833 3503 2890 declaravit.

1925 2903 2065 2959 Hora
2093 2911 2428 2980 completorii
2454 2915 2544 2969 die
2584 2916 2676 2971 illo
2716 2918 2767 2971 in
2796 2917 2957 2973 domo
2983 2934 3077 2974 sua
3117 2922 3345 2979 Severus
3385 2940 3505 2981 cum

1928 2996 2098 3049 tribus
2126 2999 2255 3053 viris
2282 3001 2596 3069 Catholicis,
2616 3020 2845 3075 quorum
2866 3008 2974 3064 duo
2996 3014 3304 3067 monasterii
3331 3031 3504 3083 quon-

1927 3086 2049 3141 dam
2091 3091 2410 3147 venerabilis
2462 3094 2673 3150 Martiui
2717 3108 2871 3153 erant
2919 3100 3186 3167 monachi,
3228 3104 3280 3159 in
3314 3105 3507 3162 divinis

1930 3178 2110 3249 legens
2141 3182 2519 3253 locationibus,
2565 3188 2617 3241 in
2670 3190 2827 3256 cmlo,
2882 3190 2935 3246 in
2987 3192 3209 3261 aethere,
3260 3204 3507 3267 terraque

1928 3278 2179 3323 cantuum
2223 3274 2687 3340 suavissimorum,
2731 3280 3114 3350 inauditorum,
3159 3284 3507 3343 iucll‘abilium

1927 3370 1982 3415 et
2025 3362 2416 3419 incredibilium
2451 3367 2688 3424 infinitas
2733 3385 2956 3441 repente
2998 3373 3204 3431 audivit
3239 3392 3421 3447 voces,
3455 3391 3510 3435 et

1927 3466 2274 3521 organorum,
2306 3464 2705 3526 tympanorum,
2738 3469 2794 3517 et
2836 3464 3235 3535 psalteriorum,
3264 3476 3317 3523 et
3346 3471 3508 3526 totius

1927 3544 2256 3613 syinplioniie
2282 3558 2338 3601 et
2372 3547 2847 3609 instrumentorum
2869 3569 3053 3623 Sonos,
3094 3560 3287 3629 quibus
3314 3562 3507 3617 uelum

1928 3642 1982 3688 et
2005 3645 2142 3690 terra
2164 3647 2217 3691 et
2247 3639 2425 3693 omnia
2457 3641 2537 3710 (ut
2564 3643 2665 3696 sibi
2692 3644 2996 3717 videbatur)
3029 3650 3262 3721 undique
3293 3668 3512 3709 resona-

1927 3725 2077 3793 bant,
2125 3744 2351 3799 quorum
2403 3732 2757 3791 suavitatibus
2804 3751 2990 3792 eorum
3044 3741 3237 3795 anima:
3294 3758 3431 3811 pene
3479 3760 3510 3799 a

1929 3820 2244 3888 corporibus
2272 3821 2615 3877 exhalabant.
2663 3825 2959 3895 Stupel'acti
3004 3828 3149 3882 illico
3199 3846 3389 3886 omnes
3435 3834 3512 3889 illi

1931 3910 2201 3967 clevantes
2231 3914 2435 3980 oculos,
2456 3916 2648 3994 caelum
2674 3925 2865 3984 totum,
2893 3917 3094 3974 aethera
3120 3930 3171 3975 et
3200 3924 3375 3977 omnia
3394 3940 3513 3994 qnze

1931 4018 2115 4057 eorum
2154 3991 2774 4081 continentur‘ambitu,
2827 4010 3057 4082 quadam
3103 4013 3350 4069 viderunt
3393 3991 3515 4073 luce

1932 4094 2135 4162 septies
2184 4095 2315 4149 solis
2368 4084 2488 4151 luce
2529 4100 2872 4168 prmclariore
2916 4104 3213 4160 clarescere
3253 4124 3265 4159 :
3313 4123 3377 4161 ex
3409 4124 3512 4179 qua

1934 4186 2110 4239 omnia
2157 4186 2382 4242 odorum
2429 4196 2665 4244 aromata
2715 4196 3087 4263 erumpebant.
3122 4198 3247 4253 Ha‘c
3292 4200 3363 4255 illi
3407 4210 3514 4256 tam

1936 4274 2177 4330 miranda
2206 4286 2509 4345 cernentes,
2536 4280 2703 4334 Deum
2729 4288 3017 4337 exorarent
3043 4288 3312 4355 precibus,
3342 4299 3398 4344 ut
3422 4308 3517 4348 eos

1934 4382 2033 4423 cur
2082 4369 2203 4423 talia
2245 4370 2455 4437 tierent,
2508 4386 2613 4426 non
2648 4372 2856 4428 lateret.
2889 4374 3093 4441 Quibus
3134 4395 3234 4434 vox
3276 4380 3340 4436 de
3379 4384 3519 4439 cmlo

1936 4460 2178 4525 veniens,
2213 4461 2311 4515 ista
2340 4461 2472 4516 dixit
2504 4480 2517 4513 :
2555 4461 2719 4517 Nulla
2750 4480 2835 4519 vos
2880 4468 3074 4522 moueat
3108 4472 3381 4526 admiratio
3406 4491 3423 4526 :
3446 4478 3519 4529 nit

1937 4552 2072 4607 vobis
2097 4555 2324 4608 videatur
2347 4554 2668 4620 admirabile,
2698 4558 2741 4610 si
2768 4559 2891 4611 talia
2922 4569 2968 4614 et
2991 4561 3166 4616 videtis
3205 4573 3250 4616 et
3287 4565 3473 4618 auditis
3500 4582 3515 4619 :

1939 4644 2089 4700 hodie
2112 4647 2244 4700 enim
2272 4662 2445 4717 regum
2476 4663 2584 4714 rex,
2615 4658 2659 4701 et
2692 4647 2936 4705 Dominus
2960 4652 3351 4715 dominantinnt,
3374 4654 3520 4707 Citrio

1939 4747 2043 4793 stus
2084 4738 2350 4803 Dominus,
2379 4742 2580 4793 exeunti
2616 4740 2679 4793 de
2705 4741 2796 4794 hoc
2834 4758 3045 4810 nequam
3087 4744 3292 4805 stecnlo,
3338 4746 3522 4797 aninue

1940 4830 2286 4899 gloriosissimi
2333 4829 2631 4900 Hieronymi
2673 4831 2946 4900 presbyteri
2983 4833 3034 4883 in
3077 4829 3328 4884 Bethleem
3371 4832 3401 4884 J
3411 4838 3524 4887 uda:

1941 4924 2322 4987 commorantis,
2365 4932 2494 4975 totus
2523 4922 2729 4989 festivus
2763 4922 2955 4972 obviam
2982 4919 3112 4973 venit
3141 4935 3160 4972 .°
3187 4931 3242 4972 ut
3268 4938 3375 4973 eam
3418 4940 3523 4993 pra:

1943 5016 2134 5068 ueteris
2185 5022 2323 5066 tanto
2366 5011 2811 5077 honorificentius,
2865 5018 3004 5060 tanto
3054 5009 3419 5073 excellentius,
3476 5025 3520 5066 ct

1942 5105 2206 5158 sublimius
2234 5102 2301 5155 ad
2320 5118 2413 5154 sua
2441 5100 2726 5154 introducat
2755 5115 2930 5168 regna,
2961 5111 3150 5168 quanto
3181 5118 3288 5169 prie
3324 5106 3518 5157 cit-teris

1945 5196 2249 5250 sublimioris
2276 5202 2321 5245 et
2358 5192 2625 5246 sanctioris
2649 5192 2762 5243 vita:
2789 5191 2977 5244 meritis
3004 5191 3184 5262 fulget.
3224 5191 3395 5246 llodie
3418 5210 3526 5247 om-

1946 5289 2085 5340 nium
2121 5283 2433 5353 Angelarum
2474 5281 2675 5334 ordines
2701 5278 3009 5333 exsultantes
3034 5291 3081 5334 et
3117 5282 3300 5336 talibus
3326 5285 3525 5340 vocibus

1947 5375 2235 5431 alternatim
2276 5372 2628 5436 concinentes,
2676 5387 2825 5424 suunt
2876 5371 3137 5425 sociantur
3187 5372 3461 5429 Dominum
3507 5394 3523 5432 ε

1950 5470 2100 5523 hodie
2126 5467 2351 5521 omnium
2399 5463 2821 5519 Patriarcharum
2850 5473 2897 5518 et
2940 5460 3318 5535 PrOphetarunt
3348 5481 3522 5537 coetus,

1951 5563 2098 5617 hodie
2126 5557 2480 5631 Apostolorum
2522 5566 2567 5610 et
2604 5554 2982 5625 Discipulorum
3010 5557 3216 5625 chorus,
3240 5562 3389 5615 nodie
3416 5580 3524 5614 om—

1951 5672 2038 5712 nes
2068 5653 2226 5709 sanc:i
2257 5650 2508 5722 Martyres
2530 5692 2545 5721 ,
2574 5649 2723 5704 hodie
2757 5650 3098 5721 Canfessores,
3140 5653 3287 5707 hodie
3309 5655 3526 5723 υΙυνέυςιι
