4048 6186
555 405 653 461 Dei
679 402 908 462 (imitri:
928 399 1114 457 eductis
1137 394 1366 451 omnibus
1386 389 1626 444 comitata
1654 386 1957 457 virginibus,
1983 382 2135 436 hodie

552 498 785 551 ominum
818 492 1092 548 Beatorum
1133 486 1317 537 anima
1354 478 1657 534 laetabunda
1701 484 1749 531 et
1802 475 1992 545 (estita:
2037 487 2131 525 suo

552 596 829 648 occurrunt
855 579 1202 650 compatriotte
1221 583 1269 629 et
1289 574 1407 628 civi.
1436 572 1533 627 His
1560 569 1776 632 auditis,
1804 583 1906 620 vox
1938 565 2085 619 siluit
2118 580 2131 615 :

556 682 652 739 sed
679 690 851 736 tamen
876 674 967 728 lux
996 680 1051 726 et
1075 675 1266 724 cantus
1300 674 1355 721 et
1378 664 1516 719 odor
1557 677 1650 729 per
1680 662 1867 715 horam
1899 666 2138 727 postmo-

556 776 681 830 dum
727 766 1076 839 perdurantes
1121 764 1490 817 cessaverunt.
1540 754 1723 823 itaque
1764 749 1964 818 liquido
1993 754 2139 817 patet

556 866 726 933 ipsum
769 858 839 912 de
878 850 1285 910 sublimioribus
1333 859 1385 903 et
1430 846 1721 916 majoribus
1764 841 1969 896 civibus
1999 839 2133 903 fore,

552 968 661 1026 quo
687 959 744 1009 et
770 962 994 1019 magnus
1021 954 1078 1000 et
1105 942 1370 998 mirabilis
1396 948 1498 1003 est,
1532 946 1586 992 et
1617 933 1938 990 metuendus
1975 946 2137 1000 super

556 1060 692 1116 pene
733 1054 924 1097 omnes
968 1037 1199 1093 Sanctos
1226 1032 1297 1088 ob
1338 1031 1441 1086 sibi
1495 1028 1745 1084 traditam
1794 1034 2135 1096 potestatem.

557 1136 692 1195 Nulli
718 1130 1063 1194 sitdubium,
1107 1128 1180 1181 ita
1236 1139 1345 1194 pra:
1384 1120 1607 1177 ceteris
1653 1134 1773 1189 qua:
1812 1118 1946 1183 vult,
1981 1129 2139 1185 posse

554 1227 729 1297 ipsum
774 1221 987 1292 assequi
1021 1238 1036 1273 :
1066 1219 1207 1274 sicut
1252 1230 1362 1285 pra:
1387 1211 1603 1269 caeteris
1626 1224 1723 1265 sua
1764 1208 2010 1262 voluntas
2051 1205 2137 1259 di-

554 1296 694 1373 vina:
721 1314 890 1384 magis
912 1311 1171 1368 oobteret.
1202 1306 1392 1362 Nullos
1419 1318 1551 1359 vero
1585 1316 1673 1356 me
1703 1309 1867 1355 tanta:
1905 1296 2139 1352 audacia:

558 1414 735 1477 putet,
760 1413 817 1458 ut
844 1402 1010 1457 fatear
1038 1398 1213 1470 ipsum
1233 1391 1727 1462 JoanneBaptista,
1750 1404 1857 1459 quo
1883 1388 2140 1455 (testante

557 1496 676 1565 ipso
698 1490 1000 1560 Salvatore)
1019 1488 1199 1544 nullus
1222 1486 1394 1553 major
1410 1482 1643 1541 surrexit
1667 1498 1681 1534 :
1702 1481 1865 1535 Petro
1879 1488 1933 1532 et
1957 1477 2138 1542 Paulo,

552 1596 611 1643 et
635 1585 847 1641 caeteris
874 1580 1161 1639 duodecim
1188 1575 1593 1648 Apostolorum,
1632 1572 1722 1642 qui
1751 1571 1819 1625 ab
1846 1571 1964 1638 ipso
1987 1568 2145 1622 Chri-

554 1686 645 1732 sto
669 1676 826 1732 electi
854 1682 910 1728 et
948 1669 1266 1727 sanctiﬁcati
1317 1675 1467 1730 sunt,
1510 1672 1768 1735 prtestare
1810 1661 2001 1731 gloria.
2033 1658 2141 1714 Sed

561 1776 739 1825 tamen
765 1763 890 1819 etsi
920 1759 1206 1832 prohibeat
1232 1756 1371 1812 ratio
1401 1755 1576 1826 ipsum
1608 1753 1714 1809 illis
1755 1751 2011 1820 majorem
2042 1749 2142 1804 ob-

562 1858 735 1913 linere
759 1853 984 1924 gloriam
1006 1850 1059 1906 in
1083 1848 1206 1905 edi
1234 1861 1420 1917 regno,
1446 1846 1683 1917 aliquem
1703 1847 1905 1898 audere
1923 1841 2103 1896 dicere
2127 1858 2141 1896 :

558 1958 742 2005 tamen
772 1944 947 2000 nullas
993 1940 1150 1997 video
1196 1938 1456 2001 rationes.
1507 1951 1606 1991 cur
1644 1935 1715 1990 sit
1752 1932 1902 1989 nefas
1939 1933 2142 1999 dicere,

563 2039 825 2111 aequalem
858 2036 963 2093 illis
993 2034 1047 2089 in
1075 2031 1252 2104 gloria
1281 2031 1661 2101 Hieronymum
1688 2026 1825 2094 lore,
1853 2024 2146 2081 dummodo

565 2133 675 2189 illis
703 2132 756 2187 in
787 2130 909 2185 vita:
937 2126 1223 2183 sanctitate
1247 2122 1455 2178 discors
1494 2134 1601 2175 non
1640 2117 1808 2174 luerit
1846 2131 2009 2173 :cum
2037 2132 2145 2173 non

563 2224 635 2279 sit
662 2233 1007 2293 personarum
1041 2224 1294 2285 acceptor
1324 2213 1485 2275 Deus,
1517 2209 1612 2266 sed
1663 2208 1996 2279 singulorum
2027 2221 2145 2263 me-

566 2312 668 2370 rita
695 2310 1011 2373 decernens,
1059 2317 1116 2362 et
1143 2303 1381 2360 reddens
1423 2300 1712 2370 unicuique
1738 2298 1883 2369 quod
1924 2298 2144 2353 meruit.

565 2402 638 2459 At
661 2402 705 2458 si
731 2401 978 2468 utiquam
1006 2397 1249 2451 videatur
1276 2394 1540 2450 minorem
1565 2390 1774 2446 Joanne
1798 2399 1853 2445 et
1876 2388 2149 2459 Apostolis

565 2492 953 2560 Hieronymum
996 2486 1221 2557 gloriam
1262 2484 1526 2547 obtinere,
1558 2496 1745 2550 parum
1774 2478 2022 2534 videatur
2050 2477 2151 2532 mi-

567 2596 755 2637 norem
787 2581 959 2649 ipsum
990 2577 1236 2631 obtinere
1268 2589 1454 2634 :cum,
1482 2582 1537 2625 et
1584 2571 1628 2625 si
1672 2570 1815 2625 illius
1853 2568 2152 2625 sanctitatis

566 2672 777 2736 merita,
809 2671 950 2725 illius
976 2667 1175 2723 laboris
1198 2665 1401 2736 gravia,
1426 2663 1567 2717 illius
1592 2663 1871 2733 scriptura:
1901 2671 1959 2717 et
1986 2661 2153 2716 veris-

568 2766 721 2820 simae
762 2759 1155 2818 Translationis
1202 2756 1481 2825 utriusque
1524 2752 1879 2820 Testamenti,
1931 2751 2148 2806 Ofﬁcio-

567 2869 795 2925 rumqne
816 2851 1172 2907 ordinationis
1193 2847 1418 2910 fruetus,
1444 2862 1551 2901 non
1576 2845 1752 2900 solum
1776 2843 2150 2914 prmsentibus.

568 2944 663 3001 sed
694 2944 855 3000 etiam
885 2941 1099 3005 futuris,
1133 2938 1515 3010 penpicaciter
1556 2944 1744 2991 cernat
1775 2952 1789 2982 ε
1819 2935 2154 3005 paulomiuus

570 3038 682 3093 lore
706 3036 776 3089 nil
806 3034 979 3104 ipsum
1001 3031 1072 3087 ab
1090 3031 1295 3087 eisdem
1321 3029 1372 3083 in
1399 3028 1571 3098 gloria
1592 3024 1898 3081 discordem
1932 3041 1946 3077 :
1976 3035 2035 3080 ut
2059 3040 2151 3080 ve-

570 3141 690 3182 rum
722 3134 891 3180 testor
919 3124 1108 3187 Deum,
1139 3130 1267 3192 puto
1292 3117 1574 3189 iudicabit.
1597 3117 1767 3171 Porro
1796 3130 1865 3171 ne
1888 3115 2154 3185 aliquibus

571 3214 850 3272 deridendi
885 3214 1133 3284 laqueum
1182 3210 1406 3281 injicere
1451 3208 1656 3275 videar,
1696 3206 1823 3262 dum
1863 3206 2056 3261 Joanni
2099 3215 2155 3260 et

570 3304 843 3375 Apostolis
873 3304 925 3359 in
956 3302 1240 3357 sanctitate
1277 3308 1332 3356 et
1370 3300 1562 3369 gloria,
1594 3298 1856 3368 aequalem
1884 3311 2005 3351 esse
2033 3296 2157 3351 llic-

573 3408 858 3464 rouymttm
886 3392 1285 3446 sanctissimum
1318 3389 1489 3443 lateor
1515 3407 1530 3442 :
1563 3403 1725 3441 unum
1754 3386 1897 3457 quod
1925 3386 2155 3456 expletis

576 3486 812 3541 nondum
843 3483 1033 3539 diebus
1081 3488 1311 3551 quatuor
1354 3480 1405 3532 in
1449 3479 1655 3532 visione
1691 3477 1823 3543 vidi,
1864 3478 2154 3543 enarrabo,

578 3586 638 3631 ut
666 3576 862 3630 veritas
905 3588 1009 3628 non
1052 3573 1235 3636 lateat,
1266 3579 1323 3625 et
1361 3585 1429 3624 ne
1468 3570 1591 3638 quis
1625 3583 1711 3623 me
1737 3569 1835 3623 has
1863 3570 2048 3625 laudes
2072 3585 2159 3624 re-

582 3679 765 3723 texere
792 3665 997 3729 credat,
1032 3664 1115 3719 vel
1145 3677 1330 3718 amore
1356 3660 1580 3724 carnali,
1622 3676 1729 3730 quo
1760 3660 1923 3715 homo
1958 3676 1989 3715 a
2017 3661 2159 3717 veri-

579 3759 705 3832 tatis
748 3755 1053 3826 cognitione
1100 3753 1335 3809 maxime
1387 3750 1589 3818 deviat,
1635 3751 1722 3806 vel
1755 3766 1966 3807 vesana:
2007 3767 2159 3808 men-

579 3848 650 3903 tis
714 3846 1025 3917 imperitia,
1096 3843 1183 3899 vel
1237 3843 1341 3898 alia
1412 3857 1753 3913 quacumque
1815 3857 1997 3897 causa.
2049 3841 2154 3897 Sed

577 3953 665 3994 me
693 3937 795 3993 hoc
823 3936 1096 4006 ambigunt
1132 3934 1199 3988 ab
1252 3934 1470 3989 homine
1511 3931 1842 3989 intellexisse
1885 3932 2104 3987 minime
2139 3944 2153 3987 :

577 4031 673 4087 sed
725 4046 823 4102 per
877 4029 1194 4083 relationem
1242 4041 1402 4097 quam
1450 4026 1591 4106 Dens
1644 4024 2010 4094 omnipotens,
2062 4025 2155 4095 qui

576 4134 705 4177 suos
764 4118 973 4175 exultat
1037 4118 1300 4183 Sanetus,
1368 4124 1424 4171 et
1489 4115 1775 4171 exaltando
1832 4114 2155 4185 magniﬁcat.

574 4212 775 4280 Quarta
822 4216 1092 4281 praeeunte
1127 4215 1284 4263 nocte
1305 4248 1321 4272 ,
1352 4205 1480 4262 mihi
1507 4206 1660 4261 avide
1697 4206 1984 4276 cogitanti,
2029 4204 2159 4276 quid

578 4303 771 4369 laudis,
801 4300 995 4373 quidve
1014 4299 1329 4355 reverentiae
1357 4298 1551 4355 debitae
1580 4296 1911 4369 Hieronymo
1937 4298 1989 4352 in
2008 4298 2158 4353 brevi

580 4403 875 4448 retexerem
915 4392 1191 4463 Epistula,
1224 4389 1608 4446 demonstravit
1651 4389 1753 4444 hoc
1790 4388 1990 4443 modo:
2025 4390 2156 4444 Dum

579 4484 757 4553 itaque
781 4482 875 4555 (ut
900 4483 1040 4549 dixi)
1069 4482 1362 4551 disponens
1400 4480 1541 4534 hanc
1576 4479 1867 4548 Epistolam
1899 4481 1992 4535 tibi
2022 4482 2157 4537 scri-

578 4573 741 4641 bere,
781 4572 1071 4643 cogitarem
1117 4581 1295 4640 aptam
1333 4569 1507 4625 laudis
1544 4570 1823 4624 materiam
1864 4571 2109 4627 invenire
2143 4590 2156 4628 :

580 4665 711 4721 hora
736 4664 1055 4721 adveniente
1081 4664 1253 4718 noctis
1278 4661 1472 4725 media,
1497 4676 1583 4715 me
1611 4675 1831 4717 somnus
1853 4664 2155 4733 oppressit:

576 4766 631 4812 ct
654 4772 779 4813 ecce
810 4755 1040 4810 maxima
1073 4753 1203 4808 mihi
1231 4752 1379 4806 at'l‘uit
1406 4752 1714 4822 angelorum
1745 4753 2046 4822 multitudo,
2080 4757 2160 4810 in-

576 4861 655 4906 ter
680 4864 815 4921 quos
840 4848 1105 4918 fulgentes
1135 4846 1254 4916 plus
1282 4844 1489 4899 inﬁnito
1515 4844 1631 4900 sole
1651 4843 1757 4899 duo
1781 4857 1934 4901 erant
1960 4849 2057 4902 viri
2087 4849 2156 4905 ita

572 4944 775 4999 similes
803 4950 859 4996 et
900 4939 1194 4996 uniformes
1216 4979 1230 5003 ,
1259 4946 1321 4993 nt
1350 4937 1494 4992 nulla
1523 4939 1573 4991 in
1602 4938 1680 4993 eis
1708 4939 1980 4995 videretur
2008 4942 2159 4998 dilic-

574 5035 764 5100 rentia,
795 5047 898 5103 qua
927 5033 1063 5087 alter
1086 5031 1155 5087 ab
1182 5031 1354 5087 altero
1383 5030 1600 5086 diﬁ'erre
1630 5040 1811 5098 posset
1838 5050 1852 5085 :
1881 5034 1982 5088 nisi
2014 5035 2155 5103 quod

574 5126 670 5177 tria
699 5134 841 5180 serta
873 5122 1076 5180 ferebat
1098 5124 1232 5178 alter
1265 5124 1316 5178 in
1342 5123 1538 5193 capite,
1566 5137 1631 5177 ex
1658 5137 1789 5177 auro
1813 5132 1868 5179 et
1896 5124 2157 5195 lapidibus

576 5216 825 5287 pretiosis
869 5235 882 5271 :
924 5215 1061 5271 alter
1098 5231 1226 5271 vero
1267 5216 1394 5271 duo.
1442 5216 1503 5271 Hi
1550 5215 1945 5272 candidissimis
1988 5218 2154 5274 induti

573 5308 817 5363 collubiis
836 5348 852 5371 ,
879 5307 1114 5379 undique
1142 5324 1273 5363 auro
1309 5310 1637 5379 gemmisque
1665 5311 1928 5365 contextis
1946 5353 1961 5378 ,
1995 5322 2156 5368 tanta:

574 5409 728 5453 erant
771 5397 1218 5468 pulchritudinis,
1251 5410 1308 5454 ut
1337 5415 1442 5455 non
1473 5402 1647 5456 valeat
1674 5403 1937 5473 quispiam
1968 5405 2151 5474 imagis

577 5488 715 5545 nari.
748 5486 1083 5541 Accedentes
1112 5489 1289 5559 itaque
1317 5490 1391 5545 illi
1418 5491 1577 5545 ambo
1603 5507 1769 5560 prope
1798 5507 1885 5547 me
1907 5533 1923 5558 ,
1954 5496 2054 5548 sub
2079 5494 2155 5548 si-

573 5574 742 5632 lentio
773 5573 1044 5641 paulisper
1067 5583 1345 5632 steterunt.
1378 5580 1576 5635 Deinde
1607 5582 1696 5636 ille
1719 5583 1807 5650 qui
1833 5584 1928 5637 tria
1955 5583 2156 5638 ferebat

566 5674 718 5727 ωηο
743 5704 758 5730 ,
795 5660 881 5715 bis
918 5676 1004 5717 me
1042 5665 1213 5720 verbis
1251 5668 1343 5724 luit
1374 5670 1629 5725 allocutus
1662 5690 1675 5725 :
1704 5671 1939 5741 Cogitat,
1974 5680 2145 5743 Augu-

1529 277 1617 332 ΒΕ
1658 270 2205 332 HAGNIFICENTHS
2242 270 2443 325 ΒΕΑΊΊ
2484 271 2884 329 ΒΙΕΠΟΝἮΙΙ.

3725 277 3832 335 28

2241 382 2389 447 stine,
2415 384 2538 451 quid
2564 384 2743 439 debeas
2772 385 2941 439 laudis
2966 385 3031 438 de
3059 383 3369 457 Hieronymo
3399 388 3451 441 in
3480 388 3685 444 reritate
3712 409 3834 456 pro-

2243 475 2417 543 ferre?
2445 473 2513 527 Et
2540 486 2673 529 certe
2708 477 2796 529 diu
2835 478 3095 546 cogitans,
3138 480 3363 531 nondum
3400 483 3535 535 nosti
3560 497 3582 536 :
3605 482 3695 537 sed
3734 484 3833 540 huc

2245 566 2393 620 anibo
2416 569 2665 635 uenimus,
2691 578 2750 621 ut
2773 570 2884 639 ejus
2905 569 2992 621 tibi
3013 570 3229 639 gloriam
3253 572 3554 626 indicemus.
3582 572 3681 628 llic
3704 587 3834 631 certe

2241 672 2384 709 meus
2412 658 2576 710 secius
2603 674 2749 726 quem
2778 658 2937 725 uides,
2972 657 3315 730 Hieronymus
3342 662 3450 732 ipse
3471 673 3568 729 est,
3593 665 3682 734 qui
3704 667 3833 722 sicut

2242 748 2453 815 aqualis
2483 748 2607 801 mihi
2636 749 2688 802 in
2714 750 2828 803 vita
2854 752 3118 804 unctitate
3144 753 3243 823 {uit
3264 793 3281 819 ,
3322 752 3393 805 ita
3431 770 3522 822 per
3565 758 3736 809 omnia
3778 760 3835 811 in

2241 841 2407 910 gloria
2432 842 2646 908 aqualis
2673 851 2766 896 est.
2803 841 2869 895 Et
2902 859 3015 912 quia
3056 859 3291 913 possunt,
3325 854 3374 897 et
3415 846 3524 914 ipse
3565 858 3724 914 potest
3742 836 3761 909 ζ
3785 859 3836 902 et

2241 948 2356 1001 qua:
2382 933 2495 985 colo
2515 973 2532 999 ,
2572 942 2617 985 et
2653 933 2762 1003 ipse
2795 934 2929 999 vult,
2963 945 3011 988 et
3048 935 3198 987 sicuti
3236 933 3399 988 Deum
3432 937 3575 991 uideo
3598 979 3614 1004 ,
3643 947 3687 992 et
3726 940 3842 1007 ipse

2243 1029 2395 1093 ridet,
2428 1038 2476 1081 et
2497 1028 2779 1098 cognoscit,
2806 1037 2851 1081 et
2880 1028 3137 1100 intelligit,
3166 1030 3219 1081 in
3246 1045 3345 1099 quo
3370 1031 3533 1083 omnis
3562 1044 3757 1097 nostra,
3788 1044 3836 1087 et

2245 1117 2553 1172 Sanctorum
2582 1118 2807 1171 omnium
2828 1118 3059 1171 consistit
3087 1120 3265 1188 gloric
3287 1118 3569 1175 beatitudo.
3602 1120 3711 1177 Nec
3738 1124 3838 1177 Ita-

2244 1208 2321 1261 bet
2348 1214 2591 1277 majorem
2625 1210 2701 1263 vel
2730 1209 2976 1262 minorem
3010 1210 3225 1279 gloriam
3248 1212 3382 1266 alter
3406 1213 3469 1265 ab
3508 1214 3670 1269 altero
3694 1216 3831 1271 Son-

2242 1302 2437 1344 ctorum
2460 1332 2475 1355 ,
2501 1292 2600 1344 nisi
2633 1291 2685 1343 in
2716 1301 2961 1357 quantum
3004 1295 3166 1364 utagis
3195 1304 3241 1347 et
3266 1296 3432 1349 minus
3459 1298 3679 1351 dirinam
3710 1317 3837 1354 con-

2246 1383 2517 1449 templatur
2541 1384 2776 1451 speciem,
2806 1384 2909 1438 sive
2936 1386 3214 1455 cognoscit.
3243 1385 3451 1440 Sertum
3488 1405 3603 1443 tero
3632 1392 3835 1443 tertium

2244 1474 2380 1543 quod
2421 1472 2536 1543 plus
2574 1474 2666 1527 illo
2709 1474 2852 1543 fero,
2893 1475 3101 1528 aureola
3136 1476 3371 1546 martyrii
3410 1486 3515 1544 est,
3542 1495 3639 1548 quo
3681 1480 3839 1533 vitam

2247 1564 2387 1631 [iriiri
2412 1565 2660 1633 corporis.
2693 1564 2797 1630 Qui
2822 1573 2870 1617 et
2892 1564 2939 1619 si
2964 1566 3017 1617 in
3047 1566 3236 1619 mundo
3265 1566 3325 1619 ob
3357 1567 3572 1634 labores,
3599 1572 3839 1638 paeniten-

2241 1658 2364 1724 tias,
2388 1672 2659 1721 aerumnas,
2690 1658 3002 1727 aﬁlictiones,
3028 1658 3253 1724 verbera,
3280 1661 3633 1726 contumelias,
3662 1671 3709 1715 et
3739 1662 3839 1717 ho-

2247 1749 2441 1802 minum
2464 1750 2743 1818 opprobria
2766 1758 2813 1802 et
2835 1749 3137 1815 derisienes,
3168 1759 3216 1803 et
3248 1760 3438 1804 cratera
3464 1751 3610 1805 valde
3635 1753 3837 1823 graria,

2246 1856 2360 1911 φα
2381 1840 2455 1893 ita
2480 1840 2693 1911 pne-ilice
2714 1842 2941 1911 pertulit,
2960 1843 3032 1895 ita
3056 1844 3333 1914 gaudenter
3353 1853 3558 1914 prapter
3577 1842 3761 1912 Deum,
3782 1856 3842 1900 ut

2247 1932 2301 1986 in
2324 1931 2705 2002 inﬁrmitatibus
2730 1932 3006 1988 resultaret
3026 1976 3041 2001 ,
3070 1944 3119 1988 et
3143 1951 3291 1989 verus
3326 1948 3521 2008 martyr
3556 1938 3838 2005 exstiterit,

2243 2035 2299 2082 et
2334 2027 2544 2096 prwmia
2580 2029 2815 2098 martyrii
2851 2045 2953 2082 non
2994 2030 3221 2084 amiserit
3248 2046 3270 2085 :
3300 2041 3467 2085 tamen
3504 2032 3623 2100 quia
3661 2032 3841 2103 gladio

2248 2120 2405 2173 vitam
2430 2135 2533 2174 non
2552 2120 2741 2189 ﬁniuit,
2770 2122 3051 2185 aureolam,
3080 2138 3196 2192 qua
3220 2124 3273 2176 in
3292 2124 3496 2194 signum
3521 2124 3674 2177 datur
3699 2141 3845 2177 mar-

2251 2215 2370 2286 tyrii
2390 2256 2406 2280 ,
2437 2231 2539 2269 non
2578 2215 2750 2271 habet.
2781 2214 2935 2271 Seria
2968 2233 3085 2272 uero
3119 2217 3226 2271 duo
3269 2220 3374 2272 alia
3410 2234 3524 2288 quc
3559 2217 3839 2285 Inﬁrmus,

2250 2306 2471 2361 aureola:
2498 2316 2651 2369 sunt,
2678 2323 2794 2378 qua:
2820 2307 2984 2360 solum
3012 2308 3286 2379 virginibus
3307 2318 3357 2364 et
3386 2311 3672 2365 doctoribus
3707 2309 3845 2363 dau-

2254 2409 2354 2463 tur,
2386 2410 2441 2453 ut
2470 2400 2530 2453 ab
2560 2399 2677 2454 aliis
2706 2401 3082 2456 discernantur.
3116 2401 3195 2455 Ad
3231 2402 3343 2456 lucc
3374 2402 3471 2473 (ut
3516 2401 3646 2456 mihi
3688 2401 3845 2455 vide-

2251 2490 2429 2559 batur)
2460 2490 2711 2559 respondi
2741 2508 2757 2543 :
2785 2489 2918 2557 Quis
2945 2492 3088 2545 enim
3118 2505 3197 2557 es,
3229 2492 3452 2547 Domine
3477 2492 3591 2546 mi?
3618 2491 3684 2546 Et
3710 2492 3798 2547 ille
3822 2508 3843 2544 :

2254 2579 2504 2647 Joannes,
2533 2580 2724 2651 inquit,
2757 2580 2993 2651 Baptista
3022 2598 3155 2648 sum,
3184 2583 3272 2651 qui
3298 2587 3397 2636 huc
3422 2582 3492 2635 ad
3514 2592 3561 2635 te
3585 2582 3844 2645 descendi,

2254 2682 2311 2726 ut
2336 2673 2621 2726 nuntiarem
2658 2672 2747 2725 tibi
2780 2671 3079 2743 Hieronymi
3108 2673 3322 2743 gloriam
3351 2688 3371 2727 :
3394 2682 3640 2744 quatenus
3677 2673 3849 2740 ipsum

2255 2765 2486 2835 gentibus
2517 2766 2735 2818 nunties.
2779 2763 2887 2818 Hoc
2915 2763 3049 2819 enim
3090 2766 3286 2820 noveris
3317 2780 3336 2819 :
3362 2766 3479 2833 quia
3509 2766 3668 2819 honor
3689 2774 3737 2818 et
3763 2782 3847 2818 re-

2256 2856 2477 2908 uerentia
2504 2871 2617 2924 qui:
2644 2855 2856 2926 singulis
2885 2855 3191 2909 Sanctorum
3213 2856 3494 2919 exhibetur,
3520 2857 3711 2909 cceteris
3736 2872 3852 2909 om-

2257 2945 2401 2999 nibus
2426 2946 2687 2999 exhibetur
2715 2961 2733 3000 :
2759 2962 2822 2999 ne
2850 2956 2993 3016 putes
3019 2956 3075 3000 ut
3100 2948 3271 3017 aliqua
3296 2948 3358 3001 sit
3390 2948 3443 3000 in
3470 2946 3595 3001 creto
3629 2947 3847 3009 insidia,

2257 3045 2312 3088 ut
2336 3036 2389 3089 in
2415 3036 2624 3089 mundo.
2667 3037 2816 3092 Sicut
2846 3039 2979 3090 enim
3018 3038 3069 3091 in
3115 3038 3305 3091 mundo
3343 3038 3547 3109 quilibet
3586 3040 3852 3092 hominum

2257 3128 2451 3181 steteris
2476 3143 2691 3197 praeesse
2715 3129 2881 3199 potius
2910 3128 3075 3193 vellet,
3100 3146 3251 3199 quam
3275 3130 3515 3184 subesse:
3540 3130 3610 3182 ita
3638 3130 3691 3183 in
3720 3130 3852 3183 ccelo

2258 3229 2464 3291 propter
2493 3221 2756 3273 caritatem
2795 3219 3124 3287 ineffabilem,
3154 3237 3253 3291 qua
3291 3237 3344 3275 se
3382 3221 3590 3274 invicem
3629 3221 3854 3291 diligunt

2259 3309 2415 3364 beata.-
2460 3311 2673 3377 aninue,
2721 3312 2927 3381 quilibet
2973 3310 3279 3365 Sanctorum
3321 3313 3393 3365 ita
3431 3312 3641 3365 alterius
3682 3312 3854 3382 gloria

2258 3401 2482 3471 gaudet,
2510 3402 2638 3457 sicut
2666 3418 2779 3455 sua.
2814 3402 3101 3468 Quinetiam
3144 3401 3291 3457 rellet
3324 3403 3534 3472 quisque
3570 3402 3765 3467 maior,
3792 3414 3855 3456 ut

2259 3492 2467 3559 quisque
2494 3493 2661 3545 minor
2693 3492 2790 3546 sibi
2830 3502 2957 3546 esset
2996 3494 3209 3563 aqualis
3246 3503 3293 3546 et
3338 3509 3463 3563 pene
3499 3495 3662 3564 major
3690 3495 3854 3562 :quia

2260 3582 2370 3650 ejus
2396 3582 2562 3651 gloria
2586 3592 2713 3635 esset
2738 3598 2833 3635 sua
2857 3596 2876 3636 :
2901 3582 2974 3635 ita
3007 3584 3174 3636 minor
3197 3583 3407 3656 majoris
3439 3582 3602 3654 gloria
3630 3584 3815 3651 gaudet
3834 3625 3852 3647 ,

2260 3671 2410 3723 sicuti
2433 3671 2477 3723 si
2501 3687 2610 3724 eam
2638 3672 2843 3725 haberet
2868 3687 2887 3727 :
2913 3689 3002 3726 nec
3030 3674 3174 3728 uellet
3201 3690 3311 3727 cant
3340 3675 3541 3739 habere,
3567 3685 3620 3727 ut
3641 3674 3727 3727 ille
3747 3690 3854 3727 non

2262 3760 2462 3814 haberet
2497 3776 2515 3814 :
2546 3762 2647 3815 imo
2683 3764 2851 3832 potius
2890 3764 2953 3816 de
2991 3780 3086 3817 sua
3108 3804 3123 3827 ,
3166 3765 3211 3818 si
3244 3768 3324 3835 fas
3354 3774 3514 3830 esset,
3546 3765 3853 3834 importiret.

2264 3852 2413 3907 Unde
2434 3854 2598 3923 gloria
2621 3854 2961 3925 singulorum,
2980 3865 3053 3909 est
3076 3854 3241 3925 gloria
3265 3865 3558 3909 cunctorum
3581 3872 3600 3909 :
3617 3864 3665 3908 et
3684 3856 3857 3925 gloria

2260 3953 2582 4011 cunctorum,
2615 3955 2687 3998 est
2727 3945 2893 4015 gloria
2928 3946 3263 4016 singulorum.
3295 3945 3386 4000 llis
3412 3946 3589 4014 dictis,
3620 3948 3856 4001 societas

2259 4036 2437 4090 omnis
2482 4036 2573 4090 illa
2613 4036 2880 4092 discessit.
2913 4037 2980 4091 Et
3020 4037 3426 4108 expergefactus
3457 4038 3526 4093 ita
3555 4053 3586 4094 a
3616 4053 3808 4093 somno
3834 4080 3852 4103 ,

2260 4134 2439 4181 tantos
2468 4127 2522 4181 in
2551 4142 2637 4182 me
2675 4127 2853 4183 subito
2897 4128 3042 4183 sensi
3078 4128 3317 4184 caritatis
3344 4129 3593 4194 ardores,
3620 4137 3856 4199 quantos

2262 4216 2314 4271 in
2342 4232 2429 4272 me
2468 4232 2738 4289 nunquam
2787 4234 3082 4275 senseram.
3119 4218 3251 4274 Nam
3291 4219 3544 4291 deinceps
3589 4220 3855 4275 hactenus

2261 4323 2534 4379 nunquam
2566 4309 2813 4378 aliqualis
2850 4310 2902 4363 in
2943 4325 3029 4364 me
3058 4310 3142 4364 vel
3181 4310 3413 4377 invidiae,
3445 4311 3529 4366 vel
3561 4311 3851 4381 superbim,

2261 4399 2377 4455 sive
2420 4402 2738 4471 arrogantiae
2783 4402 2883 4456 fuit
2920 4404 3189 4473 appetitus
3232 4404 3313 4458 vel
3354 4405 3624 4475 cogitatio.
3671 4404 3855 4460 Testis

2261 4494 2404 4546 enim
2443 4501 2528 4548 est
2574 4493 2743 4558 Deus,
2773 4493 2863 4563 qui
2905 4494 3085 4549 omnia
3131 4502 3416 4565 antequam
3463 4496 3629 4560 ﬁant,
3660 4497 3850 4561 novit,

2262 4584 2402 4653 quod
2434 4584 2556 4638 inde
2584 4593 2763 4639 tantus
2790 4585 2843 4638 in
2874 4600 2958 4640 me
2982 4585 3183 4639 exstitit
3210 4586 3449 4640 caritatis
3478 4586 3673 4652 fervor,
3703 4587 3851 4655 quod

2264 4675 2382 4745 plus
2408 4674 2585 4729 alieno
2626 4675 2767 4729 bono
2812 4677 3052 4745 gaudeo,
3092 4691 3251 4746 quam
3298 4677 3458 4731 meo?
3497 4678 3616 4747 plus
3653 4677 3851 4734 allecto

2262 4767 2510 4822 omnibus
2543 4768 2796 4834 subesse,
2837 4784 2995 4839 quam
3028 4784 3281 4839 prseesse.
3314 4770 3440 4824 Ihec
3471 4754 3667 4824 idcirco
3694 4769 3850 4824 dixe-

2261 4859 2384 4925 rim,
2416 4876 2522 4914 non
2554 4869 2612 4915 ut
2635 4859 2808 4915 laudis
2837 4861 3107 4930 acquiram
3138 4859 3355 4926 famam,
3386 4860 3477 4916 sed
3506 4869 3561 4914 nt
3584 4861 3702 4929 quis
3731 4861 3849 4917 haec

2263 4965 2368 5004 non
2398 4960 2550 5021 putet
2577 4966 2712 5007 vana
2738 4951 2900 5006 luisse
2929 4951 3157 5016 somnia,
3186 4953 3379 5022 quibus
3408 4967 3551 5022 saepe
3575 4950 3850 5006 deluditnr

2262 5056 2415 5096 mens
2444 5050 2647 5096 nostra.
2679 5040 2834 5111 Saepe
2862 5041 3002 5097 enim
3032 5042 3171 5096 Deus
3196 5042 3507 5097 abscondita
3539 5052 3593 5097 et
3619 5043 3845 5094 inaxima

2262 5146 2358 5201 per
2385 5132 2589 5186 sonmia
2639 5139 2861 5187 reserat.
2909 5130 3307 5201 Magniﬁcemus
3346 5148 3474 5203 ergo
3513 5146 3673 5201 opera
3704 5146 3838 5186 sua:

2260 5222 2513 5291 quoniam
2547 5220 2779 5290 perlecta
2809 5229 2955 5287 sunt,
2986 5236 3087 5277 nec
3114 5228 3196 5278 est
3224 5223 3274 5276 in
3305 5223 3384 5276 eis
3414 5221 3686 5292 iniquitas.
3712 5221 3847 5276 San—

2260 5321 2403 5366 ctum
2436 5310 2648 5365 Domini
2679 5310 3083 5381 Hieronymum,
3125 5321 3345 5382 propter
3371 5311 3564 5375 Deum,
3594 5327 3716 5366 cum
3741 5324 3846 5381 quo

2261 5409 2450 5469 regnat
2490 5415 2713 5464 secure,
2751 5400 3153 5470 magniﬁcemus
3180 5417 3195 5453 ς
3224 5398 3474 5471 quoniam
3512 5402 3567 5456 in
3609 5402 3710 5454 vita
3751 5413 3844 5453 sua

2263 5492 2542 5559 magnilice
2572 5490 2717 5555 fecit,
2748 5493 2799 5546 in
2830 5502 3004 5546 morte
3030 5506 3125 5546 sua
3156 5491 3432 5561 magniﬁca
3461 5494 3681 5564 recepit.
3707 5493 3846 5559 Qua-

2264 5593 2485 5654 prOpter
2513 5601 2735 5655 magnus
2772 5594 2856 5640 est
2902 5585 2953 5637 in
2994 5584 3173 5638 medio
3213 5584 3379 5639 nostri
3412 5603 3425 5639 :
3453 5594 3507 5639 et
3548 5596 3765 5640 sanctus
3792 5591 3844 5637 ct

2199 5738 2204 5742 ἢ
2269 5676 2510 5737 excelsus
2540 5677 2591 5731 in
2624 5678 2743 5731 vitae
2776 5674 3242 5731 excellentissima:
3285 5675 3584 5733 sanctitate.
3630 5676 3845 5747 Magno!
