4048 6186
735 190 786 229 K.

252 273 368 331 289

257 403 473 449 salictus
499 402 555 449 ct
582 396 846 465 excelsus,
872 388 925 452 in
952 398 1229 469 sapientia:
1250 399 1535 457 inen'abilis
1563 401 1840 472 profundi-

255 491 384 539 tate.
410 484 633 555 Magnus
654 500 871 545 sanctus
898 500 950 545 ct
979 492 1357 561 prmexcclsus,
1383 494 1434 547 in
1462 493 1681 562 majoris
1700 507 1843 548 nunc

252 575 435 644 gloria:
461 580 780 646 quantitate.
813 580 1068 637 Mirabilis
1095 590 1149 638 et
1188 582 1466 639 laudabilis
1491 592 1546 638 et
1574 582 1841 654 gioriosus

254 667 309 719 in
338 668 594 739 prodigiis
624 670 831 738 invisis,
865 673 1117 728 inauditis
1153 683 1208 730 et
1236 676 1479 730 insuetis.
1504 674 1836 742 Metuendus,

248 758 527 825 colendus,
560 768 614 816 et
643 763 1000 827 venerandus,
1032 765 1103 819 ob
1144 764 1244 819 sibi
1274 764 1521 820 traditam
1548 780 1579 820 a
1610 765 1840 819 Domino

254 856 599 917 potestatem,
628 850 909 917 honorem,
943 864 999 908 et
1027 854 1252 925 gloriam
1294 854 1698 925 sempiternam.
1729 854 1837 909 Ma-

245 938 564 1005 gnificemus
592 958 743 1014 ergo,
773 945 1020 1013 obsceno,
1053 961 1198 1014 eum,
1227 962 1327 1002 nec
1355 957 1626 1003 taceamus
1654 964 1671 1003 :
1699 963 1835 1018 quo-

243 1028 391 1085 niam
420 1032 593 1103 major
610 1043 691 1090 est
710 1036 855 1089 omni
885 1036 1063 1092 laude.
1090 1037 1255 1093 Notas
1276 1037 1531 1093 faciamus
1553 1038 1606 1093 in
1630 1039 1837 1108 populis

237 1120 430 1189 gloria:
455 1139 567 1180 sua:
592 1124 799 1181 laudes.
831 1126 946 1181 Non
975 1129 1197 1183 miretur
1238 1128 1399 1184 homo
1424 1129 1470 1184 si
1502 1144 1646 1195 eum,
1677 1144 1835 1200 quem

239 1210 390 1269 Deus
416 1215 779 1287 magnificavit
799 1226 857 1272 et
886 1218 1072 1284 coluit,
1096 1218 1397 1274 laudamus.
1418 1219 1536 1275 Non
1563 1219 1835 1277 hominem

234 1301 427 1372 pigeat
453 1306 719 1372 venerari,
749 1314 805 1362 et
838 1307 1021 1363 colere
1045 1323 1203 1377 quem
1235 1309 1374 1364 Deus
1398 1309 1564 1364 coluit
1590 1318 1645 1364 et
1674 1324 1837 1365 vene-

230 1401 397 1449 ratus
422 1405 527 1450 est.
557 1395 671 1451 Non
705 1406 852 1467 putet
879 1399 1145 1469 quispiam
1180 1400 1372 1455 Joanni
1400 1409 1455 1456 et
1483 1400 1752 1470 Apostolis
1783 1402 1834 1455 in

226 1482 415 1552 gloria
442 1496 497 1540 et
520 1488 803 1545 sanctitate
834 1492 1099 1559 arquando
1126 1491 1531 1563 Hieronymum,
1558 1492 1749 1548 Joanni
1779 1500 1834 1547 et

229 1574 519 1641 Apostolis
543 1590 799 1634 exercere
828 1580 1074 1648 injuriam
1102 1597 1118 1634 :
1144 1582 1394 1650 quoniam
1422 1582 1526 1637 illis
1555 1594 1829 1648 praestare,

229 1674 294 1721 et
340 1664 511 1734 gloria
554 1676 611 1721 et
654 1669 936 1723 sanctitate
977 1670 1023 1722 si
1063 1680 1320 1739 possent,
1352 1680 1619 1738 Optarent.
1651 1671 1828 1726 Gloria

231 1759 385 1815 enim
426 1770 482 1816 et
522 1761 800 1817 beatitudo
826 1764 978 1832 ejus,
1009 1779 1196 1818 eorum
1225 1774 1309 1819 est
1334 1766 1503 1834 gloria
1533 1781 1547 1816 :
1574 1773 1629 1821 et
1657 1765 1827 1819 beati-

233 1851 370 1906 tudo
396 1866 583 1907 eorum
609 1861 693 1908 est
718 1867 836 1908 sua.
870 1854 1073 1921 Honor,
1104 1854 1238 1920 laus,
1265 1864 1318 1910 et
1342 1856 1642 1910 reverentia
1667 1869 1697 1909 a
1730 1870 1828 1910 no-

229 1941 321 1998 bis
351 1942 588 1997 exhibita
628 1942 955 2014 Hieronymo
976 1959 1211 2010 ,eorum
1240 1944 1462 2015 singulis
1499 1944 1780 2000 exhibetur
1808 1961 1821 1997 :

228 2046 293 2091 et
324 2052 444 2107 qua:
481 2036 588 2091 illis
625 2037 893 2108 sigillatim
918 2036 1222 2104 exhibetur,
1248 2037 1575 2109 Hieronymo
1599 2036 1827 2093 exhibea

231 2135 342 2185 tur.
377 2127 433 2184 Si
462 2142 592 2198 ergo
631 2128 779 2199 cupis
819 2127 1083 2185 Joannem
1128 2128 1418 2199 Baptistam
1445 2138 1503 2183 et
1538 2128 1824 2196 Apostolus

228 2224 480 2275 venerari
504 2260 520 2285 ,
561 2220 722 2276 simul
764 2235 1024 2277 venerare
1063 2221 1237 2290 ipsum
1271 2236 1287 2276 :
1318 2220 1568 2290 quoniam
1598 2220 1703 2274 illis
1731 2235 1823 2288 per

228 2313 412 2367 omnia
434 2321 518 2368 est
541 2313 782 2384 aequalis.
811 2314 1010 2371 Secura
1036 2315 1196 2384 igitur
1225 2326 1420 2379 mente,
1440 2314 1583 2368 omni
1603 2314 1820 2382 depulsa

225 2404 522 2461 formidine
545 2446 562 2472 ,
592 2405 854 2462 Joannem
883 2406 1173 2476 Baptistam
1205 2406 1531 2476 Hieronymo
1564 2406 1819 2475 a-qualeut

224 2506 289 2553 et
332 2513 437 2552 non
487 2498 744 2567 majorem
776 2515 789 2551 :
819 2498 1072 2567 quoniam
1117 2497 1298 2552 nullus
1342 2495 1513 2565 major
1555 2496 1817 2558 surrexit,

223 2590 379 2645 omni
407 2588 694 2644 devotione
718 2597 775 2644 et
800 2587 1102 2645 reverentia
1131 2586 1395 2641 fateamur
1419 2603 1432 2638 :
1462 2601 1619 2654 quem
1648 2585 1691 2638 si
1726 2586 1821 2637 mi-

224 2696 420 2736 norem
451 2679 694 2746 facimus,
724 2678 946 2735 Joannis
971 2678 1156 2748 glorize
1178 2677 1498 2747 derogamus
1530 2695 1543 2731 :
1575 2687 1627 2731 et
1654 2677 1820 2745 magis

223 2772 456 2842 injurias
480 2787 794 2829 exercemus
818 2786 978 2842 quam
1006 2769 1212 2826 laudes.
1255 2770 1420 2840 Hujus
1457 2771 1558 2825 mei
1586 2769 1815 2839 imperiti

220 2865 495 2919 sermonis
532 2877 666 2934 opus
688 2904 704 2928 ,
730 2878 1032 2933 quanquam
1074 2861 1477 2925 insufiieienter,
1515 2876 1814 2931 quanquam

220 2954 508 3019 vilissime,
550 2969 856 3025 quanquam
885 2952 1040 3019 nihil,
1069 2962 1245 3008 tamen
1270 2952 1459 3008 devote
1483 2964 1534 3008 et
1566 2967 1818 3007 reveren-

223 3057 312 3102 ter
338 3063 368 3102 a
399 3047 554 3102 nobis
597 3046 890 3117 expletum,
923 3045 992 3101 ad
1028 3053 1101 3109 te.
1130 3045 1453 3101 venerabilis
1484 3053 1653 3114 pater,
1684 3059 1818 3115 puro

218 3137 391 3193 corde
427 3146 483 3193 et
523 3152 713 3208 magna
740 3137 903 3192 animi
931 3136 1111 3192 devoti
1140 3136 1417 3191 affectione
1445 3136 1618 3206 dirigo
1646 3152 1662 3191 :
1694 3152 1818 3206 sup-

221 3228 433 3298 plicans
458 3236 517 3285 ut
542 3228 796 3299 ingenioli
825 3228 931 3282 mei
958 3226 1175 3282 verbula
1191 3267 1208 3291 ,
1232 3241 1354 3296 quae
1378 3226 1446 3281 de
1473 3241 1606 3281 mea:
1634 3226 1819 3296 impe-

223 3318 364 3374 ritia:
393 3319 645 3388 pauperie
668 3318 722 3373 in
746 3316 931 3372 laudes
952 3316 1132 3372 eximii
1157 3315 1466 3386 Hieronymi
1491 3315 1679 3381 obtuli,
1709 3330 1814 3371 non

222 3408 544 3473 deridenda,
571 3408 664 3465 sed
687 3408 910 3464 caritate
938 3406 1116 3462 debita
1144 3407 1517 3476 mquauimiter
1538 3408 1816 3462 tolerando

226 3496 392 3568 legas.
428 3497 495 3553 Et
520 3514 638 3569 qua:
664 3498 841 3554 minus
869 3497 1051 3553 debite
1077 3496 1187 3551 dixi
1215 3496 1283 3550 ad
1322 3496 1455 3552 tanti
1480 3497 1577 3552 viri
1609 3496 1809 3577 laudes,

225 3598 281 3643 et
306 3605 438 3644 ηιεω
466 3588 695 3659 imputes
728 3589 1009 3659 imperitia:
1032 3630 1047 3654 ,
1075 3599 1130 3644 et
1161 3588 1414 3659 Epistolas
1444 3582 1729 3655 brevitati,
1761 3599 1814 3645 et

226 3679 342 3748 ejus
378 3679 593 3735 laudum
642 3680 918 3735 immensae
964 3679 1251 3747 majestati.
1289 3680 1553 3746 Quoniam
1591 3690 1737 3736 certe
1766 3682 1811 3737 si

227 3770 464 3826 omnium
493 3770 798 3826 mortalium
830 3770 1023 3840 lingme
1051 3771 1224 3826 solum
1251 3770 1366 3840 ejus
1391 3771 1577 3828 laudes
1602 3788 1815 3843 prome-

228 3871 366 3927 rent,
397 3861 574 3917 minus
599 3860 783 3918 debito
808 3862 940 3917 satis
973 3869 1136 3917 esset.
1168 3861 1270 3917 Met
1301 3865 1614 3931 peccatoris,
1646 3880 1811 3919 vene-

227 3952 411 4009 rabilis
437 3962 609 4023 pater,
638 3962 757 4007 esto
782 3966 991 4007 memor
1022 3970 1035 4007 :
1066 3960 1121 4006 ut
1145 3950 1273 4007 dum
1303 3952 1356 4008 in
1384 3953 1475 4008 illo
1498 3956 1712 4009 steteris
1734 3955 1811 4009 Ιο-

226 4059 310 4112 eo,
332 4061 440 4117 quo
468 4044 595 4101 illud
627 4058 837 4100 sacrum
868 4043 1057 4099 eximii
1085 4043 1393 4116 Hieronymi
1419 4046 1648 4101 cadaver
1670 4047 1813 4117 quie-

224 4138 343 4203 scit,
364 4137 482 4206 ejus
501 4152 589 4193 me
606 4135 1086 4193 interventiouibus
1110 4136 1512 4193 reeommeudes
1530 4156 1544 4192 :
1559 4140 1808 4208 quoniam

225 4226 408 4283 nullibi
436 4225 658 4283 dubium
686 4237 770 4282 est
793 4226 936 4297 quod
974 4240 1039 4282 ea
1078 4241 1198 4297 qua:
1225 4233 1413 4296 optat,
1445 4226 1584 4283 idem
1617 4228 1807 4285 Hiero-

223 4334 414 4390 nymus
443 4329 617 4390 potest
652 4303 912 4373 continuo
951 4318 1215 4373 obtinere.
1254 4316 1371 4374 Non
1399 4318 1543 4375 enim
1572 4334 1670 4375 suo
1706 4322 1807 4377 ali-

220 4410 448 4481 qualiter
478 4409 825 4466 defraudatur
850 4408 1144 4465 desiderio.

222 4560 425 4600 ςγιιιιιι
454 4560 683 4600 EPISCOPI
714 4558 1160 4599 JIHOSOLYIIITANI
1197 4559 1264 4598 DE
1303 4559 1579 4599 NIRACULIS
1616 4559 1807 4600 ειειιο·

289 4652 415 4692 ΜΒ
439 4654 506 4692 ΔΙ)
526 4652 764 4692 ςλδεῐωι
788 4651 1123 4692 Αυςυετικυιι
1146 4651 1313 4691 EPISC.
1350 4652 1730 4692 HIPPONENSEI.

223 4765 230 4770 ’
283 4771 515 4834 ωενώίιὶ
538 4772 674 4839 viro,
708 4769 1078 4840 Episcoporum
1106 4771 1321 4835 eximio,
1353 4742 1637 4841 Augustino
1666 4772 1803 4842 Hip-

292 4862 502 4932 ponensi
529 4862 763 4931 praesuli,
799 4860 1020 4931 Cyrillus
1045 4858 1503 4930 Jerosolymitanus
1529 4860 1800 4933 Pontifex,

291 4959 339 5003 et
365 4951 586 5003 omnium
614 4950 928 5005 sacerdotiuu
957 4950 1187 5017 inﬁmus.

289 5081 419 5139 συ».
454 5079 496 5136 l.
526 5080 675 5135 Illius
697 5084 843 5153 sequi
868 5085 1111 5155 vestigia,
1132 5083 1285 5154 cujus
1309 5085 1360 5139 in
1385 5092 1523 5140 terra
1550 5087 1802 5140 sanctitas

216 5174 427 5230 radiare
454 5186 560 5227 non
585 5179 785 5236 cesSat,
815 5174 958 5227 illius
985 5176 1189 5231 scilicet
1220 5175 1528 5247 Hieronymi
1556 5176 1798 5246 gloriosi,

215 5264 367 5336 cujus
393 5263 653 5319 memoria
682 5261 786 5318 erit
816 5262 868 5317 in
899 5261 1270 5320 benedictione
1311 5267 1365 5320 in
1407 5266 1664 5322 sacculum
1696 5282 1800 5320 sae-

215 5354 319 5413 cuii
347 5372 361 5409 :
388 5354 478 5425 qui
505 5363 738 5425 quantus
766 5354 854 5419 sit,
882 5362 938 5410 et
966 5363 1019 5408 tu
1048 5355 1292 5411 similiter
1322 5356 1458 5411 bene
1486 5357 1623 5410 nosti
1650 5374 1662 5410 :
1687 5355 1802 5424 ejus

216 5460 342 5503 usus
368 5446 600 5502 maxime
625 5444 905 5517 colloquiis
930 5455 983 5501 ct
1006 5446 1263 5501 doctrinis
1289 5463 1301 5499 :
1325 5445 1393 5500 de
1419 5461 1525 5515 quo
1552 5462 1637 5499 me
1667 5445 1802 5499 velle

216 5536 511 5603 disserere,
542 5552 664 5593 cum
705 5541 806 5593 sim
848 5539 1109 5608 reprobus
1148 5539 1199 5593 in
1240 5547 1353 5591 toto
1378 5578 1392 5604 ,
1430 5546 1484 5592 et
1522 5536 1797 5606 indignus,

214 5632 361 5704 quasi
391 5642 584 5705 reputo
607 5631 906 5687 audaciam.
936 5630 1043 5686 Sed
1075 5642 1249 5686 tamen
1276 5631 1397 5701 quia
1430 5640 1515 5684 tua
1548 5645 1632 5683 me
1661 5628 1802 5697 cogit

213 5723 459 5794 dilectio;
484 5731 541 5781 ut
568 5722 672 5783 alia
700 5723 794 5784 tibi
823 5721 1053 5780 scribam
1085 5720 1150 5779 de
1190 5721 1445 5799 prodigiis
1493 5718 1797 5779 hominibus

1439 280 1527 338 DE
1564 280 1934 342 MIRACULIS
1970 282 2371 344 HERONYHI.

3429 313 3533 370 190

1948 403 2193 473 insuetis,
2224 421 2343 476 qua:
2366 420 2464 477 per
2491 407 2641 465 illum
2668 410 2722 466 in
2750 412 2938 472 diebus
2966 421 3166 479 nostris
3196 424 3319 483 fecit
3350 429 3530 489 Domi-

1944 508 2069 560 nus,
2101 504 2160 550 ut
2184 511 2306 552 eum
2332 498 2600 555 celebrem
2626 505 2829 559 mundo
2852 505 3066 578 taceret,
3100 525 3155 571 et
3192 524 3399 579 cunctis
3426 524 3527 582 lto-

1945 585 2179 641 minibus
2221 587 2512 657 gloriosum
2551 607 2566 642 :
2600 592 2704 647 luis
2736 596 2975 654 conﬁsus
3013 608 3341 667 orationibus
3390 631 3527 686 opus

1940 676 2333 777 aggrediartut
2469 684 2644 777 poscit
2671 685 2917 777 devotio,
2950 699 3005 745 et
3046 693 3374 771 breviloquio
3401 676 3525 777 pcr-

1942 768 2203 838 stringam
2230 770 2299 825 de
2332 771 2517 828 multis
2542 788 2729 844 pauca.
2756 776 3059 837 Gloriosum
3098 768 3529 856 ltnjns'viri'obi-

1945 868 2090 927 tum,
2133 861 2503 934 visionemque
2549 882 2761 937 meam,
2804 885 3011 929 necnon
3048 884 3104 931 et
3142 879 3361 936 miriﬁca
3403 895 3528 946 tunc

1944 952 2201 1021 temporis
2243 966 2494 1025 peracta,
2538 968 2589 1014 te
2636 975 2799 1016 nosse
2841 978 2946 1018 non
2986 968 3219 1040 ambigo.
3263 974 3395 1030 Nam
3443 982 3527 1036 vir

1942 1044 2124 1113 utique
2144 1048 2493 1115 reverendus,
2518 1060 2573 1106 et
2597 1055 2872 1110 memoria:
2891 1058 3141 1116 oblivioni
3166 1079 3268 1119 non
3295 1068 3520 1138 dandus,

1943 1134 2205 1234 Eusebius
2232 1140 2429 1234 nobilis
2454 1142 2835 1202 Cremonensis
2863 1149 2980 1218 ejus
3002 1151 3313 1224 discipulus,
3344 1161 3396 1216 in
3421 1134 3524 1234 quo

1941 1229 2178 1325 magistri
2207 1231 2418 1289 refulsit
2445 1237 2699 1293 sanctitas
2727 1248 2783 1295 et
2810 1240 3049 1300 doctrina
3070 1288 3083 1312 ,
3116 1249 3268 1319 cujus
3306 1229 3515 1325 sapien-

1939 1319 2104 1386 tiam,
2155 1324 2475 1392 probitatem
2527 1335 2583 1383 et
2638 1332 3010 1391 excellentiam
3076 1355 3182 1396 non
3256 1319 3519 1413 ignoras:

1937 1410 2028 1480 qui
2060 1422 2179 1481 post
2208 1414 2478 1472 biennium
2504 1434 2533 1472 a
2560 1432 2758 1477 nostrze
2784 1429 3117 1486 mortalitatis
3157 1410 3369 1491 miseria
3398 1456 3520 1496 ere-

1936 1512 2090 1570 ptus,
2110 1519 2312 1603 Isuum“
2332 1510 2851 1579 praedilcctissimum
2895 1521 3204 1589 magistrum
3253 1526 3518 1603 Hierooy-

1935 1606 2081 1647 mum
2109 1593 2162 1648 in
2189 1596 2312 1651 ωιΙί
2350 1601 2573 1667 patriam
2602 1611 2685 1657 est
2710 1616 2952 1673 secutus,
2989 1620 3046 1664 ut
3088 1614 3241 1669 nobis
3286 1593 3519 1679 indicant

1933 1682 2049 1749 ejus
2089 1685 2276 1740 crebra
2321 1690 2571 1745 miracula
2595 1731 2612 1759 ,
2645 1693 2711 1748 de
2750 1697 2941 1765 quibus
2970 1702 3131 1757 etiam
3164 1706 3385 1765 inferius
3411 1715 3513 1767 ali-

1930 1772 2158 1840 qualiter
2187 1779 2528 1844 pertractabo
2558 1798 2573 1834 :
2602 1782 2917 1841 Reverentia
2949 1788 3091 1845 Patri
3122 1793 3349 1853 Damaso
3378 1800 3512 1857 Por-

1930 1864 2104 1960 tuensi
2135 1865 2419 1960 Episcopo,
2448 1880 2503 1925 et
2524 1869 2832 1930 Theodosio
2854 1876 3217 1939 Romanorum
3243 1886 3510 1960 Seuatori,

1927 1952 2043 2022 ejus
2071 1955 2215 2009 fratri
2240 1956 2443 2013 Severo
2467 1962 2787 2030 probissimo
2810 1967 2947 2033 viro,
2973 1969 3261 2031 Eustochio
3287 1952 3514 2038 sanctis;

1926 2044 2077 2141 sima?
2106 2048 2338 2115 mulieri,
2369 2059 2425 2106 et
2451 2052 2545 2106 tibi
2571 2062 2627 2109 et
2662 2056 2845 2112 multis
2871 2060 3009 2127 aliis,
3040 2079 3174 2133 quos
3203 2068 3509 2141 singillatim

1928 2136 2190 2190 nominari
2224 2153 2329 2193 non
2372 2149 2520 2211 eget,
2553 2151 2680 2199 tunc
2724 2150 2980 2217 temporis
3024 2169 3122 2222 per
3140 2170 3266 2213 suas
3290 2136 3511 2220 vlitteras

1928 2227 2089 2281 totius
2113 2228 2230 2297 ejus
2258 2230 2434 2286 obitus
2461 2234 2656 2291 seriem
2696 2236 2976 2295 intimavit.
3013 2243 3164 2302 Unde
3191 2253 3417 2320 amplius
3445 2272 3508 2312 ea

1926 2328 2045 2381 quae
2070 2320 2229 2381 nosti,
2260 2321 2516 2378 reiterare
2540 2335 2683 2380 esset
2709 2329 3056 2400 superfluum,
3081 2346 3135 2391 et
3160 2338 3507 2400 dicendorum

1929 2405 2384 2474 impedimentum.
2432 2412 2523 2468 His
2561 2431 2692 2486 ergo
2735 2421 2984 2488 omissis,
3014 2425 3081 2481 ad
3119 2428 3360 2497 ejusdem
3387 2450 3507 2505 quae

1927 2511 2032 2549 non
2063 2509 2275 2555 cessant
2299 2504 2552 2559 continue
2574 2506 2778 2565 clarere
2802 2512 3074 2583 miracula,
3102 2530 3284 2575 noster
3312 2538 3371 2578 se
3397 2504 3508 2597 sty-

1927 2588 2006 2679 lus
2037 2601 2207 2645 vertat
2240 2610 2252 2645 :
2285 2602 2342 2647 ut
2369 2604 2455 2649 tua
2481 2590 2660 2666 poscit
2688 2600 2921 2657 devotio.
2954 2604 3019 2660 Et
3047 2610 3220 2679 primo
3246 2613 3313 2668 ab
3340 2588 3507 2672 Euse-

1924 2678 2011 2771 bio
2042 2682 2156 2734 viro
2185 2686 2544 2753 sanctissimo,
2572 2690 2812 2758 ejusdem
2843 2678 3153 2771 Hieronymi
3184 2706 3505 2763 sanctissimi

1920 2769 2180 2840 discipulo
2204 2788 2372 2831 sumat
2400 2778 2631 2835 initium.

1991 2861 2117 2958 Car.
2150 2862 2209 2917 ll.
2244 2866 2368 2958 Post
2391 2868 2592 2924 obitum
2613 2872 2983 2942 gloriosissimi
3006 2878 3333 2954 Hieronymi,
3357 2903 3502 2958 qua:-

1919 2950 2041 3005 dam
2072 2953 2293 3009 luuresis
2316 2957 2456 3013 inter
2478 2960 2713 3028 Grtecos,
2742 2964 2794 3018 id
2815 2974 2918 3030 est,
2947 2977 3080 3021 secta
3104 2950 3354 3039 surrexit,
3373 2950 3500 3046 qua:

1920 3042 1985 3095 ad
2014 3043 2230 3099 Latinos
2257 3062 2429 3117 usque
2452 3049 2669 3106 devenit
2702 3070 2714 3106 :
2744 3070 2863 3125 quae
2887 3059 2998 3112 suis
3025 3062 3267 3118 nefandis
3296 3042 3504 3125 niteba-

1923 3140 2011 3229 tur
2038 3134 2335 3191 rationibus
2362 3140 2610 3209 probare,
2632 3145 2774 3212 quod
2803 3148 2994 3203 animae
3022 3150 3305 3211 Beatorum
3331 3172 3502 3229 usque

1918 3223 1985 3278 ad
2014 3226 2331 3283 universalis
2353 3229 2538 3299 judicii
2565 3232 2730 3301 diem,
2760 3236 2811 3291 in
2843 3253 2950 3308 quo
2976 3255 3161 3299 eorum
3187 3223 3502 3317 corporibus

1920 3323 2075 3405 erant
2100 3314 2291 3372 iterum
2318 3319 2705 3391 eonjungendac
2728 3367 2742 3390 ,
2774 3326 2979 3384 visione
3009 3339 3063 3387 et
3090 3314 3393 3405 cognitione
3422 3340 3501 3395 di-

1920 3405 2076 3469 vina,
2125 3405 2178 3459 in
2224 3422 2328 3477 qua
2375 3418 2480 3464 tota
2528 3414 2777 3471 consistit
2822 3417 3097 3476 beatitudo
3142 3425 3497 3494 Sanctorum,

1918 3495 2267 3564 privabuntur
2293 3517 2306 3552 :
2334 3510 2387 3555 et
2417 3502 2787 3563 damnatorum
2825 3511 3016 3567 animae
3058 3514 3304 3573 similiter
3334 3535 3499 3591 usque

1916 3587 1982 3641 ad
2014 3587 2154 3643 diem
2187 3589 2333 3646 illum
2356 3634 2370 3659 ,
2416 3595 2575 3650 nullis
2616 3599 2994 3658 cruciabuntur
3035 3607 3225 3675 pomis.
3260 3587 3497 3677 Qttorum

1916 3680 2054 3733 ratio
2092 3679 2215 3736 talis
2256 3693 2371 3738 erat
2402 3703 2413 3738 :
2444 3685 2591 3741 Sicut
2628 3691 2803 3745 anima
2839 3708 2959 3747 cum
3000 3710 3225 3767 corpore
3265 3703 3497 3768 meruit,

1915 3771 1999 3826 vel
2029 3775 2268 3842 peccavit
2296 3792 2311 3831 :
2343 3776 2412 3831 ita
2442 3792 2563 3833 cum
2596 3795 2824 3851 corpore
2868 3787 3086 3853 praemia
3132 3791 3352 3859 recipit,
3382 3794 3497 3849 sive

1914 3876 2123 3933 pennas.
2168 3868 2494 3925 Asserebaut
2539 3873 2703 3927 etiam
2752 3873 2895 3929 illius
2939 3889 3100 3933 sectae
3150 3883 3494 3952 nequissimi,

1915 3956 2118 4013 nullum
2166 3958 2280 4015 fore
2324 3964 2614 4032 purgatorii
2658 3964 2833 4021 locum
2867 3984 2881 4022 :
2915 3968 2967 4022 in
3007 3985 3113 4040 quo
3146 3973 3338 4029 anima:
3375 3991 3495 4046 qua:

1914 4047 2150 4104 nondum
2189 4049 2259 4105 de
2306 4053 2417 4108 suis
2463 4056 2694 4123 peccatis
2741 4057 2795 4112 in
2840 4059 3042 4115 mundo
3092 4061 3303 4132 plenam
3351 4068 3493 4139 egis-

1913 4147 2034 4194 sent
2073 4142 2439 4209 ptenitentiam
2464 4187 2480 4213 ,
2526 4158 2896 4219 purgarcntur.
2941 4151 3053 4220 Qua
3097 4155 3310 4225 quidem
3350 4170 3495 4217 secta

1914 4231 2164 4299 pestifera
2204 4232 2607 4302 crebrescente,
2650 4246 2826 4295 tantus
2872 4242 2924 4298 itt
2970 4258 3068 4299 nos
3113 4245 3265 4302 dolor
3308 4249 3493 4318 irruit,

1914 4328 1971 4374 ut
2004 4336 2105 4376 nos
2144 4322 2373 4392 amplius
2417 4327 2621 4395 pigeret
2660 4329 2859 4384 vivere.
2891 4330 3149 4398 Quocirca
3194 4338 3331 4392 meis
3358 4354 3494 4394 cun-

1909 4413 2011 4466 ctis
2061 4411 2411 4483 suti‘raganeis
2453 4415 2769 4487 Episcopis,
2816 4428 2871 4475 et
2915 4421 3034 4478 aliis
3082 4424 3208 4479 viris
3253 4427 3494 4485 Catholi-

1910 4504 1990 4558 cis
2044 4504 2387 4569 convocatis,
2444 4507 2522 4561 eis
2579 4506 2781 4577 jejunia
2832 4518 2887 4565 et
2939 4513 3206 4570 orationes
3260 4518 3422 4574 indixi
3478 4538 3491 4575 :

1912 4605 1969 4651 ut
2003 4611 2153 4651 suam
2200 4597 2279 4652 sic
2323 4597 2510 4668 agitari
2556 4599 2739 4665 fidem,
2790 4602 2964 4657 divina
3010 4621 3116 4661 non
3163 4611 3495 4676 permitteret

1908 4686 2141 4741 bonitas.
2174 4687 2303 4742 Mira
2331 4704 2439 4755 res,
2464 4698 2519 4745 et
2544 4691 2679 4746 forte
2701 4691 2825 4748 huic
2845 4695 3037 4749 similis
3064 4713 3331 4766 ininquam
3358 4701 3490 4754 visa.

1909 4778 2103 4834 Tribus
2146 4780 2379 4848 expletis
2430 4782 2620 4837 diebus
2667 4783 2992 4853 jejuniorum
3044 4795 3099 4839 et
3150 4788 3490 4856 orationum,

1907 4871 2253 4941 subsequenti
2287 4883 2444 4928 nocte
2482 4874 2747 4943 gloriosus
2790 4876 3143 4945 Hieronymus
3168 4916 3183 4939 ,
3212 4890 3311 4931 suo
3352 4895 3491 4948 pra:-

1906 4963 2258 5018 dilectissimo
2320 4965 2431 5018 lilio
2484 4964 2718 5019 Eusebio
2776 4966 3110 5018 orationibus
3165 4967 3491 5025 incumbenti

1907 5055 2192 5110 manifeste
2240 5069 2503 5124 apparens
2538 5095 2553 5118 ,
2608 5054 2943 5125 benignaque
2985 5069 3106 5109 eum
3171 5058 3492 5116 allocutione

1903 5148 2243 5212 confortans,
2286 5148 2336 5201 ei
2381 5146 2549 5213 dixit,
2581 5144 2645 5199 In
2694 5146 2791 5198 [me
2832 5155 2965 5199 serta
3006 5150 3242 5216 pestifera
3287 5152 3493 5205 minime

1906 5237 2305 5309 formidandum,
2336 5254 2449 5290 cum
2476 5236 2569 5289 sibi
2597 5237 2715 5303 [iiiis
2738 5236 2850 5304 jam
2883 5240 3141 5305 ponendus
3163 5249 3290 5293 erat.
3318 5240 3487 5306 Quem

1908 5326 2171 5382 Eusebius
2222 5326 2389 5380 nimio
2438 5326 2724 5395 fulgentem
2773 5326 3096 5396 splendore,
3149 5328 3220 5383 ita
3265 5339 3321 5384 ut
3366 5344 3487 5386 eum

1904 5419 2092 5475 Oculus
2118 5418 2382 5471 humanus
2409 5418 2650 5486 aspicere
2676 5432 2783 5472 non
2812 5418 3034 5487 valeret,
3063 5419 3307 5487 intuitus,
3338 5424 3489 5492 quasi

1905 5511 1972 5567 de
1996 5510 2144 5581 gravi
2176 5524 2369 5564 somno
2396 5510 2675 5580 evigilans,
2708 5510 2891 5566 dulces
2931 5525 3027 5582 per
3051 5514 3237 5569 oculos
3260 5512 3487 5570 fundens

1905 5606 2205 5676 lacrytnas,
2237 5603 2308 5657 ita
2360 5612 2416 5658 ut
2462 5617 2599 5673 pene
2625 5619 2812 5660 vocem
2840 5605 3073 5663 formare
3116 5624 3222 5665 non
3262 5618 3487 5682 posset:

1906 5707 2162 5771 quantum
2202 5706 2445 5770 poterat,
2473 5698 2705 5755 clamare
2730 5700 2891 5772 coapit
2916 5717 2929 5756 :
2955 5699 3113 5758 Pater
3142 5720 3278 5759 meus
3302 5702 3487 5755 Hiero.
