  <div class='ocr_page' id='page_1' title='image "/cluster/home/n/w/nwhite01/storage/ocr_20150623/22/uva.x000826587/213.png"; bbox 0 0 4048 6186; ppageno 0'>
   <div class='ocr_carea' id='block_1_1' title="bbox 582 293 686 350">
    <p class='ocr_par' dir='ltr' id='par_1_1' title="bbox 582 293 686 350">
     <span class='ocr_line' id='line_1_1' title="bbox 582 293 686 350; baseline 0 0"><span class='ocrx_word' id='word_1_1' title='bbox 582 293 686 350; x_wconf 70' lang='grc'><strong><em>291</em></strong></span> 
     </span>
    </p>
   </div>
   <div class='ocr_carea' id='block_1_2' title="bbox 584 389 2164 479">
    <p class='ocr_par' dir='ltr' id='par_1_2' title="bbox 584 389 2164 479">
     <span class='ocr_line' id='line_1_2' title="bbox 584 389 2164 479; baseline -0.014 -16"><span class='ocrx_word' id='word_1_2' title='bbox 584 424 773 479; x_wconf 76' lang='lat' dir='ltr'><strong><em>nymus</em></strong></span> <span class='ocrx_word' id='word_1_3' title='bbox 814 405 920 462; x_wconf 77' lang='lat' dir='ltr'><strong><em>es?</em></strong></span> <span class='ocrx_word' id='word_1_4' title='bbox 964 402 1133 470; x_wconf 82' lang='lat' dir='ltr'><strong><em>Quare</em></strong></span> <span class='ocrx_word' id='word_1_5' title='bbox 1183 398 1363 452; x_wconf 79' lang='lat' dir='ltr'><strong><em>meam</em></strong></span> <span class='ocrx_word' id='word_1_6' title='bbox 1391 393 1676 449; x_wconf 86' lang='lat' dir='ltr'><strong><em>societatem</em></strong></span> <span class='ocrx_word' id='word_1_7' title='bbox 1723 392 1922 461; x_wconf 78' lang='lat' dir='ltr'><strong><em>spernis</em></strong></span> <span class='ocrx_word' id='word_1_8' title='bbox 1948 391 1974 444; x_wconf 70' lang='lat'><strong><em>1&#39;</em></strong></span> <span class='ocrx_word' id='word_1_9' title='bbox 2010 389 2164 479; x_wconf 77' lang='lat' dir='ltr'><strong><em>Certe</em></strong></span> 
     </span>
    </p>
   </div>
   <div class='ocr_carea' id='block_1_3' title="bbox 585 477 2164 561">
    <p class='ocr_par' dir='ltr' id='par_1_3' title="bbox 585 477 2164 561">
     <span class='ocr_line' id='line_1_3' title="bbox 585 477 2164 561; baseline -0.012 -11"><span class='ocrx_word' id='word_1_10' title='bbox 585 477 789 552; x_wconf 76' lang='lat' dir='ltr'><strong><em>teneam</em></strong></span> <span class='ocrx_word' id='word_1_11' title='bbox 818 505 898 561; x_wconf 89' lang='lat' dir='ltr'><strong><em>te,</em></strong></span> <span class='ocrx_word' id='word_1_12' title='bbox 939 507 1028 545; x_wconf 87' lang='lat' dir='ltr'><strong><em>nec</em></strong></span> <span class='ocrx_word' id='word_1_13' title='bbox 1051 487 1298 543; x_wconf 95' lang='lat' dir='ltr'><strong><em>dimittam</em></strong></span> <span class='ocrx_word' id='word_1_14' title='bbox 1327 501 1346 538; x_wconf 89' lang='lat'><strong><em>:</em></strong></span> <span class='ocrx_word' id='word_1_15' title='bbox 1372 500 1462 537; x_wconf 87' lang='lat' dir='ltr'><strong><em>nec</em></strong></span> <span class='ocrx_word' id='word_1_16' title='bbox 1499 484 1606 537; x_wconf 90' lang='lat' dir='ltr'><strong><em>sine</em></strong></span> <span class='ocrx_word' id='word_1_17' title='bbox 1645 491 1733 536; x_wconf 85' lang='lat' dir='ltr'><strong><em>tuo</em></strong></span> <span class='ocrx_word' id='word_1_18' title='bbox 1759 496 1904 552; x_wconf 88' lang='lat' dir='ltr'><strong><em>quent</em></strong></span> <span class='ocrx_word' id='word_1_19' title='bbox 1941 477 2164 532; x_wconf 64' lang='lat' dir='ltr'><strong><em>dilexisti</em></strong></span> 
     </span>
    </p>
   </div>
   <div class='ocr_carea' id='block_1_4' title="bbox 589 567 2163 655">
    <p class='ocr_par' dir='ltr' id='par_1_4' title="bbox 589 567 2163 655">
     <span class='ocr_line' id='line_1_4' title="bbox 589 567 2163 655; baseline -0.012 -14"><span class='ocrx_word' id='word_1_20' title='bbox 589 586 721 654; x_wconf 78' lang='lat' dir='ltr'><strong><em>filio,</em></strong></span> <span class='ocrx_word' id='word_1_21' title='bbox 746 580 1006 655; x_wconf 83' lang='lat' dir='ltr'><strong><em>gradieris.</em></strong></span> <span class='ocrx_word' id='word_1_22' title='bbox 1039 575 1120 630; x_wconf 74' lang='lat' dir='ltr'><strong><em>Ad</em></strong></span> <span class='ocrx_word' id='word_1_23' title='bbox 1146 588 1304 644; x_wconf 85' lang='lat' dir='ltr'><strong>quem</strong></span> <span class='ocrx_word' id='word_1_24' title='bbox 1331 572 1594 643; x_wconf 89' lang='lat' dir='ltr'><strong><em>gloriosus</em></strong></span> <span class='ocrx_word' id='word_1_25' title='bbox 1621 571 1978 642; x_wconf 83' lang='lat' dir='ltr'><strong><em>Hieronymus</em></strong></span> <span class='ocrx_word' id='word_1_26' title='bbox 2001 586 2016 624; x_wconf 89' lang='lat'><strong>:</strong></span> <span class='ocrx_word' id='word_1_27' title='bbox 2042 567 2163 622; x_wconf 81' lang='lat' dir='ltr'><strong><em>Non</em></strong></span> 
     </span>
    </p>
   </div>
   <div class='ocr_carea' id='block_1_5' title="bbox 589 663 2162 744">
    <p class='ocr_par' dir='ltr' id='par_1_5' title="bbox 589 663 2162 744">
     <span class='ocr_line' id='line_1_5' title="bbox 589 663 2162 744; baseline -0.009 -14"><span class='ocrx_word' id='word_1_28' title='bbox 589 687 658 742; x_wconf 90' lang='lat' dir='ltr'><strong><em>te,</em></strong></span> <span class='ocrx_word' id='word_1_29' title='bbox 687 675 764 744; x_wconf 70' lang='lat' dir='ltr'><strong><em>ﬁli</em></strong></span> <span class='ocrx_word' id='word_1_30' title='bbox 789 668 1124 732; x_wconf 68' lang='lat' dir='ltr'><strong><em>dilectissime,</em></strong></span> <span class='ocrx_word' id='word_1_31' title='bbox 1151 666 1401 720; x_wconf 84' lang='lat' dir='ltr'><strong><em>deserant.</em></strong></span> <span class='ocrx_word' id='word_1_32' title='bbox 1424 663 1744 736; x_wconf 89' lang='lat' dir='ltr'><strong><em>Confortare,</em></strong></span> <span class='ocrx_word' id='word_1_33' title='bbox 1766 664 1999 718; x_wconf 79' lang='lat' dir='ltr'><strong><em>vicesimo</em></strong></span> <span class='ocrx_word' id='word_1_34' title='bbox 2018 679 2162 716; x_wconf 83' lang='lat' dir='ltr'><strong><em>nam-</em></strong></span> 
     </span>
    </p>
   </div>
   <div class='ocr_carea' id='block_1_6' title="bbox 585 754 2163 835">
    <p class='ocr_par' dir='ltr' id='par_1_6' title="bbox 585 754 2163 835">
     <span class='ocr_line' id='line_1_6' title="bbox 585 754 2163 835; baseline -0.006 -16"><span class='ocrx_word' id='word_1_35' title='bbox 585 782 681 835; x_wconf 85' lang='lat' dir='ltr'><strong><em>que</em></strong></span> <span class='ocrx_word' id='word_1_36' title='bbox 703 765 787 817; x_wconf 79' lang='lat' dir='ltr'><strong><em>die</em></strong></span> <span class='ocrx_word' id='word_1_37' title='bbox 811 777 890 815; x_wconf 81' lang='lat' dir='ltr'><strong><em>me</em></strong></span> <span class='ocrx_word' id='word_1_38' title='bbox 914 759 1135 829; x_wconf 82' lang='lat' dir='ltr'><strong><em>sequeris</em></strong></span> <span class='ocrx_word' id='word_1_39' title='bbox 1159 799 1174 824; x_wconf 92' lang='lat'><strong><em>,</em></strong></span> <span class='ocrx_word' id='word_1_40' title='bbox 1207 768 1252 811; x_wconf 90' lang='lat' dir='ltr'><strong><em>et</em></strong></span> <span class='ocrx_word' id='word_1_41' title='bbox 1281 757 1436 814; x_wconf 87' lang='lat' dir='ltr'><strong><em>simul</em></strong></span> <span class='ocrx_word' id='word_1_42' title='bbox 1473 757 1528 810; x_wconf 90' lang='lat' dir='ltr'><strong><em>in</em></strong></span> <span class='ocrx_word' id='word_1_43' title='bbox 1552 755 1739 826; x_wconf 90' lang='lat' dir='ltr'><strong><em>gaudio</em></strong></span> <span class='ocrx_word' id='word_1_44' title='bbox 1766 754 2163 825; x_wconf 78' lang='lat' dir='ltr'><strong><em>permanebirnus</em></strong></span> 
     </span>
    </p>
   </div>
   <div class='ocr_carea' id='block_1_7' title="bbox 581 848 2161 921">
    <p class='ocr_par' dir='ltr' id='par_1_7' title="bbox 581 848 2161 921">
     <span class='ocr_line' id='line_1_7' title="bbox 581 848 2161 921; baseline -0.005 -13"><span class='ocrx_word' id='word_1_45' title='bbox 581 856 693 908; x_wconf 84' lang='lat' dir='ltr'><strong><em>sine</em></strong></span> <span class='ocrx_word' id='word_1_46' title='bbox 727 853 848 921; x_wconf 80' lang='lat' dir='ltr'><strong><em>fine.</em></strong></span> <span class='ocrx_word' id='word_1_47' title='bbox 889 851 996 905; x_wconf 85' lang='lat' dir='ltr'><strong><em>Sed</em></strong></span> <span class='ocrx_word' id='word_1_48' title='bbox 1025 848 1219 920; x_wconf 78' lang='lat' dir='ltr'><strong><em>Cyrillo</em></strong></span> <span class='ocrx_word' id='word_1_49' title='bbox 1259 849 1547 917; x_wconf 68' lang='lat' dir='ltr'><strong><em>cunctisque</em></strong></span> <span class='ocrx_word' id='word_1_50' title='bbox 1584 848 1825 918; x_wconf 79' lang='lat' dir='ltr'><strong><em>fratribus</em></strong></span> <span class='ocrx_word' id='word_1_51' title='bbox 1867 848 2076 913; x_wconf 90' lang='lat' dir='ltr'><strong><em>nuntia,</em></strong></span> <span class='ocrx_word' id='word_1_52' title='bbox 2108 856 2161 900; x_wconf 91' lang='lat' dir='ltr'><strong><em>ut</em></strong></span> 
     </span>
    </p>
   </div>
   <div class='ocr_carea' id='block_1_8' title="bbox 579 937 2162 1010">
    <p class='ocr_par' dir='ltr' id='par_1_8' title="bbox 579 937 2162 1010">
     <span class='ocr_line' id='line_1_8' title="bbox 579 937 2162 1010; baseline -0.004 -13"><span class='ocrx_word' id='word_1_53' title='bbox 579 943 803 997; x_wconf 88' lang='lat' dir='ltr'><strong><em>crastina</em></strong></span> <span class='ocrx_word' id='word_1_54' title='bbox 826 941 910 996; x_wconf 89' lang='lat' dir='ltr'><strong><em>die</em></strong></span> <span class='ocrx_word' id='word_1_55' title='bbox 939 942 1093 1010; x_wconf 75' lang='lat' dir='ltr'><strong><em>juxta</em></strong></span> <span class='ocrx_word' id='word_1_56' title='bbox 1112 955 1341 1010; x_wconf 63' lang='lat' dir='ltr'><strong><em>praesepe</em></strong></span> <span class='ocrx_word' id='word_1_57' title='bbox 1365 938 1574 992; x_wconf 81' lang='lat' dir='ltr'><strong><em>Domini</em></strong></span> <span class='ocrx_word' id='word_1_58' title='bbox 1596 979 1612 1004; x_wconf 89' lang='lat'><strong><em>,</em></strong></span> <span class='ocrx_word' id='word_1_59' title='bbox 1644 939 1728 991; x_wconf 88' lang='lat' dir='ltr'><strong><em>ubi</em></strong></span> <span class='ocrx_word' id='word_1_60' title='bbox 1764 942 1929 990; x_wconf 87' lang='lat' dir='ltr'><strong><em>meum</em></strong></span> <span class='ocrx_word' id='word_1_61' title='bbox 1957 937 2162 1006; x_wconf 80' lang='lat' dir='ltr'><strong><em>quiescit</em></strong></span> 
     </span>
    </p>
   </div>
   <div class='ocr_carea' id='block_1_9' title="bbox 577 1027 2162 1101">
    <p class='ocr_par' dir='ltr' id='par_1_9' title="bbox 577 1027 2162 1101">
     <span class='ocr_line' id='line_1_9' title="bbox 577 1027 2162 1101; baseline -0.003 -16"><span class='ocrx_word' id='word_1_62' title='bbox 577 1047 790 1101; x_wconf 84' lang='lat' dir='ltr'><strong><em>corpus,</em></strong></span> <span class='ocrx_word' id='word_1_63' title='bbox 811 1046 984 1085; x_wconf 89' lang='lat' dir='ltr'><strong><em>omnes</em></strong></span> <span class='ocrx_word' id='word_1_64' title='bbox 1004 1029 1056 1083; x_wconf 91' lang='lat' dir='ltr'><strong><em>in</em></strong></span> <span class='ocrx_word' id='word_1_65' title='bbox 1074 1045 1236 1082; x_wconf 78' lang='lat' dir='ltr'><strong><em>unum</em></strong></span> <span class='ocrx_word' id='word_1_66' title='bbox 1249 1029 1574 1094; x_wconf 72' lang='lat' dir='ltr'><strong><em>conueniant,</em></strong></span> <span class='ocrx_word' id='word_1_67' title='bbox 1598 1037 1702 1081; x_wconf 88' lang='lat' dir='ltr'><strong><em>tam</em></strong></span> <span class='ocrx_word' id='word_1_68' title='bbox 1723 1027 1993 1091; x_wconf 84' lang='lat' dir='ltr'><strong><em>Catholici,</em></strong></span> <span class='ocrx_word' id='word_1_69' title='bbox 2009 1044 2162 1097; x_wconf 88' lang='lat' dir='ltr'><strong><em>quam</em></strong></span> 
     </span>
    </p>
   </div>
   <div class='ocr_carea' id='block_1_10' title="bbox 577 1118 2160 1189">
    <p class='ocr_par' dir='ltr' id='par_1_10' title="bbox 577 1118 2160 1189">
     <span class='ocr_line' id='line_1_10' title="bbox 577 1118 2160 1189; baseline -0.003 -13"><span class='ocrx_word' id='word_1_70' title='bbox 577 1123 734 1176; x_wconf 86' lang='lat' dir='ltr'><strong><em>etiam</em></strong></span> <span class='ocrx_word' id='word_1_71' title='bbox 754 1121 894 1176; x_wconf 89' lang='lat' dir='ltr'><strong><em>illius</em></strong></span> <span class='ocrx_word' id='word_1_72' title='bbox 921 1130 1076 1176; x_wconf 75' lang='lat' dir='ltr'><strong><em>sect-te</em></strong></span> <span class='ocrx_word' id='word_1_73' title='bbox 1099 1120 1213 1175; x_wconf 82' lang='lat' dir='ltr'><strong><em>uiri.</em></strong></span> <span class='ocrx_word' id='word_1_74' title='bbox 1241 1119 1304 1173; x_wconf 83' lang='lat' dir='ltr'><strong><em>Et</em></strong></span> <span class='ocrx_word' id='word_1_75' title='bbox 1333 1129 1388 1173; x_wconf 87' lang='lat' dir='ltr'><strong><em>tu</em></strong></span> <span class='ocrx_word' id='word_1_76' title='bbox 1414 1120 1566 1172; x_wconf 79' lang='lat' dir='ltr'><strong><em>trium</em></strong></span> <span class='ocrx_word' id='word_1_77' title='bbox 1587 1119 1866 1183; x_wconf 80' lang='lat' dir='ltr'><strong><em>hominum,</em></strong></span> <span class='ocrx_word' id='word_1_78' title='bbox 1885 1120 1970 1189; x_wconf 89' lang='lat' dir='ltr'><strong><em>qui</em></strong></span> <span class='ocrx_word' id='word_1_79' title='bbox 1990 1119 2042 1172; x_wconf 89' lang='lat' dir='ltr'><strong><em>in</em></strong></span> <span class='ocrx_word' id='word_1_80' title='bbox 2065 1118 2160 1172; x_wconf 88' lang='lat' dir='ltr'><strong><em>hac</em></strong></span> 
     </span>
    </p>
   </div>
   <div class='ocr_carea' id='block_1_11' title="bbox 577 1210 2160 1284">
    <p class='ocr_par' dir='ltr' id='par_1_11' title="bbox 577 1210 2160 1284">
     <span class='ocr_line' id='line_1_11' title="bbox 577 1210 2160 1284; baseline -0.004 -14"><span class='ocrx_word' id='word_1_81' title='bbox 577 1225 699 1270; x_wconf 86' lang='lat' dir='ltr'><strong><em>sunt</em></strong></span> <span class='ocrx_word' id='word_1_82' title='bbox 742 1215 896 1280; x_wconf 82' lang='lat' dir='ltr'><strong><em>urbe,</em></strong></span> <span class='ocrx_word' id='word_1_83' title='bbox 928 1216 1022 1268; x_wconf 90' lang='lat' dir='ltr'><strong><em>hac</em></strong></span> <span class='ocrx_word' id='word_1_84' title='bbox 1063 1221 1206 1268; x_wconf 86' lang='lat' dir='ltr'><strong><em>nocte</em></strong></span> <span class='ocrx_word' id='word_1_85' title='bbox 1231 1212 1455 1284; x_wconf 76' lang='lat' dir='ltr'><strong><em>defuncti</em></strong></span> <span class='ocrx_word' id='word_1_86' title='bbox 1481 1212 1729 1266; x_wconf 82' lang='lat' dir='ltr'><strong><em>cadavera</em></strong></span> <span class='ocrx_word' id='word_1_87' title='bbox 1767 1211 2062 1276; x_wconf 86' lang='lat' dir='ltr'><strong><em>inhumata,</em></strong></span> <span class='ocrx_word' id='word_1_88' title='bbox 2105 1210 2160 1264; x_wconf 89' lang='lat' dir='ltr'><strong><em>in</em></strong></span> 
     </span>
    </p>
   </div>
   <div class='ocr_carea' id='block_1_12' title="bbox 581 1302 2162 1373">
    <p class='ocr_par' dir='ltr' id='par_1_12' title="bbox 581 1302 2162 1373">
     <span class='ocr_line' id='line_1_12' title="bbox 581 1302 2162 1373; baseline -0.003 -13"><span class='ocrx_word' id='word_1_89' title='bbox 581 1308 748 1360; x_wconf 82' lang='lat' dir='ltr'><strong><em>locum</em></strong></span> <span class='ocrx_word' id='word_1_90' title='bbox 773 1308 827 1359; x_wconf 89' lang='lat' dir='ltr'><strong><em>in</em></strong></span> <span class='ocrx_word' id='word_1_91' title='bbox 853 1322 951 1373; x_wconf 88' lang='lat' dir='ltr'><strong><em>quo</em></strong></span> <span class='ocrx_word' id='word_1_92' title='bbox 987 1321 1150 1359; x_wconf 88' lang='lat' dir='ltr'><strong><em>meum</em></strong></span> <span class='ocrx_word' id='word_1_93' title='bbox 1186 1313 1260 1358; x_wconf 90' lang='lat' dir='ltr'><strong><em>est</em></strong></span> <span class='ocrx_word' id='word_1_94' title='bbox 1297 1304 1558 1356; x_wconf 76' lang='lat' dir='ltr'><strong><em>humatum</em></strong></span> <span class='ocrx_word' id='word_1_95' title='bbox 1581 1318 1770 1373; x_wconf 85' lang='lat' dir='ltr'><strong><em>corpus</em></strong></span> <span class='ocrx_word' id='word_1_96' title='bbox 1796 1303 1952 1371; x_wconf 85' lang='lat' dir='ltr'><strong><em>facies</em></strong></span> <span class='ocrx_word' id='word_1_97' title='bbox 1978 1302 2162 1371; x_wconf 86' lang='lat' dir='ltr'><strong><em>depor-</em></strong></span> 
     </span>
    </p>
   </div>
   <div class='ocr_carea' id='block_1_13' title="bbox 581 1392 2160 1467">
    <p class='ocr_par' dir='ltr' id='par_1_13' title="bbox 581 1392 2160 1467">
     <span class='ocr_line' id='line_1_13' title="bbox 581 1392 2160 1467; baseline -0.003 -18"><span class='ocrx_word' id='word_1_98' title='bbox 581 1397 682 1450; x_wconf 90' lang='lat' dir='ltr'><strong><em>tari</em></strong></span> <span class='ocrx_word' id='word_1_99' title='bbox 709 1411 896 1466; x_wconf 87' lang='lat' dir='ltr'><strong><em>:snper</em></strong></span> <span class='ocrx_word' id='word_1_100' title='bbox 922 1396 1100 1467; x_wconf 82' lang='lat' dir='ltr'><strong><em>quibus</em></strong></span> <span class='ocrx_word' id='word_1_101' title='bbox 1137 1411 1342 1448; x_wconf 88' lang='lat' dir='ltr'><strong><em>saccum</em></strong></span> <span class='ocrx_word' id='word_1_102' title='bbox 1380 1410 1479 1464; x_wconf 86' lang='lat' dir='ltr'><strong><em>quo</em></strong></span> <span class='ocrx_word' id='word_1_103' title='bbox 1507 1393 1682 1446; x_wconf 85' lang='lat' dir='ltr'><strong><em>utebar</em></strong></span> <span class='ocrx_word' id='word_1_104' title='bbox 1705 1401 1965 1464; x_wconf 83' lang='lat' dir='ltr'><strong><em>pones,,et</em></strong></span> <span class='ocrx_word' id='word_1_105' title='bbox 1991 1392 2160 1464; x_wconf 80' lang='lat' dir='ltr'><strong><em>statim</em></strong></span> 
     </span>
    </p>
   </div>
   <div class='ocr_carea' id='block_1_14' title="bbox 513 1483 2157 1556">
    <p class='ocr_par' dir='ltr' id='par_1_14' title="bbox 513 1483 2157 1556">
     <span class='ocr_line' id='line_1_14' title="bbox 513 1483 2157 1556; baseline -0.002 -18"><span class='ocrx_word' id='word_1_106' title='bbox 513 1529 518 1538; x_wconf 90' lang='lat'><strong><em>.</em></strong></span> <span class='ocrx_word' id='word_1_107' title='bbox 577 1487 695 1540; x_wconf 71' lang='lat' dir='ltr'><strong><em>rita:</em></strong></span> <span class='ocrx_word' id='word_1_108' title='bbox 717 1487 947 1556; x_wconf 78' lang='lat' dir='ltr'><strong><em>pristina:</em></strong></span> <span class='ocrx_word' id='word_1_109' title='bbox 974 1485 1195 1550; x_wconf 90' lang='lat' dir='ltr'><strong><em>redditi,</em></strong></span> <span class='ocrx_word' id='word_1_110' title='bbox 1227 1484 1358 1537; x_wconf 91' lang='lat' dir='ltr'><strong><em>hanc</em></strong></span> <span class='ocrx_word' id='word_1_111' title='bbox 1401 1483 1645 1536; x_wconf 84' lang='lat' dir='ltr'><strong><em>radicitus</em></strong></span> <span class='ocrx_word' id='word_1_112' title='bbox 1673 1483 1901 1537; x_wconf 74' lang='lat' dir='ltr'><strong><em>ltwresim</em></strong></span> <span class='ocrx_word' id='word_1_113' title='bbox 1931 1483 2157 1550; x_wconf 68' lang='lat' dir='ltr'><strong><em>extirpa-</em></strong></span> 
     </span>
    </p>
   </div>
   <div class='ocr_carea' id='block_1_15' title="bbox 577 1573 2158 1646">
    <p class='ocr_par' dir='ltr' id='par_1_15' title="bbox 577 1573 2158 1646">
     <span class='ocr_line' id='line_1_15' title="bbox 577 1573 2158 1646; baseline -0.003 -17"><span class='ocrx_word' id='word_1_114' title='bbox 577 1577 722 1632; x_wconf 79' lang='lat' dir='ltr'><strong><em>bunt.</em></strong></span> <span class='ocrx_word' id='word_1_115' title='bbox 747 1575 844 1632; x_wconf 98' lang='lat' dir='ltr'><strong><em>Cui</em></strong></span> <span class='ocrx_word' id='word_1_116' title='bbox 867 1576 1173 1632; x_wconf 85' lang='lat' dir='ltr'><strong><em>valedicens</em></strong></span> <span class='ocrx_word' id='word_1_117' title='bbox 1193 1576 1460 1646; x_wconf 88' lang='lat' dir='ltr'><strong><em>gloriosus</em></strong></span> <span class='ocrx_word' id='word_1_118' title='bbox 1480 1573 1856 1644; x_wconf 77' lang='lat' dir='ltr'><strong><em>Hieronymus,</em></strong></span> <span class='ocrx_word' id='word_1_119' title='bbox 1877 1573 2158 1643; x_wconf 80' lang='lat' dir='ltr'><strong><em>disparuit.</em></strong></span> 
     </span>
    </p>
   </div>
   <div class='ocr_carea' id='block_1_16' title="bbox 577 1665 2156 1737">
    <p class='ocr_par' dir='ltr' id='par_1_16' title="bbox 577 1665 2156 1737">
     <span class='ocr_line' id='line_1_16' title="bbox 577 1665 2156 1737; baseline -0.004 -12"><span class='ocrx_word' id='word_1_120' title='bbox 577 1669 735 1726; x_wconf 71' lang='lat' dir='ltr'><strong><em>Hane</em></strong></span> <span class='ocrx_word' id='word_1_121' title='bbox 763 1680 940 1724; x_wconf 89' lang='lat' dir='ltr'><strong><em>autem</em></strong></span> <span class='ocrx_word' id='word_1_122' title='bbox 969 1669 1130 1732; x_wconf 87' lang='lat' dir='ltr'><strong><em>facto,</em></strong></span> <span class='ocrx_word' id='word_1_123' title='bbox 1157 1667 1226 1722; x_wconf 91' lang='lat' dir='ltr'><strong><em>ad</em></strong></span> <span class='ocrx_word' id='word_1_124' title='bbox 1257 1682 1366 1732; x_wconf 90' lang='lat' dir='ltr'><strong><em>me,</em></strong></span> <span class='ocrx_word' id='word_1_125' title='bbox 1394 1667 1484 1737; x_wconf 87' lang='lat' dir='ltr'><strong><em>qui</em></strong></span> <span class='ocrx_word' id='word_1_126' title='bbox 1513 1665 1784 1721; x_wconf 82' lang='lat' dir='ltr'><strong><em>Bethleem</em></strong></span> <span class='ocrx_word' id='word_1_127' title='bbox 1819 1676 1946 1720; x_wconf 90' lang='lat' dir='ltr'><strong><em>tunc</em></strong></span> <span class='ocrx_word' id='word_1_128' title='bbox 1968 1680 2114 1720; x_wconf 88' lang='lat' dir='ltr'><strong><em>eram</em></strong></span> <span class='ocrx_word' id='word_1_129' title='bbox 2139 1706 2156 1730; x_wconf 91' lang='lat'><strong><em>,</em></strong></span> 
     </span>
    </p>
   </div>
   <div class='ocr_carea' id='block_1_17' title="bbox 580 1757 2154 1827">
    <p class='ocr_par' dir='ltr' id='par_1_17' title="bbox 580 1757 2154 1827">
     <span class='ocr_line' id='line_1_17' title="bbox 580 1757 2154 1827; baseline -0.001 -14"><span class='ocrx_word' id='word_1_130' title='bbox 580 1761 903 1815; x_wconf 69' lang='lat' dir='ltr'><strong><em>venerabilis</em></strong></span> <span class='ocrx_word' id='word_1_131' title='bbox 947 1758 1208 1814; x_wconf 86' lang='lat' dir='ltr'><strong><em>Eusebius</em></strong></span> <span class='ocrx_word' id='word_1_132' title='bbox 1250 1759 1472 1813; x_wconf 87' lang='lat' dir='ltr'><strong><em>veniens</em></strong></span> <span class='ocrx_word' id='word_1_133' title='bbox 1494 1797 1510 1822; x_wconf 97' lang='lat'><strong><em>,</em></strong></span> <span class='ocrx_word' id='word_1_134' title='bbox 1551 1766 1740 1812; x_wconf 89' lang='lat' dir='ltr'><strong><em>cuncta</em></strong></span> <span class='ocrx_word' id='word_1_135' title='bbox 1769 1773 1888 1827; x_wconf 70' lang='lat' dir='ltr'><strong><em>qua:</em></strong></span> <span class='ocrx_word' id='word_1_136' title='bbox 1917 1757 2154 1824; x_wconf 75' lang='lat' dir='ltr'><strong><em>viderat,</em></strong></span> 
     </span>
    </p>
   </div>
   <div class='ocr_carea' id='block_1_18' title="bbox 582 1845 2157 1916">
    <p class='ocr_par' dir='ltr' id='par_1_18' title="bbox 582 1845 2157 1916">
     <span class='ocr_line' id='line_1_18' title="bbox 582 1845 2157 1916; baseline -0.001 -13"><span class='ocrx_word' id='word_1_137' title='bbox 582 1851 872 1904; x_wconf 90' lang='lat' dir='ltr'><strong><em>enarravit.</em></strong></span> <span class='ocrx_word' id='word_1_138' title='bbox 900 1847 1021 1915; x_wconf 91' lang='lat' dir='ltr'><strong><em>Quo</em></strong></span> <span class='ocrx_word' id='word_1_139' title='bbox 1053 1848 1343 1902; x_wconf 80' lang='lat' dir='ltr'><strong><em>immensas</em></strong></span> <span class='ocrx_word' id='word_1_140' title='bbox 1373 1845 1607 1902; x_wconf 79' lang='lat' dir='ltr'><strong><em>creatori</em></strong></span> <span class='ocrx_word' id='word_1_141' title='bbox 1636 1847 1835 1914; x_wconf 77' lang='lat' dir='ltr'><strong><em>gratias</em></strong></span> <span class='ocrx_word' id='word_1_142' title='bbox 1869 1859 2034 1916; x_wconf 88' lang='lat' dir='ltr'><strong><em>agens</em></strong></span> <span class='ocrx_word' id='word_1_143' title='bbox 2055 1887 2071 1912; x_wconf 94' lang='lat'><strong><em>,</em></strong></span> <span class='ocrx_word' id='word_1_144' title='bbox 2102 1855 2157 1901; x_wconf 91' lang='lat' dir='ltr'><strong><em>et</em></strong></span> 
     </span>
    </p>
   </div>
   <div class='ocr_carea' id='block_1_19' title="bbox 577 1937 2157 2009">
    <p class='ocr_par' dir='ltr' id='par_1_19' title="bbox 577 1937 2157 2009">
     <span class='ocr_line' id='line_1_19' title="bbox 577 1937 2157 2009; baseline 0 -16"><span class='ocrx_word' id='word_1_145' title='bbox 577 1941 813 2009; x_wconf 87' lang='lat' dir='ltr'><strong><em>glorioso</em></strong></span> <span class='ocrx_word' id='word_1_146' title='bbox 836 1939 1166 2009; x_wconf 82' lang='lat' dir='ltr'><strong><em>Hieronymo</em></strong></span> <span class='ocrx_word' id='word_1_147' title='bbox 1187 1937 1436 1993; x_wconf 89' lang='lat' dir='ltr'><strong><em>omnibus</em></strong></span> <span class='ocrx_word' id='word_1_148' title='bbox 1460 1937 1513 1992; x_wconf 91' lang='lat' dir='ltr'><strong><em>iu</em></strong></span> <span class='ocrx_word' id='word_1_149' title='bbox 1537 1937 1791 2008; x_wconf 63' lang='lat' dir='ltr'><strong><em>pradicto</em></strong></span> <span class='ocrx_word' id='word_1_150' title='bbox 1812 1937 1952 2004; x_wconf 88' lang='lat' dir='ltr'><strong><em>loco,</em></strong></span> <span class='ocrx_word' id='word_1_151' title='bbox 1977 1938 2030 1992; x_wconf 90' lang='lat' dir='ltr'><strong><em>in</em></strong></span> <span class='ocrx_word' id='word_1_152' title='bbox 2051 1951 2157 2008; x_wconf 89' lang='lat' dir='ltr'><strong><em>quo</em></strong></span> 
     </span>
    </p>
   </div>
   <div class='ocr_carea' id='block_1_20' title="bbox 580 2028 2152 2100">
    <p class='ocr_par' dir='ltr' id='par_1_20' title="bbox 580 2028 2152 2100">
     <span class='ocr_line' id='line_1_20' title="bbox 580 2028 2152 2100; baseline -0.001 -15"><span class='ocrx_word' id='word_1_153' title='bbox 580 2046 680 2100; x_wconf 90' lang='lat' dir='ltr'><strong><em>pro</em></strong></span> <span class='ocrx_word' id='word_1_154' title='bbox 701 2031 855 2098; x_wconf 76' lang='lat' dir='ltr'><strong><em>nobis</em></strong></span> <span class='ocrx_word' id='word_1_155' title='bbox 883 2030 951 2086; x_wconf 90' lang='lat' dir='ltr'><strong><em>de</em></strong></span> <span class='ocrx_word' id='word_1_156' title='bbox 990 2030 1306 2085; x_wconf 89' lang='lat' dir='ltr'><strong><em>intemerata</em></strong></span> <span class='ocrx_word' id='word_1_157' title='bbox 1336 2029 1553 2098; x_wconf 84' lang='lat' dir='ltr'><strong><em>Virgine</em></strong></span> <span class='ocrx_word' id='word_1_158' title='bbox 1579 2028 1827 2084; x_wconf 88' lang='lat' dir='ltr'><strong><em>Salvator</em></strong></span> <span class='ocrx_word' id='word_1_159' title='bbox 1851 2039 2007 2084; x_wconf 89' lang='lat' dir='ltr'><strong><em>natus</em></strong></span> <span class='ocrx_word' id='word_1_160' title='bbox 2035 2040 2119 2086; x_wconf 88' lang='lat' dir='ltr'><strong><em>est</em></strong></span> <span class='ocrx_word' id='word_1_161' title='bbox 2137 2072 2152 2097; x_wconf 94' lang='lat'><strong><em>,</em></strong></span> 
     </span>
    </p>
   </div>
   <div class='ocr_carea' id='block_1_21' title="bbox 578 2119 2157 2189">
    <p class='ocr_par' dir='ltr' id='par_1_21' title="bbox 578 2119 2157 2189">
     <span class='ocr_line' id='line_1_21' title="bbox 578 2119 2157 2189; baseline -0.002 -12"><span class='ocrx_word' id='word_1_162' title='bbox 578 2130 635 2177; x_wconf 88' lang='lat' dir='ltr'><strong><em>et</em></strong></span> <span class='ocrx_word' id='word_1_163' title='bbox 663 2120 752 2176; x_wconf 87' lang='lat' dir='ltr'><strong><em>ubi</em></strong></span> <span class='ocrx_word' id='word_1_164' title='bbox 794 2121 955 2176; x_wconf 89' lang='lat' dir='ltr'><strong><em>etiam</em></strong></span> <span class='ocrx_word' id='word_1_165' title='bbox 996 2119 1416 2174; x_wconf 81' lang='lat' dir='ltr'><strong><em>sacratissimum</em></strong></span> <span class='ocrx_word' id='word_1_166' title='bbox 1450 2119 1755 2189; x_wconf 78' lang='lat' dir='ltr'><strong><em>Hieronymi</em></strong></span> <span class='ocrx_word' id='word_1_167' title='bbox 1798 2119 2030 2176; x_wconf 78' lang='lat' dir='ltr'><strong><em>cadaver</em></strong></span> <span class='ocrx_word' id='word_1_168' title='bbox 2059 2119 2157 2175; x_wconf 82' lang='lat' dir='ltr'><strong><em>hu-</em></strong></span> 
     </span>
    </p>
   </div>
   <div class='ocr_carea' id='block_1_22' title="bbox 579 2210 2152 2281">
    <p class='ocr_par' dir='ltr' id='par_1_22' title="bbox 579 2210 2152 2281">
     <span class='ocr_line' id='line_1_22' title="bbox 579 2210 2152 2281; baseline -0.001 -13"><span class='ocrx_word' id='word_1_169' title='bbox 579 2221 779 2268; x_wconf 89' lang='lat' dir='ltr'><strong><em>matum</em></strong></span> <span class='ocrx_word' id='word_1_170' title='bbox 819 2221 904 2268; x_wconf 91' lang='lat' dir='ltr'><strong><em>est</em></strong></span> <span class='ocrx_word' id='word_1_171' title='bbox 951 2211 1288 2281; x_wconf 78' lang='lat' dir='ltr'><strong><em>congregatis</em></strong></span> <span class='ocrx_word' id='word_1_172' title='bbox 1311 2249 1328 2274; x_wconf 88' lang='lat'><strong><em>,</em></strong></span> <span class='ocrx_word' id='word_1_173' title='bbox 1374 2211 1749 2281; x_wconf 67' lang='lat' dir='ltr'><strong><em>praedictorum</em></strong></span> <span class='ocrx_word' id='word_1_174' title='bbox 1778 2210 2152 2269; x_wconf 83' lang='lat' dir='ltr'><strong><em>defunctorum</em></strong></span> 
     </span>
    </p>
   </div>
   <div class='ocr_carea' id='block_1_23' title="bbox 578 2299 2155 2372">
    <p class='ocr_par' dir='ltr' id='par_1_23' title="bbox 578 2299 2155 2372">
     <span class='ocr_line' id='line_1_23' title="bbox 578 2299 2155 2372; baseline 0.001 -15"><span class='ocrx_word' id='word_1_175' title='bbox 578 2302 840 2358; x_wconf 81' lang='lat' dir='ltr'><strong><em>cadavera</em></strong></span> <span class='ocrx_word' id='word_1_176' title='bbox 865 2301 1066 2356; x_wconf 89' lang='lat' dir='ltr'><strong><em>deferri</em></strong></span> <span class='ocrx_word' id='word_1_177' title='bbox 1099 2300 1244 2356; x_wconf 87' lang='lat' dir='ltr'><strong><em>fecit.</em></strong></span> <span class='ocrx_word' id='word_1_178' title='bbox 1273 2299 1318 2355; x_wconf 92' lang='grc' dir='ltr'>Ο</span> <span class='ocrx_word' id='word_1_179' title='bbox 1344 2302 1478 2354; x_wconf 88' lang='lat' dir='ltr'><strong><em>mira</em></strong></span> <span class='ocrx_word' id='word_1_180' title='bbox 1507 2316 1630 2372; x_wconf 89' lang='lat' dir='ltr'><strong><em>erga</em></strong></span> <span class='ocrx_word' id='word_1_181' title='bbox 1661 2302 1905 2358; x_wconf 85' lang='lat' dir='ltr'><strong><em>homines</em></strong></span> <span class='ocrx_word' id='word_1_182' title='bbox 1932 2302 2028 2358; x_wconf 86' lang='lat' dir='ltr'><strong><em>Dei</em></strong></span> <span class='ocrx_word' id='word_1_183' title='bbox 2052 2303 2155 2358; x_wconf 89' lang='lat' dir='ltr'><strong><em>mi-</em></strong></span> 
     </span>
    </p>
   </div>
   <div class='ocr_carea' id='block_1_24' title="bbox 578 2389 2154 2464">
    <p class='ocr_par' dir='ltr' id='par_1_24' title="bbox 578 2389 2154 2464">
     <span class='ocr_line' id='line_1_24' title="bbox 578 2389 2154 2464; baseline 0.002 -18"><span class='ocrx_word' id='word_1_184' title='bbox 578 2393 778 2446; x_wconf 86' lang='lat' dir='ltr'><strong><em>seratio</em></strong></span> <span class='ocrx_word' id='word_1_185' title='bbox 819 2401 874 2447; x_wconf 89' lang='lat' dir='ltr'><strong><em>et</em></strong></span> <span class='ocrx_word' id='word_1_186' title='bbox 917 2391 1243 2461; x_wconf 83' lang='lat' dir='ltr'><strong><em>dispensatio</em></strong></span> <span class='ocrx_word' id='word_1_187' title='bbox 1273 2393 1287 2444; x_wconf 85' lang='lat' dir='ltr'><strong><em>l</em></strong></span> <span class='ocrx_word' id='word_1_188' title='bbox 1319 2389 1461 2457; x_wconf 86' lang='lat' dir='ltr'><strong><em>Quot</em></strong></span> <span class='ocrx_word' id='word_1_189' title='bbox 1499 2391 1672 2446; x_wconf 87' lang='lat' dir='ltr'><strong><em>modis</em></strong></span> <span class='ocrx_word' id='word_1_190' title='bbox 1707 2389 1762 2446; x_wconf 90' lang='lat' dir='ltr'><strong><em>in</em></strong></span> <span class='ocrx_word' id='word_1_191' title='bbox 1789 2405 1847 2448; x_wconf 89' lang='lat' dir='ltr'><strong><em>se</em></strong></span> <span class='ocrx_word' id='word_1_192' title='bbox 1875 2401 2154 2464; x_wconf 88' lang='lat' dir='ltr'><strong><em>sperantes</em></strong></span> 
     </span>
    </p>
   </div>
   <div class='ocr_carea' id='block_1_25' title="bbox 577 2481 2155 2552">
    <p class='ocr_par' dir='ltr' id='par_1_25' title="bbox 577 2481 2155 2552">
     <span class='ocr_line' id='line_1_25' title="bbox 577 2481 2155 2552; baseline 0.003 -18"><span class='ocrx_word' id='word_1_193' title='bbox 577 2483 680 2535; x_wconf 87' lang='lat' dir='ltr'><strong><em>scit</em></strong></span> <span class='ocrx_word' id='word_1_194' title='bbox 716 2481 904 2548; x_wconf 87' lang='lat' dir='ltr'><strong><em>juvare</em></strong></span> <span class='ocrx_word' id='word_1_195' title='bbox 930 2499 942 2533; x_wconf 91' lang='lat'>:</span> <span class='ocrx_word' id='word_1_196' title='bbox 968 2482 1180 2551; x_wconf 84' lang='lat' dir='ltr'><strong><em>quantis</em></strong></span> <span class='ocrx_word' id='word_1_197' title='bbox 1208 2491 1262 2535; x_wconf 85' lang='lat' dir='ltr'><strong><em>et</em></strong></span> <span class='ocrx_word' id='word_1_198' title='bbox 1289 2491 1418 2552; x_wconf 87' lang='lat' dir='ltr'><strong><em>quot</em></strong></span> <span class='ocrx_word' id='word_1_199' title='bbox 1457 2482 1746 2538; x_wconf 85' lang='lat' dir='ltr'><strong><em>honoribus</em></strong></span> <span class='ocrx_word' id='word_1_200' title='bbox 1787 2498 1914 2538; x_wconf 89' lang='lat' dir='ltr'><strong><em>suos</em></strong></span> <span class='ocrx_word' id='word_1_201' title='bbox 1956 2485 2155 2539; x_wconf 80' lang='lat' dir='ltr'><strong><em>exultat</em></strong></span> 
     </span>
    </p>
   </div>
   <div class='ocr_carea' id='block_1_26' title="bbox 580 2573 2153 2632">
    <p class='ocr_par' dir='ltr' id='par_1_26' title="bbox 580 2573 2153 2632">
     <span class='ocr_line' id='line_1_26' title="bbox 580 2573 2153 2632; baseline 0.001 -3"><span class='ocrx_word' id='word_1_202' title='bbox 580 2574 850 2629; x_wconf 76' lang='lat' dir='ltr'><strong><em>Sanctosl</em></strong></span> <span class='ocrx_word' id='word_1_203' title='bbox 885 2573 1072 2628; x_wconf 87' lang='lat' dir='ltr'><strong><em>Fiebat</em></strong></span> <span class='ocrx_word' id='word_1_204' title='bbox 1119 2574 1320 2629; x_wconf 89' lang='lat' dir='ltr'><strong><em>interea</em></strong></span> <span class='ocrx_word' id='word_1_205' title='bbox 1369 2573 1439 2628; x_wconf 88' lang='lat' dir='ltr'><strong><em>ab</em></strong></span> <span class='ocrx_word' id='word_1_206' title='bbox 1479 2574 1619 2629; x_wconf 89' lang='lat' dir='ltr'><strong><em>illius</em></strong></span> <span class='ocrx_word' id='word_1_207' title='bbox 1655 2584 1816 2630; x_wconf 80' lang='lat' dir='ltr'><strong><em>sectae</em></strong></span> <span class='ocrx_word' id='word_1_208' title='bbox 1861 2576 2153 2632; x_wconf 85' lang='lat' dir='ltr'><strong><em>cultoribus</em></strong></span> 
     </span>
    </p>
   </div>
   <div class='ocr_carea' id='block_1_27' title="bbox 577 2662 2152 2734">
    <p class='ocr_par' dir='ltr' id='par_1_27' title="bbox 577 2662 2152 2734">
     <span class='ocr_line' id='line_1_27' title="bbox 577 2662 2152 2734; baseline 0.002 -16"><span class='ocrx_word' id='word_1_209' title='bbox 577 2663 778 2718; x_wconf 89' lang='lat' dir='ltr'><strong><em>derisio</em></strong></span> <span class='ocrx_word' id='word_1_210' title='bbox 811 2682 824 2718; x_wconf 91' lang='lat'>:</span> <span class='ocrx_word' id='word_1_211' title='bbox 858 2663 1204 2719; x_wconf 90' lang='lat' dir='ltr'><strong><em>credentibus</em></strong></span> <span class='ocrx_word' id='word_1_212' title='bbox 1252 2663 1397 2734; x_wconf 90' lang='lat' dir='ltr'><strong><em>quod</em></strong></span> <span class='ocrx_word' id='word_1_213' title='bbox 1455 2662 1594 2718; x_wconf 89' lang='lat' dir='ltr'><strong><em>foret</em></strong></span> <span class='ocrx_word' id='word_1_214' title='bbox 1643 2665 1915 2719; x_wconf 83' lang='lat' dir='ltr'><strong><em>exinanita</em></strong></span> <span class='ocrx_word' id='word_1_215' title='bbox 1962 2680 2152 2721; x_wconf 86' lang='lat' dir='ltr'><strong><em>manus</em></strong></span> 
     </span>
    </p>
   </div>
   <div class='ocr_carea' id='block_1_28' title="bbox 575 2753 2151 2822">
    <p class='ocr_par' dir='ltr' id='par_1_28' title="bbox 575 2753 2151 2822">
     <span class='ocr_line' id='line_1_28' title="bbox 575 2753 2151 2822; baseline 0.001 -13"><span class='ocrx_word' id='word_1_216' title='bbox 575 2755 806 2810; x_wconf 81' lang='lat' dir='ltr'><strong><em>Domini.</em></strong></span> <span class='ocrx_word' id='word_1_217' title='bbox 855 2754 1088 2810; x_wconf 70' lang='lat' dir='ltr'><strong><em>La-tetnr</em></strong></span> <span class='ocrx_word' id='word_1_218' title='bbox 1130 2755 1345 2822; x_wconf 87' lang='lat' dir='ltr'><strong><em>itaque,</em></strong></span> <span class='ocrx_word' id='word_1_219' title='bbox 1374 2754 1550 2808; x_wconf 90' lang='lat' dir='ltr'><strong><em>omnis</em></strong></span> <span class='ocrx_word' id='word_1_220' title='bbox 1582 2753 1823 2809; x_wconf 86' lang='lat' dir='ltr'><strong><em>fidelium</em></strong></span> <span class='ocrx_word' id='word_1_221' title='bbox 1863 2763 2038 2810; x_wconf 67' lang='lat' dir='ltr'><strong><em>coetus</em></strong></span> <span class='ocrx_word' id='word_1_222' title='bbox 2061 2773 2074 2809; x_wconf 89' lang='lat'>:</span> <span class='ocrx_word' id='word_1_223' title='bbox 2097 2766 2151 2810; x_wconf 91' lang='lat' dir='ltr'><strong><em>et</em></strong></span> 
     </span>
    </p>
   </div>
   <div class='ocr_carea' id='block_1_29' title="bbox 572 2845 2151 2916">
    <p class='ocr_par' dir='ltr' id='par_1_29' title="bbox 572 2845 2151 2916">
     <span class='ocr_line' id='line_1_29' title="bbox 572 2845 2151 2916; baseline -0.001 -14"><span class='ocrx_word' id='word_1_224' title='bbox 572 2847 685 2902; x_wconf 89' lang='lat' dir='ltr'><strong><em>Deo</em></strong></span> <span class='ocrx_word' id='word_1_225' title='bbox 713 2847 764 2900; x_wconf 90' lang='lat' dir='ltr'><strong><em>in</em></strong></span> <span class='ocrx_word' id='word_1_226' title='bbox 791 2861 922 2901; x_wconf 90' lang='lat' dir='ltr'><strong><em>voce</em></strong></span> <span class='ocrx_word' id='word_1_227' title='bbox 949 2845 1292 2901; x_wconf 83' lang='lat' dir='ltr'><strong><em>exultationis</em></strong></span> <span class='ocrx_word' id='word_1_228' title='bbox 1320 2845 1567 2914; x_wconf 81' lang='lat' dir='ltr'><strong><em>psallunt,</em></strong></span> <span class='ocrx_word' id='word_1_229' title='bbox 1591 2845 1805 2915; x_wconf 86' lang='lat' dir='ltr'><strong><em>quando</em></strong></span> <span class='ocrx_word' id='word_1_230' title='bbox 1833 2845 2151 2916; x_wconf 75' lang='lat' dir='ltr'><strong><em>suscipimus</em></strong></span> 
     </span>
    </p>
   </div>
   <div class='ocr_carea' id='block_1_30' title="bbox 573 2937 2148 3007">
    <p class='ocr_par' dir='ltr' id='par_1_30' title="bbox 573 2937 2148 3007">
     <span class='ocr_line' id='line_1_30' title="bbox 573 2937 2148 3007; baseline -0.002 -12"><span class='ocrx_word' id='word_1_231' title='bbox 573 2938 997 2995; x_wconf 88' lang='lat' dir='ltr'><strong><em>misericordiam</em></strong></span> <span class='ocrx_word' id='word_1_232' title='bbox 1028 2938 1081 2992; x_wconf 91' lang='lat' dir='ltr'><strong><em>in</em></strong></span> <span class='ocrx_word' id='word_1_233' title='bbox 1109 2937 1287 2992; x_wconf 91' lang='lat' dir='ltr'><strong><em>medio</em></strong></span> <span class='ocrx_word' id='word_1_234' title='bbox 1334 2937 1516 3007; x_wconf 89' lang='lat' dir='ltr'><strong><em>templi</em></strong></span> <span class='ocrx_word' id='word_1_235' title='bbox 1560 2938 1665 2992; x_wconf 89' lang='lat' dir='ltr'><strong><em>sui.</em></strong></span> <span class='ocrx_word' id='word_1_236' title='bbox 1695 2937 1970 2993; x_wconf 83' lang='lat' dir='ltr'><strong><em>Accedens</em></strong></span> <span class='ocrx_word' id='word_1_237' title='bbox 1995 2953 2148 2992; x_wconf 88' lang='lat' dir='ltr'><strong><em>nam-</em></strong></span> 
     </span>
    </p>
   </div>
   <div class='ocr_carea' id='block_1_31' title="bbox 571 3027 2146 3101">
    <p class='ocr_par' dir='ltr' id='par_1_31' title="bbox 571 3027 2146 3101">
     <span class='ocr_line' id='line_1_31' title="bbox 571 3027 2146 3101; baseline 0.001 -16"><span class='ocrx_word' id='word_1_238' title='bbox 571 3045 677 3101; x_wconf 89' lang='lat' dir='ltr'><strong><em>que</em></strong></span> <span class='ocrx_word' id='word_1_239' title='bbox 697 3031 774 3084; x_wconf 89' lang='lat' dir='ltr'><strong><em>vir</em></strong></span> <span class='ocrx_word' id='word_1_240' title='bbox 794 3029 1115 3085; x_wconf 86' lang='lat' dir='ltr'><strong><em>venerabilis</em></strong></span> <span class='ocrx_word' id='word_1_241' title='bbox 1135 3027 1401 3084; x_wconf 87' lang='lat' dir='ltr'><strong><em>Eusebius</em></strong></span> <span class='ocrx_word' id='word_1_242' title='bbox 1419 3028 1484 3082; x_wconf 89' lang='lat' dir='ltr'><strong><em>ad</em></strong></span> <span class='ocrx_word' id='word_1_243' title='bbox 1505 3029 1832 3099; x_wconf 88' lang='lat' dir='ltr'><strong><em>singulorum</em></strong></span> <span class='ocrx_word' id='word_1_244' title='bbox 1849 3028 2104 3085; x_wconf 85' lang='lat' dir='ltr'><strong><em>cadavera</em></strong></span> <span class='ocrx_word' id='word_1_245' title='bbox 2130 3048 2146 3086; x_wconf 86' lang='lat'><strong>:</strong></span> 
     </span>
    </p>
   </div>
   <div class='ocr_carea' id='block_1_32' title="bbox 568 3120 2150 3193">
    <p class='ocr_par' dir='ltr' id='par_1_32' title="bbox 568 3120 2150 3193">
     <span class='ocr_line' id='line_1_32' title="bbox 568 3120 2150 3193; baseline 0 -17"><span class='ocrx_word' id='word_1_246' title='bbox 568 3121 720 3177; x_wconf 86' lang='lat' dir='ltr'><strong><em>flexis</em></strong></span> <span class='ocrx_word' id='word_1_247' title='bbox 746 3120 973 3193; x_wconf 84' lang='lat' dir='ltr'><strong><em>genibus</em></strong></span> <span class='ocrx_word' id='word_1_248' title='bbox 1002 3122 1353 3192; x_wconf 88' lang='lat' dir='ltr'><strong><em>manibusque</em></strong></span> <span class='ocrx_word' id='word_1_249' title='bbox 1395 3122 1450 3176; x_wconf 93' lang='lat' dir='ltr'><strong><em>in</em></strong></span> <span class='ocrx_word' id='word_1_250' title='bbox 1491 3122 1684 3178; x_wconf 68' lang='lat' dir='ltr'><strong><em>caelum</em></strong></span> <span class='ocrx_word' id='word_1_251' title='bbox 1716 3122 1951 3177; x_wconf 78' lang='lat' dir='ltr'><strong><em>extensis</em></strong></span> <span class='ocrx_word' id='word_1_252' title='bbox 1973 3161 1988 3186; x_wconf 91' lang='lat'><strong><em>,</em></strong></span> <span class='ocrx_word' id='word_1_253' title='bbox 2019 3137 2150 3176; x_wconf 85' lang='lat' dir='ltr'><strong><em>eun-</em></strong></span> 
     </span>
    </p>
   </div>
   <div class='ocr_carea' id='block_1_33' title="bbox 567 3211 2148 3282">
    <p class='ocr_par' dir='ltr' id='par_1_33' title="bbox 567 3211 2148 3282">
     <span class='ocr_line' id='line_1_33' title="bbox 567 3211 2148 3282; baseline -0.001 -13"><span class='ocrx_word' id='word_1_254' title='bbox 567 3215 669 3269; x_wconf 89' lang='lat' dir='ltr'><strong><em>etis</em></strong></span> <span class='ocrx_word' id='word_1_255' title='bbox 694 3213 1034 3270; x_wconf 86' lang='lat' dir='ltr'><strong><em>audientibus</em></strong></span> <span class='ocrx_word' id='word_1_256' title='bbox 1059 3214 1139 3269; x_wconf 89' lang='lat' dir='ltr'><strong><em>sic</em></strong></span> <span class='ocrx_word' id='word_1_257' title='bbox 1161 3214 1338 3268; x_wconf 82' lang='lat' dir='ltr'><strong><em>oravit</em></strong></span> <span class='ocrx_word' id='word_1_258' title='bbox 1361 3229 1375 3267; x_wconf 90' lang='lat'><strong>:</strong></span> <span class='ocrx_word' id='word_1_259' title='bbox 1398 3211 1540 3268; x_wconf 84' lang='lat' dir='ltr'><strong><em>Deus</em></strong></span> <span class='ocrx_word' id='word_1_260' title='bbox 1559 3253 1574 3278; x_wconf 91' lang='lat'><strong><em>,</em></strong></span> <span class='ocrx_word' id='word_1_261' title='bbox 1602 3214 1686 3268; x_wconf 89' lang='lat' dir='ltr'><strong><em>cui</em></strong></span> <span class='ocrx_word' id='word_1_262' title='bbox 1709 3214 1837 3268; x_wconf 87' lang='lat' dir='ltr'><strong><em>nihil</em></strong></span> <span class='ocrx_word' id='word_1_263' title='bbox 1861 3225 1934 3268; x_wconf 87' lang='lat' dir='ltr'><strong><em>cst</em></strong></span> <span class='ocrx_word' id='word_1_264' title='bbox 1958 3214 2148 3282; x_wconf 85' lang='lat' dir='ltr'><strong><em>impos-</em></strong></span> 
     </span>
    </p>
   </div>
   <div class='ocr_carea' id='block_1_34' title="bbox 566 3306 2150 3378">
    <p class='ocr_par' dir='ltr' id='par_1_34' title="bbox 566 3306 2150 3378">
     <span class='ocr_line' id='line_1_34' title="bbox 566 3306 2150 3378; baseline -0.001 -17"><span class='ocrx_word' id='word_1_265' title='bbox 566 3307 742 3374; x_wconf 85' lang='lat' dir='ltr'><strong><em>sibile,</em></strong></span> <span class='ocrx_word' id='word_1_266' title='bbox 785 3307 915 3362; x_wconf 81' lang='lat' dir='ltr'><strong><em>nihil</em></strong></span> <span class='ocrx_word' id='word_1_267' title='bbox 951 3321 1101 3378; x_wconf 79' lang='lat' dir='ltr'><strong><em>graue</em></strong></span> <span class='ocrx_word' id='word_1_268' title='bbox 1140 3307 1341 3361; x_wconf 75' lang='lat' dir='ltr'><strong><em>inuicta:</em></strong></span> <span class='ocrx_word' id='word_1_269' title='bbox 1383 3306 1692 3377; x_wconf 78' lang='lat' dir='ltr'><strong><em>fortitudinis</em></strong></span> <span class='ocrx_word' id='word_1_270' title='bbox 1719 3314 1766 3359; x_wconf 88' lang='lat' dir='ltr'><strong><em>et</em></strong></span> <span class='ocrx_word' id='word_1_271' title='bbox 1793 3307 1990 3360; x_wconf 83' lang='lat' dir='ltr'><strong><em>virtutis</em></strong></span> <span class='ocrx_word' id='word_1_272' title='bbox 2017 3323 2037 3360; x_wconf 90' lang='lat'><strong><em>:</em></strong></span> <span class='ocrx_word' id='word_1_273' title='bbox 2061 3307 2150 3376; x_wconf 89' lang='lat' dir='ltr'><strong><em>qui</em></strong></span> 
     </span>
    </p>
   </div>
   <div class='ocr_carea' id='block_1_35' title="bbox 569 3395 2148 3466">
    <p class='ocr_par' dir='ltr' id='par_1_35' title="bbox 569 3395 2148 3466">
     <span class='ocr_line' id='line_1_35' title="bbox 569 3395 2148 3466; baseline 0.001 -18"><span class='ocrx_word' id='word_1_274' title='bbox 569 3396 696 3466; x_wconf 90' lang='lat' dir='ltr'><strong><em>facis</em></strong></span> <span class='ocrx_word' id='word_1_275' title='bbox 719 3397 972 3450; x_wconf 88' lang='lat' dir='ltr'><strong><em>ntirabilia</em></strong></span> <span class='ocrx_word' id='word_1_276' title='bbox 995 3411 1182 3465; x_wconf 80' lang='lat' dir='ltr'><strong><em>magna</em></strong></span> <span class='ocrx_word' id='word_1_277' title='bbox 1211 3396 1370 3458; x_wconf 88' lang='lat' dir='ltr'><strong><em>solus,</em></strong></span> <span class='ocrx_word' id='word_1_278' title='bbox 1399 3404 1447 3448; x_wconf 89' lang='lat' dir='ltr'><strong><em>et</em></strong></span> <span class='ocrx_word' id='word_1_279' title='bbox 1477 3395 1670 3450; x_wconf 85' lang='lat' dir='ltr'><strong><em>nullum</em></strong></span> <span class='ocrx_word' id='word_1_280' title='bbox 1696 3395 1816 3449; x_wconf 90' lang='lat' dir='ltr'><strong><em>inte</em></strong></span> <span class='ocrx_word' id='word_1_281' title='bbox 1837 3397 2148 3465; x_wconf 85' lang='lat' dir='ltr'><strong><em>sperantium</em></strong></span> 
     </span>
    </p>
   </div>
   <div class='ocr_carea' id='block_1_36' title="bbox 568 3487 2142 3556">
    <p class='ocr_par' dir='ltr' id='par_1_36' title="bbox 568 3487 2142 3556">
     <span class='ocr_line' id='line_1_36' title="bbox 568 3487 2142 3556; baseline 0 -16"><span class='ocrx_word' id='word_1_282' title='bbox 568 3487 762 3555; x_wconf 82' lang='lat' dir='ltr'><strong><em>spernis</em></strong></span> <span class='ocrx_word' id='word_1_283' title='bbox 785 3503 804 3540; x_wconf 89' lang='lat'><strong><em>:</em></strong></span> <span class='ocrx_word' id='word_1_284' title='bbox 825 3502 956 3540; x_wconf 88' lang='lat' dir='ltr'><strong><em>nunc</em></strong></span> <span class='ocrx_word' id='word_1_285' title='bbox 982 3501 1154 3556; x_wconf 86' lang='lat' dir='ltr'><strong><em>preces</em></strong></span> <span class='ocrx_word' id='word_1_286' title='bbox 1181 3497 1378 3540; x_wconf 79' lang='lat' dir='ltr'><strong><em>tuarum</em></strong></span> <span class='ocrx_word' id='word_1_287' title='bbox 1405 3488 1590 3540; x_wconf 73' lang='lat' dir='ltr'><strong><em>exaudi</em></strong></span> <span class='ocrx_word' id='word_1_288' title='bbox 1615 3487 1861 3554; x_wconf 86' lang='lat' dir='ltr'><strong><em>fidelium,</em></strong></span> <span class='ocrx_word' id='word_1_289' title='bbox 1883 3497 1928 3541; x_wconf 91' lang='lat' dir='ltr'><strong><em>et</em></strong></span> <span class='ocrx_word' id='word_1_290' title='bbox 1954 3496 2007 3540; x_wconf 86' lang='lat' dir='ltr'><strong><em>ut</em></strong></span> <span class='ocrx_word' id='word_1_291' title='bbox 2033 3498 2142 3555; x_wconf 88' lang='lat' dir='ltr'><strong><em>tua,</em></strong></span> 
     </span>
    </p>
   </div>
   <div class='ocr_carea' id='block_1_37' title="bbox 565 3576 2147 3647">
    <p class='ocr_par' dir='ltr' id='par_1_37' title="bbox 565 3576 2147 3647">
     <span class='ocr_line' id='line_1_37' title="bbox 565 3576 2147 3647; baseline 0.001 -17"><span class='ocrx_word' id='word_1_292' title='bbox 565 3592 718 3647; x_wconf 82' lang='lat' dir='ltr'><strong><em>quant</em></strong></span> <span class='ocrx_word' id='word_1_293' title='bbox 745 3576 925 3631; x_wconf 84' lang='lat' dir='ltr'><strong><em>dedisti</em></strong></span> <span class='ocrx_word' id='word_1_294' title='bbox 947 3617 963 3641; x_wconf 95' lang='lat'><strong><em>,</em></strong></span> <span class='ocrx_word' id='word_1_295' title='bbox 999 3577 1126 3645; x_wconf 83' lang='lat' dir='ltr'><strong><em>ﬁdes</em></strong></span> <span class='ocrx_word' id='word_1_296' title='bbox 1152 3577 1450 3630; x_wconf 86' lang='lat' dir='ltr'><strong><em>intemerata</em></strong></span> <span class='ocrx_word' id='word_1_297' title='bbox 1485 3577 1822 3646; x_wconf 77' lang='lat' dir='ltr'><strong><em>inriolataqtte</em></strong></span> <span class='ocrx_word' id='word_1_298' title='bbox 1850 3593 1938 3647; x_wconf 87' lang='lat' dir='ltr'><strong><em>per</em></strong></span> <span class='ocrx_word' id='word_1_299' title='bbox 1959 3579 2147 3632; x_wconf 68' lang='lat' dir='ltr'><strong><em>sarcula</em></strong></span> 
     </span>
    </p>
   </div>
   <div class='ocr_carea' id='block_1_38' title="bbox 568 3667 2146 3738">
    <p class='ocr_par' dir='ltr' id='par_1_38' title="bbox 568 3667 2146 3738">
     <span class='ocr_line' id='line_1_38' title="bbox 568 3667 2146 3738; baseline 0 -16"><span class='ocrx_word' id='word_1_300' title='bbox 568 3677 791 3732; x_wconf 87' lang='lat' dir='ltr'><strong><em>ntaneat,</em></strong></span> <span class='ocrx_word' id='word_1_301' title='bbox 818 3683 878 3721; x_wconf 91' lang='lat' dir='ltr'><strong><em>ac</em></strong></span> <span class='ocrx_word' id='word_1_302' title='bbox 899 3667 1049 3721; x_wconf 89' lang='lat' dir='ltr'><strong><em>etiam</em></strong></span> <span class='ocrx_word' id='word_1_303' title='bbox 1076 3676 1132 3720; x_wconf 90' lang='lat' dir='ltr'><strong><em>ut</em></strong></span> <span class='ocrx_word' id='word_1_304' title='bbox 1162 3667 1343 3721; x_wconf 87' lang='lat' dir='ltr'><strong><em>horum</em></strong></span> <span class='ocrx_word' id='word_1_305' title='bbox 1382 3682 1524 3721; x_wconf 88' lang='lat' dir='ltr'><strong><em>error</em></strong></span> <span class='ocrx_word' id='word_1_306' title='bbox 1557 3675 1820 3738; x_wconf 87' lang='lat' dir='ltr'><strong><em>appareat,</em></strong></span> <span class='ocrx_word' id='word_1_307' title='bbox 1855 3684 1943 3735; x_wconf 90' lang='lat' dir='ltr'><strong><em>per</em></strong></span> <span class='ocrx_word' id='word_1_308' title='bbox 1971 3669 2146 3722; x_wconf 86' lang='lat' dir='ltr'><strong><em>merita</em></strong></span> 
     </span>
    </p>
   </div>
   <div class='ocr_carea' id='block_1_39' title="bbox 567 3755 2145 3832">
    <p class='ocr_par' dir='ltr' id='par_1_39' title="bbox 567 3755 2145 3832">
     <span class='ocr_line' id='line_1_39' title="bbox 567 3755 2145 3832; baseline 0 -20"><span class='ocrx_word' id='word_1_309' title='bbox 567 3767 616 3832; x_wconf 85' lang='lat' dir='ltr'><strong><em>et</em></strong></span> <span class='ocrx_word' id='word_1_310' title='bbox 640 3758 1014 3812; x_wconf 86' lang='lat' dir='ltr'><strong><em>intercessiones</em></strong></span> <span class='ocrx_word' id='word_1_311' title='bbox 1036 3756 1246 3828; x_wconf 84' lang='lat' dir='ltr'><strong><em>gloriosi</em></strong></span> <span class='ocrx_word' id='word_1_312' title='bbox 1269 3757 1346 3811; x_wconf 89' lang='lat' dir='ltr'><strong><em>tui</em></strong></span> <span class='ocrx_word' id='word_1_313' title='bbox 1375 3755 1672 3828; x_wconf 78' lang='lat' dir='ltr'><strong><em>Hieronymi</em></strong></span> <span class='ocrx_word' id='word_1_314' title='bbox 1696 3757 1886 3822; x_wconf 89' lang='lat' dir='ltr'><strong><em>dilecti,</em></strong></span> <span class='ocrx_word' id='word_1_315' title='bbox 1913 3757 2145 3812; x_wconf 74' lang='lat' dir='ltr'><strong><em>introduc</em></strong></span> 
     </span>
    </p>
   </div>
   <div class='ocr_carea' id='block_1_40' title="bbox 562 3848 2140 3920">
    <p class='ocr_par' dir='ltr' id='par_1_40' title="bbox 562 3848 2140 3920">
     <span class='ocr_line' id='line_1_40' title="bbox 562 3848 2140 3920; baseline 0.003 -17"><span class='ocrx_word' id='word_1_316' title='bbox 562 3849 615 3903; x_wconf 87' lang='lat' dir='ltr'><strong><em>in</em></strong></span> <span class='ocrx_word' id='word_1_317' title='bbox 646 3851 754 3904; x_wconf 77' lang='lat' dir='ltr'><strong><em>[nec</em></strong></span> <span class='ocrx_word' id='word_1_318' title='bbox 791 3850 1036 3904; x_wconf 79' lang='lat' dir='ltr'><strong><em>cadavera</em></strong></span> <span class='ocrx_word' id='word_1_319' title='bbox 1067 3848 1265 3903; x_wconf 87' lang='lat' dir='ltr'><strong><em>animas</em></strong></span> <span class='ocrx_word' id='word_1_320' title='bbox 1301 3865 1428 3920; x_wconf 89' lang='lat' dir='ltr'><strong><em>quas</em></strong></span> <span class='ocrx_word' id='word_1_321' title='bbox 1462 3850 1524 3903; x_wconf 88' lang='lat' dir='ltr'><strong><em>a&#39;e</em></strong></span> <span class='ocrx_word' id='word_1_322' title='bbox 1554 3849 1678 3918; x_wconf 89' lang='lat' dir='ltr'><strong><em>ipsis</em></strong></span> <span class='ocrx_word' id='word_1_323' title='bbox 1713 3850 1881 3920; x_wconf 86' lang='lat' dir='ltr'><strong><em>egredi</em></strong></span> <span class='ocrx_word' id='word_1_324' title='bbox 1919 3850 2140 3907; x_wconf 83' lang='lat' dir='ltr'><strong><em>voluisti.</em></strong></span> 
     </span>
    </p>
   </div>
   <div class='ocr_carea' id='block_1_41' title="bbox 562 3940 2141 4012">
    <p class='ocr_par' dir='ltr' id='par_1_41' title="bbox 562 3940 2141 4012">
     <span class='ocr_line' id='line_1_41' title="bbox 562 3940 2141 4012; baseline 0.001 -17"><span class='ocrx_word' id='word_1_325' title='bbox 562 3941 676 4009; x_wconf 88' lang='lat' dir='ltr'><strong><em>Qua</em></strong></span> <span class='ocrx_word' id='word_1_326' title='bbox 708 3940 922 4012; x_wconf 84' lang='lat' dir='ltr'><strong><em>quidem</em></strong></span> <span class='ocrx_word' id='word_1_327' title='bbox 953 3941 1198 3995; x_wconf 87' lang='lat' dir='ltr'><strong><em>oratione</em></strong></span> <span class='ocrx_word' id='word_1_328' title='bbox 1227 3942 1371 3994; x_wconf 87' lang='lat' dir='ltr'><strong><em>finita</em></strong></span> <span class='ocrx_word' id='word_1_329' title='bbox 1394 3983 1408 4005; x_wconf 93' lang='lat'><strong><em>,</em></strong></span> <span class='ocrx_word' id='word_1_330' title='bbox 1436 3940 1641 4010; x_wconf 88' lang='lat' dir='ltr'><strong><em>singula</em></strong></span> <span class='ocrx_word' id='word_1_331' title='bbox 1669 3956 1826 3996; x_wconf 85' lang='lat' dir='ltr'><strong><em>sacco</em></strong></span> <span class='ocrx_word' id='word_1_332' title='bbox 1849 3955 1955 4012; x_wconf 90' lang='lat' dir='ltr'><strong><em>quo</em></strong></span> <span class='ocrx_word' id='word_1_333' title='bbox 1983 3957 2141 4012; x_wconf 86' lang='lat' dir='ltr'><strong><em>supra</em></strong></span> 
     </span>
    </p>
   </div>
   <div class='ocr_carea' id='block_1_42' title="bbox 561 4030 2144 4104">
    <p class='ocr_par' dir='ltr' id='par_1_42' title="bbox 561 4030 2144 4104">
     <span class='ocr_line' id='line_1_42' title="bbox 561 4030 2144 4104; baseline 0 -16"><span class='ocrx_word' id='word_1_334' title='bbox 561 4047 778 4088; x_wconf 90' lang='lat' dir='ltr'><strong><em>carnem</em></strong></span> <span class='ocrx_word' id='word_1_335' title='bbox 805 4031 1071 4103; x_wconf 87' lang='lat' dir='ltr'><strong><em>gloriosus</em></strong></span> <span class='ocrx_word' id='word_1_336' title='bbox 1111 4030 1467 4103; x_wconf 85' lang='lat' dir='ltr'><strong><em>Hieronymus</em></strong></span> <span class='ocrx_word' id='word_1_337' title='bbox 1509 4032 1754 4088; x_wconf 88' lang='lat' dir='ltr'><strong><em>utebatur</em></strong></span> <span class='ocrx_word' id='word_1_338' title='bbox 1793 4041 2016 4104; x_wconf 84' lang='lat' dir='ltr'><strong><em>tangens</em></strong></span> <span class='ocrx_word' id='word_1_339' title='bbox 2053 4049 2144 4088; x_wconf 83' lang='lat' dir='ltr'><strong><em>ca-</em></strong></span> 
     </span>
    </p>
   </div>
   <div class='ocr_carea' id='block_1_43' title="bbox 562 4122 2142 4194">
    <p class='ocr_par' dir='ltr' id='par_1_43' title="bbox 562 4122 2142 4194">
     <span class='ocr_line' id='line_1_43' title="bbox 562 4122 2142 4194; baseline 0.001 -15"><span class='ocrx_word' id='word_1_340' title='bbox 562 4126 781 4186; x_wconf 89' lang='lat' dir='ltr'><strong><em>davera,</em></strong></span> <span class='ocrx_word' id='word_1_341' title='bbox 813 4122 1059 4193; x_wconf 89' lang='lat' dir='ltr'><strong><em>protinus</em></strong></span> <span class='ocrx_word' id='word_1_342' title='bbox 1097 4123 1149 4178; x_wconf 91' lang='lat' dir='ltr'><strong><em>in</em></strong></span> <span class='ocrx_word' id='word_1_343' title='bbox 1177 4138 1240 4179; x_wconf 88' lang='lat' dir='ltr'><strong><em>ea</em></strong></span> <span class='ocrx_word' id='word_1_344' title='bbox 1266 4124 1391 4178; x_wconf 78' lang='lat' dir='ltr'><strong><em>vita:</em></strong></span> <span class='ocrx_word' id='word_1_345' title='bbox 1426 4123 1669 4194; x_wconf 88' lang='lat' dir='ltr'><strong><em>spiritum</em></strong></span> <span class='ocrx_word' id='word_1_346' title='bbox 1699 4125 2008 4180; x_wconf 82' lang='lat' dir='ltr'><strong><em>introduxit.</em></strong></span> <span class='ocrx_word' id='word_1_347' title='bbox 2042 4124 2142 4194; x_wconf 88' lang='lat' dir='ltr'><strong><em>Qui</em></strong></span> 
     </span>
    </p>
   </div>
   <div class='ocr_carea' id='block_1_44' title="bbox 562 4214 2140 4286">
    <p class='ocr_par' dir='ltr' id='par_1_44' title="bbox 562 4214 2140 4286">
     <span class='ocr_line' id='line_1_44' title="bbox 562 4214 2140 4286; baseline 0.001 -18"><span class='ocrx_word' id='word_1_348' title='bbox 562 4214 806 4269; x_wconf 83' lang='lat' dir='ltr'><strong><em>homines</em></strong></span> <span class='ocrx_word' id='word_1_349' title='bbox 834 4214 1036 4285; x_wconf 89' lang='lat' dir='ltr'><strong><em>apertis</em></strong></span> <span class='ocrx_word' id='word_1_350' title='bbox 1066 4215 1234 4270; x_wconf 88' lang='lat' dir='ltr'><strong><em>oculis</em></strong></span> <span class='ocrx_word' id='word_1_351' title='bbox 1253 4255 1268 4281; x_wconf 90' lang='lat'><strong><em>,</em></strong></span> <span class='ocrx_word' id='word_1_352' title='bbox 1300 4215 1657 4284; x_wconf 89' lang='lat' dir='ltr'><strong><em>omnibusque</em></strong></span> <span class='ocrx_word' id='word_1_353' title='bbox 1685 4217 1807 4270; x_wconf 79' lang='lat' dir='ltr'><strong><em>vine</em></strong></span> <span class='ocrx_word' id='word_1_354' title='bbox 1845 4216 2010 4286; x_wconf 84' lang='lat' dir='ltr'><strong><em>signis</em></strong></span> <span class='ocrx_word' id='word_1_355' title='bbox 2048 4229 2140 4270; x_wconf 85' lang='lat' dir='ltr'><strong><em>os-</em></strong></span> 
     </span>
    </p>
   </div>
   <div class='ocr_carea' id='block_1_45' title="bbox 563 4304 2140 4376">
    <p class='ocr_par' dir='ltr' id='par_1_45' title="bbox 563 4304 2140 4376">
     <span class='ocr_line' id='line_1_45' title="bbox 563 4304 2140 4376; baseline -0.001 -15"><span class='ocrx_word' id='word_1_356' title='bbox 563 4307 728 4362; x_wconf 89' lang='lat' dir='ltr'><strong><em>tensis</em></strong></span> <span class='ocrx_word' id='word_1_357' title='bbox 751 4348 767 4373; x_wconf 92' lang='lat'><strong><em>,</em></strong></span> <span class='ocrx_word' id='word_1_358' title='bbox 795 4315 921 4361; x_wconf 88' lang='lat' dir='ltr'><strong><em>sunt</em></strong></span> <span class='ocrx_word' id='word_1_359' title='bbox 947 4304 1180 4376; x_wconf 84' lang='lat' dir='ltr'><strong><em>perfecte</em></strong></span> <span class='ocrx_word' id='word_1_360' title='bbox 1207 4306 1507 4362; x_wconf 89' lang='lat' dir='ltr'><strong><em>resuscitati</em></strong></span> <span class='ocrx_word' id='word_1_361' title='bbox 1533 4315 1625 4366; x_wconf 87' lang='lat' dir='ltr'><strong><em>:.et</em></strong></span> <span class='ocrx_word' id='word_1_362' title='bbox 1644 4315 1925 4374; x_wconf 66' lang='lat' dir='ltr'><strong><em>coeperunt</em></strong></span> <span class='ocrx_word' id='word_1_363' title='bbox 1954 4305 2140 4361; x_wconf 87' lang='lat' dir='ltr'><strong><em>beata-</em></strong></span> 
     </span>
    </p>
   </div>
   <div class='ocr_carea' id='block_1_46' title="bbox 561 4396 2139 4466">
    <p class='ocr_par' dir='ltr' id='par_1_46' title="bbox 561 4396 2139 4466">
     <span class='ocr_line' id='line_1_46' title="bbox 561 4396 2139 4466; baseline 0.001 -17"><span class='ocrx_word' id='word_1_364' title='bbox 561 4410 680 4449; x_wconf 90' lang='lat' dir='ltr'><strong><em>rum</em></strong></span> <span class='ocrx_word' id='word_1_365' title='bbox 708 4397 1007 4451; x_wconf 90' lang='lat' dir='ltr'><strong><em>animarum</em></strong></span> <span class='ocrx_word' id='word_1_366' title='bbox 1035 4396 1259 4466; x_wconf 88' lang='lat' dir='ltr'><strong><em>gloriam</em></strong></span> <span class='ocrx_word' id='word_1_367' title='bbox 1285 4434 1300 4460; x_wconf 92' lang='lat'><strong><em>,</em></strong></span> <span class='ocrx_word' id='word_1_368' title='bbox 1333 4408 1387 4450; x_wconf 90' lang='lat' dir='ltr'><strong><em>et</em></strong></span> <span class='ocrx_word' id='word_1_369' title='bbox 1415 4405 1752 4464; x_wconf 87' lang='lat' dir='ltr'><strong><em>peccatorum</em></strong></span> <span class='ocrx_word' id='word_1_370' title='bbox 1783 4411 2001 4465; x_wconf 68' lang='lat' dir='ltr'><strong><em>pmnas,</em></strong></span> <span class='ocrx_word' id='word_1_371' title='bbox 2033 4405 2139 4450; x_wconf 89' lang='lat' dir='ltr'><strong><em>tam</em></strong></span> 
     </span>
    </p>
   </div>
   <div class='ocr_carea' id='block_1_47' title="bbox 565 4485 2140 4556">
    <p class='ocr_par' dir='ltr' id='par_1_47' title="bbox 565 4485 2140 4556">
     <span class='ocr_line' id='line_1_47' title="bbox 565 4485 2140 4556; baseline 0.001 -15"><span class='ocrx_word' id='word_1_372' title='bbox 565 4485 894 4556; x_wconf 83' lang='lat' dir='ltr'><strong><em>Purgatorii,</em></strong></span> <span class='ocrx_word' id='word_1_373' title='bbox 925 4501 1084 4555; x_wconf 88' lang='lat' dir='ltr'><strong><em>quam</em></strong></span> <span class='ocrx_word' id='word_1_374' title='bbox 1127 4485 1324 4540; x_wconf 82' lang='lat' dir='ltr'><strong><em>Inferni</em></strong></span> <span class='ocrx_word' id='word_1_375' title='bbox 1369 4486 1513 4540; x_wconf 87' lang='lat' dir='ltr'><strong><em>clara</em></strong></span> <span class='ocrx_word' id='word_1_376' title='bbox 1562 4501 1693 4542; x_wconf 89' lang='lat' dir='ltr'><strong><em>voce</em></strong></span> <span class='ocrx_word' id='word_1_377' title='bbox 1733 4486 1982 4541; x_wconf 88' lang='lat' dir='ltr'><strong><em>omnibus</em></strong></span> <span class='ocrx_word' id='word_1_378' title='bbox 2012 4487 2140 4542; x_wconf 90' lang='lat' dir='ltr'><strong><em>inti-</em></strong></span> 
     </span>
    </p>
   </div>
   <div class='ocr_carea' id='block_1_48' title="bbox 563 4573 2137 4647">
    <p class='ocr_par' dir='ltr' id='par_1_48' title="bbox 563 4573 2137 4647">
     <span class='ocr_line' id='line_1_48' title="bbox 563 4573 2137 4647; baseline 0.001 -16"><span class='ocrx_word' id='word_1_379' title='bbox 563 4591 728 4632; x_wconf 85' lang='lat' dir='ltr'><strong><em>mare.</em></strong></span> <span class='ocrx_word' id='word_1_380' title='bbox 750 4573 902 4638; x_wconf 83' lang='lat' dir='ltr'><strong><em>Nam,</em></strong></span> <span class='ocrx_word' id='word_1_381' title='bbox 919 4583 977 4629; x_wconf 91' lang='lat' dir='ltr'><strong><em>ut</em></strong></span> <span class='ocrx_word' id='word_1_382' title='bbox 993 4575 1120 4629; x_wconf 88' lang='lat' dir='ltr'><strong><em>mihi</em></strong></span> <span class='ocrx_word' id='word_1_383' title='bbox 1138 4575 1474 4644; x_wconf 88' lang='lat' dir='ltr'><strong><em>postmodum</em></strong></span> <span class='ocrx_word' id='word_1_384' title='bbox 1494 4576 1840 4647; x_wconf 87' lang='lat' dir='ltr'><strong><em>interroganti</em></strong></span> <span class='ocrx_word' id='word_1_385' title='bbox 1863 4579 2137 4646; x_wconf 84' lang='lat' dir='ltr'><strong><em>dixerunt,</em></strong></span> 
     </span>
    </p>
   </div>
   <div class='ocr_carea' id='block_1_49' title="bbox 563 4664 2139 4736">
    <p class='ocr_par' dir='ltr' id='par_1_49' title="bbox 563 4664 2139 4736">
     <span class='ocr_line' id='line_1_49' title="bbox 563 4664 2139 4736; baseline 0.002 -14"><span class='ocrx_word' id='word_1_386' title='bbox 563 4679 748 4722; x_wconf 74' lang='lat' dir='ltr'><strong><em>aeatus</em></strong></span> <span class='ocrx_word' id='word_1_387' title='bbox 779 4664 1134 4736; x_wconf 78' lang='lat' dir='ltr'><strong><em>Hieronymus</em></strong></span> <span class='ocrx_word' id='word_1_388' title='bbox 1157 4680 1252 4720; x_wconf 91' lang='lat' dir='ltr'><strong><em>eos</em></strong></span> <span class='ocrx_word' id='word_1_389' title='bbox 1277 4665 1608 4722; x_wconf 84' lang='lat' dir='ltr'><strong><em>conduxerat</em></strong></span> <span class='ocrx_word' id='word_1_390' title='bbox 1630 4682 1813 4722; x_wconf 89' lang='lat' dir='ltr'><strong><em>secum</em></strong></span> <span class='ocrx_word' id='word_1_391' title='bbox 1840 4669 1892 4722; x_wconf 90' lang='lat' dir='ltr'><strong><em>in</em></strong></span> <span class='ocrx_word' id='word_1_392' title='bbox 1925 4669 2139 4726; x_wconf 82' lang='lat' dir='ltr'><strong><em>Paradi-</em></strong></span> 
     </span>
    </p>
   </div>
   <div class='ocr_carea' id='block_1_50' title="bbox 561 4757 2140 4832">
    <p class='ocr_par' dir='ltr' id='par_1_50' title="bbox 561 4757 2140 4832">
     <span class='ocr_line' id='line_1_50' title="bbox 561 4757 2140 4832; baseline 0.005 -22"><span class='ocrx_word' id='word_1_393' title='bbox 561 4776 678 4813; x_wconf 60' lang='lat' dir='ltr'><strong><em>sum</em></strong></span> <span class='ocrx_word' id='word_1_394' title='bbox 699 4799 714 4825; x_wconf 90' lang='lat'><strong><em>,</em></strong></span> <span class='ocrx_word' id='word_1_395' title='bbox 745 4758 1114 4830; x_wconf 84' lang='lat' dir='ltr'><strong><em>Purgatorium</em></strong></span> <span class='ocrx_word' id='word_1_396' title='bbox 1135 4797 1150 4823; x_wconf 90' lang='lat'><strong><em>,</em></strong></span> <span class='ocrx_word' id='word_1_397' title='bbox 1190 4767 1246 4813; x_wconf 90' lang='lat' dir='ltr'><strong><em>et</em></strong></span> <span class='ocrx_word' id='word_1_398' title='bbox 1274 4757 1562 4824; x_wconf 90' lang='lat' dir='ltr'><strong><em>Infernum,</em></strong></span> <span class='ocrx_word' id='word_1_399' title='bbox 1594 4768 1652 4813; x_wconf 93' lang='lat' dir='ltr'><strong><em>ut</em></strong></span> <span class='ocrx_word' id='word_1_400' title='bbox 1674 4775 1792 4829; x_wconf 76' lang='lat' dir='ltr'><strong><em>qua:</em></strong></span> <span class='ocrx_word' id='word_1_401' title='bbox 1818 4760 1888 4815; x_wconf 89' lang='lat' dir='ltr'><strong><em>ibi</em></strong></span> <span class='ocrx_word' id='word_1_402' title='bbox 1911 4762 2140 4832; x_wconf 82' lang='lat' dir='ltr'><strong><em>ageban-</em></strong></span> 
     </span>
    </p>
   </div>
   <div class='ocr_carea' id='block_1_51' title="bbox 587 4847 2137 4922">
    <p class='ocr_par' dir='ltr' id='par_1_51' title="bbox 587 4847 2137 4922">
     <span class='ocr_line' id='line_1_51' title="bbox 587 4847 2137 4922; baseline 0.003 -18"><span class='ocrx_word' id='word_1_403' title='bbox 587 4866 681 4916; x_wconf 89' lang='lat' dir='ltr'><strong><em>ur,</em></strong></span> <span class='ocrx_word' id='word_1_404' title='bbox 729 4849 1055 4920; x_wconf 88' lang='lat' dir='ltr'><strong><em>patefaceret</em></strong></span> <span class='ocrx_word' id='word_1_405' title='bbox 1085 4848 1367 4904; x_wconf 80' lang='lat' dir='ltr'><strong><em>universis.</em></strong></span> <span class='ocrx_word' id='word_1_406' title='bbox 1409 4847 1628 4918; x_wconf 78' lang='lat' dir='ltr'><strong><em>Sibique</em></strong></span> <span class='ocrx_word' id='word_1_407' title='bbox 1673 4849 1879 4907; x_wconf 89' lang='lat' dir='ltr'><strong><em>dixerat</em></strong></span> <span class='ocrx_word' id='word_1_408' title='bbox 1906 4853 2045 4922; x_wconf 90' lang='lat' dir='ltr'><strong><em>quod</em></strong></span> <span class='ocrx_word' id='word_1_409' title='bbox 2071 4853 2137 4908; x_wconf 87' lang='lat' dir='ltr'><strong><em>ad</em></strong></span> 
     </span>
    </p>
   </div>
   <div class='ocr_carea' id='block_1_52' title="bbox 561 4941 2140 5018">
    <p class='ocr_par' dir='ltr' id='par_1_52' title="bbox 561 4941 2140 5018">
     <span class='ocr_line' id='line_1_52' title="bbox 561 4941 2140 5018; baseline 0.003 -21"><span class='ocrx_word' id='word_1_410' title='bbox 561 4957 790 5013; x_wconf 90' lang='lat' dir='ltr'><strong><em>corpora</em></strong></span> <span class='ocrx_word' id='word_1_411' title='bbox 820 4943 1094 5007; x_wconf 82' lang='lat' dir='ltr'><strong><em>redirent,</em></strong></span> <span class='ocrx_word' id='word_1_412' title='bbox 1127 4951 1179 4997; x_wconf 92' lang='lat' dir='ltr'><strong><em>et</em></strong></span> <span class='ocrx_word' id='word_1_413' title='bbox 1210 4941 1277 4997; x_wconf 89' lang='lat' dir='ltr'><strong><em>de</em></strong></span> <span class='ocrx_word' id='word_1_414' title='bbox 1309 4942 1628 5013; x_wconf 89' lang='lat' dir='ltr'><strong><em>perpetratis</em></strong></span> <span class='ocrx_word' id='word_1_415' title='bbox 1659 4944 1891 5018; x_wconf 82' lang='lat' dir='ltr'><strong><em>peccatis</em></strong></span> <span class='ocrx_word' id='word_1_416' title='bbox 1921 4943 1989 4999; x_wconf 90' lang='lat' dir='ltr'><strong><em>ibi</em></strong></span> <span class='ocrx_word' id='word_1_417' title='bbox 2015 4960 2140 5016; x_wconf 88' lang='lat' dir='ltr'><strong><em>age-</em></strong></span> 
     </span>
    </p>
   </div>
   <div class='ocr_carea' id='block_1_53' title="bbox 560 5035 2139 5106">
    <p class='ocr_par' dir='ltr' id='par_1_53' title="bbox 560 5035 2139 5106">
     <span class='ocr_line' id='line_1_53' title="bbox 560 5035 2139 5106; baseline 0.003 -17"><span class='ocrx_word' id='word_1_418' title='bbox 560 5043 678 5089; x_wconf 84' lang='lat' dir='ltr'><strong><em>rent</em></strong></span> <span class='ocrx_word' id='word_1_419' title='bbox 705 5035 1072 5105; x_wconf 69' lang='lat' dir='ltr'><strong><em>posnitcntiam</em></strong></span> <span class='ocrx_word' id='word_1_420' title='bbox 1093 5052 1107 5089; x_wconf 88' lang='lat'><strong>:</strong></span> <span class='ocrx_word' id='word_1_421' title='bbox 1125 5035 1244 5106; x_wconf 90' lang='lat' dir='ltr'><strong><em>quia</em></strong></span> <span class='ocrx_word' id='word_1_422' title='bbox 1270 5050 1336 5090; x_wconf 89' lang='lat' dir='ltr'><strong><em>eo</em></strong></span> <span class='ocrx_word' id='word_1_423' title='bbox 1355 5035 1442 5090; x_wconf 90' lang='lat' dir='ltr'><strong><em>die</em></strong></span> <span class='ocrx_word' id='word_1_424' title='bbox 1463 5044 1515 5090; x_wconf 89' lang='lat' dir='ltr'><strong><em>et</em></strong></span> <span class='ocrx_word' id='word_1_425' title='bbox 1543 5035 1669 5089; x_wconf 89' lang='lat' dir='ltr'><strong><em>hora</em></strong></span> <span class='ocrx_word' id='word_1_426' title='bbox 1692 5051 1794 5106; x_wconf 91' lang='lat' dir='ltr'><strong><em>qua</em></strong></span> <span class='ocrx_word' id='word_1_427' title='bbox 1820 5037 2139 5094; x_wconf 81' lang='lat' dir='ltr'><strong><em>venerabilis</em></strong></span> 
     </span>
    </p>
   </div>
   <div class='ocr_carea' id='block_1_54' title="bbox 560 5126 2140 5198">
    <p class='ocr_par' dir='ltr' id='par_1_54' title="bbox 560 5126 2140 5198">
     <span class='ocr_line' id='line_1_54' title="bbox 560 5126 2140 5198; baseline 0.003 -17"><span class='ocrx_word' id='word_1_428' title='bbox 560 5126 818 5183; x_wconf 83' lang='lat' dir='ltr'><strong><em>Eusebius</em></strong></span> <span class='ocrx_word' id='word_1_429' title='bbox 861 5129 1152 5183; x_wconf 89' lang='lat' dir='ltr'><strong><em>moriturus</em></strong></span> <span class='ocrx_word' id='word_1_430' title='bbox 1179 5138 1294 5182; x_wconf 90' lang='lat' dir='ltr'><strong><em>erat</em></strong></span> <span class='ocrx_word' id='word_1_431' title='bbox 1316 5169 1333 5193; x_wconf 91' lang='lat'><strong><em>,</em></strong></span> <span class='ocrx_word' id='word_1_432' title='bbox 1364 5136 1420 5182; x_wconf 87' lang='lat' dir='ltr'><strong><em>et</em></strong></span> <span class='ocrx_word' id='word_1_433' title='bbox 1447 5127 1550 5198; x_wconf 86' lang='lat' dir='ltr'><strong><em>ipsi</em></strong></span> <span class='ocrx_word' id='word_1_434' title='bbox 1579 5128 1824 5183; x_wconf 90' lang='lat' dir='ltr'><strong><em>morituri</em></strong></span> <span class='ocrx_word' id='word_1_435' title='bbox 1865 5138 2016 5183; x_wconf 86' lang='lat' dir='ltr'><strong><em>erant</em></strong></span> <span class='ocrx_word' id='word_1_436' title='bbox 2039 5148 2053 5185; x_wconf 93' lang='lat'><strong>:</strong></span> <span class='ocrx_word' id='word_1_437' title='bbox 2077 5144 2140 5185; x_wconf 90' lang='lat' dir='ltr'><strong><em>ac</em></strong></span> 
     </span>
    </p>
   </div>
   <div class='ocr_carea' id='block_1_55' title="bbox 559 5217 2137 5290">
    <p class='ocr_par' dir='ltr' id='par_1_55' title="bbox 559 5217 2137 5290">
     <span class='ocr_line' id='line_1_55' title="bbox 559 5217 2137 5290; baseline 0.003 -18"><span class='ocrx_word' id='word_1_438' title='bbox 559 5218 718 5273; x_wconf 86' lang='lat' dir='ltr'><strong><em>etiam</em></strong></span> <span class='ocrx_word' id='word_1_439' title='bbox 747 5218 791 5272; x_wconf 87' lang='lat' dir='ltr'><strong><em>si</em></strong></span> <span class='ocrx_word' id='word_1_440' title='bbox 832 5217 968 5274; x_wconf 90' lang='lat' dir='ltr'><strong><em>bene</em></strong></span> <span class='ocrx_word' id='word_1_441' title='bbox 1008 5227 1231 5287; x_wconf 88' lang='lat' dir='ltr'><strong><em>agerent</em></strong></span> <span class='ocrx_word' id='word_1_442' title='bbox 1259 5218 1648 5288; x_wconf 73' lang='lat' dir='ltr'><strong><em>paenitentiam,</em></strong></span> <span class='ocrx_word' id='word_1_443' title='bbox 1675 5235 1798 5275; x_wconf 90' lang='lat' dir='ltr'><strong><em>cum</em></strong></span> <span class='ocrx_word' id='word_1_444' title='bbox 1829 5234 1893 5276; x_wconf 89' lang='lat' dir='ltr'><strong><em>eo</em></strong></span> <span class='ocrx_word' id='word_1_445' title='bbox 1917 5220 2137 5290; x_wconf 87' lang='lat' dir='ltr'><strong><em>gloriam</em></strong></span> 
     </span>
    </p>
   </div>
   <div class='ocr_carea' id='block_1_56' title="bbox 559 5307 2134 5378">
    <p class='ocr_par' dir='ltr' id='par_1_56' title="bbox 559 5307 2134 5378">
     <span class='ocr_line' id='line_1_56' title="bbox 559 5307 2134 5378; baseline 0.002 -17"><span class='ocrx_word' id='word_1_446' title='bbox 559 5307 802 5378; x_wconf 74' lang='lat' dir='ltr'><strong><em>adepturi</em></strong></span> <span class='ocrx_word' id='word_1_447' title='bbox 831 5326 844 5362; x_wconf 91' lang='lat'>:</span> <span class='ocrx_word' id='word_1_448' title='bbox 868 5308 1009 5377; x_wconf 89' lang='lat' dir='ltr'><strong><em>quod</em></strong></span> <span class='ocrx_word' id='word_1_449' title='bbox 1040 5319 1095 5362; x_wconf 89' lang='lat' dir='ltr'><strong><em>et</em></strong></span> <span class='ocrx_word' id='word_1_450' title='bbox 1124 5307 1317 5363; x_wconf 83' lang='lat' dir='ltr'><strong><em>factum</em></strong></span> <span class='ocrx_word' id='word_1_451' title='bbox 1348 5317 1434 5364; x_wconf 90' lang='lat' dir='ltr'><strong><em>est</em></strong></span> <span class='ocrx_word' id='word_1_452' title='bbox 1454 5349 1469 5373; x_wconf 95' lang='lat'><strong><em>,</em></strong></span> <span class='ocrx_word' id='word_1_453' title='bbox 1500 5319 1557 5363; x_wconf 88' lang='lat' dir='ltr'><strong><em>ut</em></strong></span> <span class='ocrx_word' id='word_1_454' title='bbox 1585 5309 1807 5366; x_wconf 80' lang='lat' dir='ltr'><strong><em>inferius</em></strong></span> <span class='ocrx_word' id='word_1_455' title='bbox 1831 5310 2134 5367; x_wconf 89' lang='lat' dir='ltr'><strong><em>declarabo.</em></strong></span> 
     </span>
    </p>
   </div>
   <div class='ocr_carea' id='block_1_57' title="bbox 561 5395 2138 5470">
    <p class='ocr_par' dir='ltr' id='par_1_57' title="bbox 561 5395 2138 5470">
     <span class='ocr_line' id='line_1_57' title="bbox 561 5395 2138 5470; baseline 0.004 -20"><span class='ocrx_word' id='word_1_456' title='bbox 561 5395 655 5451; x_wconf 87' lang='lat' dir='ltr'><strong><em>llis</em></strong></span> <span class='ocrx_word' id='word_1_457' title='bbox 703 5396 860 5464; x_wconf 84' lang='lat' dir='ltr'><strong><em>igitur</em></strong></span> <span class='ocrx_word' id='word_1_458' title='bbox 902 5396 1167 5464; x_wconf 88' lang='lat' dir='ltr'><strong><em>peractis,</em></strong></span> <span class='ocrx_word' id='word_1_459' title='bbox 1216 5395 1502 5452; x_wconf 88' lang='lat' dir='ltr'><strong><em>multitudo</em></strong></span> <span class='ocrx_word' id='word_1_460' title='bbox 1549 5399 1777 5454; x_wconf 83' lang='lat' dir='ltr'><strong><em>maxima</em></strong></span> <span class='ocrx_word' id='word_1_461' title='bbox 1821 5399 2138 5470; x_wconf 87' lang='lat' dir='ltr'><strong><em>populorum</em></strong></span> 
     </span>
    </p>
   </div>
   <div class='ocr_carea' id='block_1_58' title="bbox 561 5487 2137 5561">
    <p class='ocr_par' dir='ltr' id='par_1_58' title="bbox 561 5487 2137 5561">
     <span class='ocr_line' id='line_1_58' title="bbox 561 5487 2137 5561; baseline 0.005 -20"><span class='ocrx_word' id='word_1_462' title='bbox 561 5495 670 5541; x_wconf 83' lang='lat' dir='ltr'><strong><em>tam</em></strong></span> <span class='ocrx_word' id='word_1_463' title='bbox 703 5487 936 5540; x_wconf 86' lang='lat' dir='ltr'><strong><em>fidelium</em></strong></span> <span class='ocrx_word' id='word_1_464' title='bbox 963 5525 980 5550; x_wconf 92' lang='lat'><strong><em>,</em></strong></span> <span class='ocrx_word' id='word_1_465' title='bbox 1010 5501 1167 5554; x_wconf 90' lang='lat' dir='ltr'><strong><em>quam</em></strong></span> <span class='ocrx_word' id='word_1_466' title='bbox 1197 5489 1357 5543; x_wconf 90' lang='lat' dir='ltr'><strong><em>etiam</em></strong></span> <span class='ocrx_word' id='word_1_467' title='bbox 1387 5489 1530 5544; x_wconf 89' lang='lat' dir='ltr'><strong><em>illius</em></strong></span> <span class='ocrx_word' id='word_1_468' title='bbox 1555 5500 1717 5547; x_wconf 77' lang='lat' dir='ltr'><strong><em>secta:</em></strong></span> <span class='ocrx_word' id='word_1_469' title='bbox 1753 5491 2094 5548; x_wconf 89' lang='lat' dir='ltr'><strong><em>defensorum</em></strong></span> <span class='ocrx_word' id='word_1_470' title='bbox 2121 5535 2137 5561; x_wconf 91' lang='lat'><strong><em>,</em></strong></span> 
     </span>
    </p>
   </div>
   <div class='ocr_carea' id='block_1_59' title="bbox 559 5572 2138 5648">
    <p class='ocr_par' dir='ltr' id='par_1_59' title="bbox 559 5572 2138 5648">
     <span class='ocr_line' id='line_1_59' title="bbox 559 5572 2138 5648; baseline 0.009 -25"><span class='ocrx_word' id='word_1_471' title='bbox 559 5574 646 5643; x_wconf 80' lang='lat' dir='ltr'><strong><em>qui</em></strong></span> <span class='ocrx_word' id='word_1_472' title='bbox 679 5573 742 5648; x_wconf 84' lang='lat' dir='ltr'><strong><em>ad</em></strong></span> <span class='ocrx_word' id='word_1_473' title='bbox 766 5572 965 5641; x_wconf 80' lang='lat' dir='ltr'><strong><em>grande</em></strong></span> <span class='ocrx_word' id='word_1_474' title='bbox 985 5585 1368 5631; x_wconf 85' lang='lat' dir='ltr'><strong><em>concurrerant</em></strong></span> <span class='ocrx_word' id='word_1_475' title='bbox 1387 5579 1776 5648; x_wconf 87' lang='lat' dir='ltr'><strong><em>spectaculum,</em></strong></span> <span class='ocrx_word' id='word_1_476' title='bbox 1802 5589 1908 5636; x_wconf 90' lang='lat' dir='ltr'><strong><em>tam</em></strong></span> <span class='ocrx_word' id='word_1_477' title='bbox 1933 5593 2138 5638; x_wconf 89' lang='lat' dir='ltr'><strong><em>certum</em></strong></span> 
     </span>
    </p>
   </div>
   <div class='ocr_carea' id='block_1_60' title="bbox 562 5661 2139 5735">
    <p class='ocr_par' dir='ltr' id='par_1_60' title="bbox 562 5661 2139 5735">
     <span class='ocr_line' id='line_1_60' title="bbox 562 5661 2139 5735; baseline 0.007 -14"><span class='ocrx_word' id='word_1_478' title='bbox 562 5663 820 5721; x_wconf 87' lang='lat' dir='ltr'><strong><em>indicium</em></strong></span> <span class='ocrx_word' id='word_1_479' title='bbox 864 5669 918 5714; x_wconf 93' lang='lat' dir='ltr'><strong><em>et</em></strong></span> <span class='ocrx_word' id='word_1_480' title='bbox 955 5661 1190 5719; x_wconf 83' lang='lat' dir='ltr'><strong><em>veritatis</em></strong></span> <span class='ocrx_word' id='word_1_481' title='bbox 1230 5669 1650 5735; x_wconf 84' lang='lat' dir='ltr'><strong><em>experimentum</em></strong></span> <span class='ocrx_word' id='word_1_482' title='bbox 1685 5689 1698 5726; x_wconf 90' lang='lat'><strong>:</strong></span> <span class='ocrx_word' id='word_1_483' title='bbox 1752 5687 1956 5730; x_wconf 89' lang='lat' dir='ltr'><strong><em>necnon</em></strong></span> <span class='ocrx_word' id='word_1_484' title='bbox 2002 5675 2139 5733; x_wconf 84' lang='lat' dir='ltr'><strong><em>beati</em></strong></span> 
     </span>
    </p>
   </div>
   <div class='ocr_carea' id='block_1_61' title="bbox 1712 273 2687 334">
    <p class='ocr_par' dir='ltr' id='par_1_61' title="bbox 1712 273 2687 334">
     <span class='ocr_line' id='line_1_61' title="bbox 1712 273 2687 334; baseline 0.001 -1"><span class='ocrx_word' id='word_1_485' title='bbox 1712 278 1799 334; x_wconf 87' lang='lat' dir='ltr'><strong><em>DE</em></strong></span> <span class='ocrx_word' id='word_1_486' title='bbox 1836 273 2206 334; x_wconf 74' lang='lat' dir='ltr'><strong><em>MIRACL&#39;LIS</em></strong></span> <span class='ocrx_word' id='word_1_487' title='bbox 2282 275 2687 334; x_wconf 71' lang='grc' dir='ltr'><strong><em>ΙΙΙΕΒΟΝΥΜΙ.</em></strong></span> 
     </span>
    </p>
   </div>
   <div class='ocr_carea' id='block_1_62' title="bbox 3743 292 3858 351">
    <p class='ocr_par' dir='ltr' id='par_1_62' title="bbox 3743 292 3858 351">
     <span class='ocr_line' id='line_1_62' title="bbox 3743 292 3858 351; baseline 0 0"><span class='ocrx_word' id='word_1_488' title='bbox 3743 292 3858 351; x_wconf 68' lang='lat'><strong><em>292</em></strong></span> 
     </span>
    </p>
   </div>
   <div class='ocr_carea' id='block_1_63' title="bbox 2278 389 3860 474">
    <p class='ocr_par' dir='ltr' id='par_1_63' title="bbox 2278 389 3860 474">
     <span class='ocr_line' id='line_1_63' title="bbox 2278 389 3860 474; baseline 0.014 -31"><span class='ocrx_word' id='word_1_489' title='bbox 2278 389 2598 463; x_wconf 76' lang='lat' dir='ltr'><strong><em>Hieronymi</em></strong></span> <span class='ocrx_word' id='word_1_490' title='bbox 2621 392 2812 448; x_wconf 90' lang='lat' dir='ltr'><strong><em>merita</em></strong></span> <span class='ocrx_word' id='word_1_491' title='bbox 2838 395 3047 466; x_wconf 82' lang='lat' dir='ltr'><strong><em>egregia</em></strong></span> <span class='ocrx_word' id='word_1_492' title='bbox 3076 408 3378 467; x_wconf 88' lang='lat' dir='ltr'><strong><em>cernentes,</em></strong></span> <span class='ocrx_word' id='word_1_493' title='bbox 3407 406 3611 474; x_wconf 87' lang='lat' dir='ltr'><strong><em>magnis</em></strong></span> <span class='ocrx_word' id='word_1_494' title='bbox 3635 408 3860 467; x_wconf 81' lang='lat' dir='ltr'><strong><em>vocibus</em></strong></span> 
     </span>
    </p>
   </div>
   <div class='ocr_carea' id='block_1_64' title="bbox 2271 485 3859 572">
    <p class='ocr_par' dir='ltr' id='par_1_64' title="bbox 2271 485 3859 572">
     <span class='ocr_line' id='line_1_64' title="bbox 2271 485 3859 572; baseline 0.015 -32"><span class='ocrx_word' id='word_1_495' title='bbox 2271 485 2562 546; x_wconf 84' lang='lat' dir='ltr'><strong><em>immensas</em></strong></span> <span class='ocrx_word' id='word_1_496' title='bbox 2601 495 2800 563; x_wconf 89' lang='lat' dir='ltr'><strong><em>gratias</em></strong></span> <span class='ocrx_word' id='word_1_497' title='bbox 2836 495 3080 551; x_wconf 84' lang='lat' dir='ltr'><strong><em>referunt</em></strong></span> <span class='ocrx_word' id='word_1_498' title='bbox 3122 501 3386 566; x_wconf 88' lang='lat' dir='ltr'><strong><em>creatori,</em></strong></span> <span class='ocrx_word' id='word_1_499' title='bbox 3414 503 3505 572; x_wconf 89' lang='lat' dir='ltr'><strong><em>qui</em></strong></span> <span class='ocrx_word' id='word_1_500' title='bbox 3556 519 3686 560; x_wconf 87' lang='lat' dir='ltr'><strong><em>suos</em></strong></span> <span class='ocrx_word' id='word_1_501' title='bbox 3713 506 3768 562; x_wconf 91' lang='lat' dir='ltr'><strong><em>in</em></strong></span> <span class='ocrx_word' id='word_1_502' title='bbox 3797 521 3859 564; x_wconf 87' lang='lat' dir='ltr'><strong><em>se</em></strong></span> 
     </span>
    </p>
   </div>
   <div class='ocr_carea' id='block_1_65' title="bbox 2267 583 3856 668">
    <p class='ocr_par' dir='ltr' id='par_1_65' title="bbox 2267 583 3856 668">
     <span class='ocr_line' id='line_1_65' title="bbox 2267 583 3856 668; baseline 0.014 -36"><span class='ocrx_word' id='word_1_503' title='bbox 2267 591 2551 649; x_wconf 83' lang='lat' dir='ltr'><strong><em>sperantes</em></strong></span> <span class='ocrx_word' id='word_1_504' title='bbox 2576 600 2683 638; x_wconf 90' lang='lat' dir='ltr'><strong><em>non</em></strong></span> <span class='ocrx_word' id='word_1_505' title='bbox 2709 583 2932 640; x_wconf 87' lang='lat' dir='ltr'><strong><em>deserit.</em></strong></span> <span class='ocrx_word' id='word_1_506' title='bbox 2974 586 3040 641; x_wconf 86' lang='lat' dir='ltr'><strong><em>Et</em></strong></span> <span class='ocrx_word' id='word_1_507' title='bbox 3067 587 3145 641; x_wconf 91' lang='lat' dir='ltr'><strong><em>sic</em></strong></span> <span class='ocrx_word' id='word_1_508' title='bbox 3170 630 3184 654; x_wconf 94' lang='lat'><strong><em>,</em></strong></span> <span class='ocrx_word' id='word_1_509' title='bbox 3214 591 3508 660; x_wconf 83' lang='lat' dir='ltr'><strong><em>Augustine</em></strong></span> <span class='ocrx_word' id='word_1_510' title='bbox 3528 596 3813 654; x_wconf 85' lang='lat' dir='ltr'><strong><em>carissime</em></strong></span> <span class='ocrx_word' id='word_1_511' title='bbox 3836 641 3856 668; x_wconf 89' lang='lat'><strong><em>,</em></strong></span> 
     </span>
    </p>
   </div>
   <div class='ocr_carea' id='block_1_66' title="bbox 2267 671 3858 752">
    <p class='ocr_par' dir='ltr' id='par_1_66' title="bbox 2267 671 3858 752">
     <span class='ocr_line' id='line_1_66' title="bbox 2267 671 3858 752; baseline 0.014 -29"><span class='ocrx_word' id='word_1_512' title='bbox 2267 671 2388 740; x_wconf 91' lang='lat' dir='ltr'><strong><em>pius</em></strong></span> <span class='ocrx_word' id='word_1_513' title='bbox 2416 671 2673 728; x_wconf 86' lang='lat' dir='ltr'><strong><em>Dominus</em></strong></span> <span class='ocrx_word' id='word_1_514' title='bbox 2696 676 2997 731; x_wconf 78' lang='lat' dir='ltr'><strong><em>naviculam</em></strong></span> <span class='ocrx_word' id='word_1_515' title='bbox 3037 691 3149 734; x_wconf 65' lang='lat' dir='ltr'><strong><em>sua:</em></strong></span> <span class='ocrx_word' id='word_1_516' title='bbox 3194 679 3318 736; x_wconf 84' lang='lat' dir='ltr'><strong><em>fidei</em></strong></span> <span class='ocrx_word' id='word_1_517' title='bbox 3353 685 3730 743; x_wconf 68' lang='lat' dir='ltr'><strong><em>sacratissima</em></strong></span> <span class='ocrx_word' id='word_1_518' title='bbox 3754 729 3770 752; x_wconf 92' lang='lat'><strong><em>,</em></strong></span> <span class='ocrx_word' id='word_1_519' title='bbox 3800 690 3858 746; x_wconf 86' lang='lat' dir='ltr'><strong><em>in</em></strong></span> 
     </span>
    </p>
   </div>
   <div class='ocr_carea' id='block_1_67' title="bbox 2269 759 3856 836">
    <p class='ocr_par' dir='ltr' id='par_1_67' title="bbox 2269 759 3856 836">
     <span class='ocr_line' id='line_1_67' title="bbox 2269 759 3856 836; baseline 0.014 -22"><span class='ocrx_word' id='word_1_520' title='bbox 2269 759 2426 830; x_wconf 88' lang='lat' dir='ltr'><strong><em>hujus</em></strong></span> <span class='ocrx_word' id='word_1_521' title='bbox 2457 764 2640 818; x_wconf 86' lang='lat' dir='ltr'><strong><em>mundi</em></strong></span> <span class='ocrx_word' id='word_1_522' title='bbox 2681 768 2816 821; x_wconf 86' lang='lat' dir='ltr'><strong><em>mari</em></strong></span> <span class='ocrx_word' id='word_1_523' title='bbox 2857 770 3225 824; x_wconf 87' lang='lat' dir='ltr'><strong><em>eructantibus</em></strong></span> <span class='ocrx_word' id='word_1_524' title='bbox 3263 772 3528 829; x_wconf 87' lang='lat' dir='ltr'><strong><em>malorum</em></strong></span> <span class='ocrx_word' id='word_1_525' title='bbox 3572 776 3856 836; x_wconf 85' lang='lat' dir='ltr'><strong><em>hominum</em></strong></span> 
     </span>
    </p>
   </div>
   <div class='ocr_carea' id='block_1_68' title="bbox 2268 852 3855 944">
    <p class='ocr_par' dir='ltr' id='par_1_68' title="bbox 2268 852 3855 944">
     <span class='ocr_line' id='line_1_68' title="bbox 2268 852 3855 944; baseline 0.015 -38"><span class='ocrx_word' id='word_1_526' title='bbox 2268 852 2517 910; x_wconf 86' lang='lat' dir='ltr'><strong><em>fluctibus</em></strong></span> <span class='ocrx_word' id='word_1_527' title='bbox 2559 859 2746 928; x_wconf 82' lang='lat' dir='ltr'><strong><em>agitari</em></strong></span> <span class='ocrx_word' id='word_1_528' title='bbox 2799 863 3092 929; x_wconf 82' lang='lat' dir='ltr'><strong><em>permittit,</em></strong></span> <span class='ocrx_word' id='word_1_529' title='bbox 3131 863 3228 917; x_wconf 85' lang='lat' dir='ltr'><strong><em>sed</em></strong></span> <span class='ocrx_word' id='word_1_530' title='bbox 3275 866 3496 924; x_wconf 88' lang='lat' dir='ltr'><strong><em>minime</em></strong></span> <span class='ocrx_word' id='word_1_531' title='bbox 3526 870 3855 944; x_wconf 85' lang='lat' dir='ltr'><strong><em>naufragari.</em></strong></span> 
     </span>
    </p>
   </div>
   <div class='ocr_carea' id='block_1_69' title="bbox 2267 945 3855 1034">
    <p class='ocr_par' dir='ltr' id='par_1_69' title="bbox 2267 945 3855 1034">
     <span class='ocr_line' id='line_1_69' title="bbox 2267 945 3855 1034; baseline 0.014 -36"><span class='ocrx_word' id='word_1_532' title='bbox 2267 945 2386 1013; x_wconf 89' lang='lat' dir='ltr'><strong><em>Quo</em></strong></span> <span class='ocrx_word' id='word_1_533' title='bbox 2412 947 2627 1016; x_wconf 86' lang='lat' dir='ltr'><strong><em>quidem</em></strong></span> <span class='ocrx_word' id='word_1_534' title='bbox 2676 949 2799 1004; x_wconf 89' lang='lat' dir='ltr'><strong><em>forti</em></strong></span> <span class='ocrx_word' id='word_1_535' title='bbox 2831 967 3015 1021; x_wconf 75' lang='lat' dir='ltr'><strong><em>qtneso</em></strong></span> <span class='ocrx_word' id='word_1_536' title='bbox 3043 961 3160 1009; x_wconf 88' lang='lat' dir='ltr'><strong><em>esto</em></strong></span> <span class='ocrx_word' id='word_1_537' title='bbox 3196 955 3414 1011; x_wconf 86' lang='lat' dir='ltr'><strong><em>animo:</em></strong></span> <span class='ocrx_word' id='word_1_538' title='bbox 3439 959 3662 1017; x_wconf 86' lang='lat' dir='ltr'><strong><em>viriliter</em></strong></span> <span class='ocrx_word' id='word_1_539' title='bbox 3701 979 3805 1034; x_wconf 88' lang='lat' dir='ltr'><strong><em>age</em></strong></span> <span class='ocrx_word' id='word_1_540' title='bbox 3836 981 3855 1020; x_wconf 86' lang='lat'><strong>:</strong></span> 
     </span>
    </p>
   </div>
   <div class='ocr_carea' id='block_1_70' title="bbox 2269 1037 3858 1123">
    <p class='ocr_par' dir='ltr' id='par_1_70' title="bbox 2269 1037 3858 1123">
     <span class='ocr_line' id='line_1_70' title="bbox 2269 1037 3858 1123; baseline 0.015 -34"><span class='ocrx_word' id='word_1_541' title='bbox 2269 1052 2376 1090; x_wconf 89' lang='lat' dir='ltr'><strong><em>non</em></strong></span> <span class='ocrx_word' id='word_1_542' title='bbox 2408 1037 2661 1096; x_wconf 87' lang='lat' dir='ltr'><strong><em>formides</em></strong></span> <span class='ocrx_word' id='word_1_543' title='bbox 2687 1052 2877 1097; x_wconf 89' lang='lat' dir='ltr'><strong><em>contra</em></strong></span> <span class='ocrx_word' id='word_1_544' title='bbox 2917 1044 3039 1099; x_wconf 88' lang='lat' dir='ltr'><strong><em>fidei</em></strong></span> <span class='ocrx_word' id='word_1_545' title='bbox 3081 1057 3455 1115; x_wconf 88' lang='lat' dir='ltr'><strong><em>persecutores</em></strong></span> <span class='ocrx_word' id='word_1_546' title='bbox 3477 1056 3858 1123; x_wconf 82' lang='lat' dir='ltr'><strong><em>magnanimus</em></strong></span> 
     </span>
    </p>
   </div>
   <div class='ocr_carea' id='block_1_71' title="bbox 2267 1125 3857 1212">
    <p class='ocr_par' dir='ltr' id='par_1_71' title="bbox 2267 1125 3857 1212">
     <span class='ocr_line' id='line_1_71' title="bbox 2267 1125 3857 1212; baseline 0.013 -30"><span class='ocrx_word' id='word_1_547' title='bbox 2267 1125 2545 1193; x_wconf 87' lang='lat' dir='ltr'><strong><em>dimicare,</em></strong></span> <span class='ocrx_word' id='word_1_548' title='bbox 2572 1129 2675 1184; x_wconf 90' lang='lat' dir='ltr'><strong><em>sub</em></strong></span> <span class='ocrx_word' id='word_1_549' title='bbox 2701 1131 2888 1185; x_wconf 88' lang='lat' dir='ltr'><strong><em>umbra</em></strong></span> <span class='ocrx_word' id='word_1_550' title='bbox 2910 1133 3116 1187; x_wconf 89' lang='lat' dir='ltr'><strong><em>alarum</em></strong></span> <span class='ocrx_word' id='word_1_551' title='bbox 3147 1145 3251 1188; x_wconf 90' lang='lat' dir='ltr'><strong><em>tam</em></strong></span> <span class='ocrx_word' id='word_1_552' title='bbox 3285 1137 3353 1206; x_wconf 90' lang='lat' dir='ltr'><strong><em>pii</em></strong></span> <span class='ocrx_word' id='word_1_553' title='bbox 3376 1140 3544 1208; x_wconf 89' lang='lat' dir='ltr'><strong><em>patris</em></strong></span> <span class='ocrx_word' id='word_1_554' title='bbox 3568 1159 3580 1193; x_wconf 90' lang='lat'><strong>:</strong></span> <span class='ocrx_word' id='word_1_555' title='bbox 3605 1145 3694 1212; x_wconf 92' lang='lat' dir='ltr'><strong><em>qui</em></strong></span> <span class='ocrx_word' id='word_1_556' title='bbox 3726 1161 3857 1202; x_wconf 91' lang='lat' dir='ltr'><strong><em>suo-</em></strong></span> 
     </span>
    </p>
   </div>
   <div class='ocr_carea' id='block_1_72' title="bbox 2266 1218 3856 1297">
    <p class='ocr_par' dir='ltr' id='par_1_72' title="bbox 2266 1218 3856 1297">
     <span class='ocr_line' id='line_1_72' title="bbox 2266 1218 3856 1297; baseline 0.015 -28"><span class='ocrx_word' id='word_1_557' title='bbox 2266 1230 2385 1270; x_wconf 91' lang='lat' dir='ltr'><strong><em>rum</em></strong></span> <span class='ocrx_word' id='word_1_558' title='bbox 2420 1218 2656 1273; x_wconf 89' lang='lat' dir='ltr'><strong><em>fidelium</em></strong></span> <span class='ocrx_word' id='word_1_559' title='bbox 2684 1235 2870 1290; x_wconf 84' lang='lat' dir='ltr'><strong><em>preces</em></strong></span> <span class='ocrx_word' id='word_1_560' title='bbox 2899 1223 3203 1279; x_wconf 71' lang='lat' dir='ltr'><strong><em>inefficaces</em></strong></span> <span class='ocrx_word' id='word_1_561' title='bbox 3230 1241 3336 1280; x_wconf 91' lang='lat' dir='ltr'><strong><em>non</em></strong></span> <span class='ocrx_word' id='word_1_562' title='bbox 3368 1229 3529 1297; x_wconf 89' lang='lat' dir='ltr'><strong><em>sinit,</em></strong></span> <span class='ocrx_word' id='word_1_563' title='bbox 3557 1232 3856 1294; x_wconf 89' lang='lat' dir='ltr'><strong><em>dummodo</em></strong></span> 
     </span>
    </p>
   </div>
   <div class='ocr_carea' id='block_1_73' title="bbox 2268 1312 3856 1384">
    <p class='ocr_par' dir='ltr' id='par_1_73' title="bbox 2268 1312 3856 1384">
     <span class='ocr_line' id='line_1_73' title="bbox 2268 1312 3856 1384; baseline 0.014 -22"><span class='ocrx_word' id='word_1_564' title='bbox 2268 1316 2373 1363; x_wconf 90' lang='lat' dir='ltr'><strong><em>tota</em></strong></span> <span class='ocrx_word' id='word_1_565' title='bbox 2401 1325 2496 1380; x_wconf 87' lang='lat' dir='ltr'><strong><em>spe</em></strong></span> <span class='ocrx_word' id='word_1_566' title='bbox 2522 1319 2576 1364; x_wconf 91' lang='lat' dir='ltr'><strong><em>et</em></strong></span> <span class='ocrx_word' id='word_1_567' title='bbox 2617 1326 2750 1380; x_wconf 93' lang='lat' dir='ltr'><strong><em>puro</em></strong></span> <span class='ocrx_word' id='word_1_568' title='bbox 2781 1312 2910 1368; x_wconf 86' lang='lat' dir='ltr'><strong><em>fiant</em></strong></span> <span class='ocrx_word' id='word_1_569' title='bbox 2951 1315 3151 1368; x_wconf 90' lang='lat' dir='ltr'><strong><em>animo.</em></strong></span> <span class='ocrx_word' id='word_1_570' title='bbox 3183 1315 3298 1372; x_wconf 83' lang='lat' dir='ltr'><strong><em>Non</em></strong></span> <span class='ocrx_word' id='word_1_571' title='bbox 3326 1321 3472 1374; x_wconf 88' lang='lat' dir='ltr'><strong><em>enim</em></strong></span> <span class='ocrx_word' id='word_1_572' title='bbox 3513 1334 3714 1380; x_wconf 77' lang='lat' dir='ltr'><strong><em>nostra:</em></strong></span> <span class='ocrx_word' id='word_1_573' title='bbox 3757 1345 3856 1384; x_wconf 84' lang='lat' dir='ltr'><strong><em>ne-</em></strong></span> 
     </span>
    </p>
   </div>
   <div class='ocr_carea' id='block_1_74' title="bbox 2265 1400 3853 1479">
    <p class='ocr_par' dir='ltr' id='par_1_74' title="bbox 2265 1400 3853 1479">
     <span class='ocr_line' id='line_1_74' title="bbox 2265 1400 3853 1479; baseline 0.019 -32"><span class='ocrx_word' id='word_1_574' title='bbox 2265 1409 2467 1468; x_wconf 92' lang='lat' dir='ltr'><strong><em>queunt</em></strong></span> <span class='ocrx_word' id='word_1_575' title='bbox 2489 1400 2730 1455; x_wconf 77' lang='lat' dir='ltr'><strong><em>exaudiri</em></strong></span> <span class='ocrx_word' id='word_1_576' title='bbox 2761 1417 2946 1472; x_wconf 90' lang='lat' dir='ltr'><strong><em>preces</em></strong></span> <span class='ocrx_word' id='word_1_577' title='bbox 2969 1444 2985 1470; x_wconf 92' lang='lat'><strong><em>,</em></strong></span> <span class='ocrx_word' id='word_1_578' title='bbox 3018 1404 3119 1459; x_wconf 89' lang='lat' dir='ltr'><strong><em>nisi</em></strong></span> <span class='ocrx_word' id='word_1_579' title='bbox 3151 1421 3273 1462; x_wconf 89' lang='lat' dir='ltr'><strong><em>eum</em></strong></span> <span class='ocrx_word' id='word_1_580' title='bbox 3305 1408 3355 1479; x_wconf 79' lang='lat' dir='ltr'><strong><em>in</em></strong></span> <span class='ocrx_word' id='word_1_581' title='bbox 3389 1410 3497 1466; x_wconf 89' lang='lat' dir='ltr'><strong><em>Deo</em></strong></span> <span class='ocrx_word' id='word_1_582' title='bbox 3524 1425 3708 1470; x_wconf 89' lang='lat' dir='ltr'><strong><em>nostra</em></strong></span> <span class='ocrx_word' id='word_1_583' title='bbox 3739 1432 3853 1476; x_wconf 89' lang='lat' dir='ltr'><strong><em>non</em></strong></span> 
     </span>
    </p>
   </div>
   <div class='ocr_carea' id='block_1_75' title="bbox 2266 1493 3848 1576">
    <p class='ocr_par' dir='ltr' id='par_1_75' title="bbox 2266 1493 3848 1576">
     <span class='ocr_line' id='line_1_75' title="bbox 2266 1493 3848 1576; baseline 0.014 -33"><span class='ocrx_word' id='word_1_584' title='bbox 2266 1493 2502 1560; x_wconf 84' lang='lat' dir='ltr'><strong><em>perfecte</em></strong></span> <span class='ocrx_word' id='word_1_585' title='bbox 2527 1507 2651 1563; x_wconf 85' lang='lat' dir='ltr'><strong><em>spes</em></strong></span> <span class='ocrx_word' id='word_1_586' title='bbox 2671 1495 2947 1549; x_wconf 89' lang='lat' dir='ltr'><strong><em>consistit:</em></strong></span> <span class='ocrx_word' id='word_1_587' title='bbox 2965 1495 3048 1551; x_wconf 86' lang='lat' dir='ltr'><strong><em>vel</em></strong></span> <span class='ocrx_word' id='word_1_588' title='bbox 3071 1498 3193 1568; x_wconf 90' lang='lat' dir='ltr'><strong><em>quia</em></strong></span> <span class='ocrx_word' id='word_1_589' title='bbox 3215 1501 3444 1568; x_wconf 84' lang='lat' dir='ltr'><strong><em>petimus</em></strong></span> <span class='ocrx_word' id='word_1_590' title='bbox 3466 1519 3570 1559; x_wconf 82' lang='lat' dir='ltr'><strong><em>nco</em></strong></span> <span class='ocrx_word' id='word_1_591' title='bbox 3595 1511 3848 1576; x_wconf 83' lang='lat' dir='ltr'><strong><em>petenda.</em></strong></span> 
     </span>
    </p>
   </div>
   <div class='ocr_carea' id='block_1_76' title="bbox 2267 1582 3854 1660">
    <p class='ocr_par' dir='ltr' id='par_1_76' title="bbox 2267 1582 3854 1660">
     <span class='ocr_line' id='line_1_76' title="bbox 2267 1582 3854 1660; baseline 0.012 -24"><span class='ocrx_word' id='word_1_592' title='bbox 2267 1582 2348 1636; x_wconf 80' lang='lat' dir='ltr'><strong><em>Ad</em></strong></span> <span class='ocrx_word' id='word_1_593' title='bbox 2391 1584 2562 1653; x_wconf 89' lang='lat' dir='ltr'><strong><em>ipsum</em></strong></span> <span class='ocrx_word' id='word_1_594' title='bbox 2592 1599 2723 1654; x_wconf 87' lang='lat' dir='ltr'><strong><em>ergo</em></strong></span> <span class='ocrx_word' id='word_1_595' title='bbox 2751 1585 3035 1641; x_wconf 91' lang='lat' dir='ltr'><strong><em>Dominum</em></strong></span> <span class='ocrx_word' id='word_1_596' title='bbox 3066 1603 3171 1642; x_wconf 90' lang='lat' dir='ltr'><strong><em>non</em></strong></span> <span class='ocrx_word' id='word_1_597' title='bbox 3201 1598 3402 1646; x_wconf 89' lang='lat' dir='ltr'><strong><em>tantum</em></strong></span> <span class='ocrx_word' id='word_1_598' title='bbox 3431 1608 3523 1648; x_wconf 90' lang='lat' dir='ltr'><strong><em>ore</em></strong></span> <span class='ocrx_word' id='word_1_599' title='bbox 3547 1636 3562 1660; x_wconf 92' lang='lat'><strong><em>,</em></strong></span> <span class='ocrx_word' id='word_1_600' title='bbox 3609 1598 3703 1652; x_wconf 88' lang='lat' dir='ltr'><strong><em>sed</em></strong></span> <span class='ocrx_word' id='word_1_601' title='bbox 3737 1611 3854 1655; x_wconf 89' lang='lat' dir='ltr'><strong><em>toto</em></strong></span> 
     </span>
    </p>
   </div>
   <div class='ocr_carea' id='block_1_77' title="bbox 2265 1673 3853 1754">
    <p class='ocr_par' dir='ltr' id='par_1_77' title="bbox 2265 1673 3853 1754">
     <span class='ocr_line' id='line_1_77' title="bbox 2265 1673 3853 1754; baseline 0.01 -27"><span class='ocrx_word' id='word_1_602' title='bbox 2265 1673 2430 1729; x_wconf 89' lang='lat' dir='ltr'><strong><em>corde</em></strong></span> <span class='ocrx_word' id='word_1_603' title='bbox 2456 1675 2752 1730; x_wconf 89' lang='lat' dir='ltr'><strong><em>clamemus</em></strong></span> <span class='ocrx_word' id='word_1_604' title='bbox 2772 1676 2898 1730; x_wconf 89' lang='lat' dir='ltr'><strong><em>dum</em></strong></span> <span class='ocrx_word' id='word_1_605' title='bbox 2923 1677 3213 1748; x_wconf 82' lang='lat' dir='ltr'><strong><em>afﬂigimur</em></strong></span> <span class='ocrx_word' id='word_1_606' title='bbox 3237 1698 3250 1733; x_wconf 90' lang='lat'>:</span> <span class='ocrx_word' id='word_1_607' title='bbox 3273 1691 3327 1735; x_wconf 91' lang='lat' dir='ltr'><strong><em>et</em></strong></span> <span class='ocrx_word' id='word_1_608' title='bbox 3349 1683 3464 1754; x_wconf 74' lang='lat' dir='ltr'><strong><em>ipse</em></strong></span> <span class='ocrx_word' id='word_1_609' title='bbox 3486 1686 3573 1754; x_wconf 89' lang='lat' dir='ltr'><strong><em>qui</em></strong></span> <span class='ocrx_word' id='word_1_610' title='bbox 3599 1686 3816 1743; x_wconf 82' lang='lat' dir='ltr'><strong><em>domina</em></strong></span> <span class='ocrx_word' id='word_1_611' title='bbox 3836 1720 3853 1733; x_wconf 84' lang='lat'><strong>-</strong></span> 
     </span>
    </p>
   </div>
   <div class='ocr_carea' id='block_1_78' title="bbox 2266 1765 3850 1849">
    <p class='ocr_par' dir='ltr' id='par_1_78' title="bbox 2266 1765 3850 1849">
     <span class='ocr_line' id='line_1_78' title="bbox 2266 1765 3850 1849; baseline 0.012 -31"><span class='ocrx_word' id='word_1_612' title='bbox 2266 1773 2352 1819; x_wconf 89' lang='lat' dir='ltr'><strong><em>tur</em></strong></span> <span class='ocrx_word' id='word_1_613' title='bbox 2397 1765 2451 1819; x_wconf 90' lang='lat' dir='ltr'><strong><em>in</em></strong></span> <span class='ocrx_word' id='word_1_614' title='bbox 2497 1769 2695 1822; x_wconf 82' lang='lat' dir='ltr'><strong><em>virtute</em></strong></span> <span class='ocrx_word' id='word_1_615' title='bbox 2739 1781 2872 1832; x_wconf 89' lang='lat' dir='ltr'><strong><em>sua,</em></strong></span> <span class='ocrx_word' id='word_1_616' title='bbox 2913 1777 2968 1823; x_wconf 88' lang='lat' dir='ltr'><strong><em>et</em></strong></span> <span class='ocrx_word' id='word_1_617' title='bbox 3009 1783 3110 1824; x_wconf 87' lang='lat' dir='ltr'><strong><em>nos</em></strong></span> <span class='ocrx_word' id='word_1_618' title='bbox 3150 1772 3392 1838; x_wconf 90' lang='lat' dir='ltr'><strong><em>quotidie</em></strong></span> <span class='ocrx_word' id='word_1_619' title='bbox 3433 1775 3592 1830; x_wconf 90' lang='lat' dir='ltr'><strong><em>oculo</em></strong></span> <span class='ocrx_word' id='word_1_620' title='bbox 3629 1780 3850 1849; x_wconf 81' lang='lat' dir='ltr'><strong><em>respicit</em></strong></span> 
     </span>
    </p>
   </div>
   <div class='ocr_carea' id='block_1_79' title="bbox 2263 1857 3855 1940">
    <p class='ocr_par' dir='ltr' id='par_1_79' title="bbox 2263 1857 3855 1940">
     <span class='ocr_line' id='line_1_79' title="bbox 2263 1857 3855 1940; baseline 0.004 -30"><span class='ocrx_word' id='word_1_621' title='bbox 2263 1857 2498 1926; x_wconf 86' lang='lat' dir='ltr'><strong><em>pietatis,</em></strong></span> <span class='ocrx_word' id='word_1_622' title='bbox 2527 1873 2634 1912; x_wconf 90' lang='lat' dir='ltr'><strong><em>non</em></strong></span> <span class='ocrx_word' id='word_1_623' title='bbox 2662 1859 2932 1928; x_wconf 88' lang='lat' dir='ltr'><strong><em>permittet</em></strong></span> <span class='ocrx_word' id='word_1_624' title='bbox 2953 1873 3051 1914; x_wconf 91' lang='lat' dir='ltr'><strong><em>nos</em></strong></span> <span class='ocrx_word' id='word_1_625' title='bbox 3073 1863 3271 1916; x_wconf 85' lang='lat' dir='ltr'><strong><em>tentari</em></strong></span> <span class='ocrx_word' id='word_1_626' title='bbox 3292 1878 3451 1933; x_wconf 89' lang='lat' dir='ltr'><strong><em>supra</em></strong></span> <span class='ocrx_word' id='word_1_627' title='bbox 3482 1866 3532 1920; x_wconf 91' lang='lat' dir='ltr'><strong><em>id</em></strong></span> <span class='ocrx_word' id='word_1_628' title='bbox 3555 1868 3696 1937; x_wconf 89' lang='lat' dir='ltr'><strong><em>quod</em></strong></span> <span class='ocrx_word' id='word_1_629' title='bbox 3723 1884 3855 1940; x_wconf 70' lang='lat' dir='ltr'><strong><em>pos-</em></strong></span> 
     </span>
    </p>
   </div>
   <div class='ocr_carea' id='block_1_80' title="bbox 2263 1949 3844 2030">
    <p class='ocr_par' dir='ltr' id='par_1_80' title="bbox 2263 1949 3844 2030">
     <span class='ocr_line' id='line_1_80' title="bbox 2263 1949 3844 2030; baseline 0.01 -28"><span class='ocrx_word' id='word_1_630' title='bbox 2263 1963 2469 2003; x_wconf 88' lang='lat' dir='ltr'><strong><em>sumus.</em></strong></span> <span class='ocrx_word' id='word_1_631' title='bbox 2492 1949 2680 2005; x_wconf 86' lang='lat' dir='ltr'><strong><em>Sedne</em></strong></span> <span class='ocrx_word' id='word_1_632' title='bbox 2695 1951 2855 2005; x_wconf 91' lang='lat' dir='ltr'><strong><em>nimis</em></strong></span> <span class='ocrx_word' id='word_1_633' title='bbox 2866 1951 3097 2006; x_wconf 87' lang='lat' dir='ltr'><strong><em>deviusa</em></strong></span> <span class='ocrx_word' id='word_1_634' title='bbox 3117 1957 3394 2022; x_wconf 83' lang='lat' dir='ltr'><strong><em>proposito</em></strong></span> <span class='ocrx_word' id='word_1_635' title='bbox 3417 1958 3577 2011; x_wconf 88' lang='lat' dir='ltr'><strong><em>modo</em></strong></span> <span class='ocrx_word' id='word_1_636' title='bbox 3603 1960 3844 2030; x_wconf 82' lang='lat' dir='ltr'><strong><em>gradiar,</em></strong></span> 
     </span>
    </p>
   </div>
   <div class='ocr_carea' id='block_1_81' title="bbox 2261 2038 3848 2110">
    <p class='ocr_par' dir='ltr' id='par_1_81' title="bbox 2261 2038 3848 2110">
     <span class='ocr_line' id='line_1_81' title="bbox 2261 2038 3848 2110; baseline 0.008 -17"><span class='ocrx_word' id='word_1_637' title='bbox 2261 2038 2328 2094; x_wconf 91' lang='lat' dir='ltr'><strong><em>ad</em></strong></span> <span class='ocrx_word' id='word_1_638' title='bbox 2367 2040 2597 2110; x_wconf 65' lang='lat' dir='ltr'><strong><em>incepta</em></strong></span> <span class='ocrx_word' id='word_1_639' title='bbox 2638 2041 2876 2108; x_wconf 89' lang='lat' dir='ltr'><strong><em>redeam,</em></strong></span> <span class='ocrx_word' id='word_1_640' title='bbox 2920 2051 2975 2096; x_wconf 88' lang='lat' dir='ltr'><strong><em>et</em></strong></span> <span class='ocrx_word' id='word_1_641' title='bbox 3009 2043 3335 2099; x_wconf 89' lang='lat' dir='ltr'><strong><em>venerabilis</em></strong></span> <span class='ocrx_word' id='word_1_642' title='bbox 3383 2045 3596 2102; x_wconf 86' lang='lat' dir='ltr'><strong><em>Eusebii</em></strong></span> <span class='ocrx_word' id='word_1_643' title='bbox 3639 2049 3848 2105; x_wconf 83' lang='lat' dir='ltr'><strong><em>obitum</em></strong></span> 
     </span>
    </p>
   </div>
   <div class='ocr_carea' id='block_1_82' title="bbox 2261 2131 3845 2207">
    <p class='ocr_par' dir='ltr' id='par_1_82' title="bbox 2261 2131 3845 2207">
     <span class='ocr_line' id='line_1_82' title="bbox 2261 2131 3845 2207; baseline 0.008 -22"><span class='ocrx_word' id='word_1_644' title='bbox 2261 2131 2486 2201; x_wconf 84' lang='lat' dir='ltr'><strong><em>explens</em></strong></span> <span class='ocrx_word' id='word_1_645' title='bbox 2513 2133 2686 2202; x_wconf 90' lang='lat' dir='ltr'><strong><em>primo</em></strong></span> <span class='ocrx_word' id='word_1_646' title='bbox 2711 2174 2726 2199; x_wconf 95' lang='lat'><strong><em>,</em></strong></span> <span class='ocrx_word' id='word_1_647' title='bbox 2774 2143 2827 2188; x_wconf 89' lang='lat' dir='ltr'><strong><em>et</em></strong></span> <span class='ocrx_word' id='word_1_648' title='bbox 2860 2134 3098 2188; x_wconf 80' lang='lat' dir='ltr'><strong><em>virorum</em></strong></span> <span class='ocrx_word' id='word_1_649' title='bbox 3138 2134 3350 2189; x_wconf 90' lang='lat' dir='ltr'><strong><em>illorum</em></strong></span> <span class='ocrx_word' id='word_1_650' title='bbox 3379 2139 3536 2193; x_wconf 87' lang='lat' dir='ltr'><strong><em>trium</em></strong></span> <span class='ocrx_word' id='word_1_651' title='bbox 3562 2140 3845 2207; x_wconf 84' lang='lat' dir='ltr'><strong><em>similiter,</em></strong></span> 
     </span>
    </p>
   </div>
   <div class='ocr_carea' id='block_1_83' title="bbox 2260 2224 3847 2304">
    <p class='ocr_par' dir='ltr' id='par_1_83' title="bbox 2260 2224 3847 2304">
     <span class='ocr_line' id='line_1_83' title="bbox 2260 2224 3847 2304; baseline 0.006 -27"><span class='ocrx_word' id='word_1_652' title='bbox 2260 2239 2395 2294; x_wconf 90' lang='lat' dir='ltr'><strong><em>quos</em></strong></span> <span class='ocrx_word' id='word_1_653' title='bbox 2425 2224 2776 2281; x_wconf 89' lang='lat' dir='ltr'><strong><em>resuscitatos</em></strong></span> <span class='ocrx_word' id='word_1_654' title='bbox 2803 2227 2944 2280; x_wconf 86' lang='lat' dir='ltr'><strong><em>nosti</em></strong></span> <span class='ocrx_word' id='word_1_655' title='bbox 2971 2267 2985 2290; x_wconf 89' lang='lat'><strong><em>,</em></strong></span> <span class='ocrx_word' id='word_1_656' title='bbox 3019 2226 3390 2298; x_wconf 66' lang='lat' dir='ltr'><strong><em>migratiovem</em></strong></span> <span class='ocrx_word' id='word_1_657' title='bbox 3418 2230 3658 2286; x_wconf 87' lang='lat' dir='ltr'><strong><em>scribens</em></strong></span> <span class='ocrx_word' id='word_1_658' title='bbox 3682 2250 3697 2286; x_wconf 90' lang='lat'><strong>:</strong></span> <span class='ocrx_word' id='word_1_659' title='bbox 3719 2235 3847 2304; x_wconf 83' lang='lat' dir='ltr'><strong><em>quia</em></strong></span> 
     </span>
    </p>
   </div>
   <div class='ocr_carea' id='block_1_84' title="bbox 2259 2313 3847 2394">
    <p class='ocr_par' dir='ltr' id='par_1_84' title="bbox 2259 2313 3847 2394">
     <span class='ocr_line' id='line_1_84' title="bbox 2259 2313 3847 2394; baseline 0.008 -27"><span class='ocrx_word' id='word_1_660' title='bbox 2259 2314 2448 2368; x_wconf 89' lang='lat' dir='ltr'><strong><em>eadem</em></strong></span> <span class='ocrx_word' id='word_1_661' title='bbox 2495 2313 2628 2370; x_wconf 88' lang='lat' dir='ltr'><strong><em>hora</em></strong></span> <span class='ocrx_word' id='word_1_662' title='bbox 2673 2325 2800 2371; x_wconf 90' lang='lat' dir='ltr'><strong><em>sunt</em></strong></span> <span class='ocrx_word' id='word_1_663' title='bbox 2845 2326 2900 2372; x_wconf 91' lang='lat' dir='ltr'><strong><em>et</em></strong></span> <span class='ocrx_word' id='word_1_664' title='bbox 2941 2313 3064 2380; x_wconf 90' lang='lat' dir='ltr'><strong><em>die,</em></strong></span> <span class='ocrx_word' id='word_1_665' title='bbox 3094 2332 3200 2387; x_wconf 91' lang='lat' dir='ltr'><strong><em>qua</em></strong></span> <span class='ocrx_word' id='word_1_666' title='bbox 3241 2318 3504 2374; x_wconf 83' lang='lat' dir='ltr'><strong><em>Eusebius</em></strong></span> <span class='ocrx_word' id='word_1_667' title='bbox 3530 2363 3543 2385; x_wconf 93' lang='lat'><strong><em>,</em></strong></span> <span class='ocrx_word' id='word_1_668' title='bbox 3578 2321 3646 2377; x_wconf 89' lang='lat' dir='ltr'><strong><em>de</em></strong></span> <span class='ocrx_word' id='word_1_669' title='bbox 3687 2323 3847 2394; x_wconf 81' lang='lat' dir='ltr'><strong><em>hujus</em></strong></span> 
     </span>
    </p>
   </div>
   <div class='ocr_carea' id='block_1_85' title="bbox 2259 2406 3842 2487">
    <p class='ocr_par' dir='ltr' id='par_1_85' title="bbox 2259 2406 3842 2487">
     <span class='ocr_line' id='line_1_85' title="bbox 2259 2406 3842 2487; baseline 0.007 -27"><span class='ocrx_word' id='word_1_670' title='bbox 2259 2406 2442 2460; x_wconf 89' lang='lat' dir='ltr'><strong><em>mundi</em></strong></span> <span class='ocrx_word' id='word_1_671' title='bbox 2472 2417 2527 2463; x_wconf 91' lang='lat' dir='ltr'><strong><em>et</em></strong></span> <span class='ocrx_word' id='word_1_672' title='bbox 2556 2407 2692 2463; x_wconf 80' lang='lat' dir='ltr'><strong><em>valle</em></strong></span> <span class='ocrx_word' id='word_1_673' title='bbox 2737 2408 2970 2463; x_wconf 64' lang='lat' dir='ltr'><strong><em>miseriae</em></strong></span> <span class='ocrx_word' id='word_1_674' title='bbox 2998 2411 3234 2480; x_wconf 86' lang='lat' dir='ltr'><strong><em>exempti</em></strong></span> <span class='ocrx_word' id='word_1_675' title='bbox 3262 2451 3277 2476; x_wconf 90' lang='lat'><strong><em>,</em></strong></span> <span class='ocrx_word' id='word_1_676' title='bbox 3309 2412 3486 2482; x_wconf 88' lang='lat' dir='ltr'><strong><em>aliqua</em></strong></span> <span class='ocrx_word' id='word_1_677' title='bbox 3527 2413 3842 2487; x_wconf 79' lang='lat' dir='ltr'><strong><em>Hieronymi</em></strong></span> 
     </span>
    </p>
   </div>
   <div class='ocr_carea' id='block_1_86' title="bbox 2258 2498 3202 2556">
    <p class='ocr_par' dir='ltr' id='par_1_86' title="bbox 2258 2498 3202 2556">
     <span class='ocr_line' id='line_1_86' title="bbox 2258 2498 3202 2556; baseline 0.004 -4"><span class='ocrx_word' id='word_1_678' title='bbox 2258 2498 2514 2554; x_wconf 90' lang='lat' dir='ltr'><strong><em>miracula</em></strong></span> <span class='ocrx_word' id='word_1_679' title='bbox 2539 2499 2610 2555; x_wconf 87' lang='lat' dir='ltr'><strong><em>de</em></strong></span> <span class='ocrx_word' id='word_1_680' title='bbox 2639 2500 2822 2556; x_wconf 81' lang='lat' dir='ltr'><strong><em>multis</em></strong></span> <span class='ocrx_word' id='word_1_681' title='bbox 2847 2501 3202 2556; x_wconf 87' lang='lat' dir='ltr'><strong><em>introducam.</em></strong></span> 
     </span>
    </p>
   </div>
   <div class='ocr_carea' id='block_1_87' title="bbox 2327 2587 3845 2665">
    <p class='ocr_par' dir='ltr' id='par_1_87' title="bbox 2327 2587 3845 2665">
     <span class='ocr_line' id='line_1_87' title="bbox 2327 2587 3845 2665; baseline 0.008 -24"><span class='ocrx_word' id='word_1_682' title='bbox 2327 2587 2460 2642; x_wconf 78' lang='lat' dir='ltr'><strong><em>CAP.</em></strong></span> <span class='ocrx_word' id='word_1_683' title='bbox 2506 2588 2596 2643; x_wconf 85' lang='grc' dir='ltr'><strong>ΙΙΙ.</strong></span> <span class='ocrx_word' id='word_1_684' title='bbox 2634 2589 2970 2645; x_wconf 80' lang='lat' dir='ltr'><strong><em>Adveniente</em></strong></span> <span class='ocrx_word' id='word_1_685' title='bbox 3014 2600 3197 2647; x_wconf 88' lang='lat' dir='ltr'><strong><em>autem</em></strong></span> <span class='ocrx_word' id='word_1_686' title='bbox 3239 2591 3327 2648; x_wconf 91' lang='lat' dir='ltr'><strong><em>die</em></strong></span> <span class='ocrx_word' id='word_1_687' title='bbox 3375 2609 3484 2665; x_wconf 89' lang='lat' dir='ltr'><strong><em>quo</em></strong></span> <span class='ocrx_word' id='word_1_688' title='bbox 3522 2595 3845 2653; x_wconf 87' lang='lat' dir='ltr'><strong><em>venerabilis</em></strong></span> 
     </span>
    </p>
   </div>
   <div class='ocr_carea' id='block_1_88' title="bbox 2259 2678 3842 2757">
    <p class='ocr_par' dir='ltr' id='par_1_88' title="bbox 2259 2678 3842 2757">
     <span class='ocr_line' id='line_1_88' title="bbox 2259 2678 3842 2757; baseline 0.007 -24"><span class='ocrx_word' id='word_1_689' title='bbox 2259 2679 2520 2734; x_wconf 84' lang='lat' dir='ltr'><strong><em>Eusebius</em></strong></span> <span class='ocrx_word' id='word_1_690' title='bbox 2543 2694 2574 2734; x_wconf 89' lang='lat' dir='ltr'><strong><em>a</em></strong></span> <span class='ocrx_word' id='word_1_691' title='bbox 2602 2679 2760 2736; x_wconf 87' lang='lat' dir='ltr'><strong><em>beato</em></strong></span> <span class='ocrx_word' id='word_1_692' title='bbox 2783 2681 3110 2752; x_wconf 84' lang='lat' dir='ltr'><strong><em>Hieronymo</em></strong></span> <span class='ocrx_word' id='word_1_693' title='bbox 3132 2683 3182 2736; x_wconf 93' lang='lat' dir='ltr'><strong><em>in</em></strong></span> <span class='ocrx_word' id='word_1_694' title='bbox 3211 2678 3435 2750; x_wconf 82' lang='lat' dir='ltr'><strong><em>visione,</em></strong></span> <span class='ocrx_word' id='word_1_695' title='bbox 3463 2685 3530 2741; x_wconf 89' lang='lat' dir='ltr'><strong><em>de</em></strong></span> <span class='ocrx_word' id='word_1_696' title='bbox 3549 2701 3652 2756; x_wconf 85' lang='lat' dir='ltr'><strong><em>qua</em></strong></span> <span class='ocrx_word' id='word_1_697' title='bbox 3677 2701 3842 2757; x_wconf 86' lang='lat' dir='ltr'><strong><em>supra</em></strong></span> 
     </span>
    </p>
   </div>
   <div class='ocr_carea' id='block_1_89' title="bbox 2259 2769 3843 2848">
    <p class='ocr_par' dir='ltr' id='par_1_89' title="bbox 2259 2769 3843 2848">
     <span class='ocr_line' id='line_1_89' title="bbox 2259 2769 3843 2848; baseline 0.008 -26"><span class='ocrx_word' id='word_1_698' title='bbox 2259 2769 2402 2824; x_wconf 89' lang='lat' dir='ltr'><strong><em>fatus</em></strong></span> <span class='ocrx_word' id='word_1_699' title='bbox 2429 2785 2546 2824; x_wconf 90' lang='lat' dir='ltr'><strong><em>sum</em></strong></span> <span class='ocrx_word' id='word_1_700' title='bbox 2575 2811 2590 2836; x_wconf 95' lang='lat'><strong><em>,</em></strong></span> <span class='ocrx_word' id='word_1_701' title='bbox 2619 2785 2678 2825; x_wconf 91' lang='lat' dir='ltr'><strong><em>se</em></strong></span> <span class='ocrx_word' id='word_1_702' title='bbox 2719 2769 3070 2842; x_wconf 81' lang='lat' dir='ltr'><strong><em>migraturum</em></strong></span> <span class='ocrx_word' id='word_1_703' title='bbox 3119 2774 3354 2840; x_wconf 83' lang='lat' dir='ltr'><strong><em>scierat,</em></strong></span> <span class='ocrx_word' id='word_1_704' title='bbox 3399 2774 3484 2830; x_wconf 85' lang='lat' dir='ltr'><strong><em>die</em></strong></span> <span class='ocrx_word' id='word_1_705' title='bbox 3511 2777 3666 2830; x_wconf 88' lang='lat' dir='ltr'><strong><em>tertia</em></strong></span> <span class='ocrx_word' id='word_1_706' title='bbox 3699 2772 3843 2848; x_wconf 64' lang='lat' dir='ltr'><strong><em>pra-</em></strong></span> 
     </span>
    </p>
   </div>
   <div class='ocr_carea' id='block_1_90' title="bbox 2256 2859 3844 2940">
    <p class='ocr_par' dir='ltr' id='par_1_90' title="bbox 2256 2859 3844 2940">
     <span class='ocr_line' id='line_1_90' title="bbox 2256 2859 3844 2940; baseline 0.009 -28"><span class='ocrx_word' id='word_1_707' title='bbox 2256 2867 2418 2914; x_wconf 83' lang='lat' dir='ltr'><strong><em>eunte</em></strong></span> <span class='ocrx_word' id='word_1_708' title='bbox 2437 2899 2452 2925; x_wconf 91' lang='lat'><strong><em>,</em></strong></span> <span class='ocrx_word' id='word_1_709' title='bbox 2483 2859 2738 2930; x_wconf 84' lang='lat' dir='ltr'><strong><em>languore</em></strong></span> <span class='ocrx_word' id='word_1_710' title='bbox 2768 2861 2992 2916; x_wconf 90' lang='lat' dir='ltr'><strong><em>febrium</em></strong></span> <span class='ocrx_word' id='word_1_711' title='bbox 3035 2877 3330 2920; x_wconf 87' lang='lat' dir='ltr'><strong><em>concussus</em></strong></span> <span class='ocrx_word' id='word_1_712' title='bbox 3355 2864 3528 2920; x_wconf 80' lang='lat' dir='ltr'><strong><em>valide</em></strong></span> <span class='ocrx_word' id='word_1_713' title='bbox 3549 2907 3565 2932; x_wconf 93' lang='lat'><strong><em>,</em></strong></span> <span class='ocrx_word' id='word_1_714' title='bbox 3592 2881 3652 2922; x_wconf 87' lang='lat' dir='ltr'><strong><em>se</em></strong></span> <span class='ocrx_word' id='word_1_715' title='bbox 3677 2883 3844 2940; x_wconf 89' lang='lat' dir='ltr'><strong><em>super</em></strong></span> 
     </span>
    </p>
   </div>
   <div class='ocr_carea' id='block_1_91' title="bbox 2258 2951 3844 3026">
    <p class='ocr_par' dir='ltr' id='par_1_91' title="bbox 2258 2951 3844 3026">
     <span class='ocr_line' id='line_1_91' title="bbox 2258 2951 3844 3026; baseline 0.008 -21"><span class='ocrx_word' id='word_1_716' title='bbox 2258 2961 2456 3006; x_wconf 90' lang='lat' dir='ltr'><strong><em>terram</em></strong></span> <span class='ocrx_word' id='word_1_717' title='bbox 2485 2951 2746 3023; x_wconf 89' lang='lat' dir='ltr'><strong><em>(magistri</em></strong></span> <span class='ocrx_word' id='word_1_718' title='bbox 2777 2968 2884 3008; x_wconf 91' lang='lat' dir='ltr'><strong><em>non</em></strong></span> <span class='ocrx_word' id='word_1_719' title='bbox 2915 2954 3221 3026; x_wconf 90' lang='lat' dir='ltr'><strong><em>immemor)</em></strong></span> <span class='ocrx_word' id='word_1_720' title='bbox 3255 2957 3455 3012; x_wconf 90' lang='lat' dir='ltr'><strong><em>nudum</em></strong></span> <span class='ocrx_word' id='word_1_721' title='bbox 3482 2957 3680 3015; x_wconf 89' lang='lat' dir='ltr'><strong><em>deferri</em></strong></span> <span class='ocrx_word' id='word_1_722' title='bbox 3713 2961 3844 3018; x_wconf 84' lang='lat' dir='ltr'><strong><em>fecit</em></strong></span> 
     </span>
    </p>
   </div>
   <div class='ocr_carea' id='block_1_92' title="bbox 2253 3043 3842 3122">
    <p class='ocr_par' dir='ltr' id='par_1_92' title="bbox 2253 3043 3842 3122">
     <span class='ocr_line' id='line_1_92' title="bbox 2253 3043 3842 3122; baseline 0.008 -24"><span class='ocrx_word' id='word_1_723' title='bbox 2253 3058 2284 3098; x_wconf 91' lang='lat' dir='ltr'><strong><em>a</em></strong></span> <span class='ocrx_word' id='word_1_724' title='bbox 2311 3043 2563 3101; x_wconf 89' lang='lat' dir='ltr'><strong><em>fratribus</em></strong></span> <span class='ocrx_word' id='word_1_725' title='bbox 2591 3055 2645 3100; x_wconf 90' lang='lat' dir='ltr'><strong><em>et</em></strong></span> <span class='ocrx_word' id='word_1_726' title='bbox 2671 3046 2939 3117; x_wconf 89' lang='lat' dir='ltr'><strong><em>singulum</em></strong></span> <span class='ocrx_word' id='word_1_727' title='bbox 2975 3046 3192 3104; x_wconf 87' lang='lat' dir='ltr'><strong><em>fratrem</em></strong></span> <span class='ocrx_word' id='word_1_728' title='bbox 3225 3049 3452 3122; x_wconf 87' lang='lat' dir='ltr'><strong><em>benigna</em></strong></span> <span class='ocrx_word' id='word_1_729' title='bbox 3473 3053 3842 3111; x_wconf 89' lang='lat' dir='ltr'><strong><em>consolatione</em></strong></span> 
     </span>
    </p>
   </div>
   <div class='ocr_carea' id='block_1_93' title="bbox 2253 3136 3840 3213">
    <p class='ocr_par' dir='ltr' id='par_1_93' title="bbox 2253 3136 3840 3213">
     <span class='ocr_line' id='line_1_93' title="bbox 2253 3136 3840 3213; baseline 0.006 -24"><span class='ocrx_word' id='word_1_730' title='bbox 2253 3136 2576 3190; x_wconf 85' lang='lat' dir='ltr'><strong><em>coniorlavit</em></strong></span> <span class='ocrx_word' id='word_1_731' title='bbox 2601 3175 2616 3202; x_wconf 92' lang='lat'><strong><em>,</em></strong></span> <span class='ocrx_word' id='word_1_732' title='bbox 2649 3147 2704 3191; x_wconf 88' lang='lat' dir='ltr'><strong><em>et</em></strong></span> <span class='ocrx_word' id='word_1_733' title='bbox 2734 3146 2792 3190; x_wconf 93' lang='lat' dir='ltr'><strong><em>ut</em></strong></span> <span class='ocrx_word' id='word_1_734' title='bbox 2819 3136 2871 3190; x_wconf 91' lang='lat' dir='ltr'><strong><em>in</em></strong></span> <span class='ocrx_word' id='word_1_735' title='bbox 2900 3146 3087 3193; x_wconf 86' lang='lat' dir='ltr'><strong><em>sancto</em></strong></span> <span class='ocrx_word' id='word_1_736' title='bbox 3115 3151 3396 3198; x_wconf 88' lang='lat' dir='ltr'><strong><em>manerent</em></strong></span> <span class='ocrx_word' id='word_1_737' title='bbox 3415 3145 3708 3213; x_wconf 83' lang='lat' dir='ltr'><strong><em>proposito,</em></strong></span> <span class='ocrx_word' id='word_1_738' title='bbox 3737 3144 3840 3199; x_wconf 90' lang='lat' dir='ltr'><strong><em>ad-</em></strong></span> 
     </span>
    </p>
   </div>
   <div class='ocr_carea' id='block_1_94' title="bbox 2254 3225 3841 3301">
    <p class='ocr_par' dir='ltr' id='par_1_94' title="bbox 2254 3225 3841 3301">
     <span class='ocr_line' id='line_1_94' title="bbox 2254 3225 3841 3301; baseline 0.008 -23"><span class='ocrx_word' id='word_1_739' title='bbox 2254 3226 2481 3280; x_wconf 91' lang='lat' dir='ltr'><strong><em>monuit.</em></strong></span> <span class='ocrx_word' id='word_1_740' title='bbox 2534 3225 2736 3281; x_wconf 91' lang='lat' dir='ltr'><strong><em>Deinde</em></strong></span> <span class='ocrx_word' id='word_1_741' title='bbox 2787 3239 3002 3301; x_wconf 85' lang='lat' dir='ltr'><strong><em>saccum</em></strong></span> <span class='ocrx_word' id='word_1_742' title='bbox 3053 3244 3160 3299; x_wconf 92' lang='lat' dir='ltr'><strong><em>quo</em></strong></span> <span class='ocrx_word' id='word_1_743' title='bbox 3206 3231 3471 3301; x_wconf 88' lang='lat' dir='ltr'><strong><em>gloriosus</em></strong></span> <span class='ocrx_word' id='word_1_744' title='bbox 3519 3234 3841 3290; x_wconf 87' lang='lat' dir='ltr'><strong><em>induebatur</em></strong></span> 
     </span>
    </p>
   </div>
   <div class='ocr_carea' id='block_1_95' title="bbox 2255 3315 3835 3393">
    <p class='ocr_par' dir='ltr' id='par_1_95' title="bbox 2255 3315 3835 3393">
     <span class='ocr_line' id='line_1_95' title="bbox 2255 3315 3835 3393; baseline 0.004 -22"><span class='ocrx_word' id='word_1_745' title='bbox 2255 3315 2647 3387; x_wconf 83' lang='lat' dir='ltr'><strong><em>Hieronymus,</em></strong></span> <span class='ocrx_word' id='word_1_746' title='bbox 2681 3315 2881 3371; x_wconf 86' lang='lat' dir='ltr'><strong><em>deferri</em></strong></span> <span class='ocrx_word' id='word_1_747' title='bbox 2913 3317 3076 3385; x_wconf 90' lang='lat' dir='ltr'><strong><em>fecit,</em></strong></span> <span class='ocrx_word' id='word_1_748' title='bbox 3105 3317 3170 3373; x_wconf 84' lang='lat' dir='ltr'><strong><em>et</em></strong></span> <span class='ocrx_word' id='word_1_749' title='bbox 3198 3317 3359 3390; x_wconf 84' lang='lat' dir='ltr'><strong><em>supra</em></strong></span> <span class='ocrx_word' id='word_1_750' title='bbox 3385 3334 3445 3376; x_wconf 88' lang='lat' dir='ltr'><strong><em>se</em></strong></span> <span class='ocrx_word' id='word_1_751' title='bbox 3488 3324 3610 3392; x_wconf 91' lang='lat' dir='ltr'><strong><em>poni</em></strong></span> <span class='ocrx_word' id='word_1_752' title='bbox 3637 3321 3835 3393; x_wconf 88' lang='lat' dir='ltr'><strong><em>jussit,</em></strong></span> 
     </span>
    </p>
   </div>
   <div class='ocr_carea' id='block_1_96' title="bbox 2252 3405 3837 3482">
    <p class='ocr_par' dir='ltr' id='par_1_96' title="bbox 2252 3405 3837 3482">
     <span class='ocr_line' id='line_1_96' title="bbox 2252 3405 3837 3482; baseline 0.007 -24"><span class='ocrx_word' id='word_1_753' title='bbox 2252 3405 2626 3476; x_wconf 89' lang='lat' dir='ltr'><strong><em>ordioavitque</em></strong></span> <span class='ocrx_word' id='word_1_754' title='bbox 2653 3420 2712 3460; x_wconf 93' lang='lat' dir='ltr'><strong><em>se</em></strong></span> <span class='ocrx_word' id='word_1_755' title='bbox 2743 3405 2944 3460; x_wconf 91' lang='lat' dir='ltr'><strong><em>nudum</em></strong></span> <span class='ocrx_word' id='word_1_756' title='bbox 2981 3405 3150 3462; x_wconf 87' lang='lat' dir='ltr'><strong><em>instar</em></strong></span> <span class='ocrx_word' id='word_1_757' title='bbox 3173 3408 3394 3478; x_wconf 89' lang='lat' dir='ltr'><strong><em>gloriosi</em></strong></span> <span class='ocrx_word' id='word_1_758' title='bbox 3420 3410 3658 3482; x_wconf 85' lang='lat' dir='ltr'><strong><em>magistri</em></strong></span> <span class='ocrx_word' id='word_1_759' title='bbox 3683 3423 3837 3469; x_wconf 86' lang='lat' dir='ltr'><strong><em>extra</em></strong></span> 
     </span>
    </p>
   </div>
   <div class='ocr_carea' id='block_1_97' title="bbox 2254 3496 3838 3574">
    <p class='ocr_par' dir='ltr' id='par_1_97' title="bbox 2254 3496 3838 3574">
     <span class='ocr_line' id='line_1_97' title="bbox 2254 3496 3838 3574; baseline 0.006 -24"><span class='ocrx_word' id='word_1_760' title='bbox 2254 3496 2546 3551; x_wconf 89' lang='lat' dir='ltr'><strong><em>Ecclesiam</em></strong></span> <span class='ocrx_word' id='word_1_761' title='bbox 2570 3496 2622 3551; x_wconf 92' lang='lat' dir='ltr'><strong><em>in</em></strong></span> <span class='ocrx_word' id='word_1_762' title='bbox 2644 3511 2746 3567; x_wconf 90' lang='lat' dir='ltr'><strong><em>qua</em></strong></span> <span class='ocrx_word' id='word_1_763' title='bbox 2761 3497 2980 3568; x_wconf 74' lang='lat' dir='ltr'><strong><em>iacebat</em></strong></span> <span class='ocrx_word' id='word_1_764' title='bbox 3000 3497 3245 3555; x_wconf 80' lang='lat' dir='ltr'><strong><em>sanctum</em></strong></span> <span class='ocrx_word' id='word_1_765' title='bbox 3274 3501 3582 3574; x_wconf 81' lang='lat' dir='ltr'><strong><em>Hieronymi</em></strong></span> <span class='ocrx_word' id='word_1_766' title='bbox 3605 3503 3838 3561; x_wconf 86' lang='lat' dir='ltr'><strong><em>cadaver</em></strong></span> 
     </span>
    </p>
   </div>
   <div class='ocr_carea' id='block_1_98' title="bbox 2250 3587 3837 3666">
    <p class='ocr_par' dir='ltr' id='par_1_98' title="bbox 2250 3587 3837 3666">
     <span class='ocr_line' id='line_1_98' title="bbox 2250 3587 3837 3666; baseline 0.006 -24"><span class='ocrx_word' id='word_1_767' title='bbox 2250 3587 2486 3657; x_wconf 86' lang='lat' dir='ltr'><strong><em>sepeliri.</em></strong></span> <span class='ocrx_word' id='word_1_768' title='bbox 2519 3587 2648 3643; x_wconf 84' lang='lat' dir='ltr'><strong><em>Post</em></strong></span> <span class='ocrx_word' id='word_1_769' title='bbox 2673 3587 2788 3644; x_wconf 66' lang='lat' dir='ltr'><strong><em>haec</em></strong></span> <span class='ocrx_word' id='word_1_770' title='bbox 2813 3591 3194 3647; x_wconf 90' lang='lat' dir='ltr'><strong><em>communione</em></strong></span> <span class='ocrx_word' id='word_1_771' title='bbox 3221 3593 3565 3649; x_wconf 89' lang='lat' dir='ltr'><strong><em>sacratissimi</em></strong></span> <span class='ocrx_word' id='word_1_772' title='bbox 3591 3597 3837 3666; x_wconf 86' lang='lat' dir='ltr'><strong><em>corporis</em></strong></span> 
     </span>
    </p>
   </div>
   <div class='ocr_carea' id='block_1_99' title="bbox 2249 3677 3837 3748">
    <p class='ocr_par' dir='ltr' id='par_1_99' title="bbox 2249 3677 3837 3748">
     <span class='ocr_line' id='line_1_99' title="bbox 2249 3677 3837 3748; baseline 0.006 -16"><span class='ocrx_word' id='word_1_773' title='bbox 2249 3677 2374 3733; x_wconf 82' lang='lat' dir='ltr'><strong><em>Jesu</em></strong></span> <span class='ocrx_word' id='word_1_774' title='bbox 2399 3678 2599 3733; x_wconf 84' lang='lat' dir='ltr'><strong><em>Christi</em></strong></span> <span class='ocrx_word' id='word_1_775' title='bbox 2627 3694 2688 3734; x_wconf 88' lang='lat' dir='ltr'><strong><em>se</em></strong></span> <span class='ocrx_word' id='word_1_776' title='bbox 2711 3680 2984 3748; x_wconf 90' lang='lat' dir='ltr'><strong><em>muniens,</em></strong></span> <span class='ocrx_word' id='word_1_777' title='bbox 3015 3682 3242 3737; x_wconf 89' lang='lat' dir='ltr'><strong><em>Domino</em></strong></span> <span class='ocrx_word' id='word_1_778' title='bbox 3263 3697 3343 3747; x_wconf 89' lang='lat' dir='ltr'><strong><em>se,</em></strong></span> <span class='ocrx_word' id='word_1_779' title='bbox 3371 3694 3428 3738; x_wconf 91' lang='lat' dir='ltr'><strong><em>et</em></strong></span> <span class='ocrx_word' id='word_1_780' title='bbox 3461 3683 3617 3740; x_wconf 88' lang='lat' dir='ltr'><strong><em>beato</em></strong></span> <span class='ocrx_word' id='word_1_781' title='bbox 3643 3684 3837 3741; x_wconf 79' lang='lat' dir='ltr'><strong><em>Hiero-</em></strong></span> 
     </span>
    </p>
   </div>
   <div class='ocr_carea' id='block_1_100' title="bbox 2250 3771 3836 3845">
    <p class='ocr_par' dir='ltr' id='par_1_100' title="bbox 2250 3771 3836 3845">
     <span class='ocr_line' id='line_1_100' title="bbox 2250 3771 3836 3845; baseline 0.007 -20"><span class='ocrx_word' id='word_1_782' title='bbox 2250 3785 2412 3842; x_wconf 88' lang='lat' dir='ltr'><strong><em>nymo</em></strong></span> <span class='ocrx_word' id='word_1_783' title='bbox 2449 3771 2887 3837; x_wconf 87' lang='lat' dir='ltr'><strong><em>commendavit,</em></strong></span> <span class='ocrx_word' id='word_1_784' title='bbox 2933 3782 2988 3828; x_wconf 90' lang='lat' dir='ltr'><strong><em>et</em></strong></span> <span class='ocrx_word' id='word_1_785' title='bbox 3027 3774 3107 3828; x_wconf 89' lang='lat' dir='ltr'><strong><em>sic</em></strong></span> <span class='ocrx_word' id='word_1_786' title='bbox 3147 3790 3242 3845; x_wconf 86' lang='lat' dir='ltr'><strong><em>per</em></strong></span> <span class='ocrx_word' id='word_1_787' title='bbox 3285 3776 3516 3832; x_wconf 91' lang='lat' dir='ltr'><strong><em>triduum</em></strong></span> <span class='ocrx_word' id='word_1_788' title='bbox 3563 3778 3836 3836; x_wconf 80' lang='lat' dir='ltr'><strong><em>locutione</em></strong></span> 
     </span>
    </p>
   </div>
   <div class='ocr_carea' id='block_1_101' title="bbox 2249 3861 3836 3933">
    <p class='ocr_par' dir='ltr' id='par_1_101' title="bbox 2249 3861 3836 3933">
     <span class='ocr_line' id='line_1_101' title="bbox 2249 3861 3836 3933; baseline 0.006 -19"><span class='ocrx_word' id='word_1_789' title='bbox 2249 3861 2624 3932; x_wconf 87' lang='lat' dir='ltr'><strong><em>corporaliqne</em></strong></span> <span class='ocrx_word' id='word_1_790' title='bbox 2668 3862 2876 3918; x_wconf 87' lang='lat' dir='ltr'><strong><em>visione</em></strong></span> <span class='ocrx_word' id='word_1_791' title='bbox 2912 3864 3150 3933; x_wconf 87' lang='lat' dir='ltr'><strong><em>privatus</em></strong></span> <span class='ocrx_word' id='word_1_792' title='bbox 3173 3906 3188 3932; x_wconf 93' lang='lat'><strong><em>,</em></strong></span> <span class='ocrx_word' id='word_1_793' title='bbox 3216 3865 3686 3922; x_wconf 85' lang='lat' dir='ltr'><strong><em>circumstantibus</em></strong></span> <span class='ocrx_word' id='word_1_794' title='bbox 3723 3867 3836 3922; x_wconf 80' lang='lat' dir='ltr'><strong><em>fra-</em></strong></span> 
     </span>
    </p>
   </div>
   <div class='ocr_carea' id='block_1_102' title="bbox 2250 3953 3836 4027">
    <p class='ocr_par' dir='ltr' id='par_1_102' title="bbox 2250 3953 3836 4027">
     <span class='ocr_line' id='line_1_102' title="bbox 2250 3953 3836 4027; baseline 0.005 -21"><span class='ocrx_word' id='word_1_795' title='bbox 2250 3953 2420 4008; x_wconf 81' lang='lat' dir='ltr'><strong><em>tribus</em></strong></span> <span class='ocrx_word' id='word_1_796' title='bbox 2467 3954 2768 4009; x_wconf 89' lang='lat' dir='ltr'><strong><em>alternatim</em></strong></span> <span class='ocrx_word' id='word_1_797' title='bbox 2817 3956 3166 4027; x_wconf 84' lang='lat' dir='ltr'><strong><em>psalterium,</em></strong></span> <span class='ocrx_word' id='word_1_798' title='bbox 3214 3959 3489 4027; x_wconf 88' lang='lat' dir='ltr'><strong><em>passiones</em></strong></span> <span class='ocrx_word' id='word_1_799' title='bbox 3526 3959 3734 4014; x_wconf 89' lang='lat' dir='ltr'><strong><em>Domini</em></strong></span> <span class='ocrx_word' id='word_1_800' title='bbox 3779 3971 3836 4015; x_wconf 78' lang='lat' dir='ltr'><strong><em>et</em></strong></span> 
     </span>
    </p>
   </div>
   <div class='ocr_carea' id='block_1_103' title="bbox 2248 4045 3835 4120">
    <p class='ocr_par' dir='ltr' id='par_1_103' title="bbox 2248 4045 3835 4120">
     <span class='ocr_line' id='line_1_103' title="bbox 2248 4045 3835 4120; baseline 0.005 -23"><span class='ocrx_word' id='word_1_801' title='bbox 2248 4045 2352 4098; x_wconf 88' lang='lat' dir='ltr'><strong><em>alia</em></strong></span> <span class='ocrx_word' id='word_1_802' title='bbox 2378 4059 2530 4100; x_wconf 90' lang='lat' dir='ltr'><strong><em>sacra</em></strong></span> <span class='ocrx_word' id='word_1_803' title='bbox 2558 4046 2813 4101; x_wconf 88' lang='lat' dir='ltr'><strong><em>continue</em></strong></span> <span class='ocrx_word' id='word_1_804' title='bbox 2843 4046 3162 4116; x_wconf 85' lang='lat' dir='ltr'><strong><em>legentibus,</em></strong></span> <span class='ocrx_word' id='word_1_805' title='bbox 3190 4047 3377 4116; x_wconf 89' lang='lat' dir='ltr'><strong><em>jacuit.</em></strong></span> <span class='ocrx_word' id='word_1_806' title='bbox 3409 4049 3606 4103; x_wconf 90' lang='lat' dir='ltr'><strong><em>Durum</em></strong></span> <span class='ocrx_word' id='word_1_807' title='bbox 3635 4050 3835 4120; x_wconf 85' lang='lat' dir='ltr'><strong><em>quippe</em></strong></span> 
     </span>
    </p>
   </div>
   <div class='ocr_carea' id='block_1_104' title="bbox 2247 4137 3833 4209">
    <p class='ocr_par' dir='ltr' id='par_1_104' title="bbox 2247 4137 3833 4209">
     <span class='ocr_line' id='line_1_104' title="bbox 2247 4137 3833 4209; baseline 0.004 -17"><span class='ocrx_word' id='word_1_808' title='bbox 2247 4147 2298 4192; x_wconf 91' lang='lat' dir='ltr'><strong><em>ct</em></strong></span> <span class='ocrx_word' id='word_1_809' title='bbox 2322 4137 2530 4192; x_wconf 88' lang='lat' dir='ltr'><strong><em>cunctis</em></strong></span> <span class='ocrx_word' id='word_1_810' title='bbox 2551 4148 2699 4194; x_wconf 89' lang='lat' dir='ltr'><strong><em>recte</em></strong></span> <span class='ocrx_word' id='word_1_811' title='bbox 2722 4139 2774 4193; x_wconf 91' lang='lat' dir='ltr'><strong><em>in</em></strong></span> <span class='ocrx_word' id='word_1_812' title='bbox 2803 4138 3004 4193; x_wconf 91' lang='lat' dir='ltr'><strong><em>mundo</em></strong></span> <span class='ocrx_word' id='word_1_813' title='bbox 3023 4137 3342 4209; x_wconf 88' lang='lat' dir='ltr'><strong><em>degentibus</em></strong></span> <span class='ocrx_word' id='word_1_814' title='bbox 3368 4141 3705 4198; x_wconf 88' lang='lat' dir='ltr'><strong><em>formidabile</em></strong></span> <span class='ocrx_word' id='word_1_815' title='bbox 3731 4142 3833 4198; x_wconf 90' lang='lat' dir='ltr'><strong><em>hoc</em></strong></span> 
     </span>
    </p>
   </div>
   <div class='ocr_carea' id='block_1_105' title="bbox 2247 4226 3832 4304">
    <p class='ocr_par' dir='ltr' id='par_1_105' title="bbox 2247 4226 3832 4304">
     <span class='ocr_line' id='line_1_105' title="bbox 2247 4226 3832 4304; baseline 0.004 -22"><span class='ocrx_word' id='word_1_816' title='bbox 2247 4226 2391 4297; x_wconf 88' lang='lat' dir='ltr'><strong><em>quod</em></strong></span> <span class='ocrx_word' id='word_1_817' title='bbox 2417 4242 2598 4284; x_wconf 90' lang='lat' dir='ltr'><strong><em>narro.</em></strong></span> <span class='ocrx_word' id='word_1_818' title='bbox 2627 4229 2722 4283; x_wconf 89' lang='lat' dir='ltr'><strong><em>Die</em></strong></span> <span class='ocrx_word' id='word_1_819' title='bbox 2748 4237 2925 4283; x_wconf 91' lang='lat' dir='ltr'><strong><em>autem</em></strong></span> <span class='ocrx_word' id='word_1_820' title='bbox 2951 4243 3057 4299; x_wconf 92' lang='lat' dir='ltr'><strong><em>quo</em></strong></span> <span class='ocrx_word' id='word_1_821' title='bbox 3090 4231 3379 4288; x_wconf 87' lang='lat' dir='ltr'><strong><em>moriturus</em></strong></span> <span class='ocrx_word' id='word_1_822' title='bbox 3409 4226 3543 4299; x_wconf 86' lang='lat' dir='ltr'><strong><em>erat,</em></strong></span> <span class='ocrx_word' id='word_1_823' title='bbox 3577 4247 3674 4304; x_wconf 91' lang='lat' dir='ltr'><strong><em>per</em></strong></span> <span class='ocrx_word' id='word_1_824' title='bbox 3698 4233 3832 4288; x_wconf 88' lang='lat' dir='ltr'><strong><em>duas</em></strong></span> 
     </span>
    </p>
   </div>
   <div class='ocr_carea' id='block_1_106' title="bbox 2250 4317 3833 4387">
    <p class='ocr_par' dir='ltr' id='par_1_106' title="bbox 2250 4317 3833 4387">
     <span class='ocr_line' id='line_1_106' title="bbox 2250 4317 3833 4387; baseline 0.005 -15"><span class='ocrx_word' id='word_1_825' title='bbox 2250 4317 2409 4373; x_wconf 89' lang='lat' dir='ltr'><strong><em>horas</em></strong></span> <span class='ocrx_word' id='word_1_826' title='bbox 2427 4327 2553 4374; x_wconf 88' lang='lat' dir='ltr'><strong><em>ante</em></strong></span> <span class='ocrx_word' id='word_1_827' title='bbox 2572 4320 2766 4374; x_wconf 76' lang='lat' dir='ltr'><strong><em>anima:</em></strong></span> <span class='ocrx_word' id='word_1_828' title='bbox 2787 4321 2957 4375; x_wconf 74' lang='lat' dir='ltr'><strong><em>beatzu</em></strong></span> <span class='ocrx_word' id='word_1_829' title='bbox 2979 4321 3203 4387; x_wconf 90' lang='lat' dir='ltr'><strong><em>exitum,</em></strong></span> <span class='ocrx_word' id='word_1_830' title='bbox 3226 4324 3546 4380; x_wconf 85' lang='lat' dir='ltr'><strong><em>venerabilis</em></strong></span> <span class='ocrx_word' id='word_1_831' title='bbox 3567 4324 3833 4380; x_wconf 87' lang='lat' dir='ltr'><strong><em>Eusebius</em></strong></span> 
     </span>
    </p>
   </div>
   <div class='ocr_carea' id='block_1_107' title="bbox 2247 4408 3832 4483">
    <p class='ocr_par' dir='ltr' id='par_1_107' title="bbox 2247 4408 3832 4483">
     <span class='ocr_line' id='line_1_107' title="bbox 2247 4408 3832 4483; baseline 0.008 -23"><span class='ocrx_word' id='word_1_832' title='bbox 2247 4415 2354 4461; x_wconf 88' lang='lat' dir='ltr'><strong><em>tam</em></strong></span> <span class='ocrx_word' id='word_1_833' title='bbox 2387 4408 2652 4464; x_wconf 89' lang='lat' dir='ltr'><strong><em>terribiles</em></strong></span> <span class='ocrx_word' id='word_1_834' title='bbox 2689 4419 2839 4465; x_wconf 92' lang='lat' dir='ltr'><strong><em>actus</em></strong></span> <span class='ocrx_word' id='word_1_835' title='bbox 2877 4410 3042 4479; x_wconf 69' lang='lat' dir='ltr'><strong><em>coépit</em></strong></span> <span class='ocrx_word' id='word_1_836' title='bbox 3086 4425 3341 4480; x_wconf 88' lang='lat' dir='ltr'><strong><em>peragere</em></strong></span> <span class='ocrx_word' id='word_1_837' title='bbox 3363 4453 3378 4479; x_wconf 93' lang='lat'><strong><em>,</em></strong></span> <span class='ocrx_word' id='word_1_838' title='bbox 3409 4414 3550 4483; x_wconf 87' lang='lat' dir='ltr'><strong><em>quod</em></strong></span> <span class='ocrx_word' id='word_1_839' title='bbox 3593 4416 3832 4472; x_wconf 88' lang='lat' dir='ltr'><strong><em>circum-</em></strong></span> 
     </span>
    </p>
   </div>
   <div class='ocr_carea' id='block_1_108' title="bbox 2245 4497 3831 4569">
    <p class='ocr_par' dir='ltr' id='par_1_108' title="bbox 2245 4497 3831 4569">
     <span class='ocr_line' id='line_1_108' title="bbox 2245 4497 3831 4569; baseline 0.005 -16"><span class='ocrx_word' id='word_1_840' title='bbox 2245 4506 2450 4553; x_wconf 89' lang='lat' dir='ltr'><strong><em>stantes</em></strong></span> <span class='ocrx_word' id='word_1_841' title='bbox 2478 4497 2724 4553; x_wconf 90' lang='lat' dir='ltr'><strong><em>monachi</em></strong></span> <span class='ocrx_word' id='word_1_842' title='bbox 2755 4513 2952 4569; x_wconf 83' lang='lat' dir='ltr'><strong><em>pavore</em></strong></span> <span class='ocrx_word' id='word_1_843' title='bbox 2983 4501 3247 4568; x_wconf 88' lang='lat' dir='ltr'><strong><em>perterriti</em></strong></span> <span class='ocrx_word' id='word_1_844' title='bbox 3274 4541 3289 4566; x_wconf 92' lang='lat'><strong><em>,</em></strong></span> <span class='ocrx_word' id='word_1_845' title='bbox 3319 4503 3463 4559; x_wconf 90' lang='lat' dir='ltr'><strong><em>velut</em></strong></span> <span class='ocrx_word' id='word_1_846' title='bbox 3504 4514 3746 4562; x_wconf 88' lang='lat' dir='ltr'><strong><em>amentes</em></strong></span> <span class='ocrx_word' id='word_1_847' title='bbox 3776 4507 3831 4561; x_wconf 92' lang='lat' dir='ltr'><strong><em>in</em></strong></span> 
     </span>
    </p>
   </div>
   <div class='ocr_carea' id='block_1_109' title="bbox 2249 4589 3827 4664">
    <p class='ocr_par' dir='ltr' id='par_1_109' title="bbox 2249 4589 3827 4664">
     <span class='ocr_line' id='line_1_109' title="bbox 2249 4589 3827 4664; baseline 0.006 -20"><span class='ocrx_word' id='word_1_848' title='bbox 2249 4599 2388 4645; x_wconf 89' lang='lat' dir='ltr'><strong><em>terra</em></strong></span> <span class='ocrx_word' id='word_1_849' title='bbox 2415 4589 2680 4660; x_wconf 88' lang='lat' dir='ltr'><strong><em>jacercnt.</em></strong></span> <span class='ocrx_word' id='word_1_850' title='bbox 2715 4589 2846 4645; x_wconf 84' lang='lat' dir='ltr'><strong><em>Nam</em></strong></span> <span class='ocrx_word' id='word_1_851' title='bbox 2887 4591 3211 4662; x_wconf 88' lang='lat' dir='ltr'><strong><em>quandoque</em></strong></span> <span class='ocrx_word' id='word_1_852' title='bbox 3251 4596 3570 4650; x_wconf 83' lang='lat' dir='ltr'><strong><em>transversis</em></strong></span> <span class='ocrx_word' id='word_1_853' title='bbox 3614 4597 3786 4654; x_wconf 91' lang='lat' dir='ltr'><strong><em>oculis</em></strong></span> <span class='ocrx_word' id='word_1_854' title='bbox 3813 4640 3827 4664; x_wconf 93' lang='lat'><strong><em>,</em></strong></span> 
     </span>
    </p>
   </div>
   <div class='ocr_carea' id='block_1_110' title="bbox 2247 4679 3829 4758">
    <p class='ocr_par' dir='ltr' id='par_1_110' title="bbox 2247 4679 3829 4758">
     <span class='ocr_line' id='line_1_110' title="bbox 2247 4679 3829 4758; baseline 0.007 -23"><span class='ocrx_word' id='word_1_855' title='bbox 2247 4680 2497 4735; x_wconf 91' lang='lat' dir='ltr'><strong><em>manibus</em></strong></span> <span class='ocrx_word' id='word_1_856' title='bbox 2524 4679 2722 4751; x_wconf 80' lang='lat' dir='ltr'><strong><em>junctis</em></strong></span> <span class='ocrx_word' id='word_1_857' title='bbox 2751 4721 2766 4746; x_wconf 95' lang='lat'><strong><em>,</em></strong></span> <span class='ocrx_word' id='word_1_858' title='bbox 2799 4679 2935 4736; x_wconf 87' lang='lat' dir='ltr'><strong><em>facie</em></strong></span> <span class='ocrx_word' id='word_1_859' title='bbox 2967 4682 3191 4738; x_wconf 89' lang='lat' dir='ltr'><strong><em>terribili</em></strong></span> <span class='ocrx_word' id='word_1_860' title='bbox 3219 4724 3234 4750; x_wconf 93' lang='lat'><strong><em>,</em></strong></span> <span class='ocrx_word' id='word_1_861' title='bbox 3262 4700 3497 4754; x_wconf 88' lang='lat' dir='ltr'><strong><em>voceque</em></strong></span> <span class='ocrx_word' id='word_1_862' title='bbox 3537 4685 3648 4742; x_wconf 90' lang='lat' dir='ltr'><strong><em>dira</em></strong></span> <span class='ocrx_word' id='word_1_863' title='bbox 3675 4693 3829 4758; x_wconf 87' lang='lat' dir='ltr'><strong><em>quasi</em></strong></span> 
     </span>
    </p>
   </div>
   <div class='ocr_carea' id='block_1_111' title="bbox 2246 4769 3828 4851">
    <p class='ocr_par' dir='ltr' id='par_1_111' title="bbox 2246 4769 3828 4851">
     <span class='ocr_line' id='line_1_111' title="bbox 2246 4769 3828 4851; baseline 0.006 -23"><span class='ocrx_word' id='word_1_864' title='bbox 2246 4774 2474 4829; x_wconf 73' lang='lat' dir='ltr'><strong><em>smviens</em></strong></span> <span class='ocrx_word' id='word_1_865' title='bbox 2493 4774 2760 4829; x_wconf 86' lang='lat' dir='ltr'><strong><em>clamabat</em></strong></span> <span class='ocrx_word' id='word_1_866' title='bbox 2787 4791 2800 4829; x_wconf 91' lang='lat'><strong>:</strong></span> <span class='ocrx_word' id='word_1_867' title='bbox 2825 4773 2946 4828; x_wconf 86' lang='lat' dir='ltr'><strong><em>Non</em></strong></span> <span class='ocrx_word' id='word_1_868' title='bbox 2975 4775 3184 4844; x_wconf 86' lang='lat' dir='ltr'><strong><em>faciam,</em></strong></span> <span class='ocrx_word' id='word_1_869' title='bbox 3209 4769 3310 4832; x_wconf 87' lang='lat' dir='ltr'><strong><em>non</em></strong></span> <span class='ocrx_word' id='word_1_870' title='bbox 3333 4779 3518 4849; x_wconf 90' lang='lat' dir='ltr'><strong><em>faciam</em></strong></span> <span class='ocrx_word' id='word_1_871' title='bbox 3541 4795 3561 4833; x_wconf 90' lang='lat'><strong><em>:</em></strong></span> <span class='ocrx_word' id='word_1_872' title='bbox 3581 4783 3828 4851; x_wconf 85' lang='lat' dir='ltr'><strong><em>mentiris,</em></strong></span> 
     </span>
    </p>
   </div>
   <div class='ocr_carea' id='block_1_112' title="bbox 2246 4863 3832 4933">
    <p class='ocr_par' dir='ltr' id='par_1_112' title="bbox 2246 4863 3832 4933">
     <span class='ocr_line' id='line_1_112' title="bbox 2246 4863 3832 4933; baseline 0.007 -16"><span class='ocrx_word' id='word_1_873' title='bbox 2246 4865 2491 4919; x_wconf 88' lang='lat' dir='ltr'><strong><em>mentiris.</em></strong></span> <span class='ocrx_word' id='word_1_874' title='bbox 2518 4864 2645 4922; x_wconf 86' lang='lat' dir='ltr'><strong><em>Post</em></strong></span> <span class='ocrx_word' id='word_1_875' title='bbox 2672 4863 2786 4921; x_wconf 74' lang='lat' dir='ltr'><strong><em>lucc</em></strong></span> <span class='ocrx_word' id='word_1_876' title='bbox 2807 4864 2872 4919; x_wconf 89' lang='lat' dir='ltr'><strong><em>ad</em></strong></span> <span class='ocrx_word' id='word_1_877' title='bbox 2896 4876 3089 4920; x_wconf 88' lang='lat' dir='ltr'><strong><em>terram</em></strong></span> <span class='ocrx_word' id='word_1_878' title='bbox 3111 4867 3348 4933; x_wconf 83' lang='lat' dir='ltr'><strong><em>rediens,</em></strong></span> <span class='ocrx_word' id='word_1_879' title='bbox 3369 4867 3554 4923; x_wconf 87' lang='lat' dir='ltr'><strong><em>faciem</em></strong></span> <span class='ocrx_word' id='word_1_880' title='bbox 3581 4869 3832 4929; x_wconf 88' lang='lat' dir='ltr'><strong><em>firmabat</em></strong></span> 
     </span>
    </p>
   </div>
   <div class='ocr_carea' id='block_1_113' title="bbox 2247 4955 3830 5032">
    <p class='ocr_par' dir='ltr' id='par_1_113' title="bbox 2247 4955 3830 5032">
     <span class='ocr_line' id='line_1_113' title="bbox 2247 4955 3830 5032; baseline 0.006 -22"><span class='ocrx_word' id='word_1_881' title='bbox 2247 4955 2300 5010; x_wconf 90' lang='lat' dir='ltr'><strong><em>in</em></strong></span> <span class='ocrx_word' id='word_1_882' title='bbox 2347 4964 2542 5011; x_wconf 89' lang='lat' dir='ltr'><strong><em>terram</em></strong></span> <span class='ocrx_word' id='word_1_883' title='bbox 2585 4966 2844 5028; x_wconf 89' lang='lat' dir='ltr'><strong><em>quantum</em></strong></span> <span class='ocrx_word' id='word_1_884' title='bbox 2891 4958 3097 5026; x_wconf 86' lang='lat' dir='ltr'><strong><em>potuit,</em></strong></span> <span class='ocrx_word' id='word_1_885' title='bbox 3138 4959 3412 5015; x_wconf 83' lang='lat' dir='ltr'><strong><em>clamans:</em></strong></span> <span class='ocrx_word' id='word_1_886' title='bbox 3440 4960 3686 5032; x_wconf 79' lang='lat' dir='ltr'><strong><em>Adjuvate</em></strong></span> <span class='ocrx_word' id='word_1_887' title='bbox 3713 4980 3830 5032; x_wconf 83' lang='lat' dir='ltr'><strong><em>me,</em></strong></span> 
     </span>
    </p>
   </div>
   <div class='ocr_carea' id='block_1_114' title="bbox 2246 5046 3833 5126">
    <p class='ocr_par' dir='ltr' id='par_1_114' title="bbox 2246 5046 3833 5126">
     <span class='ocr_line' id='line_1_114' title="bbox 2246 5046 3833 5126; baseline 0.007 -28"><span class='ocrx_word' id='word_1_888' title='bbox 2246 5049 2462 5115; x_wconf 86' lang='lat' dir='ltr'><strong><em>fratres,</em></strong></span> <span class='ocrx_word' id='word_1_889' title='bbox 2494 5063 2557 5101; x_wconf 86' lang='lat' dir='ltr'><strong><em>ne</em></strong></span> <span class='ocrx_word' id='word_1_890' title='bbox 2597 5063 2818 5116; x_wconf 82' lang='lat' dir='ltr'><strong><em>peream.</em></strong></span> <span class='ocrx_word' id='word_1_891' title='bbox 2844 5046 2997 5114; x_wconf 85' lang='lat' dir='ltr'><strong><em>Quod</em></strong></span> <span class='ocrx_word' id='word_1_892' title='bbox 3043 5048 3290 5104; x_wconf 91' lang='lat' dir='ltr'><strong><em>monachi</em></strong></span> <span class='ocrx_word' id='word_1_893' title='bbox 3335 5049 3601 5118; x_wconf 87' lang='lat' dir='ltr'><strong><em>videntes,</em></strong></span> <span class='ocrx_word' id='word_1_894' title='bbox 3652 5053 3833 5126; x_wconf 85' lang='lat' dir='ltr'><strong><em>lacry-</em></strong></span> 
     </span>
    </p>
   </div>
   <div class='ocr_carea' id='block_1_115' title="bbox 2246 5141 3836 5213">
    <p class='ocr_par' dir='ltr' id='par_1_115' title="bbox 2246 5141 3836 5213">
     <span class='ocr_line' id='line_1_115' title="bbox 2246 5141 3836 5213; baseline 0.007 -21"><span class='ocrx_word' id='word_1_895' title='bbox 2246 5147 2454 5194; x_wconf 89' lang='lat' dir='ltr'><strong><em>mantes</em></strong></span> <span class='ocrx_word' id='word_1_896' title='bbox 2500 5148 2555 5194; x_wconf 93' lang='lat' dir='ltr'><strong><em>et</em></strong></span> <span class='ocrx_word' id='word_1_897' title='bbox 2603 5146 2934 5206; x_wconf 87' lang='lat' dir='ltr'><strong><em>trementes,</em></strong></span> <span class='ocrx_word' id='word_1_898' title='bbox 2981 5155 3104 5196; x_wconf 91' lang='lat' dir='ltr'><strong><em>eum</em></strong></span> <span class='ocrx_word' id='word_1_899' title='bbox 3153 5141 3613 5213; x_wconf 89' lang='lat' dir='ltr'><strong><em>interrogaverunt</em></strong></span> <span class='ocrx_word' id='word_1_900' title='bbox 3646 5161 3659 5199; x_wconf 88' lang='lat'><strong>:</strong></span> <span class='ocrx_word' id='word_1_901' title='bbox 3695 5145 3836 5211; x_wconf 86' lang='lat' dir='ltr'><strong><em>Quid</em></strong></span> 
     </span>
    </p>
   </div>
   <div class='ocr_carea' id='block_1_116' title="bbox 2247 5217 3835 5298">
    <p class='ocr_par' dir='ltr' id='par_1_116' title="bbox 2247 5217 3835 5298">
     <span class='ocr_line' id='line_1_116' title="bbox 2247 5217 3835 5298; baseline 0.006 -17"><span class='ocrx_word' id='word_1_902' title='bbox 2247 5228 2428 5294; x_wconf 84' lang='lat' dir='ltr'><strong><em>habes,</em></strong></span> <span class='ocrx_word' id='word_1_903' title='bbox 2471 5230 2659 5297; x_wconf 83' lang='lat' dir='ltr'><strong><em>pater?</em></strong></span> <span class='ocrx_word' id='word_1_904' title='bbox 2689 5228 2768 5282; x_wconf 77' lang='lat' dir='ltr'><strong><em>Ad</em></strong></span> <span class='ocrx_word' id='word_1_905' title='bbox 2814 5243 2950 5298; x_wconf 88' lang='lat' dir='ltr'><strong><em>quos</em></strong></span> <span class='ocrx_word' id='word_1_906' title='bbox 2989 5230 3079 5285; x_wconf 86' lang='lat' dir='ltr'><strong><em>ille</em></strong></span> <span class='ocrx_word' id='word_1_907' title='bbox 3113 5246 3126 5285; x_wconf 88' lang='lat'><strong>:</strong></span> <span class='ocrx_word' id='word_1_908' title='bbox 3159 5230 3281 5284; x_wconf 90' lang='lat' dir='ltr'><strong><em>Non</em></strong></span> <span class='ocrx_word' id='word_1_909' title='bbox 3325 5231 3499 5286; x_wconf 83' lang='lat' dir='ltr'><strong><em>videtis</em></strong></span> <span class='ocrx_word' id='word_1_910' title='bbox 3544 5217 3835 5291; x_wconf 67' lang='lat' dir='ltr'><strong><em>damonunt</em></strong></span> 
     </span>
    </p>
   </div>
   <div class='ocr_carea' id='block_1_117' title="bbox 2246 5320 3836 5398">
    <p class='ocr_par' dir='ltr' id='par_1_117' title="bbox 2246 5320 3836 5398">
     <span class='ocr_line' id='line_1_117' title="bbox 2246 5320 3836 5398; baseline 0.006 -25"><span class='ocrx_word' id='word_1_911' title='bbox 2246 5320 2452 5390; x_wconf 85' lang='lat' dir='ltr'><strong><em>agmina</em></strong></span> <span class='ocrx_word' id='word_1_912' title='bbox 2472 5361 2486 5384; x_wconf 90' lang='lat'><strong><em>,</em></strong></span> <span class='ocrx_word' id='word_1_913' title='bbox 2518 5336 2630 5390; x_wconf 83' lang='lat' dir='ltr'><strong><em>qua:</em></strong></span> <span class='ocrx_word' id='word_1_914' title='bbox 2671 5337 2750 5374; x_wconf 87' lang='lat' dir='ltr'><strong><em>tne</em></strong></span> <span class='ocrx_word' id='word_1_915' title='bbox 2783 5321 3036 5377; x_wconf 83' lang='lat' dir='ltr'><strong><em>debellare</em></strong></span> <span class='ocrx_word' id='word_1_916' title='bbox 3073 5323 3283 5392; x_wconf 83' lang='lat' dir='ltr'><strong><em>cupiunt</em></strong></span> <span class='ocrx_word' id='word_1_917' title='bbox 3306 5323 3333 5376; x_wconf 64' lang='lat'><strong><em>.9</em></strong></span> <span class='ocrx_word' id='word_1_918' title='bbox 3362 5323 3427 5378; x_wconf 90' lang='lat' dir='ltr'><strong><em>Et</em></strong></span> <span class='ocrx_word' id='word_1_919' title='bbox 3459 5325 3534 5380; x_wconf 88' lang='lat' dir='ltr'><strong><em>illi</em></strong></span> <span class='ocrx_word' id='word_1_920' title='bbox 3569 5344 3582 5381; x_wconf 89' lang='lat'><strong>:</strong></span> <span class='ocrx_word' id='word_1_921' title='bbox 3619 5327 3758 5393; x_wconf 84' lang='lat' dir='ltr'><strong><em>Quid</em></strong></span> <span class='ocrx_word' id='word_1_922' title='bbox 3789 5340 3836 5398; x_wconf 82' lang='lat' dir='ltr'><strong><em>te</em></strong></span> 
     </span>
    </p>
   </div>
   <div class='ocr_carea' id='block_1_118' title="bbox 2248 5411 3831 5486">
    <p class='ocr_par' dir='ltr' id='par_1_118' title="bbox 2248 5411 3831 5486">
     <span class='ocr_line' id='line_1_118' title="bbox 2248 5411 3831 5486; baseline 0.008 -22"><span class='ocrx_word' id='word_1_923' title='bbox 2248 5414 2505 5483; x_wconf 90' lang='lat' dir='ltr'><strong><em>facturum</em></strong></span> <span class='ocrx_word' id='word_1_924' title='bbox 2532 5411 2778 5479; x_wconf 78' lang='lat' dir='ltr'><strong><em>volebant,</em></strong></span> <span class='ocrx_word' id='word_1_925' title='bbox 2800 5431 2914 5468; x_wconf 87' lang='lat' dir='ltr'><strong><em>cum</em></strong></span> <span class='ocrx_word' id='word_1_926' title='bbox 2938 5414 3137 5468; x_wconf 82' lang='lat' dir='ltr'><strong><em>dicebas</em></strong></span> <span class='ocrx_word' id='word_1_927' title='bbox 3164 5433 3182 5468; x_wconf 87' lang='lat'><strong><em>:</em></strong></span> <span class='ocrx_word' id='word_1_928' title='bbox 3207 5413 3330 5470; x_wconf 88' lang='lat' dir='ltr'><strong><em>Non</em></strong></span> <span class='ocrx_word' id='word_1_929' title='bbox 3358 5417 3586 5486; x_wconf 76' lang='lat' dir='ltr'><strong><em>faciam?</em></strong></span> <span class='ocrx_word' id='word_1_930' title='bbox 3609 5418 3679 5474; x_wconf 88' lang='lat' dir='ltr'><strong><em>Et</em></strong></span> <span class='ocrx_word' id='word_1_931' title='bbox 3701 5420 3792 5476; x_wconf 89' lang='lat' dir='ltr'><strong><em>ille</em></strong></span> <span class='ocrx_word' id='word_1_932' title='bbox 3817 5440 3831 5477; x_wconf 89' lang='lat'><strong>:</strong></span> 
     </span>
    </p>
   </div>
   <div class='ocr_carea' id='block_1_119' title="bbox 2247 5499 3838 5577">
    <p class='ocr_par' dir='ltr' id='par_1_119' title="bbox 2247 5499 3838 5577">
     <span class='ocr_line' id='line_1_119' title="bbox 2247 5499 3838 5577; baseline 0.007 -21"><span class='ocrx_word' id='word_1_933' title='bbox 2247 5499 2511 5556; x_wconf 87' lang='lat' dir='ltr'><strong><em>Conantur</em></strong></span> <span class='ocrx_word' id='word_1_934' title='bbox 2545 5519 2790 5573; x_wconf 85' lang='lat' dir='ltr'><strong><em>namque,</em></strong></span> <span class='ocrx_word' id='word_1_935' title='bbox 2821 5514 2873 5558; x_wconf 86' lang='lat' dir='ltr'><strong><em>ut</em></strong></span> <span class='ocrx_word' id='word_1_936' title='bbox 2911 5504 3069 5557; x_wconf 82' lang='lat' dir='ltr'><strong><em>dit-ini</em></strong></span> <span class='ocrx_word' id='word_1_937' title='bbox 3097 5505 3314 5560; x_wconf 90' lang='lat' dir='ltr'><strong><em>nominis</em></strong></span> <span class='ocrx_word' id='word_1_938' title='bbox 3345 5505 3667 5577; x_wconf 87' lang='lat' dir='ltr'><strong><em>blasphemus</em></strong></span> <span class='ocrx_word' id='word_1_939' title='bbox 3695 5511 3838 5567; x_wconf 73' lang='lat' dir='ltr'><strong><em>inve-</em></strong></span> 
     </span>
    </p>
   </div>
   <div class='ocr_carea' id='block_1_120' title="bbox 2248 5591 3832 5662">
    <p class='ocr_par' dir='ltr' id='par_1_120' title="bbox 2248 5591 3832 5662">
     <span class='ocr_line' id='line_1_120' title="bbox 2248 5591 3832 5662; baseline 0.008 -18"><span class='ocrx_word' id='word_1_940' title='bbox 2248 5591 2394 5655; x_wconf 87' lang='lat' dir='ltr'><strong><em>niar,</em></strong></span> <span class='ocrx_word' id='word_1_941' title='bbox 2438 5601 2482 5644; x_wconf 90' lang='lat' dir='ltr'><strong><em>et</em></strong></span> <span class='ocrx_word' id='word_1_942' title='bbox 2511 5592 2623 5646; x_wconf 88' lang='lat' dir='ltr'><strong><em>ideo</em></strong></span> <span class='ocrx_word' id='word_1_943' title='bbox 2663 5593 2758 5646; x_wconf 85' lang='lat' dir='ltr'><strong><em>hoc</em></strong></span> <span class='ocrx_word' id='word_1_944' title='bbox 2800 5609 2879 5647; x_wconf 89' lang='lat' dir='ltr'><strong><em>me</em></strong></span> <span class='ocrx_word' id='word_1_945' title='bbox 2920 5610 3020 5647; x_wconf 89' lang='lat' dir='ltr'><strong><em>non</em></strong></span> <span class='ocrx_word' id='word_1_946' title='bbox 3064 5593 3234 5662; x_wconf 86' lang='lat' dir='ltr'><strong><em>facere</em></strong></span> <span class='ocrx_word' id='word_1_947' title='bbox 3273 5594 3578 5650; x_wconf 88' lang='lat' dir='ltr'><strong><em>clamabam.</em></strong></span> <span class='ocrx_word' id='word_1_948' title='bbox 3615 5598 3679 5653; x_wconf 90' lang='lat' dir='ltr'><strong><em>Et</em></strong></span> <span class='ocrx_word' id='word_1_949' title='bbox 3713 5601 3832 5656; x_wconf 89' lang='lat' dir='ltr'><strong><em>illi:</em></strong></span> 
     </span>
    </p>
   </div>
   <div class='ocr_carea' id='block_1_121' title="bbox 2253 5671 3834 5752">
    <p class='ocr_par' dir='ltr' id='par_1_121' title="bbox 2253 5671 3834 5752">
     <span class='ocr_line' id='line_1_121' title="bbox 2253 5671 3834 5752; baseline 0.015 -23"><span class='ocrx_word' id='word_1_950' title='bbox 2253 5680 2422 5746; x_wconf 76' lang='lat' dir='ltr'><strong><em>Quare</em></strong></span> <span class='ocrx_word' id='word_1_951' title='bbox 2440 5720 2454 5744; x_wconf 94' lang='lat'><strong><em>,</em></strong></span> <span class='ocrx_word' id='word_1_952' title='bbox 2485 5691 2628 5750; x_wconf 79' lang='lat' dir='ltr'><strong><em>pater</em></strong></span> <span class='ocrx_word' id='word_1_953' title='bbox 2653 5722 2666 5746; x_wconf 93' lang='lat'><strong><em>,</em></strong></span> <span class='ocrx_word' id='word_1_954' title='bbox 2700 5685 2879 5752; x_wconf 83' lang='lat' dir='ltr'><strong><em>facient</em></strong></span> <span class='ocrx_word' id='word_1_955' title='bbox 2907 5684 3244 5740; x_wconf 80' lang='lat' dir='ltr'><strong><em>abscondebas</em></strong></span> <span class='ocrx_word' id='word_1_956' title='bbox 3270 5685 3321 5741; x_wconf 91' lang='lat' dir='ltr'><strong><em>in</em></strong></span> <span class='ocrx_word' id='word_1_957' title='bbox 3347 5671 3532 5742; x_wconf 89' lang='lat' dir='ltr'><strong><em>terram</em></strong></span> <span class='ocrx_word' id='word_1_958' title='bbox 3551 5690 3577 5743; x_wconf 85' lang='lat'><strong><em>.’</em></strong></span> <span class='ocrx_word' id='word_1_959' title='bbox 3605 5690 3670 5746; x_wconf 87' lang='lat' dir='ltr'><strong><em>Et</em></strong></span> <span class='ocrx_word' id='word_1_960' title='bbox 3702 5693 3834 5752; x_wconf 85' lang='lat' dir='ltr'><strong><em>ille:</em></strong></span> 
     </span>
    </p>
   </div>
  </div>
