4048 6186
146 250 258 309 295

152 368 236 423 Ne
263 367 371 438 ejus
400 373 659 435 aspectum
688 377 956 425 cernerem,
987 357 1067 428 qui
1098 368 1197 411 tam
1226 357 1390 425 turpis
1418 366 1464 409 et
1494 352 1729 407 terribilis

148 469 258 523 est,
295 458 430 524 quod
467 472 639 510 omnes
670 470 793 523 pene
815 450 1110 523 formidines
1134 464 1249 520 quae
1278 447 1332 501 in
1371 445 1560 500 mundo
1592 453 1729 509 sunt,

148 559 381 620 respectu
408 550 517 620 ejus
543 546 672 600 nihil
696 554 832 600 sunt.
864 544 1005 599 Inter
1026 542 1143 597 hate
1166 541 1325 595 verba
1348 548 1501 593 actus
1530 537 1736 607 priores

149 642 454 705 reiterans,
489 638 568 691 sic
616 635 682 689 ad
730 647 1023 690 extremam
1068 632 1254 687 horam
1299 645 1467 699 usque
1495 627 1730 682 devenit.

147 729 372 785 Fratres
394 735 573 783 autem
602 726 694 796 qui
721 724 985 788 astabant,
1016 738 1213 793 pavore
1237 731 1293 776 et
1317 719 1503 775 dolore
1530 726 1737 787 perter-

149 819 268 885 riti,
292 818 438 873 velut
465 816 662 872 mortui
688 816 921 879 stabant,
949 813 1074 882 quid
1104 812 1377 873 facerent,
1410 808 1734 863 nescientes.

150 909 434 966 Gloriosus
460 909 601 963 Deus
628 907 681 962 in
704 906 915 961 Sanctis
934 906 1069 969 suis,
1097 904 1357 957 mirabilis
1381 902 1433 956 in
1460 902 1738 969 majestate

150 1016 250 1055 sua
270 1040 289 1067 ,
318 1001 582 1071 benignus
606 1039 622 1063 ,
648 1006 703 1053 et
732 1013 791 1054 se
821 997 1124 1051 amantibus
1148 996 1454 1051 misericors
1472 1036 1487 1059 ,
1512 993 1741 1048 Sanctus

149 1106 281 1146 suos
323 1106 432 1146 non
476 1089 803 1158 derelinquit
850 1087 906 1141 in
955 1096 1198 1156 tempore
1249 1085 1607 1141 necessitatis.
1656 1082 1741 1138 Ad

147 1195 461 1239 extremam
482 1196 715 1250 namque
744 1179 933 1233 horam
959 1177 1248 1233 venerabili
1276 1176 1511 1231 Eusebio
1538 1188 1742 1244 praeve-

148 1275 358 1339 niente,
391 1272 659 1343 gloriosus
687 1269 1045 1339 Hieronymus
1071 1266 1337 1337 apparuit,
1368 1280 1490 1321 eum
1518 1264 1746 1333 benigne

144 1368 496 1423 confortans.
518 1362 683 1433 Cujus
704 1361 937 1416 adventu
957 1360 1132 1415 omnis
1156 1358 1242 1412 illa
1266 1358 1568 1413 daemonum
1593 1356 1746 1410 turba

146 1456 312 1527 quasi
362 1454 604 1519 inﬁnita,
635 1452 754 1521 ejus
792 1451 988 1504 timore
1033 1449 1310 1519 perterrita
1335 1489 1351 1513 ,
1390 1447 1460 1502 ab
1498 1462 1566 1501 eo
1607 1446 1749 1501 velut

149 1548 337 1603 fumus
357 1544 596 1607 evanuit,
625 1552 683 1595 ut
706 1543 889 1611 plures
915 1549 1176 1594 testantur
1199 1538 1468 1601 monachi,
1498 1537 1586 1607 qui
1619 1552 1747 1606 pro-

154 1639 290 1711 priis
306 1637 481 1693 oculis
498 1636 898 1703 dispensatione
918 1631 1096 1686 divina
1117 1644 1175 1684 se
1197 1629 1299 1684 hoc
1316 1629 1517 1683 vidisse
1538 1628 1742 1683 dicunt.

156 1730 264 1788 Sed
286 1730 389 1783 hoc
413 1727 583 1795 magis
600 1723 928 1793 approbatur
948 1739 962 1776 :
982 1737 1104 1775 nam
1128 1736 1319 1775 omnes
1336 1720 1748 1774 circumstantes

162 1821 450 1877 audierunt
480 1817 578 1871 has
621 1816 689 1870 ab
718 1814 955 1869 Eusebio
982 1828 1175 1867 voces:
1204 1811 1353 1867 Unde
1378 1811 1535 1877 venis,
1564 1810 1748 1881 pater?

164 1913 335 1978 Quare
366 1918 561 1963 tantum
586 1914 810 1960 moratus
833 1919 887 1957 es
904 1904 930 1957 .9
953 1902 1052 1958 Cui
1078 1902 1275 1967 subito,
1298 1903 1503 1957 cunctis
1526 1902 1749 1957 audien-

165 2003 327 2063 tibus,
356 2002 458 2055 alia
486 2015 589 2053 vox
620 1996 932 2066 respondit:
960 1994 1233 2063 Exspecta,
1264 1992 1364 2061 ﬁli,
1389 2010 1451 2048 ne
1478 1993 1744 2063 formida,

164 2094 281 2161 quia
311 2103 358 2145 te
383 2107 483 2145 non
510 2090 736 2143 deseram
760 2127 777 2153 ,
807 2103 953 2156 quem
995 2096 1191 2139 tantum
1220 2084 1401 2155 diligo.
1427 2086 1542 2153 Qua
1568 2085 1748 2139 audita

166 2198 296 2237 voce
317 2223 334 2246 ,
364 2180 510 2235 brevi
542 2178 667 2233 inde
693 2177 919 2231 decursa
945 2175 1152 2229 morula
1178 2216 1195 2241 ,
1225 2174 1549 2229 venerabilis
1576 2174 1748 2229 Euse-

165 2276 285 2331 bius
329 2274 638 2343 exspiravit.
685 2271 799 2337 Qua
849 2269 1064 2340 quidem
1108 2267 1240 2322 hora
1285 2276 1340 2323 et
1386 2267 1465 2321 illi
1509 2275 1618 2321 tres
1656 2267 1748 2336 qui

166 2364 466 2420 resuscitati
489 2371 632 2425 sunt,
657 2362 957 2430 migravere
982 2376 995 2412 :
1019 2369 1075 2413 et
1096 2358 1177 2430 (ut
1201 2359 1351 2427 puto)
1373 2372 1494 2412 cum
1518 2356 1749 2412 Eusebio

168 2455 232 2510 ad
259 2465 457 2509 :eterna
488 2452 681 2523 gaudia
711 2455 1089 2521 pervenerunt.
1123 2447 1254 2502 Nam
1287 2462 1383 2517 per
1414 2447 1535 2501 illos
1563 2460 1750 2501 omnes

169 2546 349 2616 viginti
389 2544 505 2599 dies
529 2584 543 2606 ,
572 2542 767 2613 quibus
813 2551 1097 2609 postquam
1143 2538 1224 2609 (ut
1255 2537 1417 2608 nosti)
1450 2537 1749 2593 resuscitati

169 2646 328 2702 sunt,
360 2650 421 2691 se
460 2634 514 2689 in
546 2642 691 2687 tanta
721 2632 1037 2701 ptenitentia
1070 2628 1436 2691 tradiderunt,
1465 2626 1605 2697 quod
1632 2628 1749 2682 sine

169 2726 329 2782 dubio
365 2734 566 2781 :eterna
612 2720 943 2778 beatitudine
984 2720 1255 2789 potiantur
1290 2727 1345 2773 et
1384 2718 1745 2788 pratmiantur.

170 2817 392 2874 Silentia
419 2811 938 2886 praetermittendum
970 2824 1308 2880 nequaquam
1335 2818 1463 2879 puto
1483 2850 1498 2874 ,
1529 2824 1649 2880 quae
1677 2808 1747 2865 ab

168 2909 367 2967 eisdem
407 2907 577 2962 tribus
602 2906 732 2960 viris
774 2920 869 2975 per
915 2903 1036 2958 illos
1062 2902 1179 2957 dies
1200 2943 1215 2968 ,
1247 2901 1440 2971 quibus
1464 2902 1742 2967 vixerunt,

170 3000 349 3056 didici.
376 2998 641 3054 Continue
668 3005 780 3050 toto
812 2995 912 3049 hoc
940 3004 1178 3062 tempore
1201 3008 1323 3046 cum
1354 2992 1534 3059 aliquo
1558 3005 1747 3045 eorum

172 3103 373 3148 secreta
404 3091 529 3145 vitae
570 3089 733 3155 illius,
764 3103 924 3157 quam
958 3096 1076 3155 post
1112 3084 1249 3139 hanc
1292 3085 1509 3139 brevem
1549 3096 1603 3138 et
1636 3098 1751 3138 mo-

173 3192 507 3249 mentaneam
537 3186 912 3249 exspectamus
934 3176 1163 3243 ,rimari
1195 3175 1417 3243 cupiens
1442 3214 1457 3239 ,
1488 3174 1749 3228 alternam

174 3273 311 3328 diem
352 3272 556 3326 ducens
598 3269 665 3323 ad
704 3282 1005 3337 vesperam.
1049 3264 1155 3320 Sed
1194 3264 1437 3335 quamvis
1476 3263 1640 3317 multa
1682 3262 1752 3318 ab

173 3364 368 3419 eisdem
400 3360 690 3416 didicerem
712 3377 728 3412 :
747 3369 921 3412 tamen
943 3355 1008 3410 ad
1031 3369 1273 3425 presens
1291 3354 1562 3408 brevitatis
1590 3368 1751 3407 causa

173 3454 416 3525 quaedam
443 3460 646 3504 tantum
676 3446 928 3513 referam,
951 3456 1146 3501 caetera
1174 3460 1301 3498 vero
1328 3444 1461 3497 alias
1491 3459 1553 3497 ea
1581 3442 1752 3496 dictu-

172 3564 263 3605 rus
288 3548 553 3602 omittam.
580 3543 817 3610 Quadam
844 3542 958 3595 vice
982 3539 1047 3594 ad
1076 3554 1238 3593 unum
1269 3552 1454 3591 eorum
1482 3551 1569 3591 me
1591 3536 1749 3589 ivisse

172 3638 391 3707 contigit
419 3648 617 3703 :quem
645 3632 777 3686 dure
804 3631 1185 3700 lacrymantcm
1211 3668 1226 3693 ,
1261 3641 1361 3680 nec
1403 3626 1536 3681 meis
1576 3623 1753 3679 verbis

172 3728 594 3785 consolationem
657 3724 887 3791 aliquam
954 3719 1328 3774 admittentem
1376 3717 1749 3787 comperiens,

175 3822 305 3877 tanti
331 3820 493 3874 ﬂetus
515 3831 733 3873 causam
761 3813 828 3869 ab
854 3828 919 3867 eo
944 3812 1085 3880 cmpi
1118 3810 1409 3881 inquirere.
1428 3809 1529 3877 Qui
1551 3807 1751 3878 pluries

172 3914 239 3969 de
270 3912 376 3967 hoc
399 3925 430 3964 a
456 3925 545 3964 me
572 3910 930 3975 interrogatus
947 3944 967 3970 ,
995 3917 1094 3957 nec
1121 3911 1299 3955 tamen
1328 3900 1395 3954 ad
1429 3900 1752 3967 interrogata

172 4004 511 4076 respondens
540 4020 555 4056 :
585 3998 800 4054 tandem
828 3997 963 4051 meis
992 4004 1210 4048 coactus
1240 3991 1749 4062 importunitatibus,

172 4097 251 4151 sic
278 4092 555 4163 respondit
580 4108 593 4144 :
619 4089 680 4145 Si
707 4103 821 4159 quae
846 4085 1012 4154 pridie
1044 4100 1157 4138 sum
1185 4092 1418 4150 expertus
1436 4123 1452 4149 ,
1482 4098 1580 4135 non
1610 4083 1757 4151 igno-

171 4202 333 4249 rares,
362 4183 452 4236 tibi
480 4182 658 4235 inesset
696 4193 892 4245 semper
920 4191 1074 4228 causa
1113 4175 1281 4244 ﬂetus.
1316 4173 1394 4227 Ad
1420 4188 1576 4243 quem
1613 4187 1752 4241 ego:

170 4276 367 4343 Qumso
396 4282 451 4327 ut
475 4287 593 4341 qua:
617 4269 834 4333 vidisti,
860 4267 1150 4322 edisseras.
1179 4263 1331 4318 Tunc
1360 4263 1445 4317 ille
1486 4262 1757 4331 paulisper

172 4377 359 4421 tacens
383 4405 401 4430 ,
433 4363 608 4418 dixit:
635 4360 823 4426 Quales
863 4358 1025 4411 credis
1067 4372 1240 4427 prunas
1265 4366 1312 4409 et
1338 4366 1582 4409 tormenta
1604 4396 1618 4419 ,
1654 4371 1757 4408 non

170 4457 337 4511 solum
376 4454 653 4517 damnatis,
682 4451 771 4509 sed
806 4450 957 4505 etiam
989 4449 1043 4502 in
1088 4447 1397 4519 Purgatorio
1435 4448 1758 4528 eaﬁstentibus

171 4546 459 4617 preparari
476 4545 502 4598 ?
522 4542 601 4597 Ad
624 4557 780 4611 quem
804 4554 937 4610 ego:
959 4539 1035 4593 De
1055 4537 1274 4592 incertis
1295 4552 1414 4607 qua:
1435 4553 1556 4591 vera
1580 4545 1759 4608 potest

172 4636 406 4706 proferri
454 4630 762 4687 sententia?
812 4630 881 4685 Ut
927 4630 1070 4683 enim
1120 4636 1285 4698 puto,
1328 4628 1525 4682 nostris
1561 4628 1759 4697 quibus

168 4727 463 4797 afﬂigimur
478 4723 669 4795 pomis,
683 4722 882 4791 aequari
898 4736 1001 4775 non
1018 4732 1260 4791 possunt.
1275 4720 1353 4775 Ad
1370 4722 1510 4791 quod
1528 4722 1615 4777 ille
1634 4739 1679 4776 ει
1698 4719 1755 4777 Si

167 4832 364 4871 omnes
375 4831 497 4885 quae
514 4814 567 4867 in
585 4811 781 4865 mundo
794 4812 1012 4881 cogitari
1029 4822 1249 4880 possunt
1264 4826 1453 4880 pinnat,
1471 4821 1754 4877 tormenta,

166 4906 497 4961 afﬂictiones
520 4943 537 4968 ,
567 4902 757 4956 minori
795 4917 912 4971 qua:
942 4901 1050 4956 illic
1077 4901 1339 4956 habentur
1366 4917 1536 4971 manu:
1563 4913 1617 4957 et
1643 4913 1757 4957 tor-

168 5005 369 5053 mento
428 5002 840 5058 comparentur,
908 4994 1094 5047 solatia
1151 5002 1329 5048 erunt.
1392 4993 1567 5049 Mallet
1614 4995 1757 5049 enim

170 5086 407 5159 quilibet
463 5081 753 5136 viventium
810 5083 902 5149 (si
957 5083 1075 5139 illas
1129 5086 1459 5154 experientia
1514 5094 1760 5139 nosceret

172 5176 402 5250 pinnas)
433 5187 605 5244 usque
645 5170 712 5225 ad
747 5170 907 5226 linem
950 5175 1170 5241 mundi,
1210 5176 1461 5230 omnibus
1490 5174 1574 5230 his
1601 5176 1760 5230 simul

171 5272 289 5328 sine
316 5265 566 5327 remedio
589 5262 818 5317 cruciari
837 5264 1026 5331 penis,
1046 5279 1176 5333 quas
1205 5281 1395 5321 omnes
1421 5266 1667 5321 homines
1692 5268 1760 5322 ab

169 5369 339 5423 Adam
394 5366 680 5430 hucusque
726 5358 996 5429 sigillatim
1044 5361 1415 5427 pertulerunt,
1459 5377 1616 5430 quam
1649 5376 1757 5416 uno

166 5463 252 5519 die
278 5465 330 5517 in
374 5458 632 5520 inferno,
661 5453 773 5506 sive
804 5451 1116 5521 Purgatorio
1149 5454 1341 5507 minori
1368 5468 1486 5521 qua:
1521 5452 1629 5505 illic
1658 5452 1751 5505 ha-

163 5558 320 5614 betur
353 5564 553 5626 paena,
590 5546 847 5616 torqueri.
884 5545 948 5598 Et
991 5545 1112 5599 ideo
1140 5547 1183 5601 si
1210 5560 1425 5600 causam
1458 5543 1561 5598 mei
1600 5543 1756 5598 ﬂetus

156 5650 465 5718 interrogas
491 5683 506 5710 ,
540 5639 705 5692 timor
745 5648 1031 5708 pinnarum
1058 5644 1143 5688 est
1169 5676 1183 5701 ,
1221 5652 1339 5707 quae
1377 5632 1746 5705 peccatoribus

575 5753 639 5813 S.
689 5752 1055 5810 “mananti
1104 5751 1152 5810 ι.

1324 239 1409 296 DE
1460 236 1825 297 MIRACULIS
1860 235 2153 291 HIERONY
2162 236 2251 290 M1.

1835 351 1977 419 justo
2004 352 2219 406 dantur.
2270 352 2394 407 Scio
2442 369 2671 423 namque
2721 374 2803 412 me
2851 376 2973 427 erga
3025 358 3192 414 Deum
3240 374 3419 412 meum

1838 458 2090 514 peccasse
2119 454 2175 500 et
2202 446 2372 515 ipsum
2400 446 2604 515 justum
2638 444 2751 502 iure
2778 465 2880 502 non
2903 450 3107 506 dubito.
3130 451 3245 519 Qua
3273 450 3339 505 de
3363 466 3422 505 re

3321 236 3423 298 ξθι

1840 549 1947 588 non
1978 536 2224 600 mireris,
2257 538 2299 590 si
2335 536 2527 605 plango
2553 578 2568 601 ,
2620 554 2743 592 cum
2779 542 2953 606 potius
2981 544 3021 593 si
3066 560 3170 595 non
3203 545 3421 614 plange-

1843 640 1957 680 rem
1984 667 2000 692 ,
2032 628 2383 682 vehementer
2408 627 2662 682 admirari
2695 628 2954 693 deberes;
2987 632 3078 684 sed
3126 636 3297 701 potius
3323 636 3422 689 ad-

1842 717 2083 783 mirare,
2113 733 2279 787 quare
2326 718 2572 773 homines
2610 719 2699 789 qui
2746 734 2807 774 sc
2848 720 2983 787 mogi
3034 737 3137 774 nott
3183 723 3424 781 dubitant

1848 808 2058 877 (saltem
2103 809 2337 863 aliorum
2381 810 2789 879 experimento)
2823 819 2966 864 tanta
3011 810 3097 865 hic
3138 814 3427 870 securitate

1844 900 2047 963 vivunt,
2079 916 2178 955 nec
2200 910 2374 955 tantas
2400 902 2639 971 cogitant
2663 890 2892 957 evadere
2922 918 3125 971 lunatas.
3152 922 3171 955 ι
3204 904 3284 959 Ad
3315 906 3429 961 huic

1844 990 2035 1047 dolore
2062 1001 2234 1046 tactus
2262 993 2617 1058 intrinsecus,
2660 995 2732 1048 ita
2782 1004 2837 1048 ut
2866 998 2951 1048 vix
2990 997 3152 1050 verba
3197 996 3430 1053 formare

1845 1097 2084 1152 possem,
2112 1083 2221 1137 dixi
2253 1101 2267 1138 :
2300 1084 2412 1138 lleu
2443 1084 2569 1153 quid
2606 1086 2806 1140 audio?
2840 1086 2945 1140 Sed
2976 1102 3190 1155 quaeso,
3235 1089 3285 1141 in
3324 1103 3431 1156 quo

1848 1180 2112 1227 tormenta
2140 1173 2395 1229 din‘erunt
2422 1176 2698 1230 infernalia
2726 1176 2794 1229 ab
2822 1176 2903 1231 itis
2930 1194 3048 1247 qua:
3073 1190 3191 1232 sunt
3225 1180 3276 1233 in
3304 1180 3432 1234 Pur-

1848 1264 2080 1333 gatorio,
2104 1263 2273 1319 dicas.
2307 1264 2371 1319 Et
2400 1265 2489 1319 ille
2514 1282 2528 1319 :
2558 1284 2578 1317 ι
2604 1266 2742 1320 Nihil
2775 1268 2914 1322 inter
2932 1268 3284 1323 sediil‘eruut:
3304 1271 3430 1339 quia

1849 1354 2038 1410 eadem
2066 1364 2191 1409 sunt
2211 1356 2594 1427 magnitudine,
2622 1373 2793 1427 pinna:
2810 1359 3105 1430 Purgatorii
3125 1371 3178 1416 ct
3206 1361 3425 1416 Inferni.

1850 1446 1954 1501 Sed
1984 1462 2147 1501 unum
2175 1456 2259 1503 est
2287 1463 2393 1515 quo
2422 1448 2637 1503 differre
2675 1460 2897 1519 possunt
2930 1469 2945 1507 :
2978 1454 3099 1522 quia
3141 1454 3432 1509 infernales

1853 1536 2011 1590 linem
2054 1552 2161 1591 non
2189 1550 2503 1607 exspectant
2527 1578 2544 1607 ,
2588 1540 2683 1594 sed
2724 1554 3067 1607 augmentum
3102 1562 3116 1597 :
3148 1546 3349 1599 scilicet
3379 1546 3433 1599 in

1844 1625 2030 1695 judicii
2062 1627 2379 1682 universalis
2406 1628 2495 1683 die
2520 1669 2537 1691 ,
2588 1631 2801 1699 quando
2831 1648 3051 1701 corpora
3085 1635 3278 1689 ibidem
3310 1653 3433 1690 cru-

1848 1716 2132 1771 ciabuntur
2155 1734 2276 1772 cum
2323 1719 2604 1773 animabus
2630 1760 2647 1785 ,
2677 1730 2731 1774 et
2757 1721 3051 1792 Purgatorii
3098 1741 3268 1791 pteua:
3308 1737 3434 1781 sunt

1850 1819 1973 1860 cum
2020 1808 2144 1862 line.
2204 1806 2336 1861 Nam
2404 1818 2525 1878 post
2569 1810 2837 1879 expletam
2885 1813 3252 1881 paenitentiam
3308 1817 3433 1873 inde

1849 1898 2105 1967 exempti,
2137 1898 2344 1966 gaudiis
2387 1900 2711 1955 beatissimis
2757 1901 3115 1969 perfruentur.
3149 1925 3169 1958 ι
3206 1907 3283 1961 Ad
3318 1907 3447 1969 inec,

1850 2004 1951 2059 ego
2006 2005 2019 2041 :
2075 1989 2212 2045 Sunt
2261 1993 2515 2047 omnibus
2562 1994 2614 2047 in
2670 1994 2986 2065 Purgatorio
3035 2000 3384 2055 existentibus
3413 2045 3429 2070 ,

1850 2080 2076 2149 aqualis
2108 2089 2374 2136 tormenta
2400 2125 2415 2147 ,
2462 2083 2544 2137 vel
2575 2083 2829 2139 diversa?
2860 2086 2940 2140 Ad
2972 2086 3087 2141 haec
3115 2088 3205 2143 ille
3239 2109 3253 2144 :
3289 2110 3306 2140 ι
3339 2091 3431 2144 Dio

1852 2187 2009 2227 versa
2063 2173 2306 2243 quidem.
2369 2174 2423 2228 In
2481 2176 2746 2245 aliquibus
2798 2178 3045 2246 majora,
3098 2179 3435 2249 aliqttibusvo

1852 2262 2075 2328 leviOra,
2122 2264 2271 2331 juxta
2321 2265 2738 2331 magnitudinem
2790 2276 3150 2336 peccatorum.
3200 2270 3330 2325 Nam
3383 2275 3435 2327 in

1852 2353 2023 2423 patria
2054 2354 2215 2408 etiam
2245 2353 2529 2411 Beatorum
2560 2371 2747 2412 omnes
2781 2359 2973 2414 anima:
3000 2360 3251 2428 gloriosa:
3294 2349 3433 2417 divi-

1852 2458 1975 2498 nam
2003 2445 2435 2515 conlemplantur
2459 2448 2692 2515 speciem
2724 2465 2738 2502 :
2773 2449 2824 2503 itt
2852 2466 2958 2520 quo
2986 2454 3162 2507 omnis
3189 2456 3437 2512 consistit

1850 2534 2041 2604 gloria.
2086 2535 2216 2602 Qua:
2244 2537 2489 2606 quamvis
2525 2537 2747 2608 singula:
2774 2549 2916 2596 tanta
2945 2540 3174 2598 habeant
3199 2548 3387 2616 gaudia
3415 2590 3431 2612 ,

1850 2637 2047 2696 quanta
2093 2628 2230 2683 velle
2272 2627 2360 2683 vel
2402 2628 2642 2699 cogitare
2686 2642 2956 2700 possunt:
3001 2644 3177 2690 tamen
3227 2640 3433 2705 gaudiis

1851 2732 1957 2772 non
1988 2726 2114 2773 sunt
2152 2733 2308 2788 pares
2332 2760 2347 2784 ,
2378 2720 2501 2789 quia
2544 2720 2746 2790 majora
2776 2722 2891 2777 inec
2922 2725 3193 2794 possidet,
3226 2728 3434 2782 minora

1850 2809 1964 2876 illa,
1992 2809 2141 2880 juxta
2168 2825 2330 2880 opera
2360 2828 2480 2882 qua:
2524 2812 2787 2869 fecerunt.
2821 2815 2893 2871 Se
2937 2816 2982 2872 si
3026 2820 3116 2872 tibi
3146 2820 3320 2887 aliqua
3361 2838 3433 2875 cx

1852 2901 1955 2959 hoc
1984 2905 2219 2960 oriretur
2260 2904 2545 2961 admiratio
2568 2947 2583 2971 ,
2615 2915 2674 2960 ut
2699 2905 2912 2962 Sanctis
2943 2909 3114 2978 possit
3153 2911 3328 2966 inesse
3354 2914 3438 2967 di-

1849 2995 2080 3049 versitas
2125 2996 2480 3064 gaudiorum,
2523 3011 2748 3066 quorum
2796 3012 2957 3053 causa
3014 3008 3097 3053 est
3134 3002 3278 3054 solus
3321 3002 3437 3073 ipse

1852 3084 1995 3139 Deus
2025 3101 2039 3138 :
2071 3084 2124 3138 in
2164 3100 2271 3154 quo
2309 3086 2457 3139 nulla
2498 3087 2668 3154 potuit
2693 3102 2926 3156 unquam
2959 3102 3080 3143 esse
3107 3089 3388 3146 diversitas
3416 3110 3431 3146 :

1852 3174 2049 3229 solutio
2074 3175 2208 3229 satis
2236 3184 2400 3244 patet.
2448 3174 2580 3230 Nam
2607 3191 2733 3231 eum
2772 3176 2948 3231 divina
2978 3182 3356 3249 contemplatio
3382 3194 3437 3238 et

1853 3267 2106 3337 cognitio,
2138 3267 2252 3321 sive
2280 3266 2633 3337 intelligentia
2655 3310 2670 3332 ,
2702 3269 2767 3323 sit
2796 3278 2905 3325 tota
2934 3284 3139 3327 merces
3163 3282 3218 3327 et
3241 3274 3431 3343 gloria,

1853 3357 1907 3411 in
1935 3357 2115 3426 aliquo
2138 3366 2313 3427 potest
2332 3371 2452 3411 esse
2472 3358 2789 3413 Sanctorum
2813 3362 3007 3428 minor,
3035 3362 3087 3417 in
3110 3364 3287 3433 aliquo
3308 3380 3436 3418 vero

1853 3451 2042 3520 major.
2077 3450 2280 3505 Idcirco
2306 3464 2428 3505 cum
2460 3466 2647 3506 omnes
2674 3452 2831 3506 simul
2861 3454 3053 3509 anima:
3082 3454 3247 3510 Deum
3276 3456 3435 3511 sicuti

1852 3551 1970 3606 est,
2002 3540 2217 3595 videant
2245 3548 2300 3595 et
2343 3551 2714 3610 cognoscant,
2745 3542 2920 3613 aliqua
2966 3544 3144 3599 minus
3190 3547 3335 3602 videt
3380 3558 3435 3602 et

1854 3630 2101 3701 intelligit
2125 3671 2140 3695 ,
2183 3639 2239 3686 et
2263 3630 2343 3686 sic
2366 3631 2544 3686 minor
2568 3632 2708 3687 inest
2732 3634 2832 3688 sibi
2873 3635 3062 3704 gloria.
3088 3636 3277 3707 Aliqua
3308 3654 3437 3692 vero

1853 3723 2051 3778 clarius
2074 3723 2240 3788 videt,
2281 3732 2339 3779 et
2363 3723 2613 3779 subtilius
2640 3724 2886 3795 intelligit
2917 3743 2929 3779 :
2962 3736 3017 3781 et
3058 3728 3136 3782 sic
3176 3731 3434 3798 majorem

1854 3813 2095 3884 possidet
2134 3814 2393 3884 gloriam.-
2423 3814 2516 3869 δίο
2557 3814 2717 3868 etiam
2758 3816 2827 3869 de
2876 3816 3085 3870 illorum
3116 3818 3433 3873 miserorum

1814 3936 1831 3951 ς
1854 3904 2226 3961 damnatorum
2257 3907 2429 3976 ptenis
2480 3905 2586 3960 dici
2639 3914 2859 3976 potest;
2914 3922 3037 3961 nam
3080 3922 3201 3962 cum
3249 3922 3438 3964 onmes

1853 3996 2047 4049 anima:
2063 3995 2437 4051 damnatorum
2459 3996 2510 4050 in
2535 4011 2643 4051 uno
2664 3998 2963 4052 consistant
2985 4012 3264 4068 partarum
3282 3998 3398 4054 loco
3418 4018 3429 4052 :

1857 4096 2035 4142 tamen
2077 4087 2302 4143 diversis
2351 4090 2660 4145 cruciantur
2711 4092 2922 4160 pmttis,
2975 4092 3128 4163 juxta
3179 4094 3433 4149 vitiorum

1856 4182 2175 4250 qualitates.‘
2208 4180 2437 4236 Tantum
2477 4181 2740 4251 siquidem
2780 4181 2957 4238 diil'ert
2994 4184 3135 4240 inter
3174 4186 3437 4241 Christia-

1859 4289 2080 4335 norum,
2122 4273 2211 4343 qui
2255 4273 2326 4327 ibi
2377 4281 2729 4341 torquentur,
2763 4288 2948 4343 poenas
2985 4284 3042 4329 et
3080 4287 3437 4345 paganorunt,

1860 4375 1917 4420 ut
1943 4380 2268 4435 paganorum
2298 4364 2660 4419 cruciamenta
2691 4377 2932 4435 respects
2962 4382 3147 4422 eorum
3172 4384 3289 4438 qua:
3319 4370 3441 4425 falsi

1857 4454 2146 4512 Christiani
2190 4465 2502 4525 peccatores
2547 4458 2855 4524 sustinent,
2904 4460 3013 4514 sint
3052 4461 3201 4530 quasi
3250 4464 3438 4518 nulla:

1858 4563 2159 4617 quanquam
2202 4547 2484 4603 inclfahilia
2522 4557 2682 4615 sunt,
2710 4564 2810 4605 nec
2842 4565 2873 4604 a
2914 4551 3215 4608 viventibus
3243 4555 3445 4623 cogita-

1859 4637 2004 4693 bilia.
2035 4638 2103 4693 Et
2127 4638 2346 4709 dignum
2371 4649 2473 4694 est.
2503 4637 2638 4694 Nam
2668 4640 2742 4694 illi
2770 4642 2994 4710 gratiam
3026 4644 3116 4698 Dei
3160 4645 3210 4698 in
3244 4660 3438 4699 vanum

1860 4740 2203 4799 receperunt,
2238 4746 2339 4786 nec
2382 4730 2667 4785 voluerunt
2710 4747 2741 4785 a
2792 4735 3023 4800 peccatis
3067 4733 3260 4801 corrigi
3310 4734 3437 4788 dum

1864 4824 2145 4890 vixerunt,
2191 4825 2361 4879 sacris
2393 4822 2649 4879 continue
2686 4824 3101 4878 vociferantibus
3126 4821 3438 4890 Scripturis,

1861 4930 1994 4985 quas
2022 4930 2119 4985 pro
2159 4915 2325 4969 nihilo
2352 4924 2624 4984 putavere.
2655 4932 2674 4963 ι
2717 4912 2850 4967 Tum
2880 4928 3010 4981 ego:
3046 4912 3305 4966 horribile
3326 4925 3439 4981 est,

1862 5004 2099 5075 inquam,
2129 5003 2270 5073 quod
2298 5002 2452 5066 dicis,
2488 5012 2541 5056 et
2582 5002 2782 5055 utinam
2812 5001 3000 5055 sedulo
3026 5000 3329 5055 mortalium
3361 5006 3445 5058 in-

1864 5095 2078 5150 sisteret
2104 5093 2373 5147 mentibus
2394 5132 2411 5157 ,
2443 5102 2503 5145 ut
2533 5092 2617 5144 vel
2643 5099 2906 5144 tantarum
2933 5105 3210 5159 prunarum
3237 5102 3444 5149 terrore

1864 5198 1894 5237 a
1934 5184 2111 5252 pravis
2150 5189 2467 5244 cessarent,
2522 5181 2567 5234 si
2614 5180 2817 5235 nollent
2861 5197 3045 5236 amore
3089 5181 3293 5252 gloriar.
3337 5184 3443 5240 Sed

1864 5287 2047 5343 quaeso
2084 5270 2208 5340 quid
2252 5285 2374 5340 erga
2406 5278 2458 5325 te
2486 5269 2657 5339 pridie
2691 5282 2921 5325 exeunte
2965 5271 3140 5327 anima
3170 5286 3443 5342 peractum

1865 5373 1967 5426 est,
2001 5360 2235 5414 breviter
2274 5358 2565 5414 itmotesce.
2593 5360 2673 5415 Ad
2708 5362 2847 5430 qttod
2881 5362 3007 5416 ille:
3042 5380 3063 5414 ι
3088 5364 3443 5435 Adveniente,

1870 5452 2057 5520 inquit,
2089 5451 2276 5504 mortis
2299 5465 2429 5503 meze
2460 5448 2595 5505 hora
2618 5493 2634 5516 ,
2666 5462 2808 5506 tanta
2834 5452 2885 5506 in
2910 5454 3025 5508 loco
3049 5470 3156 5525 quo
3186 5457 3448 5527 migratu-

1871 5557 1960 5595 rus
1981 5541 2243 5611 jacchatn,
2280 5538 2634 5597 nefandorum
2662 5542 2813 5597 aﬂ'uit
2836 5545 3115 5614 spirituum
3137 5548 3447 5605 multitudo.

1872 5648 1977 5702 qun
1999 5651 2106 5705 pra:
2130 5632 2467 5689 multitudine
2491 5633 2819 5693 dinumerari
2835 5638 3055 5692 omnino
3076 5656 3181 5694 non
3205 5648 3446 5711 possent,

2842 5750 3041 5833 (ηδτ.)
