4048 6186
550 243 665 297 τ’ιὸ

554 366 780 424 quorum
800 346 1005 417 species
1026 340 1143 394 talis
1170 342 1303 395 erat,
1331 325 1549 398 quodeo
1574 318 1645 372 nil
1670 315 1963 385 paanosius,
1993 310 2134 361 nilve

1418 423 1421 424 ν
1498 410 1539 424 ἰ
1580 410 1612 424 υ
1663 422 1674 424 μ
1741 421 1777 424 -ν
1807 406 1875 424 ’ρ-
1912 400 2130 424 ---τιξιυιι

564 400 879 498 bellium}:
930 424 1224 496 excogitari
1253 423 1450 488 potest.
1498 410 1684 497 Potius
1731 406 1878 459 enim
1906 400 2135 471 quilibet

560 492 838 590 hominum
867 492 1094 580 flammis
1124 508 1433 568 ardentibus
1455 492 1701 558 arsurum
1732 512 1791 550 se
1821 499 2133 564 exponeret,

560 639 725 695 quam
747 629 931 675 earum
951 611 1242 665 formarum
1270 600 1378 653 ictu
1407 592 1547 650 oculi
1575 590 1780 643 visione
1798 584 1980 656 potiri.
2001 580 2138 649 Quid

563 673 631 768 :4]
807 703 1119 758 venientes!
1188 690 1368 747 omnia
1437 694 1787 756 quacumque
1842 673 2139 746 perpetrari

559 766 722 870 opera
748 802 936 852 contra
968 788 1156 850 De‘lun,
1185 783 1250 836 ad
1271 794 1442 835 meam
1461 771 1773 829 memoriam
1796 766 2139 826 revocabant,

558 856 848 949 suadentes
877 882 1005 937 mihi
1029 922 1043 943 ,
1077 888 1131 931 ιιι
1161 874 1389 942 amplius
1417 867 1653 921 divinam
1695 856 2141 916 misericordiam,

562 998 721 1055 quam
758 992 863 1031 tam
911 973 1094 1039 gravit-
1119 986 1143 1020 r
1180 961 1509 1017 offendi-rain
1536 999 1552 1018 ,
1602 968 1708 1006 non
1749 962 2046 1021 spmrem.
2078 944 2146 996 Et

561 1035 710 1128 ξένιε
741 1082 957 1124 noveris
1003 1062 1142 1130 quod
1191 1055 1293 1109 nisi
1335 1053 1512 1104 divina
1557 1042 1831 1099 miseratio
1876 1052 1962 1093 me
1998 1035 2147 1101 adju-

564 1170 752 1230 visset,
782 1159 866 1216 eis
895 1154 1148 1211 resistere
1188 1162 1293 1201 non
1335 1141 1644 1197 valuissem.
1676 1134 1809 1189 Nam
1846 1130 1974 1185 dum
2000 1122 2147 1178 omni

562 1219 751 1328 vigure
791 1246 1013 1319 spiritus
1040 1239 1327 1297 destitutus
1352 1274 1369 1299 ,
1397 1243 1584 1283 eorum
1614 1223 1791 1277 verbis
1814 1219 2031 1291 paulurn
2060 1228 2150 1266 as-

1262 1327 1265 1328 ⁷
1380 1324 1439 1328 ”“”
1937 1325 1953 1328 Α
1984 1307 2116 1328 μ-11-

565 1307 872 1401 ςεῖιιὶτοηίτ
905 1336 1170 1411 gloriosus
1196 1327 1345 1383 aﬂuit
1378 1324 1738 1389 Hieronymus
1767 1325 1961 1380 magno
1983 1307 2151 1361 valla-

568 1429 657 1492 tus
684 1434 894 1508 agmine
907 1403 1243 1498 .Angelorum
1271 1461 1286 1481 ,
1311 1416 1519 1487 species
1544 1411 1657 1465 sole
1681 1403 2032 1477 splendidior,
2067 1412 2153 1452 me

570 1489 901 1583 confo‘i'tans.
935 1489 1036 1588 Qui
1079 1515 1167 1568 ubi
1214 1512 1334 1565 illos
1359 1506 1579 1576 spiritus
1607 1494 1910 1554 immundos
1934 1490 2037 1545 fuit
2065 1489 2154 1542 in-

571 1626 735 1675 tuitus
757 1659 774 1684 ,
807 1632 893 1669 me
923 1622 1029 1665 tam
1059 1608 1193 1660 dure
1222 1598 1606 1656 exacerbautes
1630 1630 1647 1657 ,
1676 1588 1829 1643 valde
1854 1592 2154 1638 commotus

572 1673 696 1779 eis.
740 1673 867 1771 ei...
915 1716 1049 1757 voce
1098 1692 1324 1751 terribili
1358 1689 1452 1744 eis
1500 1678 1853 1745 dixitzQuitl
1901 1674 1966 1728 ad
2012 1673 2155 1725 hunc

576 1763 829 1872 ingruitbe
873 1804 928 1849 et
969 1790 1146 1846 omnis
1188 1776 1581 1840 maledictionis
1624 1772 1845 1843 spiritus
1897 1763 2158 1817 venistis?

588 1870 595 1877 ’
1205 1875 1209 1877 ‘
1281 1872 1299 1877 ‘
1422 1868 1445 1877 ‘
1597 1862 1612 1877 ·
1754 1853 2126 1877 ημμειεε-ςη...ε

572 1853 901 1949 ιιρξοὶοιιειίε
928 1882 1070 1936 hunc
1112 1875 1246 1931 meis
1274 1872 1391 1926 fore
1420 1862 1707 1922 fovendum
1746 1855 1995 1911 auxiliis?
2023 1853 2157 1906 Pro-

569 1958 723 2037 tinus
747 1979 888 2032 hunc
908 1971 1294 2039 relinquentes.
1324 1961 1487 2021 abite,
1517 1964 1575 2011 et
1602 1949 1899 2007 vestrasab
1923 1943 2160 1999 eoelon-

582 2086 706 2146 gate
741 2067 1002 2138 nequitias
1025 2104 1041 2128 ,
1066 2034 1341 2131 iquantutn
1370 2052 1533 2106 distat
1559 2054 1709 2101 ortus
1730 2043 1798 2096 ab
1825 2053 2037 2092 occasu.
2067 2034 2160 2088 llis

582 2125 670 2221 i'lla
698 2159 1103 2218 maledictorum
1130 2148 1412 2217 spirituum
1438 2140 1668 2196 societas
1690 2132 1971 2204 perterrita
1991 2170 2005 2190 ,
2027 2125 2161 2179 diris

570 2218 871 2314 ululatibus
892 2259 946 2305 et
971 2240 1319 2303 clamoribus,
1348 2234 1514 2290 limen
1545 2228 1646 2283 loci
1687 2228 1739 2281 in
1769 2239 1873 2293 quo
1893 2218 2158 2291 jacebatn,

577 2346 813 2405 excessit
855 2343 1003 2395 'l'uuc
1024 2333 1291 2407 gloriosus
1324 2327 1683 2392 llieionymus
1706 2312 1971 2383 aliquibus
1992 2310 2163 2375 impe-

579 2404 706 2496 rans
750 2432 968 2504 Angelis
1010 2404 1078 2483 ne
1125 2440 1155 2477 a
1198 2434 1287 2476 me
1329 2413 1706 2473 discederent,
1745 2404 1840 2461 sed
1888 2411 2166 2504 quousque

570 2490 941 2587 reverteretur
958 2561 979 2588 ,
1011 2517 1422 2585 exspectarent,
1444 2518 1569 2561 cum
1608 2498 1820 2554 caeteris
1847 2491 2062 2562 Angelis
2090 2490 2165 2541 fe-

584 2621 849 2677 stinanter
882 2576 1163 2666 abscessit.
1192 2599 1395 2657 Eodem
1421 2605 1637 2664 quoque
1675 2587 1906 2641 abeunte
1927 2623 1943 2645 ,
1976 2576 2166 2647 Angcli

586 2711 677 2783 qui
699 2707 766 2763 ad
797 2719 883 2761 me
910 2694 1315 2758 custodiendum
1336 2690 1725 2745 remanserant,
1754 2693 1840 2732 me
1866 2670 2169 2729 confortare

590 2763 829 2871 aspere,
862 2791 1051 2851 blanda
1078 2784 1324 2843 etduleia
1347 2777 1739 2851 promittentes,
1776 2771 1820 2822 si
1851 2765 1969 2820 forti
1991 2763 2170 2817 animo

590 2852 955 2968 perdurarent.
1012 2883 1156 2937 luter
1201 2876 1316 2931 haec
1360 2881 1538 2925 autem
1584 2858 1965 2968 consolati-onis
2008 2852 2172 2908 collo‘

588 2949 733 3061 quia,
761 2984 892 3039 hora
913 2975 1063 3049 quasi
1084 2972 1331 3030 decursa,
1351 2959 1588 3018 secundo
1610 2957 1795 3010 beatus
1815 2949 2173 3050 lliemnyutus

586 3036 831 3141 :eniens,
854 3080 1108 3137 stansque
1129 3064 1180 3117 in
1210 3057 1413 3121 limine,
1441 3049 1719 3107 velut-iter,
1745 3041 1934 3110 inquit,
1965 3036 2165 3089 venite.

594 3172 745 3227 'l‘unc
788 3129 966 3222 subito
1011 3129 1186 3210 anima
1225 3159 1422 3217 corpus
1450 3140 1699 3210 reliquit,
1733 3148 1839 3189 tam
1861 3129 2095 3201 graviter
2120 3134 2175 3180 et

591 3261 786 3320 acerbe
808 3298 825 3323 ,
852 3250 992 3327 quod
1019 3256 1167 3304 certe
1211 3246 1423 3314 quanta:
1450 3230 1648 3290 fuerint
1692 3237 1960 3299 pressurae
1988 3229 2042 3273 et
2067 3233 2175 3271 au-

593 3353 783 3430 gustia:
807 3390 824 3417 ,
863 3309 1137 3402 intellectu
1166 3351 1271 3391 non
1302 3337 1520 3401 caperet
1564 3338 1718 3379 meus
1766 3320 2017 3378 humana,
2049 3309 2172 3375 nisi,

1134 3429 1137 3430 '
1224 3423 1314 3430 υ·-
1352 3421 1365 3430 ·
1468 3427 1475 3430 -
1534 3415 1587 3430 ιν
1631 3416 1757 3430 «tu
1795 3407 1962 3430 -__..:-
1990 3404 2172 3430 ι.........,

596 3404 780 3515 ἷιῖἷᾶ
803 3404 822 3504 ζ
845 3429 1180 3506 experientia
1206 3421 1505 3481 didicisset.
1534 3415 1590 3471 Si
1618 3416 1761 3468 enim
1790 3407 1965 3464 omnis
1990 3404 2178 3515 item.

588 3495 1168 3595 intelligentia
1192 3558 1208 3585 ,
1237 3528 1370 3586 quas
1397 3509 1561 3566 vellet
1583 3503 1857 3575 angustias
1885 3505 1941 3553 et
1964 3495 2179 3551 dolores

502 3614 513 3621 ’
600 3591 893 3683 iestiinaret
917 3657 934 3683 ,
965 3591 1214 3683 respectu
1245 3608 1438 3662 animae
1478 3591 1847 3653 dissolutionis
1884 3605 1915 3643 a
1957 3598 2182 3656 corpore

602 3681 853 3788 tanquam
901 3681 998 3783 pro
1044 3681 1211 3761 nihilo
1236 3699 1591 3766 computaret.
1622 3681 2044 3788 "HM-81.8lla
2074 3693 2178 3732 non

594 3774 780 3868 ominus
804 3774 971 3861 ardua
995 3811 1051 3856 et
1080 3792 1236 3851 valde
1280 3785 1594 3846 mortalibus
1642 3774 1972 3868 formidanda
2001 3814 2016 3838 ,
2066 3787 2183 3843 qua:

603 3916 701 3989 pro
738 3891 1106 3970 longitudine,
1136 3881 1384 3957 praesenti
1435 3875 1584 3947 operi
1631 3888 1734 3927 non
1781 3865 2088 3926 inscribam,
2118 3876 2185 3917 eo

937 3985 947 3989 -
1025 3981 1036 3989 ι
1080 3981 1091 3989 -
1132 3979 1145 3989 ι
1206 3985 1216 3989 -
1280 3974 1317 3989 ιν
1380 3966 1564 3989 1:12-..
1660 3976 1848 3989 ..ηηηοη
1878 3956 2003 3989 nulla
2080 3967 2185 3989 ηηη

596 3956 862 4065 Sequente
888 4026 903 4053 ,
935 3956 1223 4051 incipiebat
1249 3967 1425 4031 claudi
1450 3966 1567 4023 dies
1594 4006 1608 4028 ,
1657 3976 1849 4017 occasu
1878 3956 2007 4013 solis
2032 3998 2047 4021 ,
2079 3967 2186 4024 quo

607 4049 831 4141 necesse
870 4049 1005 4141 fuit,
1038 4049 1163 4142 quid
1206 4065 1254 4121 ei
1285 4070 1405 4134 post
1450 4065 1677 4113 mortem
1725 4049 2044 4119 contigerit,
2078 4058 2185 4098 non

878 4132 1133 4231 Sed'quia
1163 4132 1511 4227 prai'cieteris
1540 4141 1853 4200 affectabam
1881 4180 1896 4205 ,
1944 4132 2187 4206 sequenti

609 4223 707 4321 dier
721 4303 739 4331 ,
764 4259 971 4316 duobus
1011 4223 1129 4307 aliis
1153 4223 1274 4302 cum
1303 4258 1371 4299 eo
1400 4236 1615 4295 insimul
1640 4230 1949 4290 convocatis
1971 4223 2038 4282 ad
2067 4240 2188 4279 nar.

614 4317 837 4410 rationis
862 4346 1005 4403 illius
1030 4340 1225 4397 seriem
1254 4333 1412 4399 redii,
1442 4330 1547 4385 hoc
1571 4326 1791 4396 cupiens
1815 4321 1883 4375 ab
1907 4319 2011 4373 illis
2031 4317 2189 4371 etiam

616 4406 821 4500 duobus
849 4438 972 4493 aliis
998 4428 1284 4505 peraudire
1310 4465 1323 4487 ,
1351 4433 1411 4477 ut
1437 4421 1597 4474 trium
1624 4410 1931 4471 testimonio
1970 4406 2193 4463 solidius

617 4499 895 4593 edocerer.
940 4499 1122 4591 Itaque
1148 4530 1268 4575 eum
1297 4516 1348 4570 hi
1391 4513 1501 4583 jam
1529 4509 1731 4564 dictare
1759 4504 2051 4572 inciperent
2074 4540 2089 4561 ,
2117 4499 2196 4554 sic

610 4588 895 4695 respondi.
921 4588 1233 4685 Quanquam
1274 4605 1389 4660 lucc
1427 4599 1572 4655 utilia
1598 4598 1706 4651 sint
1724 4636 1739 4659 ,
1767 4607 1867 4648 nec
1895 4590 2115 4645 taederet
2140 4588 2192 4643 in

622 4679 850 4772 vacuum
873 4679 1069 4779 sepius
1092 4679 1203 4772 ipsa
1228 4696 1324 4753 fari
1350 4737 1366 4762 ,
1400 4702 1577 4747 tamen
1606 4688 1688 4740 his
1715 4698 1840 4754 qua:
1878 4681 1986 4752 jam
2017 4679 2192 4734 audivi

624 4807 860 4872 ouiissis,
887 4775 1073 4875 quaeso
1097 4800 1158 4849 ut
1177 4788 1303 4862 quid
1332 4784 1485 4841 vobis
1512 4788 1633 4853 post
1655 4775 2061 4833 dissolutionem
2087 4787 2198 4863 cor-

625 4856 1067 4972 poris'evenerit,
1099 4856 1220 4939 meo
1245 4876 1412 4935 hianti
1439 4871 1701 4942 detegatis
1725 4867 1924 4924 animo.
1968 4865 2047 4920 Ad
2097 4856 2199 4918 hoc

626 4955 716 5048 ille
743 4986 832 5060 qui
859 4981 1010 5048 mihi,
1037 4986 1157 5050 qua:
1185 4970 1400 5037 audisti,
1431 4972 1700 5023 transacto
1725 4966 2032 5016 narraverat
2058 4955 2147 5009 die
2182 4972 2195 5008 :

633 5045 661 5135 ξ
678 5045 853 5151 Quod,
866 5045 1119 5147 Cyrillen
1144 5064 1335 5137 inquit,
1362 5079 1383 5115 ι
1407 5061 1724 5127 interrogas,
1743 5067 1846 5107 non
1860 5059 1941 5105 est
1954 5045 2204 5117 possibile

631 5141 789 5245 plene
824 5141 929 5225 fari
956 5182 971 5219 :
1000 5156 1248 5234 quoniam
1278 5150 1572 5226 spiritualia
1602 5147 1802 5202 nostris
1834 5141 2051 5194 minime
2079 5154 2206 5193 sen-

614 5228 780 5320 "sibu's
812 5228 1357 5327 comprehenduntur.
1402 5242 1521 5298 Scis
1545 5248 1773 5307 namque
1801 5247 1906 5288 non
1947 5241 1999 5285 te
2025 5228 2210 5284 exani-

634 5367 774 5410 mem
803 5325 955 5413 fure,
998 5355 1050 5401 ct
1081 5354 1254 5398 tatneu
1278 5337 1403 5412 quid
1429 5344 1522 5391 aut
1544 5330 1715 5403 qualis
1751 5329 1819 5384 sit
1854 5325 2027 5382 anima
2051 5365 2069 5391 ,
2099 5336 2206 5376 non

616 5440 897 5521 "agnoscis.
922 5438 1087 5491 Deum
1116 5441 1258 5487 certe
1283 5430 1387 5495 scis
1414 5425 1649 5481 omnium
1677 5436 1795 5475 esse
1817 5415 2130 5489 principium
2157 5423 2212 5468 et

638 5508 799 5601 iiiiem
820 5566 837 5593 ,
871 5542 900 5580 τι
930 5541 1036 5594 quo
1071 5523 1326 5593 incipiunt
1354 5516 1530 5572 omnia
1557 5521 1713 5582 atque
1753 5508 1976 5564 tendunt
2003 5520 2018 5558 :
2050 5512 2107 5559 et
2134 5510 2212 5555 ta-

618 5597 764 5677 .tucu
792 5613 917 5682 quid
946 5614 1015 5664 sit
1040 5610 1175 5663 licus
1216 5618 1302 5663 aut
1330 5604 1521 5677 qualis,
1553 5604 1623 5655 du
1648 5622 1676 5653 ιι
1708 5599 1884 5653 carnis
1909 5597 2061 5650 istius
2088 5609 2211 5664 gia-

620 5702 636 5723 ,
716 5700 723 5705 .

1731 204 1819 258 DE
1860 198 2229 256 )IIRACULIS
2268 190 2671 251 IIlERONYHI.

3717 180 3827 235 996

2243 307 2472 357 vissima!
2501 300 2848 371 corruptibile
2880 307 3059 368 portas
3080 311 3217 348 onus
3237 338 3253 358 ,
3286 308 3390 347 non
3420 290 3694 359 intelligis,
3724 291 3826 342 nisi

2245 411 2340 465 per
2358 396 2630 462 speculum
2658 402 2712 447 et
2733 392 2788 444 in
2817 392 3097 459 aenigmate
3127 406 3141 441 :
3169 387 3247 439 sic
3268 387 3429 437 etiam
3454 382 3523 437 de
3547 382 3756 452 angelis
3774 391 3830 433 et

2242 486 2452 539 caeteris
2488 481 2822 551 incorporeis
2875 480 3014 533 idem
3059 478 3246 545 liquet.
3293 473 3430 529 Cum
3474 472 3617 527 enim
3660 470 3831 525 multa

2244 591 2364 646 qurc
2388 584 2515 630 sunt
2537 574 2815 626 notissima
2859 571 2911 624 in
2942 578 3129 623 natura
3155 608 3169 627 ,
3205 576 3402 619 nostra
3432 576 3611 633 parva:
3633 560 3833 615 intelli-

2246 669 2439 738 gemine
2465 665 2698 725 defectu,
2728 663 3026 731 intelligere
3058 675 3165 714 non
3194 672 3479 728 possumus
3507 673 3521 707 :
3561 666 3835 723 superet-

2248 760 2402 812 lestia
2423 766 2478 811 et
2492 754 2785 827 spiritualia
2803 753 3024 807 omnino
3044 752 3212 802 aliena
3230 764 3260 801 a
3278 758 3484 801 naturze
3501 743 3833 814 cognitione,

2249 848 2527 917 quomodo
2552 843 2955 911 intelligemus?
2987 862 3006 893 ι
3035 840 3108 897 Ut
3133 841 3287 902 dicis,
3326 839 3660 906 iuquam,est
3689 850 3706 887 :
3737 832 3835 888 sed

2252 929 2325 994 uti
2359 948 2533 1007 potes,
2563 950 2747 1006 quaeso
2778 935 2947 987 dicis.
2980 934 3048 986 At
3078 932 3166 984 ille
3200 948 3214 982 :
3251 949 3270 978 ι
3301 927 3723 994 Circumloquar,
3745 925 3836 977 in-

2250 1033 2384 1101 quit,
2414 1030 2467 1084 id
2497 1029 2640 1099 quod
2666 1036 2821 1097 optas
2849 1044 2864 1079 :
2897 1034 2951 1079 et
2985 1024 3160 1076 dicam
3191 1018 3530 1088 paulomiuns
3557 1015 3695 1082 quod
3724 1027 3837 1068 non

2253 1132 2492 1192 possum.
2536 1120 2606 1174 At
2632 1117 2684 1172 hi
2709 1118 2801 1187 qui
2830 1129 3037 1169 mecum
3067 1127 3129 1166 ea
3172 1125 3293 1180 qua:
3333 1108 3503 1177 pridie
3530 1107 3638 1159 dixi
3663 1148 3678 1169 ,
3711 1115 3842 1158 sunt

2253 1211 2459 1283 experti
2484 1252 2500 1275 ,
2527 1211 2573 1264 si
2600 1210 2673 1263 ita
2692 1219 2785 1263 est
2808 1204 3292 1270 ,testificabnntur.
3322 1200 3434 1254 Mea
3468 1196 3635 1267 pridie
3657 1196 3838 1248 anima

2255 1294 2286 1359 a
2314 1318 2544 1373 corpore
2571 1310 2652 1355 tot
2675 1306 2761 1370 (ut
2780 1314 2943 1367 supra
2972 1297 3111 1350 fatus
3135 1293 3279 1364 sum)
3312 1290 3575 1363 pressuris
3600 1303 3656 1343 ei
3679 1288 3840 1341 dolo-

2258 1396 2404 1450 ribus
2430 1393 2685 1448 dissoluta
2709 1432 2725 1455 ,
2752 1391 2929 1449 subito
2954 1389 3008 1442 in
3036 1388 3144 1441 ictu
3178 1385 3319 1440 oculi
3362 1380 3703 1436 ineﬂabiliter
3739 1377 3842 1431 fuit

2257 1498 2381 1543 ante
2408 1487 2500 1542 Dei
2522 1485 2813 1556 judicamis
2842 1481 3180 1553 praisentiam
3208 1479 3508 1548 deportata.
3531 1474 3636 1531 Sed
3665 1490 3695 1527 a
3721 1471 3843 1541 qni-

2260 1584 2361 1636 bns
2385 1625 2401 1648 ,
2432 1589 2486 1636 et
2527 1578 2798 1650 quomodo
2820 1618 2835 1642 ,
2870 1591 2975 1629 non
3002 1588 3257 1644 agnosco.
3287 1571 3397 1626 Nec
3419 1579 3565 1623 certe
3598 1567 3792 1621 mirum
3820 1581 3841 1619 ε

2262 1678 2382 1729 nam
2427 1687 2569 1727 nunc
2605 1672 2782 1725 carnis
2829 1669 2969 1724 mole
3009 1680 3270 1737 aggraror
3297 1681 3313 1716 :
3343 1673 3471 1717 tunc
3511 1670 3690 1715 antem
3739 1658 3846 1712 erit

2260 1766 2435 1819 anima
2482 1765 2598 1817 sine
2646 1776 2830 1815 carne.
2870 1759 3118 1814 Fuerunt
3166 1757 3327 1810 etiam
3377 1753 3576 1807 ibidem
3619 1752 3844 1804 istorum

2260 1856 2475 1915 animae,
2507 1851 2800 1906 terroribus
2822 1845 3317 1918 inexcogitabilibus
3336 1842 3460 1912 quid
3482 1842 3642 1911 judex
3661 1848 3847 1908 ageret

2264 1943 2632 1999 formidantes.
2663 1942 2774 1996 lien
2798 1955 2896 1994 cur
2934 1939 3188 1993 mortales
3218 1936 3496 1993 nesciunt,
3522 1932 3716 2001 quibus
3742 1929 3847 1982 hoc

2262 2035 2474 2091 eveniet
2514 2034 2656 2104 quod
2697 2043 2823 2087 tunc
2851 2030 3035 2086 nobis!
3078 2028 3239 2083 Certe
3282 2028 3326 2080 si
3373 2026 3513 2080 illius
3558 2040 3662 2077 non
3702 2022 3847 2075 foret

2268 2128 2567 2197 ignorantia
2592 2168 2610 2192 ,
2642 2127 2800 2179 toties
2828 2138 2934 2177 non
2966 2128 3269 2191 peccarent.
3308 2115 3518 2171 Nullum
3544 2156 3560 2178 ,
3587 2130 3706 2181 qua:
3732 2120 3851 2164 toto

2268 2218 2508 2290 tempore
2531 2220 2795 2290 gessimus
2816 2223 3176 2285 peccatorum,
3193 2210 3427 2279 jntlicem
3448 2208 3614 2261 latere
3636 2204 3808 2274 potuit
3831 2218 3845 2254 :

2268 2316 2377 2367 imo
2404 2321 2595 2366 cuneta
2622 2324 2743 2379 qua:
2784 2306 3009 2362 fecimus
3036 2313 3288 2373 tanquam
3328 2303 3372 2354 si
3405 2298 3581 2352 forent
3607 2309 3850 2366 prasen-

2268 2408 2362 2470 tia,
2390 2403 2600 2459 cunctis
2627 2399 2931 2455 astantibus
2955 2397 3099 2451 clara
3130 2404 3284 2448 erant
3313 2411 3328 2445 :
3360 2393 3430 2446 ita
3468 2399 3527 2444 ut
3569 2388 3849 2443 minimum

2272 2505 2574 2551 nostrorum
2604 2492 2985 2563 cogitaminum
3011 2529 3027 2553 ,
3073 2486 3229 2541 sicuti
3278 2484 3444 2537 fuerat
3473 2523 3489 2546 ,
3533 2478 3849 2551 apparebat.

2269 2585 2566 2641 Considera
2604 2596 2836 2651 namque
2861 2579 3055 2648 quibus
3079 2586 3135 2631 et
3161 2586 3291 2645 quot
3320 2573 3651 2642 agitabamur
3678 2578 3854 2622 terro-

2271 2679 2420 2733 ribus
2451 2693 2463 2728 :
2489 2676 2617 2729 hinc
2640 2674 2943 2727 d:cmonum
2967 2667 3249 2723 multitudo
3270 2665 3465 2724 stabat,
3496 2660 3631 2715 mala
3660 2657 3854 2713 testiﬁ-

2272 2779 2458 2824 cantes
2504 2782 2622 2837 quae
2670 2764 2891 2819 fecimus
2915 2802 2931 2827 ,
2980 2761 3155 2815 locum
3180 2800 3196 2824 ,
3238 2756 3453 2811 modum
3478 2795 3495 2819 ,
3527 2762 3582 2807 ct
3613 2762 3853 2819 tempora

2272 2860 2627 2915 declarantes.
2676 2855 2811 2910 lliuc
2840 2851 3156 2919 nosmetipsi
3186 2849 3251 2902 ad
3294 2862 3357 2903 ea
3383 2862 3501 2916 qua:
3529 2842 3857 2914 objicicban-

2276 2964 2361 3008 tur
2384 2995 2399 3019 ,
2436 2952 2737 3006 nullatenus
2779 2945 3150 3002 contradicere
3193 2952 3499 3012 poteramus
3530 2954 3544 2990 :
3586 2947 3692 2992 tum
3731 2936 3857 3004 quia

2271 3045 2506 3115 judicent
2554 3049 2744 3095 cuncta
2791 3037 3047 3097 scientem
3071 3076 3085 3099 ,
3124 3042 3238 3087 tum
3282 3031 3404 3102 quia
3432 3029 3605 3099 ipsum
3634 3025 3857 3096 quilibet

2279 3128 2519 3192 nostrum
2541 3133 2897 3202 jnstissimum
2929 3123 3310 3197 cognoscebat.
3343 3121 3456 3176 lien
3487 3119 3614 3188 quid
3639 3118 3812 3171 dicam
3834 3116 3863 3169 ἲ

2277 3227 2448 3294 Quam
2479 3223 2794 3279 sententiam
2818 3217 3279 3290 priestolabamur,
3305 3212 3377 3265 ob
3402 3211 3519 3280 ejus
3546 3208 3858 3263 memoriam

2282 3335 2421 3374 nunc
2451 3315 2696 3371 formido.
2727 3312 2864 3368 lliuc
2902 3309 3026 3364 inde
3074 3307 3211 3360 mala
3256 3303 3517 3373 undique,
3572 3300 3860 3353 vindictam

2278 3410 2443 3481 iudici
2468 3407 2837 3463 acclamabant
2872 3421 2886 3456 :
2916 3416 3017 3456 nec
3057 3399 3224 3454 ullum
3268 3412 3404 3467 pene
3442 3394 3729 3465 apparebat
3766 3390 3865 3443 bo-

2284 3519 2409 3556 num
2438 3515 2544 3569 quo
2587 3496 2712 3569 quid
2762 3492 3146 3550 misericordia:
3194 3503 3551 3559 speraremus.
3600 3484 3733 3538 lliuc
3762 3495 3864 3535 nos

2284 3594 2475 3663 dignus
2515 3585 2778 3659 supplicio
2822 3599 3011 3639 omnes
3052 3581 3143 3652 qui
3184 3578 3430 3641 aderant,
3468 3574 3859 3630 exclamabant.

2285 3683 2522 3751 Cumque
2545 3680 2654 3749 jam
2691 3675 2823 3731 nihil
2849 3675 3065 3729 deesset
3092 3671 3194 3726 nisi
3223 3669 3542 3724 sententiam
3571 3663 3862 3736 publicari,

2286 3774 2406 3844 qua:
2434 3769 2799 3842 peccatoribus
2827 3766 2986 3835 digna
3013 3762 3171 3817 datur
3200 3779 3213 3815 :
3243 3773 3370 3815 eice
3393 3758 3659 3828 gloriosus
3685 3752 3868 3807 Hiero.

2289 3843 2481 3935 nymus
2521 3859 2730 3915 cunctis
2770 3854 3103 3925 Splendidior
3136 3852 3315 3916 astris,
3346 3850 3501 3904 beato
3527 3847 3731 3901 Joanne
3760 3843 3866 3897 Ba-

2290 3955 2449 4026 ptista
2468 3992 2491 4019 ,
2538 3961 2856 4018 summoque
2879 3944 3259 4015 Apostolorum
3286 3938 3525 4010 principe
3548 3936 3737 3999 Petro,
3767 3947 3870 3987 nec

2284 4022 2397 4100 non
2444 4041 2769 4112 Angelorum
2820 4034 3017 4107 ingenti
3066 4030 3402 4087 multitudine
3442 4026 3726 4082 comitatus
3753 4064 3767 4087 ,
3798 4022 3868 4075 ad

2293 4134 2628 4209 praesidentis
2653 4130 2848 4203 judicis
2877 4130 3127 4183 thronum
3159 4124 3381 4178 veniens
3405 4161 3421 4185 ,
3455 4126 3690 4173 nostram
3740 4128 3869 4168 sen-

2297 4203 2513 4283 ientiam
2540 4221 2795 4293 suspendi
2825 4218 3038 4276 modico
3068 4213 3325 4284 temporis
3347 4253 3362 4278 ,
3395 4225 3599 4279 nosque
3626 4206 3724 4261 sibi
3753 4203 3875 4258 dari

2294 4322 2365 4375 ob
2392 4318 2741 4375 reverentiam
2770 4322 2824 4370 et
2849 4310 3184 4367 devotionem
3228 4319 3386 4377 quam
3431 4302 3531 4357 sibi
3571 4297 3879 4355 contulera-

2299 4425 2439 4473 nius,
2466 4419 2520 4464 et
2551 4414 2771 4478 propter
2796 4400 2998 4458 erroris
3023 4395 3331 4454 destruendi
3359 4392 3729 4449 necessitatem
3752 4429 3768 4452 ,
3816 4394 3880 4439 ut

2300 4502 2506 4563 voluit,
2537 4477 2861 4567 impetravit.
2890 4490 3091 4547 Deinde
3130 4502 3230 4542 nos
3256 4499 3436 4541 secum
3476 4482 3696 4542 ducens,
3728 4477 3883 4531 omni

2303 4594 2388 4649 illa
2420 4592 2573 4645 beata
2602 4586 2829 4641 vallatus
2853 4582 3128 4642 societate,
3158 4576 3247 4631 ubi
3277 4575 3512 4629 ﬁdelium
3539 4571 3731 4624 animae
3767 4569 3891 4645 ine-

2306 4680 2557 4739 stimabili
2581 4676 2750 4749 gloria
2784 4682 3042 4742 perpetuo
3068 4664 3410 4738 perfruuntur
3430 4705 3446 4729 ,
3479 4676 3597 4730 qua:
3629 4660 3696 4713 ibi
3720 4673 3892 4727 gere-

2304 4775 2517 4835 bantur,
2547 4748 2606 4823 ut
2630 4765 2978 4821 redderemus
3004 4758 3389 4819 testimonium,
3417 4750 3722 4808 declaravit.
3759 4748 3900 4800 Pml.

2302 4866 2426 4919 ‘hzee
2448 4861 2513 4916 atl
2540 4859 2916 4928 i’urgatorium
2939 4861 2995 4909 et
3019 4847 3288 4905 infernum
3311 4859 3411 4901 nos
3434 4842 3706 4898 deducens
3728 4880 3743 4900 ,
3778 4853 3899 4891 non

2308 4955 2481 5009 solum
2506 4968 2624 5021 qua:
2654 4949 2723 5004 ibi
2749 4954 2902 5002 erant
2926 4984 2941 5007 ,
2969 4940 3257 4997 indicavit:
3285 4935 3379 4992 sed
3419 4933 3582 4987 voluit
3608 4939 3666 4982 ut
3694 4940 3904 4998 pinna-

2309 5059 2427 5101 rum
2474 5038 2856 5110 eriperientiam
2895 5032 3270 5104 probaremus.
3323 5025 3416 5081 llis
3444 5017 3904 5093 tgitur'omnibus

2310 5139 2389 5191 sic
2415 5132 2645 5205 peractis
2670 5170 2684 5194 ,
2727 5126 2861 5181 liora
2891 5137 2995 5191 qua
3024 5129 3202 5175 nostra
3241 5115 3499 5170 cadavera
3537 5122 3695 5165 sacco
3721 5148 3737 5175 ,
3781 5120 3904 5175 quo

2314 5198 2504 5284 beatus
2535 5238 2660 5276 usus
2690 5218 2787 5275 fuit
2817 5216 3194 5284 Hieronymus,
3223 5208 3393 5277 tetigit
3423 5200 3748 5259 venerabilis
3779 5198 3901 5252 Eu-

2319 5298 2521 5376 sebius:
2550 5313 2689 5367 idem
2718 5309 2986 5380 gloriosus
3015 5303 3369 5371 Hieronymus
3397 5296 3551 5351 nobis
3591 5294 3902 5360 imperavit,

2320 5418 2377 5463 ut
2401 5405 2467 5462 ad
2497 5416 2721 5473 corpora
2751 5397 3048 5454 rediremus
3079 5408 3092 5446 :
3130 5388 3389 5445 mandans
3430 5390 3504 5438 ut‘
3536 5383 3606 5438 de
3650 5382 3736 5436 his
3777 5394 3903 5448 qua!

2321 5499 2568 5557 vidimus,
2598 5504 2919 5549 testaremnr
2953 5503 2966 5539 :
3005 5483 3431 5555 promittcusqne
3459 5476 3613 5532 nobis
3640 5475 3901 5528 vicesims

2326 5590 2432 5653 ilic,
2464 5589 2506 5642 si
2538 5586 2604 5640 de
2633 5579 2951 5656 perpetratis
2983 5573 3213 5647 peccatis
3257 5585 3354 5624 nos
3382 5568 3717 5637 contingeret
3742 5563 3899 5618 dehi-
