4048 6186
179 262 291 322 an:

173 393 296 437 tam
327 377 695 450 pmoitentiam
729 388 1010 444 exercere,
1043 389 1162 430 cum
1192 373 1352 428 beato
1383 373 1616 427 Eusebio
1640 410 1655 434 ,
1682 368 1770 437 qui

178 470 318 526 tunc
341 479 550 527 eratex
592 470 695 523 hoc
738 467 940 524 saeculo
986 467 1346 535 migraturus,
1374 463 1599 535 gloriam
1648 462 1773 515 finis

176 566 425 623 nesciam
453 562 707 632 adipisci;
752 562 936 631 sicque
984 560 1300 629 corporibus
1342 566 1537 612 nostra:
1577 556 1772 608 animas

172 666 310 713 sunt
334 655 655 725 conjuncta.
688 672 706 704 ι
741 652 901 707 Multa
933 652 1194 722 siquidem
1229 650 1521 719 Augustine
1550 645 1771 700 carissi-

174 765 290 813 me,
326 746 683 809 formidanda,
706 760 825 815 qua:
856 743 1159 797 mortalium
1192 741 1450 809 impressa
1480 737 1768 801 mentibus,

173 839 245 893 ab
278 839 484 894 eisdem
531 839 825 893 labentium
850 835 1092 892 omnium
1125 842 1462 888 terrenorum
1503 845 1767 895 amorem,

174 940 232 981 et
263 944 451 983 curam
511 928 822 998 pervigilem
848 968 863 991 ,
928 941 1033 995 qua
1092 934 1171 978 tot
1208 924 1461 977 aberrant
1498 920 1767 984 homines,

171 1030 233 1073 ut
262 1028 396 1088 puto
428 1019 669 1073 funditus
698 1018 1093 1084 exstirparent,
1128 1024 1370 1084 patenter
1408 1012 1566 1067 didici
1604 1028 1618 1064 :
1652 1026 1771 1079 qu:c

169 1112 215 1165 si
242 1112 335 1165 his
357 1111 566 1166 chartis
597 1109 958 1178 imprimerem
982 1148 995 1171 ,
1022 1109 1139 1175 plus
1162 1105 1394 1175 cogitato
1420 1118 1554 1174 opus
1576 1118 1767 1171 proce-

167 1202 371 1266 deret,
406 1215 507 1256 nec
536 1215 711 1254 essem
734 1212 957 1267 compos
984 1196 1320 1251 subscribere
1342 1196 1452 1264 jam
1479 1193 1762 1264 promissa.

165 1291 369 1361 laqne
397 1307 521 1346 cum
562 1290 629 1343 de
658 1289 909 1359 proximo
952 1295 1004 1341 te
1047 1295 1389 1355 exspectem,
1435 1285 1770 1337 visitaturum

161 1382 411 1451 gloriosi
443 1380 752 1450 Hieronymi
781 1379 1055 1448 reliquias,
1088 1388 1145 1431 ut
1171 1394 1289 1447 qnzr
1319 1391 1451 1445 quas
1479 1374 1652 1446 pridie
1684 1390 1768 1429 re-

164 1473 323 1543 cepi,
362 1472 562 1528 litterae
588 1472 890 1526 fatebantur
918 1488 931 1524 :
963 1480 1160 1526 czetera
1193 1486 1311 1539 qua:
1344 1482 1468 1523 tunc
1497 1468 1563 1522 ad
1596 1482 1769 1522 meam

168 1563 449 1617 reducere
479 1573 667 1630 potero
712 1563 1023 1615 memoriam
1047 1603 1061 1623 ,
1093 1561 1394 1615 declarabo.
1443 1559 1567 1613 Haac
1594 1562 1770 1613 omnia

172 1652 283 1706 hoc
314 1651 422 1706 fine
446 1651 712 1711 claudam,
744 1661 965 1720 tangens
996 1652 1316 1705 venerabilis
1341 1649 1558 1704 Eusebii
1586 1650 1770 1718 sepul-

172 1750 379 1807 turam,
404 1750 464 1795 ut
488 1741 557 1794 ad
588 1741 841 1794 miracula
872 1740 1088 1795 redeam
1110 1739 1429 1800 enarranda.
1463 1754 1583 1808 quae
1607 1754 1769 1809 supe-

174 1834 294 1887 rius
319 1848 436 1886 sum
469 1831 741 1901 pollicitus
768 1845 1039 1884 enarrare.
1074 1829 1261 1883 Obitus
1291 1843 1521 1899 namque
1549 1829 1766 1884 Eusebii

176 1924 504 1980 venerabilis
534 1933 587 1976 et
628 1923 787 1976 trium
824 1921 1097 1974 hominum
1128 1920 1502 1989 prmdictorutn
1545 1923 1763 1986 seriem,

174 2017 230 2070 in
262 2014 689 2086 przecedentibus
718 2029 875 2082 quam
906 2012 1119 2067 brevius
1158 2013 1301 2081 potui
1335 2011 1534 2068 inserui
1567 2030 1579 2064 :
1612 2028 1763 2082 qua:-

176 2107 304 2160 dam
337 2105 430 2159 tibi
451 2145 467 2169 ,
497 2114 555 2157 ut
584 2114 731 2172 puto,
765 2103 1053 2156 affectuosa
1086 2103 1453 2170 interponens.
1487 2101 1593 2157 Sed
1625 2119 1764 2172 pra:-

171 2200 445 2252 dictorum
470 2198 760 2264 sepulturae
792 2195 960 2249 series
989 2194 1058 2248 ita
1101 2204 1263 2263 patet.
1296 2193 1506 2247 Mortuo
1538 2210 1765 2264 namque

173 2288 475 2344 venerabili
501 2289 748 2347 Eusebio.
783 2288 931 2357 plura
962 2297 1086 2340 sunt
1118 2287 1369 2340 miracula
1398 2291 1602 2341 cunctis
1631 2290 1763 2352 γίςι,

174 2400 299 2451 qua:
318 2381 674 2451 prtl'cedentis
702 2381 821 2433 vita:
850 2381 1184 2432 sanctitatem
1218 2386 1479 2431 testantur
1505 2397 1517 2431 :
1541 2395 1763 2448 quorum

177 2473 242 2525 ad
281 2488 517 2541 przesens
541 2471 648 2525 duo
682 2471 855 2523 solum
883 2471 1075 2523 dicam.
1110 2468 1399 2522 Monachus
1425 2468 1637 2538 quidam
1668 2486 1763 2522 cn-

176 2566 385 2632 illStitllll
433 2562 701 2628 emnobii,
750 2577 858 2630 pne
900 2560 1149 2631 lacrymis
1196 2569 1250 2613 et
1292 2559 1483 2627 vigiliis
1529 2562 1763 2627 privatus

174 2648 441 2725 corporali
472 2656 671 2709 lumine
702 2654 1003 2718 OCIIIOI'HIH,
1035 2651 1213 2705 statim
1247 2661 1302 2705 ut
1324 2650 1539 2705 Eusebii
1569 2667 1765 2720 Corpus

180 2746 540 2800 venerandum
583 2745 715 2800 facie
744 2745 949 2814 tetigit,
983 2743 1223 2813 pristina:
1268 2742 1401 2796 lucis
1425 2743 1651 2812 gratiam
1682 2752 1766 2797 est

176 2838 421 2908 adeptus.
476 2838 843 2892 Daemoniacus
889 2846 1067 2891 autem
1113 2836 1327 2907 quidam
1376 2836 1503 2891 dum
1551 2852 1760 2891 sacrum

179 2945 375 2999 corpus
404 2929 471 2982 ad
503 2929 795 2984 Ecclesiam
822 2927 1140 2982 duceremus
1160 2970 1175 2993 ,
1204 2928 1377 2982 eidem
1405 2928 1649 2992 obvians,
1681 2940 1763 2983 est

180 3024 425 3091 protinus
465 3023 739 3076 liberatus.
771 3020 928 3076 Juxta
962 3021 1292 3087 Ecclesium,
1326 3021 1376 3074 in
1411 3038 1513 3091 qna
1543 3022 1764 3092 gloriosi

184 3114 489 3185 Hieronymi
520 3112 751 3167 cadaver
775 3112 1169 3166 sanctissimum
1204 3120 1285 3166 est
1315 3111 1588 3165 hmnatnm
1609 3153 1624 3178 ,
1668 3128 1761 3167 ve-

180 3207 431 3261 nerabilis
462 3205 677 3261 Eusebii
716 3221 911 3273 corpus
937 3204 1142 3257 honore
1172 3204 1352 3257 debito
1381 3204 1577 3257 nudmn
1599 3244 1614 3267 ,
1643 3220 1761 3258 ma-

180 3300 325 3365 gistri
372 3300 541 3351 instar
588 3297 949 3366 seprlivimus.
999 3294 1057 3350 In
1102 3298 1255 3364 cujus
1299 3296 1462 3350 etiam
1508 3295 1764 3350 Ecclesia:

178 3390 526 3450 t-(eiiieterio,
564 3388 835 3442 lnuninum
868 3387 1076 3441 illorum
1109 3388 1263 3439 trium
1295 3385 1383 3454 qui
1424 3385 1611 3439 eadem
1641 3395 1765 3439 sunt

181 3464 306 3535 hora
338 3482 554 3544 mortui,
584 3480 735 3534 fuere
756 3493 982 3549 corpora
1005 3479 1284 3531 tumulata.
1314 3477 1407 3530 His
1430 3492 1559 3546 ergo
1581 3477 1759 3537 dictis,

181 3576 499 3630 venerabilis
536 3574 748 3628 Eusebii
779 3582 965 3627 cuncta
1006 3572 1230 3635 sileant,
1264 3579 1320 3623 ut
1348 3569 1678 3639 praegrandia
1711 3578 1765 3621 et

179 3666 468 3723 ineffabilia
501 3666 674 3719 locum
718 3673 936 3718 teneant
974 3663 1214 3734 prodigia
1248 3662 1429 3718 eximii
1462 3663 1602 3716 beati
1633 3662 1762 3717 Hie-

177 3758 383 3829 ronymi
410 3758 520 3825 jam
550 3757 829 3825 promissa.

254 3848 383 3905 CAP.
420 3848 506 3902 IV.
539 3849 597 3903 ln
624 3861 840 3902 amoeno
866 3855 921 3902 et
944 3844 1339 3915 jucundissimo
1370 3843 1634 3914 siquidem
1661 3844 1763 3899 mi-

179 3941 429 3995 rabilium
452 3950 730 4009 gestorum
773 3936 1100 3991 sanctissimi
1145 3935 1458 4006 Hieronymi
1490 3946 1640 4003 prato
1667 3949 1763 4003 po-

178 4035 315 4087 situs
345 4052 362 4086 :
411 4033 485 4085 uti
549 4041 750 4093 sertum
806 4028 1033 4093 faciens,
1081 4026 1383 4096 praecipuos
1432 4035 1487 4080 et
1537 4026 1763 4081 decoros

181 4122 563 4178 miraculorum
609 4119 794 4184 tiores,
826 4118 893 4172 ad
922 4117 1081 4187 hujus
1126 4116 1370 4186 opusculi
1402 4124 1759 4183 venustatem,

179 4224 237 4270 et
263 4224 487 4277 nostrae,
521 4212 949 4281 posteriorumve
977 4207 1137 4262 saluti
1170 4206 1330 4259 utiles
1358 4221 1456 4275 pro
1486 4220 1646 4273 posse
1689 4206 1765 4260 le-

181 4322 319 4374 gam.
352 4305 594 4373 Quorum
624 4304 865 4357 omnium
894 4300 1023 4370 quid
1058 4299 1229 4368 pridie
1259 4313 1382 4367 erga
1415 4284 1760 4352 Sabinianum

182 4394 596 4451 tia-resiarcham
621 4393 931 4464 pestiferum
960 4390 1153 4462 (quem
1184 4390 1462 4459 agnoscis;
1490 4400 1764 4460 peractum

182 4500 285 4554 est,
314 4490 489 4558 primo
515 4488 715 4541 dicam.
745 4486 1068 4541 Sabinianus
1116 4497 1348 4552 namque
1379 4481 1760 4551 hmresiareha,

187 4582 570 4636 hatreticorum
597 4581 790 4644 fautor,
820 4579 953 4632 duas
977 4580 1027 4631 in
1058 4576 1273 4631 Christo
1296 4590 1548 4632 asserens
1575 4576 1766 4649 volnn-_

188 4680 341 4733 tates,
371 4679 432 4725 et
454 4669 597 4738 quod
626 4669 777 4738 pejus
801 4678 910 4739 est,
942 4668 1085 4721 inter
1109 4682 1168 4721 se
1199 4666 1520 4738 quandoque
1551 4666 1765 4737 (“SCij

179 4762 275 4825 des
291 4780 307 4816 :
325 4761 395 4816 ad
417 4761 574 4830 cujus
596 4770 701 4815 tam
725 4759 1067 4829 inopinabilis
1089 4758 1339 4813 falsitatis
1362 4759 1761 4830 probationem,

177 4852 554 4907 introducebat
580 4850 709 4905 illud
736 4852 880 4920 quod
906 4851 958 4904 in
990 4850 1282 4918 Evangelia
1308 4849 1556 4905 Christus
1586 4850 1761 4905 dixit:

181 4942 363 5005 Pater,
385 4944 431 4995 si
461 4943 571 5008 ﬁeri
609 4951 789 5011 potest,
814 4951 1041 4999 transeas
1069 4956 1101 4992 α
1126 4957 1204 4993 me
1227 4942 1365 4995 calix
1395 4942 1507 5004 ista,
1537 4942 1763 4997 eiiciens

183 5052 249 5090 ex
291 5034 405 5089 hoc
435 5033 673 5087 rationes
692 5035 1038 5102 gravissimas
1063 5043 1117 5087 et
1161 5048 1298 5101 pene
1341 5034 1759 5097 inextricabiles,

185 5127 322 5197 quod
368 5123 680 5196 passionem
720 5124 949 5177 voluerit
992 5138 1097 5178 una
1150 5124 1335 5193 fugere
1378 5123 1675 5187 voluntate,
1707 5134 1762 5178 et

191 5223 345 5278 altera
366 5217 620 5275 eamdem
645 5222 833 5269 coacte
868 5215 1047 5269 subire
1092 5215 1393 5284 oportuerit
1421 5215 1759 5284 passionem:

188 5325 233 5368 et
261 5330 321 5370 ex
356 5312 442 5367 his
485 5307 726 5369 dicebat,
758 5304 901 5375 quod
955 5305 1115 5357 multa
1145 5306 1392 5360 Christus
1424 5306 1615 5370 voluit,
1646 5321 1764 5373 qurc

186 5408 421 5463 obtinere
451 5417 562 5458 non
596 5398 804 5468 potuit:
832 5405 1038 5452 tantum
1065 5396 1120 5450 in
1148 5412 1247 5451 nos
1268 5396 1473 5452 doloris
1495 5397 1760 5458 exercuit,

180 5502 310 5572 quod
334 5490 772 5567 magnitudinem
789 5488 1062 5556 explicare
1086 5488 1395 5556 nequimus.
1420 5487 1768 5541 Pervertebat

179 5608 402 5667 namque
433 5587 585 5644 idem
622 5578 845 5649 pestifer
865 5578 1078 5647 anguis,
1109 5588 1165 5633 et
1188 5579 1344 5648 lupus
1370 5592 1560 5647 rapax,
1584 5592 1645 5631 se
1675 5593 1767 5629 ve-

170 5692 419 5750 stimento
449 5677 648 5735 ovium
690 5669 940 5734 inducas,
960 5669 1117 5723 nobis
1145 5669 1492 5723 commissum
1519 5682 1759 5739 gregem.

1366 258 1454 315 DE
1494 250 1863 314 MIRACUIJS
1904 252 2307 311 IIIERONYMI.

3356 256 3465 319 αρε

1888 365 1955 419 Et
2003 377 2061 421 ut
2104 368 2364 423 szevitiam
2411 367 2512 422 diri
2565 368 2799 440 pectoris
2840 369 3113 427 efficacius
3158 382 3466 428 exerceret-

1880 460 2191 528 opusculum
2214 445 2485 530 quoddam
2502 458 2904 528 compilaverat,
2932 462 3079 516 falsis
3108 463 3343 530 probans
3377 478 3466 515 ra-

1880 551 2113 605 tionibus
2146 551 2249 606 hoc
2294 552 2370 605 sic
2400 567 2538 607 esse.
2582 551 2735 617 Quod
2770 552 2984 621 quidem
3030 554 3369 621 opusculum,
3402 564 3466 610 ut

1880 642 2037 698 fidem
2086 646 2134 699 ei
2158 645 2444 707 daremus,
2477 645 2716 713 glorioso
2744 643 3094 715 Hieronymo,
3127 647 3290 701 totius
3318 649 3463 703 veri-

1880 735 2003 789 tatis
2031 735 2253 804 speculu
2300 735 2687 789 intitulaverat.
2716 735 2885 803 Cujus
2927 734 3175 789 falsitatis
3214 737 3461 792 notitiam

1876 828 2237 897 comperiens,
2272 829 2449 881 sciens
2479 829 2571 882 tibi
2602 828 2900 898 gloriosum
2921 827 3311 898 Hieronymum
3339 828 3459 898 Epi-

1876 919 2068 973 stolam
2096 934 2260 988 super
2289 919 2450 986 hujus
2475 920 2677 973 erroris
2699 918 3085 982 destructione,
3106 934 3213 973 non
3236 919 3462 973 multum

1876 1019 2000 1065 ante
2026 1011 2107 1065 sui
2135 1013 2337 1066 obitum
2372 1012 2645 1067 edidisse:
2682 1010 2994 1079 praedictum
3044 1008 3461 1066 hzcresiarcham

1876 1116 1997 1156 cum
2047 1102 2159 1156 suis
2189 1104 2491 1174 discipulis,
2530 1112 2582 1157 et
2609 1101 2850 1171 ejusdem
2902 1102 3152 1173 nequitia:
3182 1102 3467 1170 ministris,

1877 1194 2098 1250 invitavi
2126 1196 2358 1267 quodam
2386 1196 2660 1251 dominico
2688 1195 2779 1249 die
2811 1194 2862 1248 in
2912 1194 3206 1249 Ecclesiam
3241 1194 3464 1250 Jeroso-

1878 1286 2192 1355 lymitanam
2223 1288 2291 1343 ad
2340 1286 2755 1358 disputandum,
2788 1294 2839 1339 et
2883 1301 3038 1340 suum
3082 1301 3323 1341 errorem
3369 1302 3466 1342 ne-

1877 1379 2195 1448 quissimum
2224 1379 2707 1450 comprobandum.
2737 1380 2852 1446 Quo
2880 1394 3111 1448 namque
3140 1380 3228 1433 die
3251 1380 3465 1432 univer-

1876 1464 1952 1527 sis
1974 1473 2110 1527 meis
2137 1473 2490 1541 sufl‘raganeis
2506 1473 2809 1543 Episcopis,
2831 1482 2885 1527 et
2920 1473 3039 1527 aliis
3055 1473 3464 1543 quampluribus

1876 1564 2215 1628 orthodoxis,
2246 1580 2455 1619 necnon
2501 1574 2551 1618 et
2605 1566 2723 1633 ipso
2774 1565 3131 1619 lia-resiarcha
3182 1582 3301 1619 eum
3350 1566 3465 1619 suis

1876 1657 2126 1712 nefandis
2152 1657 2436 1725 discipulis
2492 1658 2543 1710 in
2594 1656 2847 1725 praedicta
2894 1657 3135 1711 Ecclesia
3185 1658 3457 1719 adunatis,

1872 1747 2168 1817 disputatio
2196 1763 2226 1802 a
2268 1762 2407 1803 nona
2439 1748 2675 1815 incepta,
2704 1746 2772 1801 ad
2797 1761 3052 1816 vesperas
3080 1762 3249 1818 usque
3282 1750 3460 1802 tendi-

1872 1847 1977 1892 tur.
1997 1839 2130 1893 Cnm
2150 1846 2327 1893 autem
2352 1839 2492 1894 idem
2524 1838 2883 1894 haeresiarcha
2904 1849 3090 1893 contra
3112 1855 3211 1895 nos
3227 1855 3461 1910 opuscu-

1871 1931 1979 1984 lum
2006 1930 2075 1982 ab
2101 1931 2216 1998 ipso
2266 1929 2401 1983 falso
2428 1931 2809 1999 compositum,
2836 1929 2977 2000 quod
3008 1932 3243 2000 glorioso
3272 1932 3461 1987 inlitus

1870 2020 2081 2075 labatur
2126 2022 2476 2093 Hieronymo,
2509 2023 2792 2093 allegaret,
2827 2022 2925 2077 has
2950 2032 3125 2079 tantas
3163 2024 3305 2080 beati
3332 2026 3459 2082 Hie-

1872 2114 2083 2184 ronymi
2128 2113 2353 2181 injurias
2393 2113 2537 2168 ferre
2583 2128 2691 2168 non
2742 2114 2929 2169 valens
2974 2114 3130 2170 bona:
3182 2118 3458 2172 memoria:

1870 2204 2371 2273 Sylvanus,sanctte
2402 2205 2667 2261 Nasareth
2692 2206 2948 2261 Ecclesiae
2978 2207 3454 2279 Arebiepiseopus,

1868 2295 1957 2363 qui
1994 2305 2135 2347 tanta
2196 2296 2413 2349 beatum
2444 2296 2832 2367 Hieronymum
2876 2296 3162 2353 affectione
3211 2300 3374 2355 animi
3402 2312 3460 2357 et

1869 2386 2156 2439 devotione
2182 2386 2412 2446 colebat,
2431 2395 2490 2439 ut
2510 2387 2555 2441 si
2577 2387 2702 2456 quid
2731 2385 2954 2450 faceret,
2986 2388 3224 2443 divinum
3259 2406 3456 2446 nomen

1869 2486 1918 2528 et
1952 2476 2089 2529 beati
2126 2476 2437 2547 Hieronymi
2473 2478 2858 2546 prmmittebat,
2891 2479 3032 2533 unde
3061 2483 3211 2550 quasi
3241 2482 3311 2535 ab
3340 2499 3457 2537 0m-

1870 2567 2025 2618 nibns
2060 2566 2416 2636 Hieronymus
2445 2567 2722 2622 dicebatur
2750 2586 2762 2619 :
2794 2568 3051 2637 prtedicto
3082 2571 3456 2629 luerosiarchte

1870 2660 2112 2725 protinus
2142 2662 2459 2722 assurrexit,
2494 2660 2609 2715 dire
2635 2677 2757 2716 eum
2802 2662 3105 2732 increpans,
3135 2675 3262 2734 quot
3295 2676 3372 2721 tot
3400 2675 3457 2721 et

1869 2760 2044 2803 tantas
2086 2752 2419 2805 exercuisset
2462 2752 2748 2821 nequitias.
2787 2752 2920 2806 Dum
2969 2761 3147 2808 autem
3195 2755 3334 2810 inter
3359 2772 3456 2811 eos

1868 2840 2022 2910 longa
2050 2841 2283 2895 oriretur
2337 2842 2635 2906 contentio,
2664 2852 2717 2896 et
2747 2851 2972 2913 uterque
3015 2844 3301 2914 opprobria
3350 2846 3454 2900 sibi

1868 2932 2095 2985 invicem
2126 2948 2226 3001 pro
2261 2947 2418 3001 posse
2446 2933 2676 2997 diceret,
2708 2934 2761 2986 in
2809 2934 2914 2986 fine
2940 2933 3019 2987 sic
3047 2933 3207 2987 ambo
3253 2935 3455 3003 pariter

1866 3010 2191 3085 statuerunt,
2212 3023 2353 3090 quod
2382 3023 2426 3077 si
2460 3039 2627 3091 usque
2652 3023 2703 3075 in
2732 3022 3107 3090 subsequentis
3128 3023 3236 3078 diei
3265 3025 3453 3077 horam

1864 3131 2085 3180 nonam,
2118 3115 2309 3169 beatus
2344 3115 2702 3184 Hieronymus
2734 3112 2835 3167 hoc
2866 3129 3001 3183 opus
3030 3114 3165 3168 falso
3187 3116 3457 3185 composi-

1866 3215 1977 3259 tum
2007 3204 2285 3259 evidenter
2312 3204 2640 3270 ostenderet,
2662 3205 2948 3274 praedictus
2974 3204 3330 3260 hmresiarcha
3360 3221 3454 3261 ca-

1868 3296 1978 3365 pite
2022 3296 2301 3364 puniretur
2334 3311 2344 3346 :
2380 3296 2462 3348 sin
2513 3304 2717 3360 autem,
2748 3296 3218 3366 Areliiepiscopus.
3250 3297 3456 3365 Quibus

1870 3389 2055 3453 finitis,
2085 3388 2278 3456 singuli
2312 3387 2377 3440 ad
2415 3388 2627 3456 propria
2662 3398 2991 3442 remearunt.
3026 3389 3129 3442 Per
3157 3400 3323 3445 totam
3353 3407 3455 3445 au-

1868 3490 1976 3534 tem
2022 3490 2238 3534 noctem
2270 3481 2498 3549 quisque
2540 3490 2783 3535 nostrum
2828 3481 3164 3537 orationibus
3206 3483 3450 3551 vacabat,

1868 3580 1926 3626 ut
1976 3571 2132 3624 nobis
2182 3571 2234 3625 in
2279 3570 2773 3639 Opportunitatihns
2818 3571 3075 3625 attxilium
3129 3574 3373 3629 eveniret
3419 3591 3452 3629 a

1869 3647 2119 3729 Domino,
2166 3662 2256 3731 qui
2304 3662 2575 3715 neminem
2623 3676 2854 3730 unquam
2903 3662 2956 3729 in
3010 3678 3071 3717 se
3117 3665 3452 3734 sperantium

1876 3754 2095 3823 sprevit.
2122 3752 2341 3822 Magnus
2374 3751 2631 3807 Dominus
2659 3761 2716 3807 et
2745 3751 3026 3807 laudabilis
3057 3754 3216 3808 nimis
3247 3774 3262 3810 :
3292 3755 3447 3824 cujus

1880 3856 2029 3901 certe
2058 3846 2333 3914 sapientiae
2359 3860 2464 3899 non
2496 3854 2577 3899 est
2604 3859 2879 3899 numerus.
2910 3843 3122 3900 Statuto
3147 3857 3326 3901 autem
3356 3848 3447 3902 die

1864 3947 1920 3993 et
1950 3938 2079 3991 liora
2125 3936 2280 3991 laetus
2309 3934 2670 3990 hwresiarcha
2720 3936 2771 3987 in
2815 3934 3111 3989 Eeclesiam
3159 3949 3283 3990 cum
3330 3938 3444 3991 suis

1868 4029 2118 4098 nequitia:
2148 4028 2272 4083 filiis
2294 4029 2543 4094 veniens,
2568 4026 2674 4082 huc
2699 4026 2933 4097 illucque
2954 4026 3285 4094 discurrens,
3303 4044 3450 4100 qua:-

1869 4120 2023 4175 rebat
2050 4118 2143 4173 Dei
2167 4134 2405 4184 servum,
2443 4126 2694 4188 tanquam
2724 4119 2809 4173 leo
2839 4119 3056 4188 rugiens
3084 4127 3301 4188 paratus
3323 4134 3447 4175 cum

1866 4212 2149 4277 devorare,
2174 4210 2345 4280 velud
2386 4210 2432 4263 si
2463 4209 2600 4264 foret
2651 4210 2791 4264 Deus
2835 4226 2943 4266 non
2991 4212 3317 4284 intelligens,
3350 4227 3449 4268 nec

1866 4319 2086 4358 suorum
2110 4317 2393 4356 servorum
2424 4315 2612 4370 preces
2639 4301 2956 4357 exaudiens.
2980 4303 3089 4357 Sed
3125 4314 3301 4359 tamen
3329 4320 3450 4361 eum

1870 4394 2095 4465 solidius
2125 4408 2185 4448 se
2220 4394 2395 4447 fatuus
2438 4402 2585 4447 stare
2608 4393 2874 4459 crederet,
2906 4393 3263 4451 miserabilius
3302 4399 3446 4453 ceci-

1867 4485 1964 4540 dit.
1988 4485 2175 4540 Stabat
2202 4493 2381 4538 autem
2411 4484 2588 4538 omnis
2616 4483 2854 4539 fidelium
2882 4486 3076 4540 concio
3106 4486 3159 4541 in
3187 4488 3440 4555 Ecclesia,

1871 4578 2100 4647 quilibet
2123 4580 2292 4645 sancti
2322 4577 2633 4649 Hieronymi
2656 4578 2896 4633 clamans
2926 4594 3143 4635 nomen.
3170 4578 3436 4638 Clauserat

1868 4667 2134 4737 siquidem
2180 4667 2449 4738 gloriosus
2493 4668 2855 4739 Hieronymus
2899 4685 3104 4726 aures:
3147 4672 3352 4741 fingens
3392 4688 3440 4730 st

1868 4760 2128 4826 dormire,
2170 4761 2471 4815 orationem
2516 4761 2937 4831 supplicantium
2988 4779 3113 4825 non
3145 4765 3436 4835 intendens,

1870 4860 1929 4906 ut
1974 4852 2272 4906 mirabilior
2313 4860 2620 4921 appareret.
2671 4854 2741 4906 At
2773 4866 2873 4921 ego
2919 4860 3066 4905 totus
3097 4852 3437 4924 perfusugla

1870 4946 2095 5014 crymis,
2143 4954 2366 5011 stupens
2409 4953 2465 4998 et
2509 4944 2804 5008 admirans,
2836 4958 2932 4997 cur
2964 4943 3323 5015 Hieronymus
3373 4950 3451 5021 sic

1869 5036 2104 5100 abesset,
2135 5035 2264 5103 quid
2310 5035 2566 5105 deinceps
2596 5035 2884 5095 accideret,
2916 5035 3315 5103 exspectabam.
3352 5038 3445 5093 De~

1872 5129 2034 5197 nique
2063 5143 2184 5181 cum
2216 5127 2291 5179 nil
2318 5128 2561 5181 miraculi
2592 5134 2895 5195 appareret,
2926 5128 3117 5181 sa'vire
3144 5130 3306 5198 cmpit
3336 5130 3442 5184 tne.

1874 5216 2143 5273 resiarcha
2168 5216 2360 5269 canina
2382 5215 2554 5281 rabie,
2587 5223 2646 5269 ut
2664 5214 2930 5287 Sylvanus
2953 5215 3095 5285 quod
3112 5218 3439 5291 promiserat

1867 5308 1976 5376 jam
2028 5305 2291 5373 expleret.
2324 5304 2427 5358 ‘Ad
2479 5304 2658 5359 locum
2709 5314 2889 5359 autem
2937 5320 3045 5375 quo
3098 5290 3453 5366 decollandtu.

1875 5406 1993 5451 erat
2028 5396 2296 5465 Sylvanus
2323 5393 2721 5463 salictissimua,
2748 5394 2989 5467 gaudens
3028 5406 3085 5473 et
3124 5382 3447 5475 intrepidus,

1879 5501 2133 5558 tanquam
2162 5486 2229 5540 ad
2259 5484 2474 5556 nuptias
2505 5486 2746 5557 ventem,
2770 5488 3129 5561 lacrymantes
3158 5472 3450 5569 Episcopos

1877 5590 1933 5635 et
1961 5593 2155 5634 omnes
2188 5578 2323 5633 alios
2360 5576 2665 5636 Catholica
2684 5579 2778 5651 qui
2818 5578 2888 5636 ad
2918 5580 3022 5640 hoc
3046 5595 3448 5651 concurrerant,

1879 5669 1962 5723 his
2006 5668 2344 5724 confortabat
2370 5668 2554 5726 verbis
2581 5685 2597 5725 :
2631 5667 2896 5727 Exsulta“
2944 5688 3158 5742 mecum,
3190 5674 3449 5736 rarissimi,

3484 4369 3493 4395 Ι
