4048 6186
614 232 720 304 399

610 345 824 415 gaudet:
856 355 899 393 et
930 345 1082 392 natm
1123 334 1428 393 (orthiJuri,
1456 331 1690 398 quoniam
1735 339 1832 377 non
1878 324 2181 388 derelinquit

616 432 756 503 pata
780 441 1036 502 sperarim»
1066 431 1115 478 in
1147 442 1213 477 se.
1249 423 1308 473 Si
1335 435 1434 472 non
1474 417 1739 480 exaudiar,
1769 416 1882 483 plus
1930 416 2050 465 meis
2069 415 2182 482 jam

613 523 914 595 pararam
943 518 1098 570 merui
1128 515 1359 580 peccatis.
1414 509 1539 563 Post
1584 506 1696 560 haec
1723 521 1893 575 genua
1939 503 2180 567 ﬂectens,

614 594 806 684 Sana:
845 607 1073 676 (inquit)
1114 601 1440 670 Hieronyme.
1477 599 1651 649 adesto
1708 598 1830 647 mihi
1983 594 2183 663 placet:

613 717 896 774 quanquam
946 705 992 750 et
1019 697 1112 748 hoc
1142 695 1336 762 maiore
1364 695 1457 745 sim
1484 692 1667 760 dignus
1704 689 1974 755 supplicio,
2017 697 2181 738 (unum

612 813 675 850 ac
702 794 902 864 [abitas
943 791 1110 842 locum
1138 794 1324 849 teneat,
1348 785 1546 836 veritati
1568 797 1821 835 succurre.
1859 779 2011 846 Quod
2033 779 2076 831 si
2107 780 2184 847 [as

608 902 710 939 non
737 890 830 940 est.
859 889 912 931 ut
948 879 1179 948 adjuvet,
1206 875 1455 944 propitius
1483 873 1604 924 mihi
1623 882 1728 924 (sto
1755 871 1804 922 in
1834 871 1958 922 hora
1987 869 2183 930 mortis,

608 985 664 1028 ut
698 973 874 1042 gloriae
901 969 1018 1036 ﬁnis
1061 968 1240 1018 neuio:
1269 982 1368 1017 non
1413 965 1508 1016 sim
1556 979 1755 1030 expers.
1803 961 1927 1014 Ilzec
1974 959 2182 1020 dicens,

611 1061 918 1131 spiculatori
961 1057 1158 1111 collum
1203 1054 1448 1124 prasbuit,
1497 1064 1551 1104 ιιι
1585 1054 1752 1113 feriat,
1793 1051 1965 1117 ipsum
2007 1057 2182 1116 rogat.

611 1143 1002 1208 Elevatautem
1046 1145 1339 1215 spiculator
1366 1158 1574 1201 ensem,
1609 1141 1862 1193 antistitis
1893 1137 2183 1190 venerandi

612 1226 773 1314 caput
797 1227 904 1295 uno
930 1242 1035 1293 ictu
1066 1237 1288 1306 cupiens
1315 1242 1610 1301 amputare
1661 1231 1825 1284 Adest
1855 1229 2032 1282 subito
2060 1227 2185 1280 Hie—

610 1347 871 1406 ronymus
910 1329 1177 1401 gloriosus
1218 1325 1431 1380 CllHCiis
1477 1322 1842 1386 cernentibus,
1879 1333 2037 1372 manu
2089 1335 2188 1369 cx-

612 1407 765 1478 tensa
792 1431 984 1476 tenens
1007 1431 1217 1479 ensem,
1241 1413 1473 1484 Sylvano
1500 1411 1793 1478 imperans,
1829 1421 1886 1462 ttt
1916 1418 2186 1477 exsurgit.

615 1514 816 1568 Deinde
867 1507 1278 1564 haeresiarcham
1334 1505 1651 1572 increpans,
1705 1501 2002 1567 scripturas
2057 1497 2190 1549 falso

613 1599 943 1675 compositas
971 1602 1221 1660 innut-ns,
1245 1597 1403 1664 eique
1436 1596 1649 1646 minans
1692 1592 1760 1644 ab
1796 1591 2034 1644 omnium
2064 1603 2194 1641 eva-

619 1698 733 1751 nuit
783 1694 977 1748 oculis.
1020 1689 1172 1756 Quod
1230 1687 1354 1740 huic
1403 1685 1625 1753 ejusque
1673 1681 1938 1735 similibus
1991 1680 2192 1731 utinam

621 1787 883 1849 eveniret,
914 1780 1216 1837 confestim-
1235 1787 1292 1831 ut
1333 1776 1599 1847 gloriosus
1628 1773 1984 1842 Hieronymus
2011 1769 2192 1837 dispa-

621 1879 752 1938 ruit.
779 1871 1155 1929 hazresiarchze
1183 1876 1343 1938 caput
1370 1876 1567 1921 terram
1617 1863 1772 1934 petiit
1797 1877 1826 1916 a
1852 1875 2078 1930 corpore
2103 1859 2198 1913 de-

623 1976 927 2023 truncatnm
979 1980 993 2017 :
1047 1971 1300 2030 tanquam
1347 1958 1392 2011 si
1439 1970 1569 2011 ense
1616 1953 1956 2024 apiculatoris
2007 1965 2197 2004 manus

623 2064 952 2129 amputasset
982 2055 1089 2107 ictu
1116 2068 1243 2106 uno.

696 2150 823 2204 Car.
853 2145 916 2199 ν.
958 2142 1108 2212 Quod
1167 2151 1272 2195 tam
1320 2137 1562 2192 mirabile
1607 2135 1784 2189 cuncti
1838 2133 2082 2187 videntes
2107 2132 2196 2200 qui

619 2239 864 2301 aderant,
917 2235 1059 2289 illico
1111 2229 1420 2299 stupefacti,
1458 2227 1568 2281 Deo
1620 2226 1821 2296 gratias
1868 2232 2094 2292 egerunt
2145 2231 2200 2274 et

622 2332 950 2401 Hieronymo
979 2325 1239 2397 glorioso,
1273 2332 1328 2378 et
1354 2322 1423 2374 ad
1458 2319 1693 2373 veritatis
1720 2318 1988 2371 tramitem
2025 2315 2198 2367 haere~

622 2423 847 2479 siarcha:
871 2418 1121 2489 discipuli
1152 2416 1388 2471 rediere.
1410 2413 1559 2468 Ecce
1588 2421 1844 2482 quantum
1880 2407 2200 2463 venerabilis

626 2514 887 2570 antistitis
914 2511 1108 2567 fiducia
1145 2509 1204 2563 in
1234 2507 1460 2562 Domino
1480 2514 1536 2560 et
1561 2504 1720 2559 beato
1748 2503 2077 2571 Hieronymo
2105 2500 2201 2552 fuit

626 2607 843 2670 efﬁcax,
872 2603 964 2674 qui
1014 2616 1114 2672 pro
1159 2598 1393 2654 veritate
1440 2596 1574 2650 mori
1604 2595 1824 2648 minime
1872 2590 2198 2645 formidavit.

629 2695 918 2767 Exemplar
949 2702 1097 2750 certe
1120 2692 1295 2746 factus
1320 2697 1404 2743 est
1431 2685 1764 2742 venerandus
1789 2684 2014 2737 antistes
2040 2690 2200 2735 caete-

631 2789 704 2843 ris
725 2785 1072 2842 Christianis.
1093 2782 1208 2837 Non
1230 2776 1729 2835 cnimChristimius
1759 2775 1845 2827 ille
1869 2783 1973 2838 est,
1995 2771 2083 2841 qui
2109 2786 2204 2840 pro

629 2882 854 2936 veritate
903 2877 1038 2934 mori
1085 2876 1259 2930 timet.
1318 2871 1374 2927 Si
1426 2870 1568 2925 enim
1614 2868 1860 2921 Christus
1911 2880 2007 2935 pro
2051 2865 2206 2917 nobis

625 2977 857 3042 animam
895 2987 1052 3027 suam
1105 2965 1303 3039 posuit,
1347 2973 1406 3019 ut
1453 2977 1555 3017 nos
1600 2961 1668 3014 ab
1713 2959 1856 3013 omni
1906 2957 2206 3012 redimeret

626 3055 885 3124 servitute
915 3084 926 3117 :
960 3073 1014 3118 et
1045 3077 1142 3116 nos
1187 3075 1282 3130 pro
1312 3059 1429 3127 ipso
1459 3054 1586 3108 dtnn
1635 3063 1842 3120 tempus
1887 3058 1970 3104 est
1998 3048 2205 3102 animas

629 3151 828 3231 ponere
859 3155 1081 3211 minime
1108 3154 1393 3206 timeamus
1422 3165 1435 3202 :
1466 3145 1589 3217 quia
1635 3159 1793 3198 nemo
1822 3141 1920 3194 nisi
1969 3139 2206 3206 legitime

625 3235 864 3314 rel-tatis,
918 3255 1094 3317 potest
1145 3255 1403 3296 coronam
1459 3233 1644 3307 gloria:
1691 3234 1958 3286 obtinere.
2004 3227 2204 3282 Verum

628 3342 750 3412 quia
778 3339 845 3394 de
874 3336 1108 3409 Sylvano
1137 3329 1337 3400 aliquid
1363 3329 1564 3382 dictmn
1595 3325 1755 3388 nosti,
1775 3322 1918 3378 aliud
1939 3321 2206 3392 quoddam

641 3447 750 3486 non
798 3426 1102 3497 tninus(ut
1147 3420 1306 3493 puto)
1359 3419 1603 3474 mirabile
1651 3432 1774 3485 erga
1829 3431 1953 3470 cum
2011 3413 2208 3467 factum

633 3533 797 3576 narro
822 3536 836 3573 :
864 3516 1022 3584 cujus
1052 3522 1130 3567 tot
1153 3514 1367 3566 fuerunt
1398 3516 1580 3572 testes,
1605 3506 1744 3576 quod
1774 3502 2036 3559 Nazarer
2081 3501 2209 3555 urbs

635 3625 691 3669 et
715 3611 996 3670 Bethleem
1020 3613 1224 3668 tenent,
1243 3603 1332 3674 qui
1358 3601 1588 3672 propriis
1613 3598 1788 3652 oculis
1812 3597 1912 3650 hoc
1942 3595 2208 3650 viderunt.

637 3707 874 3776 Serpens
919 3701 1012 3756 ille
1053 3696 1304 3767 antiquus
1349 3693 1630 3755 diabolus,
1657 3690 1726 3744 ob
1771 3703 1918 3742 suam
1971 3687 2211 3754 dejectus

633 3792 940 3869 superbiam
991 3790 1042 3844 in
1076 3786 1265 3842 inferni
1301 3781 1643 3854 profundum.
1676 3777 1962 3834 venerandi
2004 3775 2213 3830 antisti-

634 3865 940 3958 tis'Sylvani
973 3877 1155 3935 nimia:
1189 3873 1436 3930 invidens
1478 3870 1772 3932 sanctitati,
1812 3869 1862 3921 in
1901 3881 2021 3920 eum
2050 3865 2210 3931 dolis,

636 3971 694 4035 ut
722 3974 969 4033 callidior
997 3968 1210 4024 cunctis
1252 3963 1614 4020 animantibus
1661 3959 1894 4029 graviter
1931 3967 2013 4012 est
2061 3971 2214 4009 com-

637 4077 834 4124 tnotus.
865 4064 964 4132 Qui
996 4070 1052 4114 ιιι
1082 4060 1252 4112 virum
1303 4055 1396 4109 Dei
1441 4051 1694 4106 infamem
1719 4047 1991 4112 redderet,
2023 4056 2213 4115 quate-

641 4172 744 4212 nus
773 4154 861 4226 qui
903 4166 1015 4206 suae
1061 4145 1362 4202 sanctitatis
1414 4141 1665 4212 exemplo
1718 4138 2096 4194 reievabantur
2147 4134 2214 4188 ad

640 4256 801 4305 recta:
845 4237 1270 4298 conversationis
1319 4236 1570 4295 semitas,
1605 4245 1704 4285 suo
1751 4245 1877 4284 casu
1905 4226 2216 4283 deciderent.

638 4340 706 4396 ad
741 4336 943 4409 pejora.
983 4331 1154 4389 Nocte
1197 4327 1428 4399 quadam
1480 4322 1707 4378 formam
1759 4319 1932 4374 sancti
1967 4318 2069 4371 viri
2119 4330 2218 4369 su-

647 4431 822 4496 mens,
870 4427 1081 4483 cuidam
1128 4421 1340 4478 mulieri
1393 4415 1742 4472 nobilissima:
1783 4413 1894 4480 jam
1945 4411 1996 4464 in
2047 4417 2216 4463 stratu

645 4517 942 4596 quiescenti
968 4513 1214 4586 apparuit
1245 4528 1259 4564 :
1291 4516 1350 4564 et
1373 4522 1432 4561 se
1459 4506 1525 4561 ad
1561 4505 1702 4559 illam
1737 4501 1923 4556 illicite
1959 4498 2218 4554 accedere

648 4587 880 4682 fingens,
898 4615 1221 4662 consensum
1255 4599 1336 4654 sui
1360 4595 1602 4665 corporis
1633 4591 1955 4662 inquirebat.
1976 4588 2055 4643 Ad
2079 4587 2219 4658 quod

646 4679 933 4777 perterrita
983 4693 1201 4758 mulier,
1255 4689 1356 4744 viri
1391 4688 1646 4757 ignorans
1694 4679 2106 4751 spcciem,dum
2159 4693 2220 4733 se

645 4769 769 4852 cum
820 4789 1043 4848 homine
1073 4784 1244 4840 solam
1276 4780 1328 4835 in
1384 4777 1620 4832 thalamo
1668 4783 1942 4840 cerneret,
1967 4787 2065 4826 nec
2095 4769 2220 4839 quid

645 4890 867 4952 faceret,
911 4881 1117 4938 sciret:
1151 4875 1296 4931 diras
1341 4871 1504 4941 coepit
1543 4883 1705 4923 voces
1745 4866 2012 4928 emittere,
2053 4864 2124 4917 ita
2165 4871 2223 4917 ut

581 4963 591 4983 ⁸
649 4975 978 5036 clamoribus
1002 4967 1236 5027 assiduis
1257 4977 1448 5021 omnes
1477 4960 1842 5018 excitarentur
1867 4955 2219 5019 dormientes,

649 5075 702 5123 et
752 5081 858 5121 non
903 5062 1077 5119 solum
1108 5058 1178 5115 de
1221 5056 1313 5112 illa
1359 5053 1543 5119 domo,
1589 5048 1684 5105 sed
1726 5048 1889 5104 etiam
1933 5043 2219 5098 convicini.

647 5159 750 5229 Qui
781 5170 972 5212 omnes
999 5153 1065 5207 ad
1099 5145 1369 5221 praedicta
1411 5141 1657 5199 mulieris
1701 5138 1994 5194 thalamum
2029 5149 2222 5188 accur-

650 5226 857 5310 rentes.
889 5243 1018 5315 quid
1066 5242 1170 5296 hoc
1198 5245 1366 5301 esset,
1398 5236 1799 5302 interrogavere
1831 5226 2073 5298 pavidam
2100 5239 2223 5279 mu-

648 5343 855 5394 lierem.
881 5336 1087 5390 interea
1113 5327 1338 5386 callidus
1358 5336 1586 5394 serpens
1605 5320 1704 5376 sub
1729 5318 1891 5375 thoro
1912 5331 1974 5372 se
1996 5330 2221 5386 ponens,

649 5428 819 5495 rmpit
846 5417 1054 5478 latere:
1086 5420 1176 5491 qui
1206 5425 1384 5472 autem
1409 5420 1757 5469 occurrerant
1783 5411 1898 5466 luec
1925 5407 2224 5472 audientes,

658 5517 781 5579 quis
806 5514 894 5566 hic
919 5513 1080 5565 homo
1102 5508 1280 5571 fuerit.
1305 5506 1502 5576 ubique
1530 5503 1842 5578 perquirere
1872 5501 2227 5570 incmperunt.

658 5601 868 5655 'Vt-rmn
902 5599 977 5650 illi
1000 5597 1088 5650 diu
1119 5604 1535 5664 perscrutantes,
1569 5592 1788 5647 tandem
1817 5591 1883 5645 ad
1911 5593 2088 5646 locum
2132 5605 2225 5645 vc-

1790 215 1876 268 DE
1920 209 2285 283 MEHMLL'LIS
2326 211 2724 268 illERONYMI.

2293 324 2524 389 nientes,
2554 326 2641 376 ubi
2689 325 2908 393 pestifer
2960 325 3156 379 latebat
3206 328 3416 396 anguis,
3463 329 3642 386 aliena
3690 335 3881 403 specie

2288 414 2608 488 occultatum
2639 415 2906 470 hominem
2947 417 3284 470 invenerunt.
3316 419 3416 483 Qui
3456 422 3713 476 eumdem
3747 438 3879 476 can-

2289 501 2426 556 delis
2452 506 2695 557 accensis
2742 505 3033 568 intuentes,
3062 504 3351 576 Sylvanum
3384 509 3880 579 Archiepisc0pum

2289 593 2653 648 crediderunt.
2683 595 2764 648 Ad
2805 595 2949 664 quod
2974 611 3164 650 omnes
3189 597 3278 666 qui
3305 598 3548 664 aderant,
3581 602 3882 671 stupefacti

2292 693 2347 735 et
2393 683 2540 736 velut
2575 693 2814 738 amentes
2840 682 3037 750 eﬂ’ecti,
3063 687 3215 754 quasi
3243 678 3642 756 quidagerent,
3673 691 3881 762 quidve

2291 769 2568 838 dicerent,
2622 775 2961 845 ignorabant,
2989 776 3221 830 scientes
3273 772 3513 847 ejusdem
3567 784 3879 838 sanctitatis

2294 868 2508 918 nomen.
2548 863 2614 918 Et
2641 866 2764 934 quia
2808 864 2909 918 hoc
2957 876 3062 919 tam
3091 865 3408 920 detestabile
3437 869 3882 942 inopinabileque

2292 955 2606 1020 cernebant,
2633 970 2757 1009 eum
2805 955 3273 1026 interrogaverunt
3307 977 3321 1011 :
3351 971 3449 1012 cur
3481 970 3653 1014 tantas
3685 964 3881 1031 nequi-

2297 1047 2395 1100 tias
2417 1057 2802 1116 perpetrasset.
2832 1051 2900 1101 At
2926 1049 3014 1103 ille
3041 1067 3055 1102 :
3085 1049 3223 1116 Quid
3249 1051 3494 1120 (inquit)
3525 1054 3656 1106 male
3685 1054 3807 1122 feci,
3837 1056 3886 1108 si

2295 1137 2476 1190 mulier
2528 1136 2635 1191 hac
2686 1155 2766 1192 me
2822 1140 2890 1191 ad
2953 1141 3247 1210 hujusmodi
3299 1145 3551 1211 negotium
3603 1145 3886 1200 inuitauit?

2295 1227 2445 1294 Quod
2499 1231 2696 1285 mulier
2738 1231 2984 1294 audiens.
3013 1248 3136 1286 eum
3185 1232 3299 1288 fore
3347 1235 3660 1290 mendacem
3704 1237 3884 1309 lacry-

2297 1335 2467 1386 mans,
2488 1320 2786 1391 respondit.
2807 1323 2956 1378 Tunc
2985 1324 3076 1378 ille
3099 1335 3155 1379 ut
3180 1325 3427 1382 homines
3467 1328 3587 1383 illos
3625 1345 3757 1399 erga
3788 1333 3881 1387 Dei

2296 1413 2468 1465 virum
2497 1413 2563 1466 ad
2589 1412 2760 1483 majus
2791 1413 2974 1469 odium
3005 1417 3274 1481 incitaret,
3305 1431 3569 1487 quatenus
3612 1421 3768 1477 illum
3807 1427 3883 1478 ci-

2300 1505 2403 1559 tius
2427 1505 2789 1570 dili'amarent,
2812 1509 2935 1562 talia
2960 1512 3124 1578 cepit
3143 1522 3196 1566 et
3224 1522 3328 1566 tam
3347 1514 3689 1570 abberrenda
3718 1519 3881 1574 verba

2299 1595 2419 1658 fari,
2440 1597 2579 1667 quod
2603 1597 2784 1652 nullus
2802 1614 2912 1668 ιιι-ξιξ
2929 1602 3232 1656 turbatione
3250 1604 3473 1658 auribus
3492 1617 3710 1675 poterat
3730 1615 3882 1665 susti-

2300 1703 2448 1743 nere.
2489 1690 2748 1755 Quocirca
2786 1708 2908 1746 eum
2936 1696 3274 1751 contumeliis
3318 1707 3373 1751 et
3415 1700 3721 1769 opprobriis
3750 1719 3877 1756 exa-

2299 1779 2602 1848 cerbantes,
2624 1793 2808 1838 coacte
2836 1794 2982 1838 extra
3011 1784 3338 1841 domicilium
3365 1791 3706 1858 expulerunt.
3731 1791 3883 1849 Mane

2301 1880 2476 1944 autem
2506 1871 2664 1938 facto,
2688 1889 2806 1942 qua-
2821 1886 2973 1943 gesta
2997 1879 3204 1930 fuerant
3230 1890 3562 1943 enarrantes,
3587 1882 3878 1952 Sylvauutn

2301 1959 2771 2030 Archiepiscopum
2803 1961 3157 2033 bypocritam,
3187 1975 3241 2019 et
3270 1967 3485 2037 dignum
3522 1971 3773 2025 incendio
3796 1988 3883 2026 ac-

2300 2053 2623 2107 clamabant.
2649 2053 2762 2120 Qua
2787 2054 2852 2108 de
2896 2071 2953 2108 re
2987 2058 3135 2125 quasi
3162 2067 3269 2112 tota
3300 2069 3383 2114 est
3422 2060 3687 2117 Nazareth
3731 2079 3878 2118 com—

2303 2153 2444 2198 mota
2474 2143 2729 2198 adversus
2762 2145 3256 2216 Archiepiscopum,
3288 2149 3356 2202 ita
3387 2159 3446 2203 ut
3472 2151 3746 2207 audiendo
3769 2154 3882 2222 ejus

2304 2249 2517 2294 nomen,
2542 2235 2763 2302 quilibet
2784 2235 3192 2304 blasphemaret.
3219 2235 3349 2292 Mira
3377 2238 3535 2309 hujus
3563 2243 3663 2295 viri
3690 2244 3880 2311 patien-

2303 2325 2395 2387 tia,
2435 2333 2490 2378 et
2514 2339 2719 2394 magna:
2762 2327 3060 2379 sanctitatis
3092 2327 3369 2381 iudicium.
3401 2329 3556 2386 Volat
3584 2333 3653 2384 ad
3684 2333 3877 2385 innoxii

2303 2413 2559 2468 antistitis
2604 2429 2761 2469 aures
2824 2417 2956 2468 tanti
3003 2415 3137 2469 fama
3187 2417 3511 2474 discriminis
3543 2441 3555 2474 :
3589 2434 3654 2474 os
3711 2430 3877 2484 tamen

2307 2518 2412 2558 non
2434 2513 2678 2558 movetur
2697 2504 2762 2558 ad
2787 2503 3191 2573 injuriaanter
3216 2517 3293 2561 tot
3316 2509 3561 2574 adversa,
3592 2525 3688 2565 cor
3710 2523 3880 2576 mapet

2308 2595 2597 2658 immobile,
2631 2594 2696 2647 ad
2728 2596 2926 2649 nullam
2975 2613 3034 2650 se
3060 2607 3278 2652 vertens
3311 2595 3733 2668 impatientiam,
3763 2616 3880 2671 gra-

2309 2683 2409 2737 tias
2433 2683 2612 2738 divino
2647 2699 2858 2754 semper
2887 2701 3050 2754 agens
3079 2687 3302 2752 nomini,
3337 2702 3439 2741 sua
3461 2686 3575 2742 hoc
3608 2690 3880 2746 confitetur

2309 2789 2447 2828 noxa
2489 2775 2766 2830 meruisse.
2818 2775 2930 2830 Heu
2983 2776 3108 2844 quid
3147 2777 3343 2841 dicam,
3395 2779 3737 2848 Augustine?
3773 2781 3878 2835 Non

2309 2866 2480 2920 solum
2511 2866 2731 2937 injurias
2769 2877 2822 2922 et
2863 2869 3168 2937 opprobria,
3219 2880 3276 2924 ut
3301 2885 3536 2940 possum,
3582 2871 3765 2944 fugio:
3793 2875 3878 2929 seti

2309 2959 2468 3013 etiam
2509 2958 2808 3029 quibusque
2831 2961 3070 3016 verbuiis
3097 2961 3330 3032 frangor,
3367 2966 3586 3032 praemia
3618 2977 3762 3036 opto,
3789 2981 3880 3020 nec

2310 3047 2377 3103 de
2400 3049 2670 3104 laboribus
2697 3063 2847 3113 curo.
2871 3067 3175 3121 quanquam
3223 3055 3386 3108 sciam
3425 3055 3490 3109 ad
3529 3072 3692 3128 regna
3724 3059 3877 3113 caelo-

2311 3151 2427 3193 rum
2457 3151 2562 3192 non
2588 3137 2743 3193 aliter
2782 3144 3082 3209 quempiam
3129 3142 3228 3196 nisi
3273 3143 3511 3199 laborum
3542 3159 3604 3201 et
3647 3147 3879 3202 afflictio-

2311 3241 2439 3283 num
2466 3230 2678 3283 tramite
2699 3233 3000 3299 pervenire.
3019 3231 3164 3296 ‘Quit‘l
3191 3233 3333 3286 enim
3373 3233 3516 3288 aliud
3548 3237 3725 3291 debeo
3745 3237 3878 3306 judi-

2310 3332 2452 3384 care,
2483 3333 2603 3374 cum
2627 3334 2712 3375 me
2737 3335 2766 3373 a
2794 3317 3002 3376 Sanctis
3029 3323 3079 3375 in
3105 3320 3340 3378 moribus
3369 3332 3424 3379 et
3453 3321 3559 3380 vita
3595 3327 3878 3381 discordem

2312 3409 2542 3474 invenio,
2585 3411 2683 3464 nisi
2710 3420 2765 3466 et
2792 3411 3093 3466 discordem
3124 3415 3174 3466 in
3205 3424 3376 3469 morte
3405 3427 3458 3470 et
3489 3419 3712 3485 praemio
3740 3433 3880 3486 repe-

2312 3498 2448 3551 riri?
2475 3497 2696 3554 Flebilia
2743 3509 2798 3555 et
2833 3503 3012 3570 gravia
3055 3504 3181 3556 mihi
3215 3503 3428 3568 adsunt.
3479 3507 3522 3559 si
3571 3505 3878 3563 Sanctorum

2315 3590 2476 3644 vitam
2498 3600 2551 3646 et
2584 3606 2756 3646 meam
2784 3592 3059 3647 recordor.
3083 3594 3214 3648 Miro
3241 3597 3436 3665 quippe
3455 3597 3643 3652 auditu
3669 3599 3878 3653 Sancto-

2313 3696 2434 3736 rum
2459 3691 2608 3752 gesta
2649 3683 2930 3738 revolvunt
2972 3686 3215 3740 homines
3244 3689 3318 3741 uti
3345 3703 3466 3758 ego,
3516 3699 3572 3744 et
3610 3703 3780 3744 tamen
3809 3687 3872 3740 nil

2317 3773 2418 3844 ipsi
2453 3774 2640 3828 volunt
2680 3789 2954 3846 peragere.
2986 3777 3151 3832 Porro
3186 3777 3288 3833 hoc
3333 3779 3398 3833 ad
3435 3793 3611 3835 meum
3643 3781 3882 3844 detegen-

2315 3865 2437 3920 dam
2483 3864 2842 3935 insipientiam
2885 3876 2971 3920 est
3015 3867 3155 3936 quod
3209 3869 3418 3922 dicam:
3451 3870 3651 3938 pluries
3700 3884 3780 3922 me
3813 3867 3883 3918 “ab

2316 3954 2555 4024 ejusdem
2581 3954 2796 4025 Sylvani
2835 3969 2930 4010 ore
2963 3957 3173 4011 audisse
3201 3956 3334 4022 scio,
3377 3975 3652 4027 nunquam
3690 3966 3880 4010 tantum

2317 4059 2376 4100 se
2416 4045 2622 4100 felicem
2666 4045 2853 4111 fuisse,
2893 4057 3148 4120 quantum
3197 4060 3320 4102 cum
3375 4061 3434 4102 se
3476 4049 3544 4101 ab
3593 4045 3882 4102 hominibus

2319 4135 2518 4206 despici
2543 4145 2602 4192 et
2629 4136 2930 4192 conculcari
2956 4139 3232 4193 cernebat.
3261 4139 3442 4194 Crevit
3461 4133 3518 4194 in
3548 4148 3750 4194 tantum
3777 4134 3883 4202 ejus

2322 4225 2560 4294 infamia,
2611 4227 2753 4297 quod
2797 4227 2915 4296 ejus
2950 4229 3131 4298 opinio
3173 4245 3338 4299 usque
3379 4231 3446 4284 ad
3491 4227 3880 4285 Alexandriam,

2320 4318 2578 4391 Cyprum,
2623 4327 2679 4374 et
2714 4333 2808 4389 per
2848 4319 3092 4373 civitates
3123 4319 3310 4373 attines
3351 4334 3489 4389 pene
3525 4334 3620 4373 ore
3658 4313 3884 4370 omnium

2322 4421 2404 4465 est
2433 4409 2629 4464 delata.
2660 4409 2817 4479 Atqui
2847 4409 3006 4463 limen
3036 4407 3227 4462 domus
3249 4409 3445 4462 innoxii
3473 4406 3741 4468 antistitis,
3769 4401 3886 4456 calx

2324 4499 2547 4569 alicujus
2571 4509 2788 4570 tangere
2814 4512 2919 4554 non
2948 4498 3197 4554 audebat.
3231 4498 3450 4553 Maneus
3478 4512 3604 4553 vero
3631 4496 3681 4550 in
3710 4505 3890 4560 super-

2325 4590 2409 4645 nis
2438 4589 2696 4644 Dominus
2721 4597 2989 4659 spectator
3011 4587 3268 4652 omnium,
3303 4602 3430 4643 suos
3471 4588 3597 4641 sinit
3636 4582 3738 4638 labi
3763 4581 3892 4635 Sau-

2327 4690 2444 4737 ctos
2483 4681 2536 4736 in
2568 4681 2967 4736 tribulationum
2999 4694 3286 4744 aerumnas,
3338 4687 3398 4733 ut
3425 4688 3551 4732 tune
3580 4673 3763 4729 ﬁdeles
3801 4683 3890 4737 pa-

2329 4771 2513 4827 tientia
2551 4784 2645 4826 eos
2675 4768 2886 4835 reddat,
2934 4769 3029 4824 sed
3067 4783 3162 4824 eos
3204 4768 3450 4837 exigente
3485 4763 3799 4820 necessitate
3841 4755 3889 4806 in

2328 4860 2596 4932 pressaris
2622 4859 2841 4913 minime
2876 4857 3215 4927 derelinquit.
3244 4856 3502 4910 Revoluto
3523 4856 3696 4920 itaque
3732 4857 3889 4905 anno,

2330 4950 2472 5020 quod
2509 4949 2705 5003 diaboli
2747 4949 2940 5002 astutia
2972 4946 3095 5001 talia
3136 4961 3262 5017 erga
3294 4946 3386 5000 Dei
3419 4943 3682 4998 hominem
3711 4944 3896 5005 perpe-

2332 5051 2601 5105 traverat;
2649 5043 2918 5096 civitatem
2969 5039 3229 5094 Nazareth
3272 5039 3352 5108 (ut
3409 5038 3616 5091 illarum
3664 5025 3893 5098 gentium

2331 5133 2635 5203 aiiqualiter
2661 5131 2968 5187 scandalum
3007 5130 3298 5199 mitigaret)
3326 5129 3407 5182 vir
3457 5126 3544 5181 Dei
3572 5120 3778 5176 occulte
3803 5113 3893 5166 de-

2331 5239 2538 5289 serens,
2568 5223 2634 5277 ad
2658 5220 2952 5277 Ecclesiam
2991 5220 3043 5275 in
3071 5236 3172 5291 qua
3205 5218 3422 5286 gloriosi
3464 5207 3766 5280 Hieronymi
3804 5204 3895 5254 liu-

2332 5323 2534 5371 matum
2561 5311 2786 5382 quiescit
2815 5324 3032 5379 corpus,
3083 5320 3328 5377 tanquam
3369 5306 3435 5360 ad
3481 5300 3668 5370 refogii
3696 5300 3892 5382 portum

2334 5405 2576 5467 veniens,
2606 5416 2666 5456 se
2706 5401 2758 5455 in
2799 5400 3090 5469 sepuiturte
3133 5398 3250 5453 loco
3281 5396 3459 5466 posuit
3495 5399 3760 5448 oraturus.
3790 5379 3898 5469 Qtto

2337 5509 2434 5566 per
2457 5464 2680 5548 duarum
2713 5464 2963 5546 horarum
3009 5489 3236 5559 spatium
3265 5464 3344 5540 sic
3369 5489 3639 5545 manente,
3681 5474 3760 5529 vir
3784 5464 3898 5537 qni-

2341 5563 2463 5642 dam
2517 5582 2766 5652 nequitia:
2809 5581 2995 5648 spiritu
3060 5578 3437 5633 inflammatus
3505 5575 3555 5624 in
3608 5563 3898 5626 omelias"!
