4048 6186
210 382 309 443 εστ

214 504 495 558 Ecclesiatu
537 502 755 564 intrans,
790 511 1128 570 sanctumque
1175 502 1445 571 reperiens
1491 512 1652 567 super
1692 514 1774 550 se.

211 597 441 666 pulcrum
486 598 538 648 in
576 597 815 648 oratiouna
855 595 1103 665 positum,
1150 594 1214 646 ad
1258 608 1378 648 eum
1423 592 1569 646 velut
1614 593 1778 644 draco

209 688 456 749 cucurrit,
501 696 553 739 et
583 686 949 754 improperaus
976 686 1117 754 quod
1150 685 1431 739 mulierum
1462 691 1685 746 mentes,
1716 695 1777 734 ac

207 777 509 830 libidinosas
555 792 679 831 suas
721 777 1020 843 voluptates
1069 777 1323 829 continue
1368 774 1638 827 incitaret.
1678 760 1775 826 cui

203 882 365 936 agnus
393 868 652 922 innocens
678 868 961 938 Sylvauus,
995 881 1053 919 se
1088 866 1286 933 dt-Spici
1318 863 1574 935 gaudens,
1601 862 1775 916 ltutui-

201 956 343 1012 litate
387 959 563 1021 solita,
609 968 663 1011 ut
695 960 795 1012 ista
843 972 985 1026 saepe
1029 959 1076 1013 ei
1121 957 1343 1020 diceret,
1377 955 1586 1010 blandis
1616 954 1778 1007 collo-

198 1049 332 1116 quiis
377 1050 653 1111 invitabat,
706 1048 847 1117 quod
896 1050 1157 1117 pessimus
1207 1049 1293 1103 ille
1346 1048 1482 1102 latro
1529 1046 1773 1109 audiens,

192 1138 425 1207 gladium
472 1156 536 1193 ex
567 1139 753 1208 vagina
798 1154 896 1191 suo
932 1139 1251 1208 pendentem
1288 1138 1462 1202 lateri,
1510 1136 1775 1208 impudica

191 1228 418 1281 trahens
444 1228 684 1291 dextera,
710 1228 964 1295 ipsumut
996 1229 1045 1281 in
1070 1229 1290 1297 Sylvani
1320 1227 1572 1281 antitistis
1598 1237 1777 1295 guttur

184 1317 559 1385 itnmergi-ret,
583 1318 826 1371 elevavit.
850 1317 945 1371 Cui
974 1334 1093 1370 cum
1114 1319 1213 1370 hoc
1236 1317 1477 1379 verbum,
1500 1316 1775 1378 Succurre,

186 1404 515 1475 Hieronyme
542 1407 780 1475 gloriose,
819 1409 1155 1462 venerandus
1193 1410 1417 1462 antistes
1458 1416 1772 1477 opponeret;

182 1500 238 1551 in
273 1511 462 1567 guttur
489 1501 763 1567 proprium
810 1502 1078 1554 elevattnn
1110 1500 1343 1569 gladium
1379 1502 1638 1556 immersit
1678 1502 1775 1554 viri

183 1593 334 1644 illius
364 1592 584 1644 dextera
615 1602 934 1645 retroversa.
970 1594 1033 1646 lit
1060 1594 1155 1658 sic,
1186 1602 1243 1646 ut
1271 1593 1515 1659 decebat,
1541 1594 1774 1660 seipsum

106 1751 113 1757 ‘
184 1686 273 1737 vir
300 1685 659 1752 nequissimus
688 1685 975 1748 interemit,
1000 1694 1057 1738 ut
1082 1687 1131 1737 iu
1160 1687 1330 1738 lacum
1358 1684 1588 1748 caderet,
1614 1700 1773 1754 quem

185 1774 393 1829 ell'odit.
428 1775 753 1828 Admirabile
788 1776 920 1839 bne,
947 1775 1039 1829 sed
1071 1790 1176 1829 non
1219 1777 1394 1828 minus
1422 1783 1505 1828 est
1531 1776 1774 1829 mirabile

195 1866 251 1918 id
296 1864 433 1931 quod
475 1875 660 1918 restat.
691 1865 828 1919 Casu
875 1866 1051 1933 itaque
1093 1865 1230 1918 alius
1272 1866 1652 1934 superveniens
1694 1868 1773 1920 vir

189 1958 571 2025 nequissimus.
618 1956 718 2007 hoc
761 1954 901 2021 quod
943 1956 1143 2009 ultione
1185 1954 1364 2009 divina
1409 1964 1769 2024 perpetratum

190 2049 618 2111 l‘uerat‘ut‘vidit,
649 2050 890 2115 protinus
916 2047 1144 2116 gladium
1174 2050 1455 2119 arripiens,
1485 2066 1511 2102 a
1546 2051 1633 2103 Dei
1657 2050 1772 2105 viro

189 2142 464 2195 hominem
514 2142 659 2195 illum
703 2143 1015 2195 existimans
1058 2143 1457 2210 interemptum,
1483 2144 1770 2212 Sylvanum

188 2232 497 2287 interﬁcere
538 2232 851 2286 conabatur.
900 2232 978 2287 Ne
1030 2233 1191 2285 nimia
1245 2235 1404 2285 verba
1464 2234 1670 2303 loquar,
1720 2233 1772 2288 id

186 2323 333 2392 quod
368 2322 537 2391 primo
556 2324 846 2386 acciderat,
876 2323 1000 2378 lmic
1028 2325 1225 2377 evenit.
1256 2324 1396 2391 Quin
1427 2325 1660 2378 nendum
1694 2326 1774 2379 vir

186 2415 296 2468 iste
311 2414 577 2468 secundus
605 2416 655 2467 in
681 2423 876 2468 terram
905 2416 1193 2478 ceciderat,
1217 2415 1323 2469 duo
1348 2416 1437 2469 alii
1467 2416 1561 2470 viri
1589 2408 1775 2471 Eccle;

185 2508 323 2561 siam
354 2507 637 2561 intravere.
679 2507 777 2574 Qui
817 2507 866 2560 id
889 2508 1151 2573 videntes,
1187 2508 1351 2561 divini
1380 2509 1545 2578 ignari
1565 2509 1768 2578 judirii,

185 2595 294 2649 hoc
335 2604 536 2650 tantum
578 2597 742 2651 fuisse
797 2608 1070 2666 peractum
1119 2599 1295 2653 scelus
1341 2615 1370 2651 a
1417 2600 1505 2653 Dei
1557 2600 1771 2655 bomine

186 2696 533 2754 putaverunt,
573 2703 804 2757 quorum
842 2704 977 2742 unus
1008 2689 1057 2742 id
1100 2706 1209 2758 prze
1238 2692 1343 2744 alio
1368 2706 1532 2760 grave
1571 2694 1767 2758 lerens,

182 2780 322 2833 furia
353 2781 581 2835 vesania:
603 2781 835 2851 undique
866 2781 1222 2836 inﬂammatus
1243 2782 1400 2843 latro,
1416 2785 1577 2853 coepit
1603 2801 1770 2853 quan-

181 2878 299 2921 tum
338 2879 546 2936 poterat
573 2870 894 2935 exclamare,
927 2885 1221 2940 usquequor
1244 2882 1329 2925 tua
1358 2873 1495 2942 viget
1530 2874 1770 2928 malitia?

181 2960 266 3013 Tu
307 2961 558 3015 mulieres
587 2961 650 3015 ad
692 2969 809 3013 tuas
836 2962 1149 3015 libidinosas
1177 2964 1323 3031 cogis
1361 2962 1682 3033 voluptates,
1715 2976 1771 3020 et

180 3049 436 3105 homines
475 3052 725 3107 iuterlicis
777 3053 827 3105 in
874 3053 1105 3117 occulto,
1151 3063 1297 3108 certe
1336 3064 1438 3108 tua:
1479 3057 1767 3113 hodiene-

179 3143 367 3210 quitize
395 3143 518 3196 ﬁnis
546 3144 665 3197 erit.
694 3144 757 3197 Et
785 3144 959 3198 subito
984 3161 1080 3213 pro
1107 3160 1263 3213 posSe
1280 3148 1528 3212 cucurrit,
1564 3160 1621 3202 ut
1647 3166 1766 3202 eum

179 3233 527 3302 extingueret
554 3232 757 3288 vibrato
784 3246 836 3287 et
864 3234 1134 3288 denudato
1175 3251 1323 3289 ense.
1354 3237 1423 3290 At
1455 3238 1541 3291 ubi
1579 3239 1766 3308 Sylva-

180 3340 287 3377 nus
314 3340 463 3377 more
493 3325 667 3387 Solito,
696 3325 969 3389 Succurre,
993 3326 1211 3395 gloriose
1237 3326 1557 3397 Hieronyme,
1588 3331 1765 3382 euda-

181 3416 369 3474 mavit.
402 3416 493 3468 vir
514 3415 602 3467 ille
630 3425 684 3467 ut
714 3414 822 3468 duo
850 3416 1005 3483 primi
1035 3431 1094 3470 se
1120 3431 1279 3471 manu
1310 3426 1363 3471 et
1394 3433 1524 3473 ense
1555 3422 1769 3487 proprio

183 3508 477 3561 interfecit.
513 3508 603 3561 Vir
628 3520 805 3561 autem
829 3509 984 3571 alius,
1008 3509 1095 3578 qui
1119 3524 1237 3563 cmn
1263 3511 1377 3580 ipso
1404 3521 1640 3574 venerat,
1666 3511 1769 3567 hoc

184 3599 422 3661 intuens,
457 3598 836 3651 tremebundus
863 3598 933 3652 ob
960 3600 1241 3665 visionem,
1261 3602 1325 3654 ad
1348 3601 1597 3655 Ecclesia:
1627 3602 1768 3655 fores

183 3691 442 3742 cucurrit.
490 3689 592 3754 Qui
640 3688 693 3742 id
743 3690 956 3758 quidem
1007 3691 1283 3745 maleﬁciis
1321 3692 1519 3746 factum
1555 3704 1763 3762 putans,

182 3790 442 3849 quantum
476 3789 701 3847 poterat,
755 3780 1054 3835 exclamare
1078 3783 1239 3849 etepit
1268 3802 1289 3837 τ
1314 3783 1424 3837 Huc
1466 3799 1651 3838 omnes
1679 3800 1768 3839 ac-

181 3874 406 3935 currite,
432 3887 556 3927 eece
584 3873 855 3928 maleﬁcus
880 3873 1143 3943 Sylvanus
1168 3876 1634 3946 Arcliiepiscopus,
1660 3893 1765 3931 non

184 3964 356 4016 solum
377 3964 651 4018 mulierem
684 3964 965 4033 vituperat,
995 3964 1088 4018 sed
1120 3966 1229 4018 suis
1259 3967 1417 4019 etiatu
1446 3968 1765 4021 incantatio-

184 4055 343 4109 nibus
372 4064 528 4108 necat
570 4055 815 4109 homines
855 4064 964 4108 toto
994 4070 1090 4123 pro
1121 4070 1295 4123 posse.
1326 4056 1411 4109 Fit
1451 4056 1532 4110 bis
1572 4057 1767 4112 auditis

185 4149 384 4201 nimius
414 4150 650 4202 virormn
696 4160 747 4203 et
794 4148 1077 4201 mulierum
1118 4164 1447 4215 concursus,
1482 4152 1768 4207 verberant

186 4253 309 4291 at-ra
336 4252 498 4292 voces
534 4258 547 4293 :
578 4238 951 4292 combustione
979 4238 1193 4305 dignum
1217 4238 1508 4310 Sylvauum
1538 4241 1766 4297 Arcbie.

187 4330 462 4396 piseopum
509 4328 895 4397 nequissimum
941 4329 1319 4382 acclamantes.
1353 4328 1481 4383 Htec
1523 4330 1597 4385 ad
1621 4346 1767 4388 meas

188 4424 382 4472 sonant
425 4433 622 4473 aures:
653 4418 822 4473 tristis
865 4432 966 4489 ego
1007 4428 1061 4472 et
1099 4419 1423 4489 iacrymans,
1464 4419 1533 4473 ad
1563 4429 1765 4475 tantum

188 4523 350 4577 pergo
378 4518 697 4564 monstrum.
726 4509 912 4565 Stabat
940 4525 1107 4581 agnus
1149 4511 1287 4564 inter
1311 4512 1465 4579 lupos
1494 4513 1765 4567 atrocissi-

187 4615 323 4665 mos,
357 4601 643 4655 szevientes
664 4609 898 4655 utcanes
924 4601 1174 4667 famelici,
1210 4602 1357 4655 rabie
1386 4618 1499 4656 non
1522 4604 1764 4670 minima,

188 4692 502 4744 mitissimus
540 4702 595 4746 et
635 4691 785 4745 lactus
822 4701 1070 4764 tanquam
1109 4690 1333 4761 fungens
1362 4694 1652 4761 prosperis,
1692 4694 1766 4747 nil

186 4783 372 4838 dicens
413 4783 576 4849 aliud,
626 4784 724 4837 nisi
766 4783 888 4849 hoc,
930 4785 1073 4853 jnste
1103 4785 1295 4853 patior,
1336 4786 1457 4853 quia
1506 4787 1558 4839 in
1590 4786 1764 4840 Deum

185 4890 364 4928 meum
421 4874 631 4943 peccavi
682 4876 931 4943 graviter.
988 4874 1310 4929 Verberatur
1360 4876 1443 4929 vir
1485 4877 1764 4941 innocens,

183 4966 402 5030 capitur
434 4964 502 5015 ab
532 4965 798 5029 omnibus,
842 4976 897 5019 ut
932 4965 997 5019 ad
1042 4967 1298 5035 supplicia
1335 4967 1525 5033 ltetior,
1567 4977 1766 5037 quanto

186 5052 349 5123 paena
394 5052 627 5119 gravior,
657 5056 961 5109 deducatur.
1019 5060 1085 5111 At
1113 5057 1238 5111 dum
1282 5073 1382 5128 ego
1416 5073 1575 5112 manu
1606 5059 1768 5113 silen-

190 5145 320 5197 tium
349 5142 573 5212 populo,
619 5142 736 5208 ejus
773 5156 960 5211 optans
989 5146 1218 5202 furorem
1250 5148 1469 5202 nimium
1499 5149 1765 5218 mitigare,

190 5236 444 5298 insinuo,
497 5246 565 5288 eo
615 5232 847 5301 amplius
894 5236 1160 5291 iracundia
1206 5248 1263 5293 et
1317 5238 1496 5295 furore
1539 5240 1767 5309 populus

190 5324 569 5379 inﬂammatur.
627 5325 868 5394 Cumque
908 5326 1030 5393 jam
1074 5341 1260 5400 captus
1301 5329 1565 5402 Sylvanus
1613 5340 1766 5386 extra

193 5417 487 5472 Ecclesiam
519 5417 808 5473 duceretur
836 5438 853 5474 :
878 5420 1054 5473 subito
1082 5422 1343 5490 gloriosus
1373 5422 1765 5493 Hieronymus,

191 5518 246 5559 ut
276 5508 446 5563 visum
474 5517 577 5571 est,
610 5509 679 5563 de
718 5510 839 5565 loco
875 5512 926 5565 iu
956 5526 1065 5581 quo
1084 5512 1299 5581 iacebat
1328 5527 1576 5582 surgens,
1622 5520 1769 5566 tanto

190 5601 540 5655 circumfusus
569 5601 792 5665 lumine,
823 5603 969 5671 quod
1004 5604 1168 5658 radiis
1210 5606 1260 5659 in
1296 5619 1419 5659 eum
1449 5604 1765 5658 intuentium

192 5689 324 5743 oculi
351 5692 711 5754 vibrarentur,
749 5691 959 5744 cunctis
1000 5695 1264 5761 apparuit,
1298 5709 1394 5749 suo
1423 5693 1770 5749 devotissimo

192 5781 407 5835 antistiti
451 5780 649 5835 auxilia
686 5781 997 5848 donaturus,
1032 5783 1121 5852 qui
1170 5799 1260 5837 sua
1293 5785 1513 5840 dextera
1553 5783 1765 5854 Sylvani

1378 385 1479 439 DE'
1508 380 1871 438 Mll‘t.\Cl'L|S
1911 382 2305 437 llIERONYMl.

3362 374 3468 442 sui

1888 497 2175 551 venerandi
2204 500 2418 567 eapicus
2446 499 2739 563 dexteram,
2772 500 2958 568 bisqui
2984 503 3227 556 eumdem
3251 515 3462 571 captum

1884 590 2187 673 retinebant
2229 591 2541 652 autisdtem,
2573 606 2703 645 voce
2734 593 2974 650 terribili.
3008 604 3061 646 ut
3106 596 3350 650 eumdem
3378 596 3465 651 di:

1884 682 2156 735 mitterent
2182 684 2478 751 imperavit.
2504 684 2685 736 Tantae
2715 682 2974 751 siquidem
2998 683 3093 736 fuit
3113 684 3322 742 virtutis
3348 688 3463 744 ba‘c

1886 773 2036 830 visio.
2073 783 2126 826 ut
2157 784 2442 844 antequam
2473 774 2712 827 ﬁniretur
2733 790 2833 827 vox
2863 775 3001 836 talis,
3035 790 3224 827 omnes
3246 789 3465 845 repente

1886 872 2063 916 tantus
2104 864 2264 917 timor
2313 864 2583 926 invaserit,
2635 864 2775 932 quod
2821 863 2965 917 omni
2999 864 3183 931 vigore
3225 870 3469 931 corporis

1883 954 2144 1019 destituti,
2178 956 2231 1009 iu
2264 965 2458 1013 terram
2491 956 2635 1009 velut
2661 956 2852 1008 mortui
2883 954 3146 1009 cecidere.
3181 955 3465 1009 lnterhme

1883 1048 2076 1101 mulier
2100 1047 2341 1114 quaedam
2369 1062 2397 1099 a
2428 1046 2658 1103 nefando
2680 1047 2868 1115 spiritu
2898 1047 3233 1111 obumbrata,
3263 1050 3469 1103 catenis

1883 1140 2080 1200 vim-ta,
2111 1140 2474 1206 compedibus,
2512 1138 3053 1208 manicisquelerreis
3079 1139 3317 1208 alligata,
3343 1141 3463 1209 pln-

1884 1229 2017 1281 riutn
2054 1229 2325 1280 hominum
2351 1229 2593 1282 manibus
2614 1229 2943 1283 liberatinnls
2965 1230 3270 1285 nbtinenda:
3304 1246 3466 1285 causa

1882 1319 1947 1371 ad
1985 1319 2277 1373 Ecclesium
2304 1319 2635 1388 deportatur.
2671 1323 2738 1372 At
2780 1320 2867 1373 ubi
2902 1320 3136 1374 mulieris
3168 1338 3258 1387 res
3301 1324 3467 1386 tangit

1884 1411 2065 1476 limen,
2115 1411 2349 1465 ululatus
2395 1421 2449 1465 et
2490 1427 2652 1465 voces
2697 1412 2962 1465 terribiles
2994 1430 3007 1465 :
3037 1412 3291 1468 Miserere
3340 1414 3463 1475 tuoi,

1880 1503 2113 1573 gloriose
2160 1504 2506 1573 Hieronyme,
2559 1520 2679 1557 nam
2715 1513 2885 1570 perte
2929 1504 3143 1557 crucior
3173 1514 3295 1558 ante
3333 1514 3467 1559 tetu~

1883 1610 2000 1662 pus,
2031 1594 2273 1648 diabolus
2293 1595 2536 1648 emittere
2558 1610 2663 1647 non
2694 1594 2958 1648 cessabat.
2987 1596 3082 1649 Cui
3110 1596 3463 1666 Ilicronytttus

1878 1685 2143 1753 gloriosus
2170 1704 2183 1739 :
2212 1683 2469 1753 Nefanda,
2502 1686 2691 1754 inquit,
2720 1686 2931 1739 spiritus
2958 1686 3020 1738 ab
3043 1692 3139 1738 Imc
3162 1690 3243 1741 exi
3268 1692 3464 1758 famqu

1881 1774 1993 1836 Dei,
2022 1785 2069 1829 et
2099 1785 2212 1828 tuas
2237 1776 2411 1844 detege
2436 1792 2563 1846 quos
2590 1793 2709 1844 ergo
2732 1775 3014 1845 Syloanum
3038 1779 3183 1845 egisti
3208 1780 3455 1846 fallacius,

1876 1870 1927 1920 in
1956 1867 2170 1937 Sylvani
2200 1871 2364 1938 forma
2394 1868 2629 1921 omnibus
2652 1877 2699 1920 te
2729 1868 3101 1923 demonstrans.
3137 1870 3177 1923 Τ
3183 1885 3287 1923 uuc
3343 1872 3427 1924 dia
3449 1900 3460 1909 -

1876 1959 2050 2025 bolos,
2084 1968 2141 2013 ttt
2182 1959 2447 2029 gloriosus
2479 1960 2835 2031 Hieronymus
2862 1961 3117 2026 iusserat,
3151 1962 3202 2015 iu
3234 1963 3456 2032 Syquni

1876 2048 2069 2117 forma,
2102 2051 2174 2103 ita
2203 2060 2273 2104 ut-
2302 2050 2370 2103 ab
2414 2052 2667 2105 omnibus
2706 2051 2975 2122 Sy-lvanus
3006 2053 3459 2123 Arebiepiscotnts

1875 2152 2172 2212 putaretur,
2220 2143 2484 2211 apparuit,
2534 2151 2587 2195 et
2635 2158 2747 2195 rem
2780 2159 2939 2211 quam
2982 2143 3197 2206 fecerat,
3233 2156 3289 2198 ut
3326 2146 3460 2199 inla-

1876 2248 2018 2286 mem
2064 2232 2313 2285 redderet
2355 2231 2447 2285 Dei
2490 2231 2771 2293 famulum,
2822 2236 3110 2286 enarravit.
3165 2234 3255 2286 llis
3301 2236 3459 2289 dictis

1875 2322 2010 2376 diris
2038 2321 2361 2375 clamoribus
2387 2330 2445 2376 et
2487 2322 2793 2385 ululatibus,
2841 2322 3100 2376 uelandus
3143 2324 3364 2393 spiritus
3389 2327 3457 2378 de

1878 2412 2075 2480 templo
2112 2411 2391 2480 disparuit.
2424 2411 2691 2477 Quod-ubi
2741 2422 2859 2465 tam
2891 2414 3134 2468 mirabile
3184 2418 3453 2485 negotium

1875 2513 1958 2557 est
2002 2511 2300 2569 peractum,
2354 2502 2619 2571 gloriosus
2668 2502 3025 2574 Hieronymus
3074 2508 3324 2561 antistitis
3372 2510 3456 2563 sui

1874 2595 2147 2649 dexteram
2189 2609 2293 2648 nou
2341 2595 2687 2665 relinquens:
2724 2595 2861 2660 Quid
2907 2608 3073 2665 optas,
3116 2600 3285 2670 inquit
3324 2615 3457 2656 voce

1873 2687 1999 2753 leni,
2030 2686 2539 2756 Sylvanecariuime,
2567 2687 2656 2739 tibi
2684 2688 2925 2751 placitum
2954 2705 3032 2742 me
3059 2693 3312 2759 facturum
3335 2690 3361 2744 ἲ
3386 2692 3458 2745 At

1873 2780 1999 2834 ille:
2032 2777 2109 2832 Mi
2129 2778 2369 2832 domine:
2398 2788 2451 2832 ut
2476 2796 2555 2833 me
2582 2779 2663 2833 hic
2685 2781 2907 2850 amplius
2937 2798 3035 2835 non
3065 2783 3343 2850 relinquas.
3371 2785 3453 2838 Ad

1871 2876 2031 2940 quem
2059 2869 2321 2939 gloriOsus
2346 2870 2705 2940 Hieronymus
2732 2872 3102 2939 correspnndit
3133 2889 3145 2924 ε
3183 2872 3333 2937 Quod
3361 2882 3455 2942 poi

1870 2960 2051 3021 stolas,
2078 2960 2149 3011 ita
2170 2960 2282 3027 ﬁat.
2312 2959 2434 3012 Post
2457 2977 2535 3012 me
2554 2961 2787 3013 velociter
2806 2976 2926 3026 erqo
2947 2961 3075 3013 veni.
3102 2962 3225 3015 ΙΙωο
3244 2962 3451 3023 dicens.

1870 3057 2181 3103 cunctorum
2211 3050 2344 3102 visui
2392 3065 2452 3103 se
2500 3050 2732 3117 negavit.
2770 3049 3059 3104 Intervallo
3098 3046 3275 3105 autem
3307 3052 3454 3107 hora:

1874 3139 2029 3191 unius
2055 3138 2211 3201 tacto,
2243 3139 2507 3208 Sylvanus
2544 3139 2993 3208 Arcbiepiscupus
3028 3141 3337 3209 exspiravit.
3369 3142 3456 3196 Fit

1871 3228 1942 3282 ob
1970 3228 2070 3280 hoc
2089 3228 2295 3281 cunctis
2320 3238 2505 3296 stupor
2531 3237 2586 3281 et
2611 3228 2893 3283 admiratio
2925 3229 3178 3284 inaudita.
3209 3232 3454 3302 Undique

1871 3322 2150 3375 mulierum
2180 3329 2232 3374 et
2260 3323 2512 3385 virorum,
2561 3337 2768 3375 necnon
2816 3333 2865 3374 et
2901 3338 3187 3391 puerorum
3231 3325 3454 3380 conﬂuit

1872 3412 2172 3466 multitudo:
2192 3411 2570 3482 Lacrymarutu
2595 3421 2734 3467 terra
2758 3414 3017 3468 etinsione
3044 3416 3242 3482 madet,
3267 3432 3448 3481 voces,

1871 3504 2298 3567 lamentationes,
2325 3504 2575 3570 ululatus,
2599 3506 2848 3574 gemitus,
2878 3514 2931 3560 et
2953 3508 3180 3576 suSpiria
3205 3509 3256 3562 in
3282 3509 3450 3564 ﬂama

1870 3608 2059 3650 sonant
2093 3614 2105 3649 :
2134 3597 2355 3666 quilibet
2409 3612 2468 3651 se
2519 3613 2685 3661 reum,
2742 3615 2807 3653 eo
2862 3600 3007 3668 quod
3053 3601 3105 3654 iu
3155 3598 3450 3672 Sylvanum

1869 3686 2246 3749 commisiSset,
2304 3688 2516 3740 veniam
2565 3696 2752 3756 petens
2796 3689 3081 3743 clamabat.
3135 3691 3236 3746 Per
3282 3703 3449 3747 totam

1870 3788 2044 3830 autem
2068 3787 2380 3847 sequentem
2411 3787 2644 3842 noctem,
2674 3781 2907 3846 gentium
2942 3782 3228 3834 multitudo
3253 3786 3321 3837 ab
3348 3786 3450 3839 E'e-

1847 3869 2028 3943 .clesia
2054 3886 2158 3923 non
2186 3870 2407 3923 recedit.
2444 3868 2625 3938 Itaque
2654 3885 2810 3923 mane
2838 3870 2997 3934 facto,
3030 3872 3177 3924 clero
3214 3873 3279 3925 ad
3308 3878 3448 3927 anti:

1870 3960 2008 4013 stilis
2050 3960 2209 4014 funus
2240 3968 2559 4029 prteparato,
2598 3974 2791 4028 corpus
2819 3958 3058 4028 ejusdem
3088 3959 3447 4016 ad’Nazaretb

1874 4051 2166 4104 Eeclesiam
2217 4052 2559 4119 deportatur,
2615 4061 2719 4104 tam
2766 4051 2917 4105 istius
2968 4050 3234 4117 civitatis,
3287 4057 3445 4121 quam

1870 4142 2032 4202 illius,
2067 4141 2270 4194 scilicet
2296 4140 2591 4204 Bethleem,
2625 4143 2801 4210 populi
2846 4143 3184 4199 multitudine
3227 4148 3450 4199 comita-

1870 4245 2004 4290 tum.
2038 4234 2093 4289 lt‘.
2120 4250 2221 4302 qua
2251 4236 2464 4305 quidem
2509 4237 2741 4290 Ecclesia
2774 4237 3061 4304 Nazaretlt,
3090 4254 3285 4307 corpus
3321 4241 3447 4293 illud

1871 4324 2232 4381 venerandum
2285 4326 2623 4379 bumavimus
2675 4335 2731 4380 ut
2776 4326 3021 4381 decebat.
3070 4328 3250 4397 Imnga
3303 4340 3451 4386 certe

1871 4416 2047 4470 adhuc
2077 4416 2259 4479 verba,
2304 4430 2368 4470 ac
2404 4417 2565 4472 etiam
2595 4417 3207 4474 admirandamiracula
3232 4419 3451 4492 Sylvani

1872 4507 2161 4562 venerandi
2188 4508 2432 4575 prtesulis
2458 4510 2648 4562 merita
2674 4509 2831 4579 plene
2856 4521 3180 4579 promerent,
3206 4512 3300 4566 sed
3316 4514 3447 4583 quia

1870 4598 2216 4653 dicendorum
2274 4599 2605 4668 prmg'randis
2643 4615 2803 4666 area,
2863 4601 3104 4671 ejusdem
3157 4603 3449 4657 venerandi

1874 4692 2113 4759 prmsulis
2146 4702 2293 4745 actus
2324 4692 2526 4756 ﬁniam,
2550 4692 2795 4759 qumdam
2818 4693 2921 4747 alia
2952 4709 3057 4748 non
3090 4695 3265 4746 minus
3289 4707 3450 4762 gran-

1870 4781 1979 4846 dia,
2010 4782 2154 4837 brevi
2188 4784 2468 4838 verborum
2497 4784 2773 4839 schemate
2810 4796 3144 4839 narraturus.

1940 4872 2068 4929 CAP.
2104 4873 2186 4927 Vl.
2231 4874 2562 4928 Narrandum
2590 4875 3005 4945 puto-quoddam
3029 4874 3159 4926 satis
3185 4873 3451 4937 mirabile,

1871 4966 2010 5037 quod
2055 4966 2242 5033 partitn
2288 4966 2547 5019 relatione
2595 4966 2952 5019 veridicorum
3001 4966 3218 5018 testium
3263 4965 3445 5028 didici.

1871 5057 2061 5126 partim
2096 5056 2371 5109 oculnrmn
2400 5057 2535 5110 visu.
2570 5057 2684 5108 Duo
2714 5056 2813 5108 viri
2841 5055 3177 5117 nobilissimi,
3208 5066 3264 5110 et
3288 5056 3449 5112 rebus

1873 5147 2198 5200 transitoriis
2237 5146 2549 5213 locupletes,
2586 5146 2712 5200 licet
2746 5145 3033 5201 Catholica:
3067 5146 3186 5200 ﬁdei
3210 5147 3452 5202 veritatis

1872 5237 2023 5291 inscii
2055 5276 2069 5298 ,
2104 5246 2279 5289 tamen
2315 5243 2369 5287 ut
2400 5237 2450 5289 in
2479 5235 2662 5302 gentili
2692 5236 2795 5289 ritu
2824 5234 2985 5302 geniti
3014 5236 3144 5291 satis
3169 5237 3316 5300 boni,
3335 5236 3451 5306 glo-

1873 5326 2001 5379 riosi
2054 5324 2369 5395 Hieronymi
2428 5313 2704 5377 mirabilia.
2736 5325 3066 5391 audientes,
3122 5342 3189 5381 ex
3238 5327 3451 5383 civitate

1873 5414 2257 5479 Alexandrina,
2286 5415 2469 5469 muttis
2506 5414 2759 5468 adunatis
2777 5414 2973 5485 opibus
2998 5416 3283 5474 devotione
3306 5418 3449 5488 ejusv

1874 5508 1994 5561 dem
2023 5504 2232 5570 fervidi,
2263 5515 2543 5574 ruperunt
2570 5505 2696 5573 iter,
2728 5517 2781 5562 ut
2807 5508 3046 5577 ejusdem
3072 5510 3287 5581 gloriosi
3318 5510 3447 5566 Hie-

1875 5597 2083 5669 ronymi
2138 5595 2392 5667 reliquias
2435 5597 2732 5653 visitarent.
2772 5596 3013 5669 Eumque
3053 5600 3163 5673 jam
3213 5602 3449 5673 inempto

1877 5689 2069 5743 itinere
2093 5686 2358 5757 quoddam
2398 5704 2427 5743 a
2460 5690 2672 5744 tramite
2709 5691 2849 5746 devii
2884 5692 3192 5749 introisset
3235 5707 3447 5754 nemus,

1884 5783 1971 5837 ubi
2001 5783 2141 5837 nulla
2188 5782 2495 5850 hominum,
2518 5792 2611 5838 aut
2646 5800 2906 5855 equorum
2938 5787 3160 5855 vestigia
3194 5784 3452 5837 videbau.
