4048 6186
572 320 680 378 503

574 447 661 490 tur
692 455 705 490 ε
739 434 876 490 beati
905 432 1210 502 Hieronymi
1238 430 1544 483 invocantes
1575 441 1792 485 nomen.
1822 423 2059 492 ejusdem
2091 437 2152 476 se

572 529 832 582 custodia:
862 525 1211 580 tradiderunt.
1259 521 1314 574 In
1361 519 1550 574 eodem
1595 518 1858 587 siquidem
1903 529 2146 580 nemore,

573 619 790 688 quidam
830 617 1097 670 latronum
1141 613 1345 668 habens
1389 612 1491 666 sub
1535 626 1594 666 se
1636 610 1815 681 plures
1845 610 2150 679 quingentis

571 709 868 764 latronibus
909 705 1182 760 habitabat
1226 706 1492 776 princeps,
1538 703 1636 759 bos
1678 712 1733 758 et
1777 703 1899 758 illos
1947 703 2014 756 ad
2054 702 2150 755 ali-

569 799 710 868 quod
741 796 1130 867 praedestinans
1159 797 1281 863 iter,
1308 805 1365 850 ut
1395 805 1734 851 transeuntes
1763 793 2147 858 interficerent,

566 899 624 944 ρι
641 889 707 943 ad
728 889 972 944 eumdem
991 898 1046 943 et
1071 898 1294 944 cancros
1322 889 1490 959 spolia
1513 895 1866 958 reportarent.
1897 886 1946 940 ls
1971 887 2150 954 itaque

569 983 815 1051 princeps
854 981 953 1036 hos
993 991 1331 1036 transeuntes
1379 983 1591 1035 intuens
1628 981 1796 1035 tribus
1841 980 2150 1035 convocatis

565 1075 883 1136 latronibus,
913 1085 969 1129 ut
996 1075 1063 1128 ad
1087 1089 1180 1129 eos
1211 1072 1633 1129 interﬁciendum
1673 1071 2012 1138 accederent,
2044 1072 2144 1124 im-

565 1166 794 1234 peravit.
834 1165 936 1231 Qui
982 1165 1064 1218 sui
1118 1163 1374 1232 principis
1414 1164 1636 1233 implere
1659 1162 1807 1230 jussa
1845 1162 2143 1232 cupientes,

566 1255 860 1324 assumptis
891 1255 1056 1309 armis
1087 1254 1326 1308 illorsnm
1355 1250 1471 1324 'qua
1503 1253 1882 1323 gradiebantur
1913 1251 2146 1306 Alexan-

563 1346 726 1411 drini,
758 1346 968 1399 concito
1012 1359 1170 1399 cursu
1207 1345 1451 1400 tendunt.
1493 1343 1676 1413 Magna
1723 1344 1985 1412 siquidem
2025 1343 2145 1413 glo-

564 1439 692 1492 riosi
736 1437 1045 1508 llieronymi
1094 1439 1304 1501 merita,
1355 1452 1543 1506 magna
1591 1447 1646 1491 ct
1699 1436 1960 1507 prodigia,
2011 1436 2146 1492 forte

563 1540 622 1582 ut
681 1539 850 1598 puto,
924 1546 954 1583 a
1010 1528 1223 1585 Sanctis
1285 1530 1507 1583 modicis
1565 1544 1668 1582 non
1722 1529 1844 1583 talia
1913 1543 2144 1598 unquam

563 1621 695 1676 visa.
740 1622 1054 1678 Acceleraut
1094 1625 1349 1689 latrones,
1384 1630 1442 1674 ιιι
1483 1629 1818 1675 transeuntes
1861 1629 2096 1674 mactent
2130 1639 2143 1674 :

565 1711 660 1766 sed
702 1712 828 1765 dum
868 1728 1035 1782 prope
1077 1715 1230 1777 limit,
1280 1727 1414 1781 quos
1446 1714 1591 1779 prius
1634 1713 1803 1766 solum
1853 1712 1989 1765 duos
2026 1726 2144 1764 cer-

566 1804 798 1866 nebant,
858 1803 1195 1871 paulominus
1262 1803 1683 1856 innumerabiles
1741 1817 1861 1857 esse
1925 1805 2143 1866 vident,

564 1899 706 1953 inter
752 1915 886 1966 quos
934 1899 1016 1953 vir
1063 1899 1284 1968 praeibat
1332 1909 1478 1954 tanto
1517 1901 1718 1954 lumine
1765 1902 2142 1968 circumfusus,

565 2002 626 2044 ut
691 1992 929 2047 intuendi
1003 1992 1054 2045 in
1125 2009 1247 2046 cum
1307 1993 1606 2061 aliqualiter
1673 1993 1753 2047 fas
1811 2010 1916 2048 non
1976 2005 2141 2049 esset.

561 2081 932 2150 Apprebendit
959 2082 1137 2147 timor,
1164 2091 1350 2151 stupor
1369 2094 1423 2137 et
1441 2083 1723 2138 admiratio
1750 2085 1846 2139 bos
1875 2085 2141 2142 latrones:

559 2171 690 2236 quid
737 2171 879 2226 aliud
927 2173 1132 2242 possint
1176 2172 1353 2228 facere
1385 2174 1648 2240 nesciunt,
1681 2175 1780 2230 nisi
1811 2177 1876 2230 ad
1909 2176 2143 2231 latrones

559 2263 696 2316 alios
737 2276 996 2319 remeare.
1047 2266 1114 2316 At
1162 2264 1249 2317 ubi
1276 2264 1384 2330 jam
1417 2265 1590 2319 forent
1616 2280 1645 2319 a
1674 2266 1832 2336 longe
1858 2266 2144 2326 redeuntes

563 2354 876 2418 retroversi,
908 2355 1080 2408 solum
1108 2355 1244 2408 duos
1284 2362 1341 2408 ut
1367 2355 1512 2422 prius
1540 2356 1784 2411 homines
1813 2358 2138 2412 revideruut.

560 2443 823 2498 Mirantur
865 2445 1022 2499 nimis
1069 2445 1303 2499 latrones
1335 2463 1348 2498 :
1382 2454 1436 2500 et
1473 2462 1532 2500 se
1578 2447 1764 2501 illusus
1789 2448 2139 2510 arbitrantes,

559 2545 844 2604 etnperunt
886 2537 951 2590 ad
979 2545 1315 2592 transeuntes
1342 2538 1588 2593 homines
1615 2539 1930 2609 retrogredi.
1959 2542 2028 2595 At
2053 2542 2140 2594 ubi

560 2627 1078 2696 appropinquarunt,
1127 2626 1201 2682 uti
1229 2628 1374 2697 prius
1403 2627 1667 2692 viderant,
1703 2644 1842 2684 nunc
1868 2630 2138 2684 viderunt.

558 2715 726 2786 Magis
761 2731 826 2770 ac
853 2717 1022 2785 magis
1047 2718 1327 2786 stupefacti
1353 2717 1610 2784 latrones,
1642 2729 1928 2775 cernentes
1956 2721 2008 2774 in
2035 2737 2142 2775 va-

557 2821 714 2861 cuum
760 2821 821 2862 se
863 2807 1086 2873 redisse,
1137 2817 1284 2879 terga
1329 2818 1602 2864 verterunt
1635 2827 1648 2863 :
1683 2819 1738 2866 et
1782 2811 2036 2866 velociter
2073 2811 2141 2866 ad

556 2915 711 2954 suum
750 2898 878 2968 quid
925 2898 976 2953 bi
1008 2899 1262 2954 fecissent
1287 2910 1690 2970 exspectantem
1719 2902 2010 2972 principem
2040 2901 2138 2957 de-

556 3001 835 3046 venerunt.
873 2990 1114 3062 Increpat
1138 3008 1233 3046 eos
1256 2994 1506 3064 princeps
1529 2995 1653 3063 quid
1689 2994 1868 3049 taudiu
1896 2998 2136 3067 peregis-

552 3094 695 3140 sent.
743 3085 847 3140 Sed
877 3101 997 3139 eum
1031 3102 1143 3140 rem
1172 3097 1377 3155 gestam
1410 3086 1668 3147 audisset,
1700 3102 1795 3140 eos
1826 3088 2139 3158 insipientes

555 3184 612 3230 et
637 3175 812 3230 fatuos
840 3177 1171 3238 existimans,
1205 3175 1486 3230 duodecim
1527 3177 1646 3232 aliis
1677 3176 1977 3233 latronibus
2003 3193 2136 3234 con-

557 3267 779 3330 vocatis,
845 3281 966 3320 cum
1024 3268 1224 3320 cistlettt
1274 3282 1458 3322 versus
1503 3267 1749 3324 homines
1799 3279 2138 3325 transeuntes

560 3365 723 3412 meat.
757 3357 984 3412 Rursum
1013 3373 1041 3408 a
1074 3360 1228 3426 longe
1257 3357 1392 3412 duos
1415 3369 1675 3424 cernunt;
1707 3360 1799 3414 sed
1828 3362 2136 3431 propinqui,

559 3449 634 3500 uti
687 3447 840 3515 primi
887 3449 1150 3509 viderant,
1195 3448 1272 3501 sic
1312 3458 1367 3502 et
1395 3448 1499 3501 isti.
1536 3449 1862 3506 Eorumdem
1892 3451 2138 3520 protinus

558 3546 796 3594 tremunt
837 3537 1014 3602 bases,
1067 3538 1294 3606 trepidat
1337 3553 1450 3599 eor.
1503 3538 1635 3592 ﬁunt
1684 3540 1830 3594 velut
1875 3550 2138 3600 amentes.

557 3629 706 3683 ιιιιιιιί
734 3629 918 3698 vigore
945 3629 1106 3684 animi
1131 3629 1388 3684 destituti.
1421 3628 1660 3684 'l‘andem
1681 3629 1732 3684 in
1751 3644 1810 3684 se
1829 3630 2137 3696 redeuntes,

557 3736 653 3776 eos
694 3721 924 3776 latenter
963 3731 1279 3790 sequuntur,
1308 3720 1584 3790 cupientes
1608 3719 1734 3791 quid
1767 3720 2022 3791 deinceps
2047 3735 2138 3776 ac—

557 3813 699 3884 cidat
727 3812 962 3869 edoceri.
997 3812 1288 3882 Trepidant
1318 3827 1447 3868 vero
1477 3812 1634 3881 hujus
1667 3812 1832 3867 nescii
1863 3822 2140 3867 transeuu.

557 3915 638 3960 tes
687 3903 788 3958 hos
831 3903 1073 3959 videntes
1122 3901 1390 3970 homines,
1435 3912 1493 3960 et
1535 3903 1675 3958 inter
1721 3918 1782 3958 se
1827 3903 1918 3973 qui
1947 3903 2002 3957 hi
2033 3903 2139 3958 sint

555 3997 710 4054 avido
749 4004 1185 4066 percunctantur.
1218 3995 1458 4066 Denique
1491 3995 1602 4064 jam
1650 4010 1842 4051 occasu
1885 3996 2015 4052 solis
2059 3996 2138 4051 in-

555 4088 751 4143 clinala
793 4088 902 4155 uie,
933 4101 1054 4142 cum
1081 4086 1208 4157 quid
1237 4087 1288 4142 in
1319 4095 1476 4142 mete
1506 4087 1702 4142 faciant
1731 4087 1989 4152 nesciant,
2018 4086 2139 4142 illos

448 4232 464 4240 -
555 4179 839 4236 duodecim
865 4179 1120 4244 latrones,
1151 4182 1386 4234 viatores
1409 4180 1800 4246 existimantes,
1827 4177 1894 4234 ad
1919 4177 2138 4234 eosdem

556 4269 944 4327 consulendum
985 4277 1226 4326 statuunt
1269 4271 1564 4327 declinare.
1597 4273 1663 4325 At
1689 4271 1778 4325 ubi
1808 4271 1875 4325 ad
1904 4271 2140 4326 latrones

557 4361 805 4416 veniendi
846 4363 946 4418 iter
987 4372 1236 4433 carpunt,
1268 4361 1487 4417 eosdem
1537 4363 1634 4432 ipsi
1686 4362 1925 4416 latrones
1963 4361 2138 4416 solum

557 4452 694 4506 duos
721 4464 968 4507 cernunt.
990 4453 1110 4519 Quo
1128 4453 1366 4522 vigorem
1383 4452 1618 4508 latrones
1635 4453 1838 4522 adepti,
1863 4462 2140 4507 transeun-

558 4545 704 4599 tibus
745 4551 800 4599 et
837 4544 934 4612 ipsi
982 4546 1226 4613 protinus
1255 4544 1626 4598 obviaveruut.
1654 4544 1754 4608 Qui
1783 4558 1973 4598 onmes
1997 4544 2135 4598 invi-

555 4652 674 4694 mtm
701 4635 895 4708 juncti,
925 4651 982 4690 se
1007 4636 1167 4690 simul
1196 4634 1513 4689 salutarunt.
1549 4633 1767 4688 Interim
1809 4635 2142 4704 interrogant

556 4731 793 4786 lttroncs
818 4728 908 4798 qui
935 4729 1044 4782 sint
1070 4745 1083 4780 :
1113 4726 1258 4782 unde
1285 4727 1504 4781 veniant
1535 4743 1550 4779 :
1581 4735 1638 4781 et
1663 4741 1770 4795 quo
1800 4736 2041 4797 pergant.
2071 4729 2142 4782 At

553 4821 631 4876 illi
676 4820 924 4891 inquiunt
963 4837 978 4873 :
1026 4819 1219 4874 Sumus
1263 4819 1328 4872 de
1353 4818 1688 4883 Alexandria,
1719 4818 1838 4872 inde
1865 4819 2136 4886 venientes,

553 4914 812 4968 Bethleem
841 4914 1076 4983 petimus,
1105 4923 1158 4967 ut
1186 4913 1396 4984 gloriosi
1423 4911 1726 4983 Hieronymi
1752 4913 1991 4984 reliquias
2017 4916 2140 4969 visi-

553 5017 734 5059 mnus.
769 5004 850 5060 Ad
879 5007 993 5060 lucc
1019 5005 1284 5060 latronum
1316 5004 1564 5074 princeps
1589 5019 1610 5058 :
1631 5003 1770 5069 Qui,
1801 5005 1991 5074 inquit,
2020 5009 2135 5076 fue—

552 5106 672 5150 runt
717 5097 832 5159 viri,
874 5097 961 5166 qui
1007 5097 1262 5165 hucusque
1305 5095 1559 5150 vobiscum
1587 5099 1937 5151 tantummodo
1965 5097 2136 5152 uenie-

554 5190 692 5242 bant.
724 5187 985 5242 Mirantur
1009 5187 1106 5242 hos
1133 5188 1256 5243 talia
1286 5187 1381 5242 fari
1409 5191 1640 5244 viatores
1661 5202 1678 5242 :
1697 5196 1748 5242 et
1775 5202 1834 5243 se
1855 5198 2137 5259 postquam

554 5294 746 5333 nemus
791 5278 1141 5343 intraverunt,
1184 5275 1452 5334 neminem
1482 5278 1580 5332 nisi
1609 5276 1756 5346 ipsos
1779 5289 1832 5332 et
1861 5287 1973 5332 tres
2001 5280 2137 5334 alios

555 5367 752 5424 vidisse
781 5369 919 5424 velle
945 5368 1157 5424 audisse
1197 5368 1401 5423 dicunt.
1433 5368 1563 5435 Quae
1600 5378 1750 5437 gesta
1773 5367 1988 5422 fuerant
2013 5379 2140 5423 tunc

557 5458 820 5513 latronum
868 5470 1047 5514 narrat
1093 5461 1341 5529 princeps
1372 5478 1384 5514 :
1419 5460 1539 5516 illos
1567 5459 1879 5523 obsecrans,
1914 5469 1971 5513 ut
2013 5460 2141 5528 ipsis

572 5549 644 5603 ob
687 5564 845 5616 quam
875 5562 1088 5602 causam
1131 5551 1231 5605 hoc
1257 5550 1531 5611 acciderit.
1561 5551 1606 5604 si
1639 5561 1880 5613 noscant,
1910 5550 2141 5604 debeant

555 5639 813 5694 indicare.
835 5636 1041 5704 Quibus
1069 5641 1165 5702 illi,
1194 5656 1304 5693 non
1328 5641 1397 5694 ob
1437 5642 1596 5694 aliam
1622 5656 1864 5705 causam,
1890 5641 1992 5695 nisi
2014 5642 2138 5711 quia

556 5729 771 5789 gloriosi
822 5729 1127 5795 llicronymi
1172 5730 1430 5782 custodiae
1475 5746 1532 5785 se
1563 5729 1851 5790 dederunt,
1885 5731 1984 5784 hoc
2013 5745 2139 5786 cve-

1742 308 1831 365 DE
1873 306 2238 363 MIRACULIS
2267 303 2666 361 IlllillONYMl.

3737 319 3852 375 30‘

2256 421 2421 486 uisse,
2477 435 2537 476 se
2577 419 2784 475 nescire
2827 421 3027 475 dicunt.
3072 421 3155 477 Ad
3200 423 3305 479 hoc
3353 425 3588 481 latrones
3637 428 3850 499 Spiritu

2255 511 2471 577 Sancto,
2500 512 2589 582 qui
2618 511 2703 567 ubi
2749 513 2864 567 vult
2902 513 3090 584 spirat,
3134 515 3312 570 subito
3346 517 3662 588 inspirante,
3694 522 3845 574 «nnni

2255 616 2414 670 quam
2461 601 2608 672 prius
2655 603 2921 660 habebant
2959 604 3235 661 ferocitate
3262 606 3523 676 deposita,
3554 609 3608 664 in
3641 619 3844 666 terram

2255 709 2442 749 eorum
2473 694 2697 764 pedibus
2726 697 3014 766 provoluti,
3043 713 3139 766 pro
3171 699 3487 770 exeogitatis
3514 701 3727 774 flagitiis
3749 721 3844 760 ve-

2257 786 2396 839 niam
2420 787 2774 856 postulantes,
2796 789 2920 844 illos
2946 790 3012 844 ad
3035 790 3270 846 latrones
3290 793 3428 848 alios
3453 794 3842 863 perduxerunt.

2253 874 2357 930 Sed
2383 875 2524 946 quod
2554 877 2675 933 dico
2706 894 2811 934 non
2844 880 3019 935 minus
3038 889 3184 951 patet
3203 881 3270 936 ad
3287 885 3675 940 contuendum.
3693 886 3839 942 Hora

2256 969 2421 1034 prima
2469 971 2643 1024 noctis
2689 973 2755 1024 ad
2800 973 3037 1028 latrones
3085 985 3463 1044 exspectantes
3505 977 3842 1048 deveniunt,

2255 1070 2373 1128 post
2402 1060 2505 1116 hoc
2530 1061 2656 1131 quid
2688 1064 2957 1119 acciderat
2981 1064 3257 1121 declarant
3285 1084 3300 1120 :
3331 1070 3550 1125 eosdem
3579 1073 3839 1142 supplici-

2254 1162 2334 1206 ter
2360 1164 2665 1220 exorantes,
2701 1165 2758 1210 ut
2799 1155 2880 1211 his
2907 1155 3123 1227 ﬂagitiis
3151 1159 3323 1214 solitis
3344 1160 3453 1230 jam
3481 1163 3740 1234 expulsis,
3766 1164 3842 1220 ad

2251 1246 2540 1313 gloriosum
2561 1248 2880 1302 visitandum
2899 1251 3128 1306 cadaver
3151 1251 3458 1324 Hieronymi
3479 1272 3658 1310 secum
3673 1258 3835 1313 irent.

2253 1333 2336 1388 Fit
2382 1334 2466 1390 his
2495 1337 2676 1392 verbis
2717 1340 2924 1393 cmteris
2954 1340 3249 1396 latronibus
3276 1343 3472 1398 irrisio.
3512 1345 3838 1402 Promittunt

2250 1427 2511 1496 siquidem
2534 1444 2633 1484 suo
2647 1430 2894 1500 principi,
2916 1441 2970 1486 ct
2995 1433 3098 1487 illis
3118 1434 3236 1488 aliis
3259 1449 3446 1490 necem
3467 1434 3836 1504 durissimam,

2250 1519 2292 1571 si
2338 1520 2569 1573 audeant
2610 1522 2838 1590 amplius
2879 1523 2977 1578 isua
3023 1524 3142 1578 fari.
3191 1524 3307 1579 Non
3353 1529 3686 1583 cessantibus
3728 1530 3842 1586 illis

2252 1610 2424 1678 priora
2492 1611 2681 1665 iterum
2733 1612 2876 1683 loqui
2924 1615 3106 1680 verba,
3154 1615 3419 1671 latronum
3450 1619 3836 1688 quamplurimi

2249 1707 2396 1757 canis
2441 1705 2587 1760 rabie
2627 1707 2917 1771 furibundi,
2951 1724 3072 1762 mox
3102 1710 3152 1762 in
3180 1724 3275 1764 eos
3310 1710 3590 1781 insurgunt
3615 1713 3838 1768 ensibus

2249 1796 2549 1849 tlcuudatis.
2589 1797 2883 1852 Potuerunt
2909 1815 3100 1868 nempe
3130 1802 3429 1872 rompliceas
3452 1805 3665 1860 elevare
3693 1822 3707 1858 :
3734 1807 3839 1860 sed

2251 1886 2380 1962 ipsis
2415 1887 2631 1956 gloriosi
2675 1888 2983 1961 llieronymi
3007 1891 3200 1944 auxilia
3234 1895 3644 1961 postulantibus,
3671 1909 3839 1951 enses

2249 1977 2519 2046 deponere
2566 1979 2869 2035 nullatenus
2921 1982 3203 2036 valuerunt
3233 2002 3246 2037 :
3275 1984 3448 2039 donec
3487 1984 3565 2038 illi
3593 1985 3681 2056 qui
3711 1984 3835 2040 fuco

2249 2080 2365 2124 rant
2396 2071 2696 2139 occidendi,
2727 2072 2796 2126 ab
2826 2072 3151 2144 Hieronymo
3182 2075 3542 2144 postularunt.
3573 2077 3616 2130 0
3647 2077 3839 2132 iucll‘a-

2246 2163 2369 2218 bilis
2393 2164 2674 2218 clementia
2701 2163 3014 2231 Salvatoris,
3044 2177 3174 2236 quot
3205 2167 3379 2223 modis
3404 2183 3538 2236 quos
3563 2168 3673 2222 vult
3704 2168 3838 2225 facit

2245 2256 2310 2311 ad
2354 2258 2679 2327 agnitionem
2722 2259 2805 2314 sui
2850 2260 3085 2315 nominis
3121 2259 3417 2316 devenire?
3445 2259 3686 2331 Repente
3715 2261 3838 2316 lucc

2246 2357 2353 2403 tam
2395 2348 2601 2404 insueta
2645 2349 2818 2403 omnis
2846 2350 2931 2405 illa
2962 2351 3224 2405 latronum
3256 2351 3442 2406 videns
3469 2353 3674 2415 concio,
3706 2352 3836 2407 altis

2246 2439 2358 2494 Deo
2402 2447 2457 2494 et
2499 2439 2733 2507 glorioso
2783 2439 3105 2509 llieronynm
3155 2441 3378 2495 vocibus
3419 2443 3625 2496 debitas
3663 2452 3836 2512 agunt

2247 2531 2430 2588 laudes
2463 2554 2476 2589 :
2509 2532 2751 2602 ejusdem
2780 2548 2839 2588 se
2860 2544 3114 2588 voventes
3136 2534 3388 2604 reliquias
3407 2535 3638 2588 visitare.
3661 2534 3837 2590 Facto

2245 2623 2404 2692 igitur
2453 2638 2630 2688 mane,
2683 2623 2863 2693 plures
2915 2625 3166 2679 trecentis
3215 2625 3521 2681 hominibus
3563 2626 3650 2696 qui
3702 2639 3836 2682 tunc

2246 2718 2500 2786 temporis
2544 2717 2613 2772 ibi
2658 2727 2813 2772 erant
2852 2719 2976 2778 talia
3026 2728 3417 2788 perpetrantes,
3469 2735 3588 2773 eum
3621 2719 3832 2774 eisdem

2245 2808 2618 2863 Alexandrinis
2643 2826 2711 2864 cx
2765 2811 2855 2864 illo
2903 2823 3157 2866 exeuntes
3206 2827 3447 2873 nemore.
3496 2812 3562 2865 ad
3604 2811 3834 2882 gloriosi

2243 2897 2551 2971 Hieronymi
2579 2901 2838 2955 tumulum
2860 2902 3214 2966 devenerunt,
3243 2903 3452 2956 cunctis
3481 2912 3586 2955 tam
3614 2904 3828 2957 insueta

2245 2989 2484 3060 prodigia
2547 3003 2882 3047 enarrantes.
2950 2993 3293 3063 Baptizantor
3357 2995 3534 3063 itaque
3597 2994 3833 3062 gentiles

2243 3081 2589 3137 Alexandrini
2617 3100 2628 3134 :
2660 3093 2714 3136 et
2741 3084 2948 3138 cunctis
2978 3084 3158 3138 tnundi
3200 3085 3520 3138 vanitmihus
3545 3084 3836 3139 conculca-

2243 3173 2332 3237 tis,
2380 3173 2681 3243 religiosam
2732 3174 2782 3226 iu
2829 3173 3058 3243 quodam
3103 3175 3348 3228 coenobio
3392 3173 3553 3228 vitam
3600 3173 3827 3228 ducunt.

2244 3265 2501 3320 Latrones
2529 3279 2706 3321 autem
2750 3266 2825 3320 illi
2848 3268 3093 3320 similiter
3119 3268 3186 3321 ad
3213 3267 3383 3322 lucem
3421 3268 3658 3322 veritatis
3700 3283 3830 3321 san-

2241 3370 2449 3429 etchuc
2477 3370 2528 3413 et
2558 3359 2842 3414 laudabilis
2887 3361 3031 3425 vine,
3081 3361 3258 3414 divina
3298 3361 3466 3430 gratia
3513 3370 3569 3415 et
3607 3361 3831 3430 gloriosi

2245 3449 2554 3520 Hieronymi
2581 3451 2790 3504 meritis
2820 3459 3198 3518 pervenerunt.

2311 3538 2438 3596 Car.
2472 3539 2582 3594 Vll.
2623 3541 2771 3596 Sicut
2793 3539 3395 3611 Consmitinopolitauis
3425 3541 3728 3598 litterisbae
3757 3542 3833 3599 de

2243 3649 2300 3686 rc
2365 3632 2491 3686 Inibi
2548 3634 2852 3702 specialiter
2912 3633 3152 3700 directis,
3201 3643 3472 3690 transacto
3515 3651 3623 3690 non
3667 3636 3835 3706 longo

2242 3723 2453 3777 dierum
2484 3728 2656 3793 Spallo
2698 3725 2955 3789 intellexi,
2986 3725 3162 3780 simile
3204 3740 3339 3794 pene
3386 3725 3702 3780 miraculum
3746 3727 3830 3782 illi

2243 3815 2384 3885 quod
2414 3830 2573 3884 supra
2605 3814 2744 3868 fatus
2769 3830 2911 3881 sum,
2942 3814 3154 3872 duobus
3177 3816 3370 3870 accidit
3399 3815 3653 3872 Romanis
3673 3817 3833 3886 juve-

2245 3907 2402 3960 nibus
2426 3922 2456 3960 a
2480 3905 2716 3961 Romana
2745 3906 2877 3962 urbe
2905 3906 3179 3963 Bethleem
3205 3907 3562 3974 venientibus,
3591 3923 3686 3978 pro
3711 3908 3834 3978 glo-

2245 4000 2372 4056 riosi
2419 4000 2731 4071 llierouymi
2774 4001 3039 4056 visitando
3080 4015 3326 4068 corpore.
3386 3999 3539 4067 Quod
3588 4001 3835 4053 tractabo

2243 4095 2398 4150 sicuti
2427 4096 2639 4150 brevius
2663 4103 2871 4165 potero.
2901 4093 3034 4149 Cum
3060 4094 3218 4164 igitur
3238 4093 3346 4148 duo
3373 4093 3445 4146 illi
3467 4093 3693 4164 juvenes
3712 4096 3800 4146 cui
3817 4121 3833 4133 ο

2243 4185 2364 4241 dam
2415 4187 2910 4256 apprOpinquarent
2956 4185 3088 4248 ruri,
3139 4199 3172 4238 a
3220 4182 3677 4252 tionstantinpoli
3733 4199 3834 4250 per

2244 4277 2530 4332 duodecim
2562 4277 2698 4332 forte
2726 4276 2961 4331 distante
2990 4275 3363 4330 milliariorum
3395 4276 3645 4343 spatium,
3673 4283 3832 4328 ante-

2245 4385 2405 4437 quam
2425 4384 2516 4423 rus
2538 4384 2568 4422 a
2586 4367 2794 4424 duobus
2823 4366 3138 4421 ntilliaribus
3169 4366 3474 4428 introirent.
3501 4364 3690 4420 eadem
3714 4365 3831 4420 fere

2247 4458 2376 4512 hora
2399 4458 2535 4513 duos
2553 4460 2847 4527 contigerat
2867 4456 3110 4510 homines
3135 4455 3390 4510 interimi.
3417 4456 3655 4520 Quorum
3681 4469 3834 4508 mor-

2247 4549 2314 4602 tis
2342 4563 2557 4601 rtnuore
2589 4548 2841 4616 praedicto
2865 4557 3148 4601 resonante
3171 4547 3302 4608 ruri,
3331 4546 3430 4599 loci
3457 4545 3698 4614 ejusdem
3726 4545 3830 4600 viri

2245 4640 2550 4708 congregati
2582 4638 3016 4707 circumquaque,
3047 4638 3166 4707 quis
3217 4637 3406 4691 horum
3453 4635 3613 4691 fuerit
3656 4636 3830 4692 inter-

2245 4732 2432 4789 fector.
2463 4740 2741 4799 coeperunt
2765 4729 3034 4800 inquirere
3060 4722 3683 4798 veltenientcr.Ctmique
3709 4729 3830 4784 dili-

2245 4833 2435 4891 genter
2481 4821 2850 4890 perquirerent
2897 4835 3298 4891 usquequaque,
3360 4821 3550 4875 adesse
3600 4831 3836 4875 cernunt

2247 4912 2516 4967 neminem
2549 4912 2648 4966 nisi
2682 4911 2967 4980 przedictos
3000 4911 3250 4982 juvenes,
3283 4911 3372 4982 qui
3406 4911 3515 4980 jam
3549 4924 3714 4980 pr0pe
3740 4928 3835 4965 ve-

2247 5012 2440 5058 nerant
2474 5004 2808 5073 reperientes
2833 5003 3073 5069 eosdem,
3101 5004 3346 5074 protinus
3372 5013 3654 5057 tenuerunt
3701 5020 3716 5056 :
3763 5007 3836 5057 ab

2245 5094 2447 5148 eisdem
2465 5093 2744 5148 credentes
2767 5092 2929 5147 fuisse
2947 5093 3191 5148 homines
3219 5092 3548 5149 interfectos.
3571 5091 3838 5148 Mirantur

2246 5185 2426 5255 itaque
2459 5185 2617 5251 hujus
2639 5184 2804 5254 ignari
2825 5181 3050 5253 juvenes
3080 5202 3093 5238 :
3125 5195 3176 5239 et
3207 5183 3394 5239 horum
3423 5199 3481 5239 sc
3510 5183 3642 5239 nihil
3668 5185 3833 5250 scire,

2249 5279 2374 5331 totis
2413 5276 2619 5330 nisibus
2657 5277 3028 5347 conjurabant.
3062 5280 3133 5332 At
3180 5277 3256 5330 illi
3304 5292 3491 5331 eorum
3537 5293 3634 5346 pro
3665 5276 3838 5332 nihilo

2247 5378 2621 5438 computantes
2649 5370 2832 5437 verba,
2864 5381 3049 5439 captos
3087 5369 3306 5425 eosdem
3344 5369 3410 5423 ad
3454 5385 3546 5424 rus
3569 5379 3838 5424 conantur

2246 5461 2444 5516 ducere
2473 5460 2807 5516 festinanter.
2840 5463 2966 5515 Post
2995 5461 3100 5516 hoc
3123 5460 3191 5516 de
3215 5476 3340 5516 rure
3367 5462 3490 5530 quia
3514 5460 3581 5515 ad
3612 5460 3834 5516 eosdem

2248 5555 2392 5606 viros
2429 5553 2636 5618 justitia
2668 5569 2773 5607 non
2804 5553 3080 5622 spectabat
3112 5570 3126 5605 :
3155 5568 3274 5606 eutn
3301 5552 3737 5609 accusationibus
3765 5556 3836 5609 ad

2246 5644 2892 5710 Constantinopolitantum
2922 5642 3217 5697 dominium
3247 5643 3384 5710 capti
3413 5643 3644 5711 juvenes
3669 5646 3840 5701 desti-

2249 5739 2459 5785 nantur.
2508 5734 2642 5798 Quin
2693 5734 2711 5802 (
2736 5751 2801 5787 uo
2847 5733 3002 5787 nimis
3052 5731 3240 5800 longus
3273 5732 3394 5785 liam
3424 5735 3642 5806 verbis)
3694 5737 3836 5806 quod
