4048 6186
230 318 342 400 ses

229 473 345 510 non
368 454 604 511 fecerant
625 461 1009 507 tormentorum
1038 453 1210 522 rigere
1233 450 1514 520 juvenibus
1529 454 1641 522 jam
1690 468 1811 504 cono

231 548 391 603 fassis
436 546 728 617 :atljicitur
770 560 918 600 more
963 544 1121 600 solito
1174 544 1445 599 sententia
1481 540 1806 599 decollandi.

229 639 351 693 lien
397 637 554 707 quale
594 652 691 692 cor
738 634 1004 690 audiendo
1052 644 1126 689 tot
1174 634 1403 689 lamenta
1449 633 1808 689 innocentium

229 730 403 799 (quos
442 738 497 784 ct
537 728 835 806 juventutis
859 737 914 782 et
946 724 1349 796 pulchritudinis
1377 725 1607 779 maxima
1639 740 1809 779 venu-
1852 720 1863 727 ι

231 831 366 881 stas.
409 830 464 874 et
504 831 655 874 ortus
701 818 1064 873 nobilissimus
1092 817 1453 887 decorabant)
1486 826 1667 887 posset
1692 832 1750 871 se
1779 832 1809 870 a

227 911 482 981 lacrymis
530 909 845 966 continere?
873 908 1086 965 Flentes
1113 909 1293 978 itaque
1315 908 1539 978 juvenes
1561 909 1811 980 gravibus

223 1004 503 1075 lacrymis,
538 1003 759 1071 pallidas
785 999 950 1056 facies
976 1000 1282 1071 irrigantes,
1307 1000 1538 1056 ululatus
1556 1001 1811 1070 gemitus-

216 1109 329 1163 que
370 1104 426 1148 et
466 1092 694 1160 suspiria
736 1105 982 1160 promere
1027 1105 1130 1143 nou
1164 1092 1498 1146 'cessantes:
1544 1090 1808 1154 Gloriose,

214 1183 500 1248 dicebant,
549 1179 882 1250 Hieronyme,
922 1180 1014 1232 Itoc
1043 1179 1144 1233 tale
1182 1197 1245 1233 ne
1283 1190 1356 1233 est
1383 1180 1648 1249 praetium
1675 1181 1811 1251 quod

212 1268 611 1345 obsequentiores
642 1270 729 1323 tibi
756 1279 964 1337 priestas
980 1271 1006 1323 2
1039 1280 1109 1324 est
1133 1271 1233 1324 tale
1256 1271 1393 1342 quod
1418 1270 1589 1325 labore
1612 1272 1685 1324 tui
1706 1288 1808 1326 mc-

207 1365 426 1416 ruimus
452 1360 693 1415 itineris?
723 1358 838 1413 Heu
870 1359 1099 1413 Romana
1120 1360 1236 1413 urbs
1263 1362 1421 1414 nostri
1438 1362 1649 1430 prascia
1670 1372 1811 1417 ortus

210 1475 326 1511 non
356 1460 432 1510 sic
464 1469 512 1511 te
551 1457 873 1510 eredebmnus
917 1455 1136 1510 nesciam
1162 1456 1325 1509 nostri
1353 1457 1488 1523 ﬁnis.
1522 1457 1602 1511 Ad
1633 1457 1807 1510 locum

213 1551 405 1617 itaque
449 1548 580 1600 tanti
626 1547 891 1615 supplicii,
940 1546 1137 1600 ibidem
1184 1546 1424 1615 gentium
1472 1544 1809 1603 multitudine

215 1639 456 1691 maxima
479 1646 847 1706 exspectante,
870 1636 1075 1690 innoxii
1100 1636 1325 1703 juvenes
1350 1637 1739 1691 conducuntur.
1762 1638 1823 1691 οο

214 1727 508 1784 inell'abilis
530 1727 893 1781 misericordia
915 1726 1007 1781 Dei
1027 1726 1193 1779 nostri
1210 1742 1309 1796 qua
1328 1728 1520 1780 coelum
1545 1727 1806 1781 redundat

213 1829 269 1874 et
298 1829 467 1881 terra,
492 1832 591 1871 nec
616 1817 712 1871 ulli
739 1815 805 1871 ad
832 1830 895 1870 se
919 1816 1150 1870 currenti
1182 1816 1515 1871 obliviscitur
1537 1819 1799 1873 misereri.

215 1908 470 1965 llcxisin
504 1909 623 1963 loco
647 1922 755 1977 quo
777 1905 1039 1976 plceteudi
1065 1916 1223 1961 erant
1244 1907 1489 1975 genibus,
1526 1908 1578 1962 iu
1604 1909 1800 1964 coelum

216 2012 447 2071 uterque
454 2000 668 2069 juvenis
680 1999 922 2053 manibus
932 1998 1155 2054 elevatis
1171 2016 1187 2053 :
1202 1996 1455 2062 Gloriose.
1466 2015 1655 2070 magna
1672 2016 1802 2057 voce

217 2094 486 2163 inquiunt,
536 2092 871 2163 Hieronyme,
907 2101 1093 2145 nostra
1115 2091 1574 2147 salutisetauxilii
1603 2104 1798 2163 portus,

215 2194 500 2251 nostraeque
513 2183 620 2247 spei
637 2183 859 2236 anchora
874 2183 1205 2236 saluberrima
1220 2193 1265 2235 et
1287 2184 1475 2253 vitulis,
1497 2188 1588 2242 hac
1612 2185 1802 2243 inclina

214 2277 342 2326 Imm
372 2275 561 2329 nostris
587 2274 807 2350 indignis
835 2275 1287 2349 supplicationibus
1315 2280 1425 2348 pias
1450 2297 1600 2335 aures
1627 2290 1740 2335 tuas
1766 2297 1803 2337 v:

213 2381 265 2424 nt
292 2374 336 2426 si
365 2374 468 2425 Itoc
510 2388 609 2441 quo
638 2373 878 2441 puniatur
905 2376 1071 2424 scelus
1098 2388 1199 2423 non
1237 2370 1499 2440 gessimus.
1529 2380 1643 2424 tuas
1677 2372 1800 2425 libe-

212 2462 430 2515 rationis
453 2477 572 2530 epes
600 2463 787 2530 pietate
812 2460 962 2514 solita
988 2460 1280 2513 sentianms.
1316 2458 1468 2526 Quod
1495 2460 1540 2513 si
1566 2463 1799 2530 fecinms,

212 2554 445 2622 exigente
479 2552 689 2620 justitia
722 2550 1135 2604 condemnemur.
1188 2550 1312 2604 llaec
1357 2551 1442 2603 ubi
1492 2550 1739 2605 dixerunt
1785 2571 1799 2606 :

213 2645 346 2705 colla
377 2644 738 2699 extenderunt
771 2643 1112 2698 carnificibus
1150 2641 1411 2705 ferienda.
1458 2645 1529 2698 nil
1563 2644 1802 2701 dicentes

212 2737 346 2792 aliud
360 2752 549 2806 quam,
564 2752 824 2801 succurre,
841 2751 1093 2801 succurre,
1104 2734 1413 2805 Hieronyme
1422 2736 1800 2807 gloriose.Qttid

213 2831 436 2893 mirum,
482 2829 528 2882 si
572 2838 648 2882 tot
674 2828 926 2899 lacrymis
946 2836 1259 2882 cunctorum
1285 2827 1352 2880 ad
1383 2843 1443 2881 se
1469 2829 1800 2884 currentium

211 2921 525 2987 misericors
568 2919 744 2990 opifer
786 2920 1165 2990 Hieronymus.
1215 2935 1332 2974 sea
1360 2921 1666 2975 miserando
1693 2938 1798 2975 neu

214 3014 380 3081 potuit
426 3013 700 3067 abstinere
739 3030 754 3065 :
798 3028 918 3065 cum
967 3011 1429 3066 circumstantium
1457 3014 1717 3077 oumium,
1746 3023 1802 3068 ct

210 3104 525 3158 carnificum
553 3104 712 3158 etiam
742 3102 905 3158 corda
933 3101 999 3156 ad
1044 3103 1474 3170 compassiOuem
1518 3120 1802 3161 moveren-

211 3196 328 3249 tur?
379 3194 620 3248 Elevatis
660 3192 923 3264 siquidem
962 3194 1205 3257 ensibus,
1231 3194 1489 3261 juvcuum
1519 3197 1800 3253 carnifices

211 3287 339 3344 colla
396 3285 598 3340 feriunt
626 3304 639 3340 :
672 3301 737 3342 ae
778 3287 914 3342 colla
941 3288 1345 3355 percussionum
1385 3288 1533 3358 signa
1563 3290 1640 3344 uti
1670 3307 1797 3359 por-

213 3378 478 3449 phyretici
510 3377 713 3446 lapides
737 3376 949 3442 forent,
971 3378 1249 3446 recipiunt:
1293 3378 1552 3432 Mirantur
1578 3381 1797 3434 carnili-

213 3485 315 3533 00s,
356 3469 651 3525 credentes
694 3485 755 3523 se
780 3469 919 3523 ictus
949 3468 1199 3523 fefellisse
1228 3487 1241 3522 :
1268 3468 1449 3523 denuo
1477 3469 1710 3535 elevant,
1743 3481 1799 3525 ut

215 3564 322 3629 plus
367 3571 618 3631 possunt,
666 3575 841 3621 enses.
889 3560 1123 3614 feriunt:
1156 3561 1798 3631 sedtuncutipriusiu-

214 3651 489 3706 sensibilis
510 3651 773 3720 juvcnum
793 3651 928 3705 colla
955 3662 1190 3705 manent.
1219 3654 1289 3706 At
1316 3654 1505 3707 iterum
1527 3663 1584 3709 et
1604 3656 1794 3708 iterum

215 3740 457 3811 feriunt:
487 3741 581 3794 sed
617 3757 775 3795 enses
818 3741 896 3796 uti
942 3751 1124 3796 essent
1166 3743 1353 3810 palea:,
1396 3744 1623 3813 juvenes
1660 3761 1798 3799 tttlu-

213 3850 367 3898 quam
428 3833 647 3888 Ιιιιώιιιι.
692 3834 873 3888 Oritur
898 3850 979 3888 ex
1002 3836 1102 3889 hoc
1124 3836 1272 3890 inter
1296 3845 1536 3893 astantes
1561 3837 1795 3893 admira-

217 3925 302 3990 tio,
346 3935 411 3979 et
457 3933 645 3994 stupor
690 3924 1190 3980 vehementissiums
1232 3941 1422 3981 omnes
1465 3928 1629 3996 capit.
1659 3927 1794 3983 Hine

215 4012 329 4074 inde
348 4015 595 4084 gentium
617 4014 682 4067 ad
715 4023 819 4067 tam
849 4016 1110 4068 insuetam
1140 4013 1396 4070 visionem
1418 4015 1639 4071 conﬂuit
1660 4018 1796 4073 tnui-

217 4104 404 4160 titudo.
441 4105 599 4158 Audit
646 4106 747 4159 huc
785 4115 840 4159 et
864 4105 979 4175 ipse
1008 4106 1285 4159 sententia:
1313 4104 1468 4170 lator,
1503 4116 1556 4160 et
1579 4110 1748 4161 currit
1778 4124 1792 4160 :

215 4192 364 4251 lubet
396 4197 591 4251 iterum
620 4196 980 4259 carniﬁcibus,
1017 4203 1094 4260 ttt,
1127 4211 1188 4250 se
1213 4194 1449 4259 vidente,
1492 4195 1675 4251 denuo
1711 4197 1795 4255 fo-

218 4286 345 4351 riant
395 4304 409 4340 :
464 4296 521 4350 et
568 4298 747 4343 tamen
792 4286 1101 4352 omnimode
1148 4287 1313 4343 illaesa
1352 4288 1611 4356 juveuum
1657 4288 1796 4343 colla

220 4387 450 4433 manent.
500 4377 737 4448 Stupens
779 4378 946 4448 magis
996 4394 1060 4433 ac
1103 4380 1273 4449 magis
1314 4379 1502 4448 jttdex,
1555 4380 1795 4449 tantique

221 4463 427 4535 ignarus
452 4469 716 4532 miraculi,
746 4469 822 4523 nil
863 4471 964 4525 scit
990 4470 1134 4523 aliud
1161 4472 1404 4526 curlnec
1440 4473 1589 4537 tiaut,
1634 4488 1794 4542 quam

219 4558 470 4614 veneficia
501 4559 753 4629 cogitare.
803 4557 1061 4630 Praecepit
1109 4562 1286 4629 itaque
1327 4562 1605 4625 ministris.
1648 4565 1793 4618 (mllli

222 4661 357 4702 mora
405 4650 721 4717 postposita,
769 4651 940 4704 nudos
981 4652 1115 4705 tradi
1159 4667 1380 4709 arsuros
1412 4654 1641 4724 juvenes
1678 4656 1794 4726 rogi

221 4730 461 4805 ﬂammis.
503 4740 658 4793 Circa
706 4740 826 4794 illos
851 4758 972 4795 tuos
998 4744 1249 4813 copiosus
1279 4744 1416 4813 ignis
1435 4747 1749 4803 accenditur
1778 4766 1790 4802 :

222 4823 508 4883 infunditur
542 4830 702 4901 lignis
738 4831 915 4886 oleum
948 4842 1003 4886 et
1033 4835 1117 4902 pix
1149 4852 1162 4886 :
1195 4845 1251 4890 ut
1282 4836 1399 4890 vita.
1423 4854 1608 4892 eorum
1633 4839 1794 4894 citius

223 4914 542 4973 destruatur.
591 4921 726 4989 Quid
770 4923 1091 4987 mirandum,
1139 4925 1184 4979 si
1232 4940 1455 4995 compos
1479 4931 1791 4999 protegendi

220 5006 290 5060 ab
326 5011 539 5066 ensibus
574 5015 838 5083 gloriosus
880 5016 1272 5088 Hieronymus,
1303 5037 1331 5073 a
1366 5021 1594 5076 llauunis
1632 5024 1791 5076 etiam

222 5110 344 5152 suos
363 5113 426 5155 se
455 5101 767 5159 invocantes
780 5105 981 5161 sedulis
1009 5110 1229 5163 vocibus
1249 5110 1478 5178 juvenes
1519 5113 1699 5180 potuit
1726 5114 1793 5169 li-

223 5184 442 5246 berare?
479 5189 701 5247 Sursum
728 5193 930 5264 ignium
957 5195 1187 5251 llatuntze
1217 5199 1269 5252 in
1293 5200 1610 5253 immensum
1639 5215 1796 5259 scan-

222 5273 366 5332 dunt.
414 5282 483 5334 At
530 5281 771 5351 juvenes.
802 5286 903 5340 sub
942 5286 1041 5340 alis
1085 5288 1442 5344 consistentes
1479 5289 1793 5362 Hieronymi

224 5367 454 5440 gloriosi,
496 5375 786 5430 salubriter
828 5382 1164 5447 permanent,
1205 5378 1371 5433 veluti
1410 5380 1465 5434 in
1510 5394 1725 5434 amanto
1749 5383 1794 5436 si

222 5465 551 5530 quiescerent
601 5469 860 5527 viridario
904 5480 959 5525 et
1001 5469 1259 5540 jucunde.
1306 5470 1441 5526 Post
1477 5471 1593 5527 luce
1629 5471 1797 5542 judex

226 5564 391 5611 utrum
431 5558 537 5616 hoc
563 5561 635 5615 sit
659 5560 1071 5616 adscribendum
1099 5560 1385 5617 miraculis
1400 5577 1470 5616 an
1496 5562 1792 5628 veneficiis,

225 5650 412 5703 certius
436 5654 659 5721 eupiem
687 5653 942 5722 experiri,
969 5663 1025 5708 nt
1049 5654 1093 5709 si
1116 5652 1170 5708 bi
1191 5653 1382 5710 diebus
1402 5663 1525 5710 octo
1545 5658 1793 5725 suspensi

227 5736 472 5811 viverent,
497 5761 604 5815 quo
634 5746 831 5801 vellent
859 5746 1067 5801 abirent
1090 5746 1247 5801 soluti
1276 5761 1328 5802 et
1357 5747 1532 5816 liberi,
1556 5749 1790 5804 censuit.

1388 338 1475 392 DE
1516 338 1885 394 ιιιῐιιαυιιδ
1925 339 2325 396 ΙΙΙΕῐὶΟΝΥΜΙ.

3398 359 3503 413 506
3527 384 3536 403 ι

1918 451 2205 523 Suspensis
2235 455 2413 525 itaque
2445 457 2553 541 illis~
2596 475 2739 524 mox,
2772 460 3081 535 Hieronymi
3106 468 3327 537 gloriosi
3352 485 3496 541 prae-

1917 547 2090 603 scotia
2136 549 2357 606 minime
2401 550 2612 607 defuit:
2650 555 2740 625 qui
2774 556 2984 625 plantas
3025 562 3267 617 manibus
3307 573 3498 620 tenens

1919 640 2135 708 pedum,
2167 643 2364 699 illaesos
2383 655 2440 700 et
2459 646 2698 713 vivaces,
2723 649 2941 703 statutis
2962 649 3149 706 diebus
3180 655 3500 714 miserabilia

1918 741 2001 787 ter
2025 734 2351 792 observavit.
2379 736 2618 791 Currunt
2646 739 2811 808 igitur
2837 752 3027 793 octavo
3056 740 3144 796 die
3173 745 3334 800 totius
3359 748 3492 802 civi-
3516 760 3519 765 ‘

1918 824 2041 877 tatis
2075 834 2130 878 et
2170 824 2733 896 circumadjacentium
2780 830 3028 887 villarum
3077 832 3197 893 viri,
3251 836 3420 889 currit
3442 847 3505 890 et

1911 913 2096 985 judex,
2126 928 2356 973 cernunt
2396 920 2545 974 clare
2588 922 2879 991 gloriosum
2921 924 3258 987 mirandum,
3293 930 3497 995 patera-

1915 1007 2185 1065 cientihus
2204 1027 2324 1080 qua:
2353 1013 2620 1076 viderunt,
2657 1013 2746 1083 qui
2774 1013 2841 1067 ad
2873 1016 3256 1071 custodiendos
3274 1017 3505 1087 juvenes

1918 1097 2127 1155 fuerant
2155 1102 2414 1171 deputati.
2445 1103 2706 1158 Mirantur
2731 1120 2941 1167 omnes.
2972 1106 3024 1159 iu
3054 1108 3274 1162 vocibus
3313 1110 3495 1179 excet-

1916 1193 1993 1246 sis
2023 1193 2206 1249 laudes
2238 1206 2497 1265 peragunt
2521 1195 2767 1257 creaturi
2787 1206 2847 1251 et
2880 1197 3207 1272 Hieronymo
3241 1199 3497 1279 glorioso.

1916 1283 2036 1338 Mos
2067 1284 2136 1340 de
2161 1287 2350 1342 eculeo
2381 1288 2601 1343 innoxiii
2610 1288 2837 1357 juvenes
2864 1289 3227 1358 deponuntur,
3251 1292 3501 1347 et'maxi-

1917 1376 2020 1429 mis
2058 1374 2324 1430 honorum
2355 1378 2725 1446 obsequiisah
2753 1381 2899 1433 omni
2930 1380 3126 1450 populo
3154 1392 3499 1437 venerantur.

1918 1463 2111 1527 Verum
2151 1467 2331 1536 quiin
2364 1467 2548 1522 urbem
2574 1469 3218 1540 Constantinopolitanam
3252 1473 3414 1543 capti,
3444 1483 3501 1529 et

1914 1553 2103 1608 dolore
2126 1554 2605 1611 vehementissimo
2637 1559 2990 1626 intraverant,
3020 1562 3174 1617 liberi
3204 1561 3498 1619 honorifice

1912 1655 1964 1698 et
2006 1661 2127 1697 eum
2165 1645 2363 1714 gaudio
2406 1645 2658 1700 inell'ahili
2707 1649 2983 1704 exierunt.
3036 1651 3095 1705 Et
3141 1653 3499 1717 taudem,an-

1912 1746 2109 1797 nitente
2142 1738 2273 1798 Deo.
2306 1753 2336 1793 a
2369 1739 2550 1792 multis
2575 1738 3158 1811 Gottsutntiuopolitani
3194 1745 3372 1813 ροιιιιΙί
3399 1761 3496 1800 (εοο

1908 1830 2101 1893 mitati,
2128 1830 2401 1884 Bethleem
2430 1832 2778 1900 attiugcutes,
2804 1834 3358 1891 veneratione-debita
3380 1837 3498 1912 glo-

1909 1919 2035 1974 riosi
2101 1919 2412 1991 Hieronymi
2462 1921 2718 1991 reliquias
2772 1923 3143 1979 visitaverunt.
3194 1924 3494 1998 Statimque

1837 2057 1851 2073 ,
1907 2011 2147 2081 deposita
2181 2011 2519 2066 secularium
2565 2013 2709 2067 muni
2754 2029 2903 2081 cura,
2949 2015 3255 2071 ctnnobium
3304 2017 3356 2071 in
3384 2034 3503 2088 quo

1907 2106 2038 2165 vixit
2073 2104 2340 2180 gloriosus
2383 2104 2741 2180 llieronynms
2766 2105 3125 2178 intraverunt,
3156 2118 3210 2168 et
3239 2122 3493 2171 vacantes

1906 2204 1994 2260 die
2021 2212 2285 2272 noctuque
2322 2202 2650 2270 pmoilenlia:
2676 2215 2731 2256 et
2769 2204 3122 2267 orationibus.
3148 2205 3346 2260 celebri
3386 2208 3491 2262 vita

1905 2293 2209 2349 sanctitatis
2235 2293 2535 2363 perspicua:
2556 2294 2609 2350 iu
2635 2294 2891 2364 praedicto
2913 2295 3164 2351 cceuobio
3187 2296 3360 2352 adhuc
3381 2314 3494 2355 ιιιιι-

1906 2399 2009 2438 neu
2019 2392 2058 2438 t.
3452 2458 3456 2462 Δ

1977 2476 2105 2529 Car.
2139 2472 2274 2528 Vill.
2302 2474 2503 2544 Magna:
2528 2474 2914 2538 admirationis.
2938 2476 3137 2545 gaudii.
3164 2477 3491 2534 devotionis-

1906 2581 2010 2636 que
2047 2580 2205 2618 causa
2252 2563 2562 2633 pra-cedens
2618 2564 2872 2633 juvcnmu
2914 2566 3225 2621 miraculum
3252 2570 3487 2633 exstitit;

1905 2655 1998 2710 sed
2030 2655 2209 2707 multa:
2240 2654 2507 2708 formidini
2538 2664 2715 2709 exstat
2736 2670 2991 2725 sequens,
3018 2656 3068 2710 iu
3096 2658 3263 2712 sacris
3287 2642 3491 2715 ordini-

1905 2744 2004 2798 bus
2021 2744 2250 2797 ntaxime
2275 2743 2596 2798 constitutis.
2626 2744 2780 2814 Apud
2805 2746 3139 2816 superiorem
3162 2747 3487 2805 Thebaidem

1903 2837 2171 2905 quoddam
2206 2836 2549 2892 Dominarum
2584 2838 2748 2893 fuisse
2776 2851 2899 2894 ante
2927 2840 3064 2895 duos
3089 2856 3263 2894 annos
3296 2841 3490 2897 dicitur

1904 2927 2157 2982 eximium
2197 2937 2250 2980 et
2293 2928 2446 2981 dives
2490 2929 3489 3000 monasterimu,.omni,pulchritudine
3578 2948 3585 2951 ‘

1902 3033 1967 3072 ac
1991 3018 2311 3072 excellentia
2339 3018 2653 3072 decoratum
2687 3035 2700 3071 :
2731 3018 2785 3072 in
2810 3035 2916 3088 qtto
2941 3034 3080 3089 pene
3104 3021 3349 3075 ducenta:
3380 3022 3485 3075 Do-

1903 3108 2084 3171 minae,
2121 3108 2225 3160 vita
2252 3106 2514 3173 honestae,
2555 3108 2831 3177 religionis
2860 3109 3162 3165 reclusione
3190 3111 3442 3166 continua
3469 3154 3483 3177 ,

1902 3197 2221 3265 decorisque
2246 3197 2483 3250 moribus
2507 3199 2910 3264 permanebant.
2933 3199 3011 3253 Ad
3036 3199 3170 3262 hazc,
3193 3201 3387 3270 quibus
3404 3201 3486 3259 in-

1902 3299 2048 3350 sunt,
2087 3288 2247 3355 ligant
2287 3300 2467 3348 aures,
2499 3303 2567 3341 ue
2613 3287 2754 3358 quod
2801 3304 2905 3342 uua
2946 3289 3497 3358 bauserit~aurieula,.

1904 3378 2090 3433 fundat
2113 3378 2300 3432 altera.
2350 3376 2510 3431 Navis
2538 3390 2971 3449 quantocunque
3004 3396 3134 3436 sana
3162 3383 3233 3437 sit
3256 3392 3312 3438 et
3341 3383 3482 3440 inbe-

1901 3490 2014 3543 gra.
2043 3471 2308 3527 modicum
2338 3472 2446 3526 imo
2468 3471 2598 3525 niltil
2627 3473 2864 3543 prodest,
2894 3474 2945 3526 si
2965 3474 3274 3531 altavoleus
3295 3491 3482 3532 secare

1903 3566 2104 3630 maria,
2137 3579 2357 3632 parvum
2388 3562 2529 3631 quod
2561 3562 2727 3617 fundo
2757 3565 2901 3619 inest
2925 3565 3162 3622 foramen
3180 3568 3481 3637 relinquat,

1901 3664 1959 3708 ut
1984 3654 2396 3721 dirauaufragia
2424 3670 2527 3708 nou
2554 3654 2822 3710 admittat.
2865 3658 2971 3711 Cur
3015 3656 3131 3712 hinc
3177 3660 3277 3713 sim
3321 3659 3483 3723 fatus,

1902 3750 2178 3818 prmsentis
2200 3748 2522 3802 narrationis
2549 3747 2766 3803 historia
2796 3750 3071 3803 reserabit:
3106 3750 3282 3805 Multis
3303 3751 3487 3826 itaque

1903 3838 2470 3909 poilensprtedictum
2524 3838 2905 3892 monasterium
2951 3840 3270 3903 virtutibus,
3315 3856 3481 3895 unum

1902 3934 2213 4003 pessimum,
2245 3946 2354 4000 quo
2382 3931 2510 3993 ruit,
2540 3930 2784 3983 simonize
2814 3928 2996 3981 vitium
3022 3929 3310 3984 retinebat.
3351 3929 3481 3984 Nam

1901 4025 2188 4092 instigante
2220 4021 2435 4076 diabolo
2471 4020 2523 4075 in
2554 4020 2761 4077 eisdem
2794 4020 3264 4076 Dominaliushaee
3291 4022 3480 4077 obser-

1902 4114 2124 4168 vabatur
2149 4112 2356 4173 abusio.
2386 4122 2444 4165 ut
2473 4111 2517 4164 si
2549 4126 2706 4180 quam
2732 4112 2927 4166 vellent
2948 4111 3317 4167 in-mouialem
3342 4115 3484 4168 reci—

1902 4219 2053 4273 pere,
2091 4218 2196 4258 non
2241 4211 2443 4255 tantum
2485 4201 2683 4256 intuitu
2725 4201 2961 4256 caritatis
2990 4211 3054 4257 et
3098 4203 3484 4261 misericordia:

1902 4295 2328 4365 recipiend:eque
2374 4298 2621 4353 monialis
2650 4299 2885 4354 bonitate
2906 4340 2922 4364 ,
2953 4309 3212 4368 quantum
3251 4299 3481 4371 recipie-

1903 4386 2031 4441 bant
2053 4398 2301 4458 respectu
2332 4389 2591 4458 pecuuiae.
2637 4389 2788 4445 Nulla
2817 4391 2962 4445 enim
2992 4390 3377 4448 monasterium
3405 4392 3485 4446 in-

1902 4484 2044 4530 trare
2073 4491 2323 4532 mansura
2354 4487 2596 4547 poterat,
2630 4480 2733 4534 nisi
2763 4490 2909 4534 certa
2950 4482 3191 4552 pecunia:
3216 4480 3485 4552 quantitas

1901 4579 2083 4621 secum
2117 4566 2237 4621 iret.
2272 4569 2326 4622 In
2359 4569 2465 4625 hoc
2487 4569 2753 4640 siquidem
2784 4581 2899 4627 erat
2926 4573 3255 4631 monasterio
3278 4574 3484 4629 sancti-

1901 4660 2149 4715 monialis
2187 4661 2430 4731 quadam
2467 4662 2710 4728 Domina,
2737 4674 2898 4720 aetate
2929 4665 3238 4734 grandzeva,
3266 4680 3387 4735 qua:
3416 4666 3486 4720 ab

1901 4750 2120 4807 infantia
2141 4767 2237 4808 sua
2263 4753 2483 4825 jejuniis
2510 4766 2565 4810 et
2583 4756 2914 4812 orationibus
2936 4759 3080 4812 onmi
3105 4766 3319 4811 terreno
3338 4772 3489 4811 reso-

1901 4844 2008 4899 luta
2036 4860 2214 4909 emno,
2245 4848 2355 4902 Deo
2385 4847 2595 4903 vixerat
2625 4865 2636 4900 :
2667 4865 2786 4919 qua:
2812 4849 3015 4903 vitium
3036 4848 3166 4903 illud
3197 4848 3481 4916 quatuplu-

1898 4934 2093 4991 rimum
2122 4938 2463 4993 abhorrebat.
2491 4938 2586 4995 Eni
2613 4950 2772 4995 nocte
2789 4939 3039 5007 qundam,
3063 4948 3120 4992 ut
3161 4946 3280 4993 erat
3306 4938 3484 5000 solita,

1902 5025 1954 5079 in
1977 5032 2220 5083 oratione
2249 5030 2459 5096 positae,
2489 5028 2764 5097 gloriosus
2799 5028 3158 5099 Hieronymus
3195 5043 3479 5097 apparens,

1903 5116 2079 5171 locum
2117 5119 2265 5172 illum
2295 5118 2565 5174 immenso
2585 5119 2857 5173 illustrnus
2882 5117 3101 5180 lumine,
3128 5118 3302 5174 eidem
3344 5134 3485 5188 pra:-

1901 5207 2076 5273 cepit.
2121 5217 2179 5259 ut
2216 5211 2284 5260 ad
2329 5208 2672 5263 Abbatissam
2713 5217 3043 5276 ceterasque
3083 5207 3227 5264 illius
3254 5209 3487 5265 conubii

1903 5295 2163 5351 moniales
2205 5312 2362 5352 mane
2408 5308 2652 5368 pergeret
2679 5316 2692 5353 :
2724 5299 2978 5375 nuntians
3003 5298 3147 5370 quod
3177 5299 3276 5353 nisi
3303 5316 3334 5354 a
3363 5314 3488 5369 pec-

1903 5395 2026 5442 cato
2048 5384 2160 5454 jam
2199 5387 2501 5443 inveterato
2536 5403 2753 5445 manum
2800 5390 3181 5457 retraherent,
3227 5390 3480 5449 ultionem

1903 5476 2137 5531 divinam
2188 5475 2367 5530 subito
2412 5487 2816 5547 exspectarent.
2859 5480 2955 5537 llis
2998 5480 3157 5538 dictis
3197 5481 3481 5557 disparuit.

1902 5567 2194 5624 Perterrito
2233 5567 2442 5625 visione
2496 5572 2700 5629 insueta
2747 5573 3170 5633 sanctimonialis
3218 5574 3440 5631 Domina
3465 5613 3480 5637 .

1903 5661 2020 5730 quis
2054 5660 2141 5716 hic
2168 5661 2361 5729 fuerit,
2384 5664 2580 5735 jubens
2611 5666 2735 5722 talia
2762 5668 3016 5736 nuntiari,
3042 5668 3095 5723 in
3123 5670 3301 5741 seipsa
3328 5665 3483 5723 avide

1905 5766 2254 5825 pertractans.
2288 5769 2452 5814 totam
2495 5758 2641 5814 illam
2681 5769 2892 5817 noctem
2916 5760 3121 5830 peregit
3160 5760 3481 5818 insomnem.
