4048 6186
574 305 678 363 307

574 407 924 494 Crepusculo
947 421 1051 475 diei
1092 417 1426 482 adveniente,
1455 427 1642 470 omnes
1673 413 1723 467 in
1751 411 2000 481 Capitulo
2029 425 2142 463 mo-

575 515 768 579 niales,
801 514 1003 584 pulsam
1030 507 1381 563 tintinnabqu
1400 547 1414 569 ,
1442 505 1798 576 congregavit.
1827 502 2031 570 Quibus
2057 502 2153 554 ad-

576 607 914 668 mirantibus,
940 603 1003 655 ad
1032 619 1147 670 qua:
1173 600 1346 654 forent
1377 607 1518 653 tanta
1550 596 1888 652 festinatione
1920 596 1972 648 in
1997 593 2151 663 Capi-

577 698 692 751 tnlo
735 700 1074 755 convocatae,
1121 689 1539 744 sanctimonialis
1583 688 1804 742 Domina
1851 701 1916 741 ex
1966 699 2150 739 earum

576 797 860 852 assurgens
897 780 1095 844 medio,
1127 797 1245 850 qua:
1272 780 1475 834 viderat
1515 788 1569 833 ιιι
1607 779 1870 841 audierat,
1903 777 2153 829 omnibus

575 870 840 944 patefecit.
869 869 952 924 Fit
982 871 1125 924 illico
1145 886 1212 925 ex
1239 871 1338 924 hoc
1360 870 1680 924 monialilms
1701 868 1908 922 cunctis
1938 867 2148 920 irrisio:

572 965 712 1019 banc
748 965 1044 1019 exclamant
1093 963 1313 1028 mtuam,
1351 963 1634 1030 multisque
1664 960 1902 1029 garriunt
1930 958 2152 1012 derisio-

573 1054 750 1114 nibus,
785 1054 920 1107 hanc
950 1052 1086 1107 forte
1115 1052 1200 1105 illa
1233 1052 1392 1106 nimia
1429 1051 1688 1105 ebrietate
1717 1051 2034 1104 somniasse.
2065 1048 2154 1101 Illa

577 1158 705 1199 vero
733 1153 950 1213 accepta
973 1142 1314 1207 contumelia,
1348 1143 1610 1208 patientia-
1637 1156 1695 1193 se.
1716 1151 1868 1192 scuto
1888 1139 2152 1199 muniens,

574 1237 642 1290 de
663 1251 845 1290 earum
875 1235 1138 1304 siquidem
1167 1236 1452 1304 pertinacia
1480 1234 1698 1287 nimium
1730 1233 1938 1294 dolens,
1967 1230 2059 1285 sed
2089 1229 2157 1284 dc

575 1345 670 1384 sua
699 1329 1042 1399 despcctione
1065 1327 1319 1396 gaudens,
1353 1325 1416 1379 ad
1447 1326 1629 1380 solitas
1657 1325 1816 1378 rediit
1843 1323 2114 1377 orationes
2140 1340 2152 1376 :

575 1421 881 1490 supplicans
907 1423 1162 1475 continuo
1181 1461 1196 1485 ,
1224 1434 1289 1472 ne
1319 1419 1429 1472 suis
1455 1417 1769 1470 monialilms
1796 1414 1936 1484 quod
1968 1413 2158 1468 anulis-

575 1520 659 1566 rat
684 1513 940 1567 eveniret.
991 1512 1294 1566 'fransactis
1342 1511 1500 1580 igitur
1535 1509 1721 1564 diebus
1765 1508 1972 1568 decem,
2004 1514 2158 1560 nocte

577 1603 752 1656 inedia
797 1601 1064 1672 praedicto
1107 1599 1497 1656 sanctimoniali
1543 1598 1813 1661 Dominae,
1852 1596 1952 1650 hac
1994 1595 2060 1648 de
2099 1610 2158 1648 re

578 1698 787 1750 devotis
811 1695 1138 1748 orationibus
1171 1686 1520 1752 incumbe‘nti,
1552 1691 1814 1761 gloriosus
1845 1691 2033 1742 iturum
2065 1702 2158 1755 ap-

579 1785 757 1853 paruit
803 1785 1156 1854 llieronymus
1195 1782 1358 1846 idem,
1389 1791 1447 1835 ut
1485 1797 1602 1848 quae
1641 1781 1788 1850 prius
1827 1782 2158 1833 nuntiaverat

579 1873 922 1939 monialibus,
971 1873 1144 1927 denuo
1198 1870 1458 1941 intrepide
1507 1871 1793 1936 nuntiaret,
1840 1870 2161 1923 allocutione

583 1965 851 2021 mandavit
877 1965 1123 2034 benigna.
1154 1965 1234 2020 Ad
1260 1980 1417 2035 quem
1444 1964 1528 2018 illa
1557 1983 1568 2015 :
1593 1962 1739 2028 Quis,
1765 1965 1951 2033 inquit,
1981 1979 2030 2015 es
2058 1959 2160 2014 Do-

580 2057 734 2121 mine,
765 2056 890 2110 talia
919 2055 1044 2108 mihi
1065 2055 1354 2109 mandans!
1389 2053 1748 2124 Hieronymus,
1779 2053 1968 2122 ittquit,
2001 2069 2111 2104 sum
2143 2068 2162 2105 :

581 2156 633 2199 et
665 2147 731 2200 ab
759 2145 997 2215 ejusdem
1023 2146 1242 2200 evanuit
1264 2144 1456 2198 oculis.
1503 2143 1590 2197 llla
1620 2157 1749 2197 vero
1774 2144 1951 2197 sciens
1977 2157 2159 2196 earum

579 2237 850 2301 duritiem,
879 2235 1007 2308 qttid
1028 2244 1229 2306 ageret,
1257 2235 1450 2306 quidve
1483 2234 1707 2300 diceret,
1737 2233 2029 2287 nesciebat.
2061 2233 2162 2285 Ta-

581 2344 702 2382 men
733 2327 940 2382 malens
979 2341 1009 2382 a
1050 2325 1369 2381 monialibus
1410 2325 1592 2380 insana
1622 2334 1676 2378 et
1714 2323 1860 2378 ebria
1903 2323 2158 2390 reputari,

579 2435 738 2486 quam
767 2417 960 2472 divinis
988 2417 1253 2472 contraire
1282 2415 1577 2485 prmceptis,
1603 2415 1939 2484 congregatis
1968 2414 2161 2466 iterum

584 2508 902 2562 monialibus
922 2548 938 2572 ,
969 2523 1087 2575 qua:
1115 2506 1321 2561 viderat
1345 2516 1398 2562 et
1423 2506 1664 2560 audierat
1694 2505 1857 2560 voluit
1893 2504 2160 2559 intimare.

582 2602 682 2651 Ast
721 2609 778 2652 ιιι
819 2613 936 2652 eam
978 2612 1260 2667 assurgere
1285 2598 1545 2651 moniales
1570 2596 1834 2665 pestifera:
1863 2611 2162 2664 compesc-

583 2697 729 2751 runt,
758 2687 922 2742 divini
951 2687 1345 2755 nesciaejudicii
1378 2686 1477 2740 sibi
1507 2686 1574 2740 de
1600 2687 1844 2755 proximo
1867 2685 2050 2748 futuri,
2070 2700 2164 2736 an-

584 2791 797 2848 tequam
824 2779 983 2833 verba
1016 2778 1308 2848 inciperet,
1349 2793 1381 2832 e
1415 2777 1804 2846 Capitulocum
1838 2778 2039 2845 magnis
2071 2791 2160 2828 ca-

582 2869 1014 2923 chinnationibus
1040 2873 1304 2928 exierunt.
1337 2867 1473 2935 Quin
1503 2867 1782 2920 transactis
1813 2865 2026 2933 insuper
2051 2865 2163 2918 die-

582 2952 682 3012 lnis
708 2958 873 3013 tribus
893 2957 1178 3012 dormienti
1207 2956 1477 3026 praedicta:
1505 2955 1897 3010 sanctimoniali
1927 2955 2164 3008 Domnoc

581 3049 844 3118 gloriosus
873 3047 1227 3119 Hieronymus
1251 3046 1498 3102 ittclTabili
1529 3045 1756 3115 quadam
1779 3047 2033 3100 societate
2055 3045 2161 3099 val~

581 3139 721 3193 latus
749 3137 1098 3208 Angelorum,
1128 3145 1284 3191 nocte
1311 3150 1576 3207 apparens
1603 3135 1797 3199 media,
1820 3151 1939 3188 eam
1966 3138 2166 3189 excita-

582 3229 675 3292 vit,
697 3229 852 3300 eique
868 3229 1027 3299 jussit
1049 3229 1312 3298 protinus,
1336 3237 1392 3282 ιιι
1411 3227 1479 3283 de
1500 3228 1592 3282 illo
1611 3229 1782 3282 exiret
1803 3228 2161 3283 monasterio:

583 3336 684 3375 nec
712 3321 887 3375 subito
914 3319 1142 3376 futuram
1169 3319 1489 3375 sententiam
1523 3329 1880 3389 exspectaret.
1913 3321 2046 3374 Cum
2078 3320 2164 3374 illa

582 3426 713 3465 vero
740 3411 920 3465 multis
948 3410 1199 3481 lacrymis
1229 3410 1553 3479 supplicaret
1591 3426 1658 3464 ne
1699 3409 1801 3465 hoc
1829 3409 1983 3465 fleret
2011 3429 2024 3463 ε
2047 3410 2166 3480 glo-

584 3503 760 3556 riosus
805 3503 974 3571 inquit
1017 3501 1370 3571 Hieronymus
1394 3542 1408 3563 ,
1453 3501 1534 3554 Ad
1574 3501 1857 3556 Abatissam
1883 3512 1930 3556 et
1959 3512 2167 3556 steteras

586 3593 784 3664 pergito
832 3591 972 3646 omni
1017 3609 1162 3646 mora
1206 3593 1506 3661 postposita,
1534 3593 1718 3646 eisdem
1747 3595 2004 3657 nuntians,
2033 3594 2168 3664 quod

585 3686 687 3740 nisi
712 3686 1006 3755 pmniteaut,
1039 3686 1136 3739 hac
1156 3695 1301 3741 nocte
1326 3686 1548 3739 divinam
1572 3688 1784 3740 sentient
1810 3687 2069 3742 ultionem.
2106 3689 2169 3744 Si

584 3787 754 3832 autem
793 3777 849 3831 in
886 3793 980 3831 sua
1018 3777 1379 3848 permanebunt
1404 3777 1592 3830 duritia
1615 3779 1786 3831 statim
1813 3779 1985 3833 exiens
2008 3821 2024 3846 ,
2053 3796 2166 3834 am-

585 3868 720 3938 plius
754 3869 809 3922 in
851 3868 1157 3922 monasterio
1197 3883 1261 3922 ne
1296 3868 1527 3922 moreris.
1561 3868 1652 3923 llis
1691 3868 1853 3924 finitis
1889 3869 2167 3926 abscessit.

583 3956 712 4013 Haec
756 3956 915 4028 igitur
956 3956 1179 4011 audiens
1215 3956 1667 4020 sanctimonialis,
1697 3958 1874 4023 anxia,
1905 3958 2168 4029 plenaque

584 4049 838 4114 tristitiis,
866 4046 1169 4118 Capitulum
1197 4046 1346 4110 adiit,
1387 4055 1440 4102 et
1481 4062 1795 4116 campanam
1836 4050 2166 4119 eepitvebe-

583 4148 814 4205 menter,
846 4147 905 4193 ut
928 4138 993 4192 ad
1017 4137 1318 4209 Capitulum
1345 4139 1660 4194 accederent
1687 4140 1945 4196 moniales
1967 4181 1982 4206 ,
2013 4126 2182 4196 rese:

585 4244 736 4286 nare.
763 4230 880 4299 Quo
907 4229 1190 4286 Abbatissa
1217 4229 1286 4286 de
1310 4243 1500 4286 somno
1525 4231 1801 4301 evigilans,
1819 4245 2168 4302 cognoscens-

583 4337 688 4392 que
714 4321 782 4376 ab
811 4321 910 4376 hac
937 4320 1051 4376 fore
1079 4336 1389 4391 campanam
1419 4321 1680 4393 pulsatum
1701 4363 1716 4387 ,
1745 4337 1866 4376 cum
1895 4323 2163 4379 iracundia

584 4414 652 4467 ad
677 4411 976 4482 Capitulum
998 4414 1325 4484 properavit.
1357 4415 1422 4468 At
1445 4413 1530 4468 ubi
1556 4414 1700 4468 illam
1722 4415 1873 4478 vidit,
1895 4414 2027 4470 diris
2047 4430 2165 4470 eam

583 4506 746 4558 minis
776 4505 1080 4575 increpans,
1109 4505 1310 4560 nullum
1341 4505 1507 4560 voluit
1535 4506 1722 4561 audire
1743 4507 1965 4561 verbum
1991 4547 2006 4570 ,
2034 4523 2164 4578 pro-

581 4594 804 4649 mittens
824 4594 964 4664 quod
994 4595 1097 4649 nisi
1123 4604 1361 4650 cessaret
1390 4595 1490 4650 boc
1519 4610 1700 4667 agere,
1729 4612 1910 4651 secum
1938 4598 2167 4666 amplius

583 4687 636 4738 in
667 4685 993 4740 monasterio
1020 4698 1125 4740 non
1151 4692 1413 4740 maneret.
1450 4685 1548 4740 Cui
1591 4685 2014 4740 sanctimonialis
2061 4687 2166 4741 Do-

583 4777 749 4841 mina,
780 4774 866 4830 Ne
889 4777 1078 4843 tardes,
1104 4793 1292 4847 quaso,
1321 4793 1470 4847 agere
1487 4792 1601 4847 quae
1635 4779 1904 4846 promittis.
1926 4777 2167 4849 Profecto

582 4883 665 4919 me
724 4883 905 4921 noscas
960 4870 1057 4921 hoc
1116 4869 1170 4922 in
1233 4869 1346 4923 loco
1400 4868 1623 4935 amplius
1686 4883 1787 4920 non
1831 4884 2123 4924 mansuram
2146 4887 2166 4926 :

583 4959 835 5027 gloriosus
859 4957 1088 5028 equidem
1115 4956 1458 5026 Hieronymus
1485 4973 1738 5027 apparens
1775 4957 1896 5010 mihi
1939 4967 2162 5012 tantum-

581 5050 734 5103 modo
763 5049 857 5102 Itoc
880 5050 1052 5104 statim
1079 5048 1384 5103 monasterio
1411 5050 1642 5118 futurum
1672 5046 1931 5117 judicium
1967 5055 2164 5120 patefe-

579 5142 667 5196 cit.
717 5141 843 5196 Haec
889 5142 1112 5197 audiens
1158 5140 1463 5206 Abhatissa,
1500 5139 1746 5196 deridere
1790 5141 1979 5210 erepit.
2029 5141 2179 5197 hanc-

584 5233 858 5286 :estimans
887 5247 1085 5288 vesano
1112 5231 1286 5302 capite
1327 5231 1425 5285 ista
1469 5229 1588 5284 fari.
1626 5230 1689 5285 Et
1718 5231 2002 5288 Ostiariam
2030 5247 2164 5288 con-

580 5337 801 5387 vocans,
826 5324 986 5392 jussit
1012 5333 1069 5379 ut
1095 5324 1233 5378 hanc
1257 5323 1325 5377 de
1347 5323 1674 5377 monasterio
1697 5324 1938 5391 protinus
1963 5323 2166 5394 elfuga-

579 5424 693 5470 ret:
709 5415 968 5469 mandans
987 5416 1184 5478 eidem.
1200 5415 1442 5482 utaliqna
1460 5415 1586 5468 hora
1605 5416 1681 5468 sic
1701 5424 1850 5469 extra
1865 5415 2158 5483 dimissam,

580 5505 920 5572 postmodum
937 5504 1142 5560 faceret
1169 5505 1414 5570 introire,
1445 5515 1500 5558 ιιι
1527 5506 1602 5559 sic
1623 5506 1690 5560 ab
1716 5507 1963 5569 inemptis
1985 5508 2156 5577 operi-

577 5593 679 5649 bus
704 5593 814 5661 jam
843 5600 1098 5645 cessaret.
1131 5593 1240 5647 [lac
1265 5593 1332 5646 de
1361 5608 1419 5647 re
1447 5595 1566 5648 beta
1597 5595 2017 5649 sanctimonialis
2059 5596 2159 5650 Do-

582 5685 720 5738 mina
748 5721 764 5745 ,
803 5695 962 5746 quam
993 5680 1146 5734 citius
1187 5683 1353 5751 potuit
1385 5698 1413 5734 e
1441 5685 1764 5735 monasterio
1795 5693 1872 5737 est
1901 5699 2116 5752 egreSsa
2145 5727 2160 5751 ,

1737 296 1821 351 DE
1859 291 2224 350 MIRACULIS
2265 288 2512 345 llllZRON
2523 287 2662 342 Ylll.

3731 292 3840 350 308

2266 405 2512 477 lacrymis
2535 402 2816 469 transfusa,
2845 399 3220 468 doloribusque
3248 399 3469 470 repleta,
3494 415 3593 470 pro
3616 401 3701 458 bis
3720 419 3843 475 qua:

2260 497 2583 551 monasterio
2601 501 2819 550 noverat
2837 493 3071 548 evenire.
3092 493 3368 548 Terribilis
3387 494 3652 564 siquidem
3677 496 3840 564 Deus,

2261 585 2413 640 fortis
2437 597 2597 655 atque
2624 594 2811 655 potens
2844 603 2858 640 :
2886 595 2939 638 et
2971 584 3089 654 quis
3121 583 3333 638 resistet
3357 584 3447 638 ei?
3477 585 3591 641 lleu
3620 601 3720 643 cur
3745 587 3846 644 bo-

2261 681 2433 733 mines
2475 694 2594 733 eum
2644 694 2749 732 non
2802 677 3104 738 formidant,
3151 676 3383 731 scientes
3427 693 3488 732 se
3535 679 3844 735 nullatenus

2261 783 2418 838 posse
2446 769 2513 823 ab
2538 769 2652 837 ejus
2676 768 2912 835 effugere
2939 767 3182 822 manibus
3201 810 3214 832 ,
3240 779 3295 822 ut
3327 769 3442 838 ejus
3466 785 3562 824 eos
3588 786 3840 842 magnum

2260 869 2314 913 et
2341 859 2693 913 inenarrabile
2714 858 2971 927 judicium
3012 875 3118 912 non
3149 859 3572 928 comprehendat
3601 878 3614 914 :
3645 864 3839 918 saltem

2262 949 2345 1003 bis
2387 949 2567 1004 miseri
2610 958 2912 1004 terreantur
2947 951 3225 1017 exemplis.
3274 951 3505 1006 Andiant
3531 954 3618 1022 qui
3647 955 3701 1008 in
3729 957 3845 1009 suis

2260 1039 2535 1095 confidunt
2558 1040 2776 1106 divitiis,
2801 1041 2998 1110 quique
3025 1041 3075 1094 in
3106 1041 3238 1095 iram
3269 1043 3539 1097 concitant
3563 1045 3842 1101 excelsum

2265 1132 2565 1191 Dominum.
2604 1147 2715 1186 stlte
2760 1133 2996 1186 avaritia:
3040 1133 3300 1198 siccitate,
3329 1134 3482 1200 quale
3511 1133 3633 1188 huic
3660 1151 3846 1190 mona-

2261 1222 2427 1274 sterio
2452 1235 2480 1273 a
2514 1221 2621 1274 Deo
2662 1231 2879 1290 propter
2922 1221 3174 1289 pecunias
3220 1221 3408 1283 faciem
3447 1227 3708 1279 avertenti
3731 1269 3744 1286 ,
3775 1227 3848 1282 de

2262 1312 2399 1366 caelo
2420 1298 3103 1381 estjudicium'jaculatmn.
3147 1313 3288 1368 Pene
3315 1315 3472 1369 limen
3499 1317 3618 1370 ostii
3647 1319 3850 1371 sancti-

2263 1402 2508 1456 monialis
2537 1401 2756 1456 Domina
2785 1414 3086 1456 excesserat
3115 1423 3128 1457 :
3161 1414 3212 1458 ct
3239 1405 3418 1460 subito
3445 1416 3609 1462 totum
3641 1411 3848 1464 eorrnit

2265 1493 2666 1555 monasterium.
2705 1509 2894 1548 omnes
2934 1496 3242 1565 opprimens
3282 1499 3564 1563 moniales,
3597 1501 3746 1555 itaut
3776 1518 3849 1558 ex

2264 1584 2342 1637 eis
2369 1585 2486 1637 viva
2513 1585 2688 1654 aliqua
2712 1600 2817 1639 non
2845 1587 3120 1641 retnansit.
3147 1587 3579 1645 Sanctimonialis
3604 1608 3729 1647 vero
3751 1593 3844 1646 illa

2266 1675 2316 1728 in
2348 1675 2576 1743 quodam
2611 1677 2893 1736 venerabili
2929 1678 3269 1750 Dominarum
3309 1681 3634 1735 monasterio
3656 1725 3672 1749 ,
3699 1684 3846 1750 quod

2264 1776 2344 1818 est
2375 1768 2510 1835 apud
2540 1766 2842 1821 inferiorem
2873 1745 3199 1824 Thebaidem
3225 1812 3242 1836 ,
3284 1769 3537 1827 hactenus
3565 1766 3852 1831 sanctitate

2268 1857 2529 1926 przrcipua
2560 1858 2676 1911 viva
2704 1867 2902 1912 manet.

2335 1947 2462 2000 CAP.
2498 1947 2585 2000 IX.
2619 1947 2840 2017 Dignum
2863 1949 3044 2003 censui
3068 1950 3356 2019 praemissis
3377 1954 3647 2009 miraculis
3668 1955 3850 2026 aliqua

2267 2038 2366 2090 alia
2396 2037 2558 2090 divini
2587 2047 2770 2092 contra
2801 2051 3081 2108 peccantes
3121 2042 3386 2097 manifesti
3433 2043 3618 2112 iudicii
3658 2045 3849 2100 decla-

2267 2131 2429 2183 rativa
2455 2129 2680 2198 jungere
2706 2149 2718 2184 :
2749 2140 2805 2184 ut
2833 2131 2878 2184 si
2909 2132 3042 2186 forte
3071 2147 3179 2201 pra:
3207 2133 3519 2189 indiciorum
3549 2135 3854 2192 multitudi-

2269 2237 2333 2271 ne
2359 2262 2372 2281 ,
2416 2229 2751 2289 peccatorum
2787 2222 2950 2276 corda
2986 2224 3190 2278 tenacia
3219 2235 3274 2278 et
3304 2224 3424 2295 plus
3448 2242 3606 2292 quam
3636 2227 3850 2297 lapidea

2269 2313 2318 2364 iu
2357 2327 2548 2366 carnea
2591 2321 2960 2379 verterentur,
3001 2323 3266 2383 quatenus
3294 2329 3414 2370 cum
3449 2331 3509 2371 sc
3535 2317 3604 2371 ob
3631 2331 3855 2386 peccata

2266 2409 2550 2458 con-iterent
2577 2404 2686 2458 fieri
2719 2404 2953 2466 belluas,
2997 2406 3202 2458 ratione
3231 2415 3284 2459 et
3319 2407 3621 2476 cognitione
3645 2409 3726 2461 sui
3754 2425 3854 2462 co-

2269 2504 2521 2549 narentur
2547 2505 2601 2550 ιιι
2631 2495 2820 2551 lic-rent
2849 2498 3109 2556 homines.
3133 2499 3372 2569 adipisci.
3407 2499 3622 2568 Abjeeta
3648 2504 3852 2554 etenim

2269 2589 2492 2652 ratione,
2517 2603 2616 2656 qua
2643 2597 2766 2642 sunt
2797 2589 3060 2652 homines,
3087 2589 3220 2644 infra
3252 2590 3404 2645 bruta
3431 2592 3679 2646 animalia
3709 2594 3824 2645 rutfi
3843 2625 3855 2634 -

2266 2687 2480 2746 guntnr.
2527 2677 2836 2732 Grmcorum
2881 2679 3095 2747 quidam
3139 2679 3454 2742 haereticus,
3491 2681 3580 2736 die
3619 2683 3852 2750 quadam

2268 2783 2386 2820 cum
2425 2767 2700 2822 sacerdote
2747 2768 2974 2835 quodam
3019 2769 3069 2822 in
3113 2769 3560 2840 Jerosolymitana
3611 2770 3853 2828 Ecclesia

2268 2861 2479 2929 publice
2525 2862 2848 2930 disputabat.
2890 2861 3131 2931 Cumque
3160 2862 3412 2916 sacerdos
3447 2863 3517 2916 ob
3547 2879 3656 2917 suae
3687 2867 3856 2932 partis

2269 2951 2636 3006 defensionem
2681 2953 3050 3005 auctoritatem
3093 2953 3379 3021 quamdam
3410 2953 3627 3023 gloriosi
3663 2956 3854 3009 llicro-

2271 3045 2414 3115 nymi
2461 3044 2733 3113 alle‘garet,
2775 3053 2830 3098 ut
2870 3045 3040 3099 Graeci
3067 3045 3362 3100 destrueret
3395 3049 3652 3112 mtiones,
3687 3057 3828 3101 teme

2269 3137 2411 3190 rario
2440 3135 2656 3206 pestifer
2681 3135 2899 3190 Grtecus
2927 3150 3022 3190 ore
3047 3136 3335 3204 gloriosum
3383 3135 3545 3191 fuisse
3588 3137 3853 3209 Hierony-

2271 3245 2414 3284 mum
2443 3230 2459 3295 (
2488 3229 2651 3283 totius
2676 3227 2916 3282 veritatis
2947 3228 3166 3299 lumen)
3195 3229 3474 3282 mentitum
3504 3244 3610 3283 non
3641 3231 3856 3285 erubuit

2269 3334 2402 3375 voce
2440 3319 2559 3376 fari.
2589 3320 2658 3374 At
2681 3321 2802 3388 quia
2828 3333 2961 3374 voce
2988 3319 3148 3372 talem
3175 3319 3465 3388 nequitiam
3507 3332 3854 3390 perpetrave-

2271 3421 2373 3473 rat,
2403 3426 2590 3466 vocem
2621 3411 2876 3478 deinceps
2895 3411 3163 3464 ullatenus
3186 3425 3289 3464 non
3313 3410 3580 3465 formavit.

2341 3502 2471 3557 Cn.
2518 3501 2588 3557 Χ.
2632 3501 2856 3569 Quidam
2897 3502 3115 3570 insuper
3153 3501 3290 3555 alius
3332 3500 3612 3556 haereticus
3636 3503 3855 3571 pestifer

2274 3594 2610 3657 Arianorum,
2647 3594 2700 3646 in
2729 3591 2958 3662 quadam
2995 3591 3357 3660 disputatione
3395 3591 3604 3648 cuidam
3634 3593 3855 3662 gloriosi

2273 3685 2580 3756 Hieronymi
2633 3685 3003 3738 auctoritatem
3047 3693 3233 3738 contra
3277 3699 3398 3739 eum
3443 3684 3746 3748 inducenti,
3799 3694 3858 3740 ut

2273 3775 2544 3838 mentitur,
2574 3789 2667 3829 sua
2692 3775 2990 3829 temeritate
3013 3773 3288 3844 reSpondit
3310 3791 3324 3828 :
3348 3773 3522 3828 subito
3549 3774 3642 3827 fuit
3669 3774 3853 3828 divina

2272 3867 2474 3920 ultione
2495 3881 2798 3931 percus~us.
2822 3864 2953 3919 Nam
2980 3866 3216 3920 nondum
3239 3866 3459 3920 verbum
3483 3881 3613 3920 voce
3639 3866 3850 3930 finiens,

2271 3959 2500 4013 clamare
2542 3972 2638 4027 per
2669 3965 2836 4011 totum
2873 3956 3015 4012 diem
3061 3958 3175 4010 sine
3213 3958 3383 4026 aliqua
3415 3957 3718 4011 cessatione
3744 3974 3851 4010 non

2271 4048 2428 4103 desiit
2455 4066 2469 4104 :
2501 4047 2741 4102 Miserere
2758 4047 2876 4113 mei,
2912 4047 3220 4118 Hieronyme
3240 4049 3478 4118 gloriose,
3502 4049 3588 4119 qui
3614 4065 3646 4101 a
3675 4059 3724 4102 te
3747 4065 3853 4117 pte-

2271 4141 2350 4194 nis
2376 4140 2657 4194 durissimis
2687 4150 2936 4210 torqueor.
2970 4138 3036 4193 Et
3063 4139 3164 4194 hoc
3201 4153 3295 4208 per
3327 4147 3493 4193 totum
3527 4139 3675 4192 illmn
3703 4138 3849 4193 diem

2272 4231 2480 4300 quantis
2526 4238 2735 4300 poterat
2780 4229 3000 4284 vocibus
3041 4229 3307 4290 clamans,
3350 4229 3478 4283 hora
3519 4229 3854 4300 completorii

2273 4322 2644 4377 miserabiliter
2669 4323 2876 4376 cunctis
2917 4336 3008 4392 qut
3052 4321 3118 4375 ad
3167 4320 3281 4375 hzrc
3324 4330 3710 4376 concurrerant
3735 4335 3856 4375 cer-

2273 4412 2538 4476 nentibus,
2571 4411 2882 4480 exspiravit.

2342 4504 2471 4559 Car.
2502 4503 2596 4558 XI.
2626 4503 2916 4557 llzrrcticus
2941 4503 3153 4572 quidam
3175 4504 3312 4557 alius
3335 4503 3602 4573 pestifera:
3629 4503 3856 4559 haeresis

2274 4597 2502 4658 Arianae,
2544 4596 2626 4646 cui
2657 4604 2782 4648 ante
2806 4610 2982 4650 meum
3024 4596 3248 4657 obitum,
3281 4595 3440 4650 finem
3468 4599 3584 4666 pius
3613 4597 3854 4665 imponat

2273 4687 2526 4741 Dominus
2552 4703 2565 4739 :
2599 4687 2652 4741 in
2699 4686 2938 4742 Eccle~ia
2965 4687 3092 4742 Sion
3121 4689 3336 4759 gloriosi
3366 4689 3674 4761 Hieronymi
3720 4689 3858 4744 ima-

2270 4779 2445 4848 ginem
2480 4793 2710 4833 cernens
2741 4796 2754 4832 :
2788 4777 3030 4842 Utinam,
3075 4780 3276 4850 inquit,
3305 4781 3376 4836 sic
3417 4790 3465 4834 te
3503 4797 3615 4834 cum
3656 4780 3858 4835 vivebas

2271 4872 2392 4926 meis
2420 4873 2648 4927 manibus
2673 4873 2957 4938 tenuissem,
2983 4876 3100 4944 quia
3121 4885 3170 4929 te
3187 4893 3295 4929 meo
3317 4876 3488 4947 gladio
3501 4875 3856 4946 jugulassem.

2271 4962 2396 5017 “me
2425 4971 2480 5016 ut
2503 4963 2576 5017 ita
2603 4963 2758 5028 dixit,
2781 4963 3012 5034 gladium
3039 4967 3346 5034 evaginaus,
3376 4976 3482 5020 tota
3511 4969 3557 5019 vi
3591 4966 3768 5035 ipsttm
3802 4968 3856 5022 in

2271 5055 2517 5124 imaginis
2541 5055 2681 5109 illius
2709 5063 2893 5125 guttur
2920 5056 3110 5111 iullxit.
3145 5057 3312 5124 Quam
3345 5073 3565 5128 magnus
3591 5058 3691 5112 iste
3722 5057 3855 5114 Ilie-

2272 5159 2547 5216 ronymus,
2587 5153 2665 5198 tot
2707 5145 2908 5200 faciens
2953 5146 3235 5209 u‘iirabilia,
3282 5149 3365 5201 cui
3415 5148 3709 5204 secundmn
3754 5163 3853 5204 sua

2271 5249 2433 5304 opera
2463 5235 2656 5290 similis
2684 5250 2788 5289 non
2819 5246 3063 5306 apparet,
3097 5237 3266 5305 potuit
3292 5238 3539 5306 equidem
3567 5239 3856 5296 imbecillis

2272 5325 2325 5379 in
2368 5315 2866 5394 imaginis'gutture
2904 5326 3138 5395 gladium
3169 5327 3328 5393 figere
3353 5327 3572 5383 dcx'era
3607 5347 3624 5388 :
3651 5325 3750 5384 sed
3782 5329 3854 5385 de

2272 5415 2500 5484 imagine
2537 5413 2804 5484 gladium,
2832 5427 2884 5471 et
2909 5433 2936 5469 a
2964 5416 3140 5485 gladio
3181 5433 3395 5471 manum
3442 5435 3723 5491 quousque
3766 5435 3854 5475 res

2271 5505 2519 5573 innotuit,
2551 5505 2834 5561 extrahere
2863 5506 3163 5561 nullatenus
3187 5507 3282 5561 fuit
3305 5521 3545 5578 compos.
3577 5509 3696 5566 Mox
3724 5527 3850 5582 quo-

2270 5611 2374 5665 que
2393 5612 2455 5650 ex
2481 5597 2842 5664 percussionis
2861 5595 2999 5661 loco,
3020 5607 3266 5667 tanquam
3287 5613 3354 5653 ex
3372 5600 3604 5657 hominis
3625 5617 3852 5673 corpore

2270 5689 2394 5748 vivi,
2429 5689 2704 5757 sanguinis
2729 5689 2864 5743 unda
2892 5689 3060 5755 fluxit,
3094 5676 3212 5758 ιιιιέυ
3239 5704 3404 5758 usque
3435 5692 3596 5746 modo
3624 5708 3719 5761 pro
3752 5695 3848 5749 tui-
