4048 6186
108 300 199 362 309

114 434 273 493 raculo
294 422 613 486 declarando
642 420 807 474 fluere
831 422 1098 482 nunquam
1125 412 1320 463 cessat.
1351 398 1549 493 Eadem
1579 395 1661 493 in-

113 540 254 597 super
280 522 408 577 hora
428 558 445 583 ,
483 529 584 585 qua
613 526 700 566 res
726 509 802 562 sic
831 514 948 560 aeta
972 510 1083 564 est,
1110 496 1274 569 judiei
1302 494 1356 547 in
1382 490 1519 544 atrio
1544 485 1661 539 exi-

797 599 1103 655 ieronymus
1126 603 1245 643 cum
1270 583 1449 655 gladio
1467 575 1663 650 gutturi

116 671 543 772 infixo'appare'ns
560 735 575 761 ,
614 708 709 763 pro
732 687 1027 744 oﬂensione
1052 676 1352 749 hujusmodi
1384 671 1667 725 vindictam

244 761 544 867 postulavit,
566 761 788 841 narrans
816 777 1060 849 equidem
1087 772 1185 827 sibi
1217 769 1434 824 factum.
1468 764 1532 816 Et
1557 761 1672 813 haec

320 885 469 939 abiit.
512 874 850 946 Stupef'aetus
887 871 1063 937 itaque
1096 862 1259 932 jndex
1300 872 1419 913 cum
1465 852 1674 907 czeteris

120 980 199 1049 qui
225 975 534 1036 adstabant,
560 944 627 1023 ad
657 961 950 1020 Ecclesiam
984 967 1277 1026 properans
1302 990 1317 1013 ,
1366 944 1673 1000 hmretieum

120 1047 263 1125 manu
288 1066 518 1138 gladium
544 1055 792 1128 imaginis
815 1049 1018 1124 gutturi
1042 1047 1265 1103 infixum
1290 1049 1561 1096 tenentem
1590 1047 1679 1087 re-

121 1163 263 1232 perit,
289 1130 381 1230 qui
408 1155 674 1227 protinus,
700 1157 757 1202 ιιι
782 1147 833 1200 hi
862 1144 1131 1204 viderunt,
1162 1148 1380 1191 manum
1411 1130 1506 1182 luit
1531 1140 1683 1179 com-

304 1215 483 1321 ξιηὰιο
519 1237 849 1299 removendi.
896 1233 1096 1302 Captus
1121 1230 1298 1297 itaque
1326 1220 1604 1275 haereticus
1632 1215 1683 1318 in

119 1305 199 1324 τη
263 1305 266 1306 ν
306 1305 337 1321 υ

118 1359 202 1400 sua
243 1351 568 1413 permanens
593 1332 810 1394 duritia,
838 1327 908 1381 ob
936 1323 1077 1379 aliud
1113 1336 1171 1375 se
1209 1334 1317 1373 non
1354 1314 1559 1371 dolere,
1586 1305 1687 1361 nisi

120 1433 253 1506 quod
283 1432 457 1486 vivum
486 1441 590 1481 non
619 1429 824 1479 teneret
852 1418 1233 1485 Hieronymum
1263 1406 1524 1479 garriens,
1544 1416 1571 1452 a
1599 1414 1692 1469 po-

122 1490 222 1597 puli
249 1519 589 1578 multitudine
617 1514 903 1585 lapidibus,
933 1507 1107 1578 lignis,
1141 1502 1381 1559 ensibus,
1412 1508 1465 1551 et
1492 1490 1695 1548 lanceis

123 1615 402 1688 iugulatur.

190 1674 313 1761 hac.
346 1699 462 1756 XII.
492 1696 673 1765 Nepos
718 1706 869 1748 meus
913 1689 1169 1751 Joannes,
1212 1696 1370 1751 quem
1409 1674 1692 1746 agnoscis,

129 1798 263 1852 omni
294 1793 502 1861 fulgens
534 1764 945 1858 pulchritudine,
969 1793 1125 1849 quem
1154 1774 1282 1830 mihi
1311 1773 1365 1826 ill
1396 1771 1570 1824 locum
1599 1764 1692 1818 lilii

128 1885 388 1956 adeptavi,
412 1891 469 1938 ut
492 1854 638 1946 puto,
655 1878 745 1931 tibi
762 1874 930 1946 pridie
945 1869 1069 1941 quid
1091 1869 1138 1923 ei
1164 1864 1405 1922 evenerit
1425 1854 1693 1915 enarravi.

132 1980 233 2036 Sed
259 1988 431 2032 tamen
451 2013 467 2035 ,
497 1981 555 2025 ut
582 1966 916 2039 przestantius
945 1959 1217 2016 memoria:
1254 1950 1658 2011 commendetur
1681 1987 1697 2012 ,

134 2068 338 2124 silentio
381 2080 488 2118 non
532 2059 786 2115 transibo.
832 2056 1032 2125 Captus
1070 2052 1247 2120 itaque
1287 2046 1425 2101 idem
1468 2042 1703 2097 Joannes

134 2174 257 2216 ante
277 2161 410 2215 duos
433 2170 599 2211 annos
626 2170 655 2206 a
682 2148 880 2214 Persis,
901 2157 953 2201 et
982 2146 1263 2200 Persarum
1286 2138 1425 2208 regis
1447 2132 1706 2189 ministris

136 2253 410 2314 venditus,
454 2254 674 2317 propter
715 2240 1039 2294 eminentem
1071 2248 1220 2288 suam
1253 2224 1702 2299 pulchritudinem

138 2345 202 2398 ad
230 2345 366 2411 regis
393 2333 690 2393 exercenda
717 2329 973 2399 obsequia
1009 2327 1311 2394 deputatur.
1349 2319 1588 2384 Cumque
1616 2326 1711 2381 per

140 2406 331 2489 annum
358 2430 410 2483 in
440 2427 584 2483 curia
607 2424 767 2493 regis.
798 2434 903 2473 non
936 2431 1100 2486 parvo
1122 2413 1307 2468 dolore
1332 2419 1385 2465 et
1408 2406 1565 2461 tmdio
1587 2418 1711 2473 per-

140 2524 440 2584 mansisset,
462 2518 649 2574 eodem
674 2511 1021 2569 revolutiouis
1041 2508 1165 2561 anni
1188 2507 1275 2559 die
1301 2498 1579 2572 prandenti
1603 2496 1713 2566 regi

142 2618 399 2679 serviells,
426 2627 535 2681 prie
558 2607 769 2662 tristitia
796 2618 855 2659 se
884 2618 913 2657 a
945 2598 1196 2669 Iacrymis
1226 2612 1330 2649 non
1358 2594 1526 2662 potuit
1546 2590 1716 2644 conti-

144 2724 290 2764 nere.
316 2707 425 2761 Iioe
450 2719 543 2758 rex
571 2703 803 2761 intuens,
833 2696 1186 2764 laerymarom
1214 2688 1280 2741 ab
1308 2701 1375 2741 eo
1395 2683 1551 2738 avido
1571 2695 1717 2751 quae.

143 2802 214 2857 rit
239 2812 475 2853 causam.
507 2795 619 2859 Qua
650 2798 943 2857 comperta,
995 2785 1045 2838 ill
1076 2779 1306 2852 quodam
1336 2792 1457 2832 eum
1483 2787 1661 2829 castro
1687 2787 1715 2825 a

146 2887 458 2961 quibusdam
518 2881 771 2953 praecepit
824 2875 1080 2931 militibus
1131 2869 1407 2927 custodiri.
1466 2864 1721 2934 Sequenti

148 2994 373 3048 namque
401 2985 576 3040 nocte,
601 2973 788 3027 eodem
819 2971 869 3023 ill
894 2974 1073 3022 castro
1100 2964 1363 3019 existente
1392 2959 1523 3015 diris
1554 2959 1723 3027 lacry-

147 3076 249 3129 mis
288 3070 523 3139 undique
562 3063 861 3121 madefacto
906 3062 958 3113 ill
998 3058 1201 3113 somnis
1243 3056 1417 3110 eidem
1464 3053 1725 3121 διοτιομιιδ

149 3166 503 3233 Hieronymus
529 3156 749 3212 veniens
771 3193 785 3216 ,
816 3152 1136 3217 manumque
1166 3147 1282 3214 ejus
1305 3185 1322 3210 ,
1358 3154 1414 3197 nt
1442 3143 1541 3195 sibi
1575 3140 1724 3193 vide-

149 3259 324 3319 batur,
353 3252 594 3319 capiens,
623 3247 690 3301 ad
716 3246 986 3301 civitatem
1016 3237 1312 3295 Jerusalem
1341 3250 1519 3289 secum
1548 3233 1723 3285 duxit.

150 3342 567 3416 Expergefactus
592 3352 767 3401 mane,
796 3336 847 3388 ill
889 3332 1071 3394 domo,
1118 3331 1169 3383 in
1214 3336 1392 3381 castro
1417 3341 1446 3378 a
1477 3324 1730 3377 militibus

150 3434 370 3492 retineri
402 3443 593 3502 putans
614 3444 692 3491 se,
720 3441 821 3495 qua
853 3437 1065 3486 maneo,
1097 3436 1157 3473 se
1183 3418 1404 3472 invenit.
1436 3416 1534 3480 Qui
1563 3414 1732 3467 ailnli-

152 3529 358 3582 ratione
383 3523 534 3579 velut
558 3535 743 3574 amens
774 3517 972 3580 factus,
1017 3523 1192 3567 utrum
1237 3511 1289 3563 ill
1335 3520 1514 3561 castro
1553 3508 1633 3560 vel
1680 3509 1730 3561 ill

150 3617 427 3676 domicilio
457 3629 576 3669 meo
611 3620 808 3671 staret,
842 3608 1143 3662 nullatenus
1180 3601 1534 3657 discernebat.
1581 3598 1636 3652 In
1675 3613 1735 3651 se

150 3722 429 3783 postremo
453 3705 687 3766 rediens,
707 3701 903 3757 emissa
927 3712 1081 3759 voce,
1105 3694 1458 3748 dormientem
1482 3689 1735 3744 familiam

150 3779 431 3858 excitavit.
469 3795 703 3850 Currunt
740 3793 897 3861 igitur
919 3787 984 3842 ad
1014 3801 1099 3841 me
1123 3783 1307 3838 famuli
1343 3782 1533 3836 adesse
1571 3779 1738 3834 Joan-

152 3908 278 3949 nem
308 3888 565 3946 ineffabili
603 3884 799 3956 gaudio
837 3880 1164 3935 nuntiantes.
1205 3875 1381 3942 Quare
1422 3871 1617 3925 dubius
1654 3884 1743 3923 ac-

152 3999 406 4048 currens,
429 3994 587 4051 quem
616 3994 645 4032 a
678 3975 855 4031 Persis
874 3973 1108 4027 vinctum
1135 3968 1403 4038 putabam,
1424 3974 1742 4035 praesentem

153 4092 350 4132 cerno.
381 4074 500 4141 Quo
524 4069 736 4140 quidem
766 4064 893 4136 quid
919 4063 967 4118 ei
996 4061 1252 4116 acciderit
1284 4064 1569 4111 enarrante
1592 4096 1607 4118 ,
1638 4055 1747 4109 Dea

155 4178 213 4223 et
238 4166 481 4238 glorioso
510 4162 835 4229 Hieronymo
861 4152 1047 4209 laudes
1076 4150 1322 4205 maxima:
1352 4146 1745 4217 persolvuntur.

230 4235 366 4313 flat».
384 4254 525 4311 XIII.
547 4247 975 4308 Sanctimonialis
990 4241 1231 4314 quietiam
1253 4239 1493 4302 Domina,
1513 4235 1749 4290 omnium

155 4368 303 4424 pene
332 4346 685 4421 pulcherrima
723 4342 1039 4397 feminarum
1063 4378 1079 4402 ,
1110 4342 1267 4388 letale
1304 4328 1609 4400 juvencnla,
1659 4324 1753 4381 sed

156 4419 611 4513 animisapientia
638 4435 791 4491 valde
816 4447 970 4495 cana,
1007 4429 1144 4484 beati
1172 4421 1480 4495 Hieronymi
1518 4419 1757 4475 devotis-

155 4540 325 4602 sinla,
351 4511 663 4604 iniquodam
702 4524 950 4582 eoenobio
985 4519 1329 4576 Dominarum
1357 4514 1522 4569 multa
1552 4511 1754 4566 sancti-

160 4639 300 4692 tate,
331 4636 389 4681 ut
426 4625 638 4694 Opinor,
666 4619 842 4699 adhuc
874 4616 1023 4678 vivit,
1051 4613 1137 4668 cui
1179 4608 1320 4680 quod
1355 4606 1539 4662 audies
1563 4606 1760 4660 dicitur

158 4721 487 4791 contigisse.
528 4714 612 4769 Sit
648 4711 838 4765 mulier
868 4710 981 4762 haec
1023 4705 1144 4759 aliis
1178 4704 1230 4757 in
1272 4699 1574 4770 exemplum
1595 4739 1611 4763 ,
1640 4712 1762 4767 quae

158 4816 279 4871 huc
309 4814 546 4878 illucque
576 4822 669 4875 per
692 4804 890 4873 plateas
918 4808 971 4855 et
1007 4798 1150 4853 vicos
1174 4796 1476 4851 discurrere
1498 4806 1602 4845 non
1641 4804 1763 4845 ces-

1237 267 1325 324 DE
1364 254 1731 320 MIRACCIJS
1772 247 2071 305 IIIERONY
2086 245 2176 301 ill.

3243 228 3350 287 3l0

1768 363 2033 423 diabolus,
2065 356 2316 428 aperibus
2337 352 2602 417 invidens,
2632 356 2691 403 lit
2716 364 2832 404 eam
2872 363 2902 402 a
2946 354 3135 401 saneto
3164 360 3357 415 propo-

1768 456 1873 507 sito
1899 458 2195 510 revocaret,
2226 444 2504 514 cujusdam
2534 439 2847 495 nobilissimi
2880 438 3089 507 juvenis
3118 438 3354 491 animum

1771 545 2010 615 ejusdem
2062 537 2481 596 sanctimonialis
2531 534 2583 587 in
2621 540 2821 585 tantam
2874 529 3109 583 incitavit
3158 545 3357 585 concu—

1772 634 2085 707 piscentiam
2109 672 2127 697 ,
2152 628 2292 699 quod
2321 628 2394 682 nil
2422 632 2630 696 poterat
2656 623 2742 677 die
2770 630 3035 689 noctuque
3056 620 3196 673 aliud
3214 662 3230 685 ,
3260 622 3360 675 nisi

1774 724 2044 798 quomodo
2070 732 2247 793 posset
2271 735 2388 775 eam
2428 719 2689 785 attingere.
2713 712 2971 782 cogitare.
3002 710 3152 787 girca
3178 727 3365 764 mona-

1778 818 1997 872 sterium
2020 814 2131 869 veri
2160 812 2374 867 luminis
2394 810 2694 864 ofmcatus
2713 805 2965 861 continue
2987 782 3231 873 pergens,
3254 803 3371 853 nul-

1779 908 1889 962 lum
1911 905 2202 960 remedium
2229 900 2371 956 aliud
2420 898 2656 965 reperire
2680 896 2880 965 quibat.
2926 892 3094 947 Tanta
3143 906 3372 959 namque

1783 998 2005 1051 inscitiae
2033 995 2170 1047 nube
2194 992 2449 1060 caligatus
2479 987 2703 1049 exstitit,
2751 992 2809 1038 ut
2859 982 3129 1037 multoties
3170 996 3228 1035 se
3263 982 3376 1034 suis

1786 1088 2098 1159 perniciosis
2139 1085 2405 1139 turbatum
2438 1079 2719 1136 affectibus
2765 1090 3017 1139 cernens,
3047 1073 3272 1126 volui-rit
3320 1088 3379 1125 se

1787 1181 1938 1249 aquis
1965 1178 2169 1231 tradere
2196 1172 2582 1229 suffoennlmn.
2632 1168 2788 1223 Stulti
2819 1165 3019 1219 amoris
3042 1164 3258 1217 stultum
3285 1162 3379 1228 jn-

1791 1283 1981 1320 venem
2005 1274 2187 1319 catena
2219 1263 2286 1317 de
2312 1262 2398 1315 die
2426 1260 2477 1313 in
2509 1260 2648 1312 diem
2672 1257 2899 1323 stringit.
2931 1253 2999 1309 Ut
3021 1254 3134 1306 hinc
3160 1251 3224 1304 ad
3252 1266 3380 1302 san-

1796 1356 2113 1412 ctimonialis
2144 1367 2301 1406 aures
2332 1357 2605 1411 resonent,
2656 1347 2726 1401 ob
2756 1360 2903 1398 suam
2936 1358 3040 1395 non
3078 1340 3238 1394 audet
3284 1354 3383 1408 pu-

1796 1446 2053 1501 dicitiam.
2083 1443 2193 1509 Qua
2230 1440 2298 1495 de
2328 1457 2385 1494 re
2410 1439 2553 1493 omni
2586 1438 2651 1488 ad
2680 1438 2777 1488 hoc
2824 1434 3020 1487 auxilio
3062 1430 3383 1491 destitutus,

1798 1535 2079 1606 quemdam
2107 1531 2384 1586 inveniens
2409 1542 2655 1598 magum,
2683 1524 2936 1580 veneficia
2975 1521 3277 1575 daemonum
3332 1526 3389 1570 et

1800 1626 2187 1683 incantationes
2234 1622 2491 1676 nefandas
2540 1618 2747 1671 artibus
2793 1624 3132 1669 exercentem
3180 1612 3308 1663 adiit
3334 1621 3385 1662 et

1801 1734 2044 1788 magnam
2090 1714 2348 1785 promittit
2393 1712 2478 1779 (si
2518 1710 2657 1774 quod
2708 1716 2859 1776 Optat
2900 1714 3149 1775 θκρυιιιιη
3191 1702 3387 1770 fuerit)

1806 1809 2042 1881 pecuniae
2066 1806 2435 1877 quantitatem.
2467 1801 2615 1855 Tunc
2648 1797 3027 1852 veneficiorum
3054 1809 3254 1862 magns,
3280 1794 3391 1846 suis

1803 1901 2124 1957 carminibus
2148 1908 2495 1953 convocatunl
2516 1896 2838 1955 limmonem,
2867 1887 3160 1955 decipiendi
3196 1899 3379 1946 causa,

1807 2006 1962 2051 nocte
1994 1992 2162 2047 media
2193 1989 2383 2043 festiue
2427 1986 2493 2038 ad
2540 1994 2776 2038 sanctam
2803 1979 3031 2034 destinat
3085 1976 3392 2030 monialem.

1809 2085 1887 2141 Ad
1917 2084 2160 2137 cellulam
2193 2081 2371 2148 itaque
2420 2074 2684 2127 accedens
2726 2070 2960 2129 dli-moll,
2994 2067 3223 2119 transire
3260 2065 3394 2116 ultra

1812 2174 2019 2231 erllulze
2049 2168 2353 2238 Hieronymi
2402 2164 2646 2234 imaginis
2671 2161 2723 2214 in
2750 2158 2884 2211 cella
2928 2157 3079 2225 picta:
3109 2156 3297 2208 timore
3320 2154 3402 2207 ni-

1816 2267 1923 2320 mio
1943 2262 2125 2332 nequit
2151 2262 2332 2315 limen.
2358 2258 2483 2311 Mira
2529 2270 2636 2317 res,
2668 2251 2957 2321 Augustine
2985 2250 3078 2318 (ιιι
3103 2244 3405 2313 multiplici-

1817 2358 1917 2411 Ilus
1955 2363 2097 2423 patet
2118 2350 2419 2419 exemplis)
2456 2355 2631 2399 tantus
2661 2342 2878 2411 gloriosi
2908 2338 3213 2408 Hieronymi
3246 2337 3404 2389 timor

1818 2446 2033 2501 diabolo
2062 2445 2219 2506 inest,
2249 2450 2301 2492 ιιι
2330 2438 2488 2493 etiam
2517 2452 2627 2490 sine
2655 2436 2874 2504 pictura!
2902 2448 3004 2484 non
3027 2431 3213 2484 audeat
3244 2443 3407 2496 appa-

1819 2536 2103 2594 rere.Nam
2123 2534 2164 2589 si
2187 2533 2269 2588 cui
2291 2531 2510 2585 obsesso
2532 2526 2740 2594 corpori
2764 2522 2991 2592 pretiosa
3013 2520 3409 2573 demon~tratur

1824 2633 2020 2701 imago,
2051 2628 2121 2681 ab
2150 2625 2338 2681 eodem
2377 2621 2630 2677 continuo
2660 2616 2900 2671 diabolus
2932 2613 3211 2681 effugatnr.
3246 2612 3410 2680 Igitur

1823 2720 2166 2777 commissum
2192 2713 2436 2783 exiliendi
2459 2726 2593 2780 opus
2615 2723 2841 2777 nequam
2862 2704 3080 2772 Spiritus
3096 2702 3408 2767 desperans,

1824 2813 1888 2866 ad
1918 2810 2214 2865 mittentem
2242 2804 2525 2859 revertitur
2556 2816 2571 2853 :
2601 2784 2808 2865 sibique
2836 2796 3012 2864 negari
3036 2792 3100 2845 ad
3127 2789 3410 2844 monialem

1826 2903 2098 2957 introitum
2133 2896 2335 2967 pandit,
2367 2893 2437 2947 ob
2464 2889 2682 2960 gloriosi
2714 2884 3018 2954 lIieronynli
3054 2883 3332 2950 imaginem
3362 2882 3413 2933 in

1826 2992 1958 3048 cella
1994 2990 2207 3059 pictam,
2232 3000 2389 3053 quem
2419 2979 2671 3035 deridens
2715 2989 2901 3043 magns
2941 2972 3159 3026 dimisit.
3192 2969 3418 3038 Moxque

1828 3058 2182 3138 convocatum
2210 3076 2371 3128 alium
2403 3070 2723 3132 ιίωιιιοιιειη,
2756 3080 2914 3135 quam
2950 3072 3121 3130 potest
3150 3060 3309 3114 mittit
3343 3058 3422 3113 ci-

1834 3173 1937 3228 tius
1959 3170 2024 3225 ad
2053 3163 2355 3236 Ilujusmodi
2392 3175 2553 3230 opera
2584 3158 2815 3212 finienda
2851 3173 2864 3209 :
2899 3154 3061 3223 fitque
3099 3149 3335 3207 secundo
3366 3147 3417 3203 id

1836 3262 1973 3332 quod
2003 3258 2194 3328 primo.
2223 3256 2288 3309 At
2316 3251 2582 3307 secundus
2611 3264 2706 3320 per
2748 3248 2935 3301 horam
2988 3245 3123 3298 forte
3168 3256 3420 3304 manens,

1835 3362 2052 3410 coaetus
2072 3348 2313 3405 excelsas
2333 3345 2491 3413 erepit
2522 3356 2679 3396 voces
2702 3340 2943 3395 emittere
2968 3356 2980 3392 :
3012 3337 3071 3392 Si
3097 3352 3175 3391 me
3194 3378 3208 3402 ,
3236 3333 3424 3388 Hiero-

1836 3462 2003 3519 nyme,
2032 3444 2148 3496 hinc
2176 3440 2298 3494 sinis
2320 3437 2566 3497 recedere,
2597 3435 2695 3487 huc
2726 3432 2930 3485 ulterius
2952 3447 3050 3483 non
3074 3438 3311 3482 reuertar.
3343 3422 3425 3479 Ad

1837 3518 1951 3593 biec
1976 3532 2271 3604 stupefacta
2298 3529 2508 3592 mulier,
2531 3541 2649 3596 qua:
2679 3524 3010 3578 orationibus
3042 3522 3092 3575 ill
3125 3519 3316 3575 cellula
3350 3518 3429 3572 ill-

1842 3629 2097 3690 bterebat,
2126 3623 2247 3694 quis
2277 3623 2406 3675 istas
2452 3617 2638 3672 fundat
2670 3629 2847 3675 voces,
2879 3612 3043 3666 nimio
3072 3626 3271 3681 pavore
3311 3624 3432 3677 per-

1840 3728 2138 3776 cunctatur.
2170 3714 2284 3769 Non
2312 3716 2557 3765 cessante
2578 3704 2790 3760 diabolo
2809 3704 2886 3757 sic
2912 3702 3165 3761 clamare,
3191 3697 3433 3753 excitam:

1845 3813 1988 3867 illius
2025 3806 2255 3863 cmnobii
2284 3800 2546 3857 moniales
2566 3839 2581 3863 ,
2613 3797 2803 3850 timore
2831 3807 3095 3862 percussa:
3120 3788 3305 3859 grandi
3330 3797 3436 3841 tre-

1847 3903 2007 3958 mnla:
2048 3899 2113 3953 ad
2165 3898 2306 3952 illam
2355 3897 2641 3946 accurrunt
2689 3884 2935 3940 cellulam
2963 3923 2977 3945 ,
3029 3894 3187 3936 cruce
3228 3877 3437 3932 Domini

1850 3998 2139 4063 prmennte.
2167 3989 2234 4040 At
2262 3984 2347 4038 ubi
2371 3983 2517 4036 illum
2545 3992 2770 4046 nequam
2798 3973 3042 4043 spiritum
3067 3972 3261 4035 sciunt,
3280 3982 3435 4024 eum-

1851 4059 1973 4140 dem
2002 4080 2301 4148 conjurant,
2335 4084 2393 4128 ut
2421 4071 2616 4126 debeat
2643 4083 2746 4138 qua
2772 4066 2841 4121 de
2867 4080 3025 4119 causa
3056 4061 3283 4125 venerit,
3316 4059 3441 4114 inti-

1853 4190 2023 4230 mare.
2065 4169 2299 4226 Narrans
2324 4160 2572 4233 equidem
2610 4157 2851 4212 diabolus
2898 4155 2975 4209 rei
3030 4154 3248 4216 seriem,
3279 4164 3446 4219 seque

1856 4262 2139 4334 gemitibus
2169 4268 2222 4312 et
2248 4252 2539 4310 ululatibus
2575 4246 2817 4319 pandens
2855 4244 3059 4299 catenis
3111 4241 3281 4313 igneis
3328 4240 3449 4294 vin-

1858 4366 2002 4410 ctum
2024 4352 2092 4405 ab
2114 4349 2438 4417 llierouymo
2468 4338 2703 4399 retineri,
2728 4344 3008 4407 rogateas,
3036 4343 3094 4387 ut
3116 4332 3225 4386 suis
3245 4345 3451 4386 merea-

1863 4458 1949 4502 tur
1971 4442 2215 4516 precibus
2239 4436 2465 4494 abeundi
2494 4434 2716 4505 gratiam
2746 4430 3007 4486 invenire.
3037 4431 3105 4482 At
3136 4427 3221 4482 ubi
3245 4426 3452 4481 monia-

1862 4538 1943 4591 les
1971 4515 2084 4589 IKBC
2120 4530 2360 4593 audiunt,
2399 4527 2508 4580 Deo
2543 4532 2598 4577 et
2637 4522 2875 4593 glorioso
2905 4518 3229 4589 Hieronymo
3268 4515 3454 4570 laudes

1864 4628 2130 4684 reddunt:
2160 4620 2469 4691 suppliciter
2506 4614 2858 4686 postulantes,
2906 4621 2965 4665 ut
2991 4611 3287 4665 dwmonem
3314 4605 3456 4659 hunc

1870 4719 2174 4775 nullatenus
2204 4724 2541 4769 reversurum
2573 4708 2641 4761 de
2685 4706 2874 4761 eodem
2904 4701 3151 4757 emnollio
3176 4697 3454 4764 effugaret.

1870 4812 1970 4867 Vix
2000 4808 2297 4866 orationum
2329 4804 2505 4858 verbis
2534 4800 2716 4860 finitis,
2756 4795 3000 4850 diabolus
3031 4790 3236 4857 magnis
3257 4786 3459 4841 strido-

157 4913 320 4967 sant,
344 4916 441 4955 sua
468 4897 750 4951 stultorum
782 4892 1053 4947 hominum
1084 4890 1430 4957 illaqueautes
1454 4884 1659 4937 animas
1687 4881 1768 4935 vi-

158 4998 360 5053 sione.
392 4988 551 5042 Nullo
568 4993 643 5038 tot
656 4983 893 5038 diabolus
907 4982 1111 5035 animas
1126 4979 1225 5033 reti
1248 4975 1409 5046 capit,
1431 4983 1560 5041 quot
1582 4973 1771 5042 laqueo

163 5085 429 5159 pessimo
455 5074 757 5133 mulierum.
801 5070 1230 5127 Sanctimonialis
1258 5068 1369 5122 hinc
1399 5071 1489 5137 (ut
1532 5064 1770 5119 omnium

167 5151 537 5233 homillarum
577 5161 882 5220 testimonio
906 5158 1316 5229 comprobatur)
1363 5169 1630 5226 nunquam
1675 5151 1775 5205 nisi

170 5284 299 5323 eam
328 5263 565 5321 maxima
605 5253 889 5325 compellat
925 5252 1228 5314 necessitas,
1254 5258 1404 5305 extra
1430 5262 1581 5303 suam
1612 5244 1779 5299 cellu-

176 5364 291 5417 lam
323 5357 555 5432 gradum
581 5351 715 5423 figit,
743 5361 917 5418 neque
962 5345 1102 5400 enim
1144 5342 1283 5397 aliud
1333 5342 1441 5412 agit
1472 5352 1627 5407 opus,
1655 5336 1781 5406 quin

177 5466 276 5512 aut
302 5429 642 5511 orationibus
667 5451 840 5508 vacat,
870 5448 961 5494 aut
999 5436 1315 5493 lectionibus
1337 5442 1393 5489 et
1419 5429 1783 5486 meditationi-

182 5549 287 5602 bus
310 5543 640 5615 implieatur,
665 5542 759 5588 aut
776 5545 973 5602 corpus
1005 5528 1172 5584 reﬁcit
1200 5522 1537 5587 dormienda,
1562 5529 1654 5574 aut
1680 5520 1781 5573 ali-

185 5656 292 5707 qua
319 5612 541 5695 exercet
561 5626 809 5687 manibus
823 5638 1007 5695 opera,
1037 5634 1249 5689 semper
1269 5627 1445 5672 tamen
1463 5612 1781 5669 dominicam

189 5734 515 5805 scripturam
558 5717 897 5782 ruminando.
937 5715 1027 5770 llis
1054 5714 1217 5768 durus
1246 5724 1467 5780 serpens
1504 5706 1780 5774 antiquus,

1874 4905 2020 4959 rillus
2061 4917 2124 4955 ex
2153 4898 2340 4953 eodem
2372 4896 2491 4949 loco
2522 4878 2801 4949 recedens,
2847 4898 3057 4951 nlagum
3092 4879 3221 4933 adiit
3254 4895 3268 4932 :
3305 4892 3461 4931 eum-

1876 5009 1980 5064 que
2000 4991 2237 5058 capiens,
2268 4984 2427 5038 tantis
2460 4978 2771 5033 verberibus
2794 4983 2852 5027 et
2879 4968 3201 5025 cruciatibus
3226 4966 3465 5038 flagella-

1878 5057 1974 5148 vit,
1998 5090 2050 5136 ut
2069 5057 2354 5146 permulta
2377 5072 2627 5125 horarum
2646 5065 2810 5133 spatia
2845 5058 3055 5129 aliquod
3081 5057 3236 5111 vitale
3257 5060 3466 5127 signum

1883 5169 2218 5245 paulominus
2242 5169 2553 5232 appareret,
2612 5156 2744 5210 diris
2783 5153 3018 5205 clamans
3066 5149 3285 5202 vocibus
3316 5165 3330 5201 :
3366 5146 3471 5200 Mei

1885 5237 2137 5318 cruciatus
2163 5270 2316 5309 causa
2343 5250 2503 5322 fuisti,
2527 5248 2593 5300 ad
2638 5246 2780 5298 illum
2804 5258 2880 5295 me
2904 5240 3163 5293 destinant
3180 5237 3471 5292 monialem.

1886 5354 2029 5411 Certe
2052 5352 2171 5404 inte
2194 5344 2383 5401 eisdem
2411 5337 2698 5394 verberibus
2725 5333 3038 5387 viudicabor.
3068 5330 3212 5385 Inter
3236 5327 3352 5383 haec
3375 5343 3475 5383 au-

1891 5458 1997 5503 tem
2021 5443 2242 5499 verbera
2273 5447 2377 5491 tam
2412 5428 2702 5493 horrenda,
2733 5440 2916 5495 magus
2944 5438 3064 5478 cum
3095 5437 3155 5477 se
3176 5436 3333 5492 «pelle
3352 5436 3477 5491 pcr-

1893 5539 2046 5596 niciei
2079 5533 2429 5609 propinquum
2445 5531 2713 5586 cerneret,
2747 5534 2871 5575 suas
2891 5516 3075 5573 videns
3101 5523 3245 5572 artes
3275 5517 3479 5571 nullum

1896 5635 1992 5688 sibi
2047 5630 2300 5685 auxilium
2360 5621 2637 5681 adhibere,
2685 5614 2751 5670 ad
2802 5614 2961 5669 totius
3006 5610 3193 5681 refugii
3247 5619 3476 5679 portum,

1910 5725 2284 5787 Illi-lonymuln
2338 5711 2628 5785 gloriosum
2676 5704 2782 5777 jam
2816 5708 3102 5773 nanlragus
3132 5718 3187 5755 se
3215 5700 3481 5767 dirigens.
