4048 6186
625 331 723 385 ΕΗ

629 445 881 503 Glorious,
914 438 1100 507 inquit,
1128 434 1449 499 Hieronyme,
1485 426 1599 479 huic
1628 421 1696 475 ad
1728 434 1864 474 luant
1887 419 2202 474 dentientium

627 536 831 592 subveni
855 535 1030 587 misero
1042 522 1338 582 accurrenti,
1364 519 1514 574 solita
1540 515 1897 570 misericordiae
1912 513 2047 565 dona
2075 525 2206 578 pra!-

627 626 843 698 grandia
868 637 967 674 non
1013 618 1284 680 denegans.
1335 607 1579 661 Promitto
1622 619 1834 671 namque
1861 603 1905 655 si
1941 602 2039 652 tuis
2107 599 2204 651 hac

630 692 755 770 itera
783 712 986 780 adjutus
1017 703 1224 758 auxiliis
1269 698 1504 770 perniciei
1545 707 1648 749 tam
1691 692 1921 747 horribili
1945 708 2046 744 non
2073 706 2208 744 suc-

626 805 875 866 cumbam,
905 796 1040 867 quod
1063 794 1294 863 deiners
1323 789 1516 843 cunctis
1552 799 1734 840 exutus
1774 784 2016 854 fallaciis,
2047 798 2079 834 a
2109 781 2208 833 tuis

625 895 872 965 obsequiis
902 906 1000 944 non
1027 887 1274 942 recedam.
1308 883 1400 937 llis
1431 881 1613 943 finitis,
1641 880 1785 933 velut
1817 876 1992 930 funms
2025 873 2091 927 ab
2118 889 2208 926 eo-

626 964 996 1056 demuequam
1018 980 1236 1049 Spiritus
1257 975 1490 1032 evanuit.
1520 973 1620 1025 Per
1641 985 1835 1023 amuun
1860 979 2035 1020 autem
2068 964 2206 1017 idem

620 1080 784 1151 jacuit
804 1074 1110 1131 verberibus
1134 1083 1318 1139 magus
1339 1068 1389 1120 in
1414 1075 1619 1118 tantum
1643 1062 1722 1114 sui
1745 1058 1984 1124 corporis
2015 1057 2205 1118 impos,

625 1145 768 1239 quod
796 1183 910 1222 rion
931 1165 1030 1218 nisi
1079 1163 1257 1217 alieno
1284 1157 1480 1211 auxilio
1511 1153 1675 1223 potuit
1721 1167 1778 1204 se
1824 1163 2058 1203 movere.
2091 1145 2208 1197 Μία

628 1238 767 1316 idem
816 1268 1028 1326 accepta
1066 1251 1371 1323 panitentia
1417 1262 1601 1314 magus
1651 1254 1932 1312 antequam
1974 1239 2044 1293 de
2073 1238 2211 1292 lecto

628 1363 895 1422 surgeret.
921 1348 1127 1403 cunctis
1153 1341 1448 1399 combustis
1490 1334 1784 1395 codicibus,
1828 1331 2020 1402 quibus
2069 1339 2221 1382 artes-

630 1448 744 1501 illas
772 1444 1121 1512 aequissimas
1145 1435 1454 1499 exercebat,
1472 1429 1807 1495 venditisque
1828 1425 2074 1480 omnibus
2093 1438 2212 1493 qua:

631 1539 859 1594 habebat
887 1545 941 1590 et
972 1531 1292 1602 pauperibus
1310 1525 1543 1595 erogatis
1568 1541 1581 1576 :
1609 1521 1875 1590 completo
1898 1534 2038 1571 sum)
2059 1530 2118 1569 se
2143 1514 2213 1568 ob

632 1629 996 1701 ptruilentiam
1029 1619 1381 1692 peragendam
1413 1618 1464 1670 in
1510 1612 1736 1681 quadam
1781 1610 2030 1677 Spelunca
2071 1607 2214 1660 clau-

633 1698 764 1777 dens
811 1721 861 1772 in
889 1731 1100 1777 eremo,
1150 1715 1201 1766 in
1258 1725 1358 1780 qua
1390 1723 1486 1776 per
1510 1702 1918 1773 quadriennium
1953 1698 2218 1768 gloriosus

635 1812 779 1866 stetit
803 1809 1176 1877 Ilii-ronymus,
1201 1801 1362 1854 multa
1390 1796 1671 1852 sanctita‘e
1696 1803 1747 1846 ct
1774 1790 1893 1844 vitae
1913 1831 1930 1855 ,
1960 1798 2014 1843 et
2049 1787 2219 1857 poeni-

638 1905 815 1959 tentia:
854 1901 1139 1968 asperitate
1183 1893 1366 1962 pollet.
1411 1889 1523 1943 Huc
1562 1899 1743 1954 quaeso
1768 1883 1992 1952 juvenes
2030 1891 2219 1932 omnes

636 2003 874 2060 currant,
907 2001 960 2046 et
986 1988 1153 2043 insani
1177 1984 1393 2056 juvenis
1422 1980 1666 2048 exemplo
1703 1978 1930 2038 discant,
1961 1989 2028 2029 ne
2075 1971 2216 2042 quod

637 2090 714 2145 illi
743 2086 983 2155 contigit,
1010 2082 1110 2138 sibi
1141 2076 1475 2149 postmodum
1502 2074 1715 2127 doleant
1735 2069 2042 2138 contigisse.
2075 2065 2220 2119 Insa-

638 2197 736 2233 nus
777 2179 954 2246 itaque
991 2171 1200 2242 juvenis
1241 2168 1400 2221 tantis
1439 2163 1832 2232 circumligatus
1889 2158 2110 2212 luxuria:
2145 2157 2220 2208 la-

635 2270 806 2338 queis,
837 2265 1021 2319 videns
1048 2279 1105 2316 se
1133 2257 1440 2314 omnimode
1469 2270 1580 2308 sum
1605 2251 1913 2305 miserrume
1938 2246 2222 2314 voluptatis

636 2359 904 2416 desiderio
933 2352 1312 2410 nefandissimo
1340 2344 1659 2409 defraudari,
1689 2342 1917 2411 quadam
1959 2348 2112 2392 nocte
2138 2338 2220 2391 la-

637 2465 777 2519 queo
806 2464 864 2501 se
911 2443 1187 2514 suspendit
1233 2458 1245 2492 :
1293 2448 1348 2493 et
1389 2439 1464 2491 sic
1494 2451 1553 2490 se
1591 2434 1778 2489 infelix
1812 2430 2086 2498 temporali
2117 2429 2221 2481 vita

637 2541 817 2610 potius
849 2546 903 2593 et
931 2543 1185 2606 perpetua
1215 2530 1455 2602 privavit.
1481 2528 1618 2580 Ecce
1647 2533 1775 2594 quot
1806 2523 2062 2576 malorum
2096 2534 2221 2571 cau-

640 2645 754 2685 sam
777 2627 1135 2698 turpissimum
1161 2623 1380 2677 luxuriae
1413 2618 1593 2672 vitium
1626 2630 1746 2670 esse
1797 2616 1982 2680 liquet.
2014 2611 2094 2665 Νιι
2118 2621 2222 2663 tam

641 2722 811 2776 ruina:
837 2719 1027 2774 anima:
1058 2716 1254 2786 pariter
1279 2725 1332 2766 et
1355 2710 1595 2780 corporis
1619 2716 1944 2778 promptum,
1968 2713 2225 2774 quantum

641 2812 780 2868 istud
814 2809 1196 2879 nequissimum
1241 2804 1472 2858 arbitror
1509 2800 1705 2856 scelus.
1741 2799 1813 2852 Ex
1844 2797 1974 2865 ipso,
1999 2808 2228 2878 namque

586 2927 597 2936 -
642 2901 948 2963 homicidia,
971 2900 1288 2961 ebrietates,
1320 2903 1374 2948 et
1415 2891 1802 2954 contentiones,
1835 2896 1888 2941 et
1932 2901 2068 2955 pene
2106 2884 2224 2937 uui-

640 3012 793 3050 vcrsa
819 2995 1062 3048 oriuntur
1093 2990 1227 3044 mala
1260 3007 1272 3042 :
1304 2995 1360 3040 ut
1400 2987 1592 3040 veteris
1635 2991 1690 3037 et
1736 2981 1854 3035 novi
1899 2977 2226 3033 Testameuti

643 3091 862 3145 inlinitis
890 3097 1032 3156 patet
1057 3083 1316 3154 exemplis
1342 3100 1353 3133 :
1380 3096 1475 3134 nec
1499 3095 1601 3132 non
1626 3087 1681 3133 et
1707 3074 1976 3131 continuis
2007 3072 2227 3126 manife-

643 3182 844 3249 stisque
897 3173 1239 3247 experientiis
1289 3171 1610 3226 declaratur.
1668 3167 1745 3220 Ad
1799 3166 1900 3220 hoc
1946 3171 2122 3218 autem
2172 3171 2230 3215 ut

643 3268 1120 3339 majorjuveuibus
1140 3265 1296 3319 detur
1325 3263 1516 3316 astutia
1549 3275 1608 3314 se
1636 3258 1816 3312 tuendi
1849 3258 1866 3327 (
1893 3271 2013 3308 nam
2059 3261 2231 3307 status

644 3363 782 3417 ullus
813 3360 1159 3430 periculosior
1185 3373 1286 3410 non
1311 3366 1394 3409 est
1418 3353 1715 3422 insipientis
1735 3349 2025 3415 iuventutis
2055 3345 2226 3416 szatu)

644 3452 786 3506 aliud
814 3452 994 3506 censui
1022 3450 1325 3515 exmuplum
1355 3446 1456 3500 tnei
1485 3446 1691 3514 nepotis
1716 3442 1856 3497 Rulli
1879 3485 1890 3503 ,
1915 3451 2070 3494 attate
2097 3439 2233 3493 fin-te

647 3559 909 3598 atniorum
941 3543 1130 3597 decem
1171 3552 1224 3595 et
1275 3548 1427 3604 octo,
1457 3552 1760 3607 quanquam
1802 3535 1988 3588 dolore
2033 3534 2232 3600 nimio,

646 3639 954 3704 subrogare.

719 3729 846 3783 CAP.
899 3726 1036 3781 XIV.
1077 3725 1191 3780 Non
1232 3736 1313 3780 est
1366 3723 1678 3792 ambiguum
1733 3722 1831 3776 ista
1871 3736 1990 3790 qua:
2040 3719 2235 3788 incipio

648 3835 902 3876 enarrare
941 3818 1145 3888 magnis
1175 3815 1599 3871 tribulationibus
1627 3829 1759 3868 tneze
1787 3813 2056 3866 memoria:
2087 3826 2237 3864 revo-

647 3911 910 3966 carizsed
941 3920 1116 3964 tamen
1147 3919 1203 3963 ut
1253 3911 1581 3979 pra-missum
1625 3918 1725 3969 est,
1778 3913 1835 3958 ut
1890 3903 2136 3956 omnibus
2183 3907 2238 3954 et

649 4003 880 4056 maxime
913 4001 1198 4070 juvenibus
1233 3999 1507 4068 proveniat
1543 4000 1593 4052 in
1645 3995 1966 4065 exemplum.
2022 3991 2236 4047 silentio

654 4094 741 4146 illa
786 4107 993 4161 nequeo
1045 4091 1338 4159 przrterire.
1390 4089 1566 4159 Nepos
1609 4088 1820 4156 quidam
1856 4101 2004 4140 tueus
2052 4083 2238 4138 Rullus

653 4187 887 4245 nomine,
921 4193 1143 4249 utroque
1167 4182 1398 4248 privatus
1427 4188 1648 4249 parente
1673 4177 1952 4231 annicolus
1989 4175 2056 4229 ad
2088 4188 2238 4227 meas

651 4273 865 4328 devenit
887 4287 1112 4325 manus:
1142 4272 1228 4341 qui
1250 4270 1448 4323 utinam
1480 4285 1544 4323 cx
1589 4270 1772 4322 matris
1799 4267 2091 4321 visceribus
2132 4280 2236 4317 non

655 4366 871 4426 exisset,
908 4378 974 4416 ne
1007 4362 1078 4415 illi
1111 4361 1250 4429 quod
1282 4364 1505 4415 sustinet
1528 4360 1858 4426 ctmtigisset.
1900 4357 2068 4424 Quem
2098 4365 2237 4407 tanta

659 4454 931 4521 diligentia
956 4470 1051 4506 suo
1082 4452 1369 4505 infortunio
1395 4451 1646 4514 enutrivi,
1679 4460 1734 4500 ut
1765 4465 1791 4500 a
1823 4447 2058 4516 pluribus
2093 4462 2121 4499 a
2153 4463 2238 4500 me

654 4548 865 4613 genitus
889 4553 1178 4614 putaretur.
1199 4543 1461 4597 Crescens
1489 4544 1664 4608 itaque
1691 4541 1742 4594 in
1779 4539 1919 4595 diem
1953 4557 2082 4608 puer
2108 4538 2242 4594 infe-

659 4638 727 4690 lix
769 4645 948 4700 iet-ate,
993 4635 1086 4690 sed
1119 4652 1222 4688 non
1267 4634 1523 4704 sapientia
1560 4650 1574 4688 :
1610 4633 1808 4703 ingenti
1855 4631 2241 4701 pulchritudine

654 4727 916 4796 Corporis,
945 4725 1037 4779 sed
1067 4741 1169 4777 non
1195 4724 1406 4786 animm,
1435 4724 1749 4794 decorisque
1770 4734 1823 4777 et
1850 4723 2034 4792 probis
2080 4722 2243 4775 mori-

656 4819 774 4882 bus,
807 4818 1106 4880 honestate,
1140 4818 1370 4870 bonitate
1399 4827 1452 4870 ct
1481 4815 1660 4870 multa:
1681 4815 1955 4885 sapientia:
1981 4813 2240 4885 elegantia

656 4927 957 4980 quanquam
1003 4925 1136 4962 vane
1181 4908 1482 4974 decoratus,
1515 4923 1543 4961 a
1572 4909 1777 4962 cunctis
1830 4907 2116 4961 dilectione
2144 4922 2239 4958 su-

660 5002 858 5071 perﬂua
888 5001 1181 5056 colebatur.
1215 4999 1260 5053 Is
1289 5017 1512 5072 namque
1539 5000 1592 5054 iu
1625 5000 1836 5054 decimo
1863 5008 2051 5051 octavo
2073 4998 2244 5050 aetatis

658 5110 770 5146 sua:
787 5109 946 5155 anno,
969 5092 1251 5146 imbecillis
1272 5102 1325 5145 et
1341 5093 1669 5146 miserrimus
1689 5089 1992 5158 exspiravit.
2023 5087 2245 5154 Pmptcr

658 5200 815 5254 quem
877 5194 1050 5235 tantus
1098 5184 1163 5234 ab
1209 5184 1455 5236 omnilms
1482 5183 1663 5235 sonuit
1702 5183 1895 5243 luctus,
1938 5191 1994 5233 ιιι
2039 5181 2122 5232 vix
2151 5195 2243 5247 per

659 5290 899 5327 incusem
956 5274 1114 5326 finem
1167 5274 1393 5341 μήκει-ιι
1445 5273 1701 5326 invenire.
1747 5271 1851 5325 Sed
1896 5280 2039 5325 certe
2070 5272 2243 5324 luctus

661 5382 758 5434 pro
780 5383 844 5420 eo
866 5366 1006 5435 quod
1033 5377 1286 5422 evenerat
1309 5381 1411 5420 non
1439 5365 1665 5421 suffecit.
1695 5367 1907 5436 Astego
1929 5365 2045 5434 ejs
2069 5365 2246 5420 nimia:

663 5455 978 5511 incumbens
1005 5456 1296 5520 dilectioni,
1345 5457 1541 5527 plttries
1586 5457 1875 5527 gloriosum
1909 5457 2085 5526 rogavi
2128 5455 2247 5509 llic-

664 5559 971 5614 runymum,
1000 5555 1056 5597 ut
1076 5547 1200 5598 mihi
1229 5549 1351 5614 quid
1385 5549 1560 5616 nepoti
1595 5564 1714 5602 meo
1736 5547 2010 5601 acciderat
2036 5546 2245 5602 revela-

666 5639 770 5688 rel.
803 5632 963 5699 Igitur
988 5635 1118 5687 meis
1147 5653 1387 5691 :tlllllth
1416 5639 1681 5707 gloriosus
1727 5639 2081 5708 Hieronymus
2131 5654 2248 5704 pre-

667 5716 842 5788 cibus,
872 5724 1072 5776 obtinui
1102 5726 1238 5796 quod
1272 5728 1573 5794 gliwebam.
1615 5730 1797 5783 Oranti
1828 5731 1968 5783 enim
2003 5729 2128 5782 mihi
2160 5729 2244 5782 die

1786 309 1872 362 DE
1911 303 2278 360 SHRACULIS
2318 299 2612 356 lllEllOSY
2628 302 2718 356 5“.

3785 310 3920 365 5127

2311 415 2542 486 quodam
2575 417 2704 470 hora
2737 433 2896 481 nona;
2932 428 3110 474 tamus
3151 423 3327 475 evenit
3355 422 3530 485 fictor,
3558 422 3700 490 quod
3725 425 3905 479 nulla-

2312 519 2464 562 tenus
2491 512 2708 564 narihus
2737 524 2974 579 poteram
3005 515 3252 568 tolerare.
3289 515 3412 568 llmc
3439 515 3565 569 dum
3584 531 3795 572 mecum
3823 529 3906 572 ια-

2310 601 2448 653 citus
2477 613 2751 670 reputans,
2781 603 2922 657 unde
2950 604 3036 658 hic
3065 614 3244 658 tantus
3267 604 3480 659 adesset
3520 605 3697 669 fetor,
3721 608 3905 661 admi-

2311 706 2478 754 rarer,
2507 706 2662 761 supra
2697 710 2870 747 meum
2897 696 3149 751 verticem
3176 697 3395 750 elevatis
3413 697 3603 760 oculis,
3631 698 3902 754 infelicem

2312 791 2559 848 nepOIem
2588 797 2764 836 meum
2815 783 2919 836 vidi
2952 785 3204 837 terribilis
3256 785 3513 838 visionis:
3549 787 3618 839 ita
3657 787 3799 854 quod
3849 789 3903 840 in

2313 885 2434 924 eum
2479 872 2648 924 visum
2700 874 3008 940 imprimere
3037 891 3141 928 non
3187 875 3469 928 audebam.
3516 876 3906 932 Namcatenis

2315 959 2483 1028 igneis
2506 963 2901 1032 circumligatus
2927 964 3156 1018 fornacis
3178 965 3343 1018 instar
3361 965 3599 1020 ﬂammas
3623 966 3907 1022 {auidissi-

2317 1066 2430 1104 tnas
2456 1053 2792 1120 erumpebat.
2821 1054 2901 1108 Ad
2942 1055 3078 1109 hanc
3112 1056 3291 1125 itaque
3313 1056 3569 1111 visionem
3611 1058 3790 1112 subito
3815 1075 3906 1112 uno

2319 1153 2424 1196 tam
2452 1145 2744 1200 vehemens
2764 1147 2927 1202 timor
2971 1149 3214 1216 arripuit,
3253 1159 3310 1202 ut
3355 1148 3481 1202 dum
3513 1150 3709 1217 pluries
3753 1149 3902 1219 loqui

2316 1236 2539 1302 vellem,
2573 1236 2839 1292 formandi
2886 1255 3071 1293 vocem
3121 1241 3424 1295 nullatenus
3469 1255 3690 1309 compos
3726 1255 3901 1295 eram.

2318 1323 3010 1396 Postremoaliquantulum
3036 1329 3088 1382 in
3113 1344 3198 1384 me
3219 1329 3430 1384 rediens
3460 1349 3472 1382 :
3503 1332 3549 1384 si
3579 1345 3730 1384 meus
3757 1341 3922 1385 esset

2318 1430 2505 1485 nepos,
2524 1430 2651 1472 voce
2671 1419 2806 1488 ccepi
2829 1420 3137 1488 perquirere
3166 1421 3533 1475 tremebunda.
3564 1422 3644 1474 Ad
3667 1421 3785 1474 haec
3816 1421 3906 1476 ille

2321 1506 2603 1562 ululatibus
2627 1517 2679 1561 et
2703 1508 2947 1577 suspiriis
2974 1527 2987 1560 :
3019 1509 3247 1575 Utinam,
3291 1512 3489 1580 inquit,
3535 1529 3635 1564 non
3661 1512 3904 1580 fuissem;

2322 1615 2384 1651 nc
2405 1608 2507 1650 tam
2533 1601 2657 1652 diris
2682 1617 2837 1655 essent
2870 1603 3173 1656 cruciatibus
3201 1604 3488 1671 deputatus.
3519 1603 3658 1656 Nam
3675 1605 3810 1658 scias
3829 1620 3906 1656 me

2321 1692 2373 1744 in
2394 1695 2623 1747 tartareis
2663 1695 3004 1749 mansionibus
3046 1698 3298 1766 perpetuis
3334 1697 3639 1767 temporibus
3662 1711 3903 1764 perman-

2321 1802 2517 1840 surum.
2550 1786 2664 1840 lleu
2681 1787 3044 1855 quiddicam?
3076 1790 3169 1844 His
3193 1789 3373 1851 dictis,
3406 1799 3581 1843 tantus
3597 1788 3727 1842 mihi
3753 1787 3908 1840 dolor

2322 1876 2491 1937 alluit,
2546 1885 2604 1930 ut
2635 1878 2734 1930 sim
2784 1879 2979 1945 plurius
3017 1880 3345 1945 admiratus,
3386 1879 3658 1950 quomodo
3715 1893 3749 1933 e
3799 1879 3924 1930 vita-

2327 1971 2565 2036 protinus
2593 1986 2696 2023 non
2727 1971 2971 2026 discessi.
3022 1973 3218 2042 Longis
3256 1985 3434 2029 autem
3464 1975 3693 2043 expletis
3735 1972 3907 2027 collo-

2323 2065 2484 2131 quiis,
2510 2065 2578 2117 ab
2596 2065 2782 2119 eodem
2814 2068 3115 2121 sciscitatus
3137 2069 3228 2129 fui,
3253 2085 3349 2122 cur
3370 2069 3561 2121 divium
3593 2066 3785 2120 fuisset
3807 2066 3907 2118 mi-

2324 2155 2628 2208 sericordite
2658 2156 2736 2208 sic
2761 2172 2976 2223 expers,
3007 2174 3126 2212 cum
3156 2161 3208 2212 in
3254 2160 3452 2213 ιιιιιιιιΙο
3497 2168 3575 2212 tot
3622 2158 3930 2211 virtutibus"

2328 2257 2571 2322 polleret.
2610 2256 2712 2310 Pro
2753 2260 2913 2320 nulla,
2968 2255 3154 2324 inquit,
3187 2272 3262 2304 ηιι·
3309 2257 3438 2306 scias
3483 2269 3634 2305 causa
3666 2259 3780 2320 fore
3804 2255 3908 2307 da-

2326 2359 2548 2400 mnatum
2579 2363 2596 2400 :
2621 2350 2718 2401 nisi
2739 2351 2856 2414 quia
2880 2352 2931 2402 in
2955 2349 3086 2401 ludis
3113 2349 3330 2399 maxime
3357 2345 3658 2397 delrctubar.
3692 2345 3759 2396 At
3793 2346 3928 2412 quiue

2325 2439 2377 2490 in
2405 2449 2564 2490 morte
2583 2450 2786 2506 accepta
2815 2439 3107 2506 poenitentia
3131 2438 3274 2506 quasi
3307 2435 3462 2489 stulta
3501 2437 3813 2504 ignorantia,
3855 2446 3906 2488 ut

2327 2529 2563 2583 debebam
2590 2532 2848 2599 postposui
2875 2529 3126 2594 conﬁteri,
3157 2528 3379 2581 divinant
3399 2543 3500 2580 non
3530 2528 3694 2580 merui
3722 2527 3927 2580 veniam"

2327 2621 2562 2689 adipisci.
2585 2622 2651 2674 Et
2670 2621 2782 2674 haec
2807 2621 3012 2679 dicens.
3047 2637 3073 2672 a
3102 2621 3240 2674 meis
3259 2619 3522 2688 disparuit
3545 2619 3740 2673 oculis.
3773 2619 3909 2672 Talis

2329 2720 2505 2765 autem
2535 2727 2602 2764 eo
2624 2711 2854 2766 abeunte
2883 2712 3137 2765 remansit
3162 2711 3340 2771 fmtor,
3366 2719 3422 2764 ut
3459 2712 3508 2762 in
3540 2711 3717 2764 locum
3769 2711 3928 2764 illum-

2331 2804 2588 2858 bacteuus
2614 2805 2792 2858 nullus
2830 2804 3023 2858 audeat
3064 2805 3302 2857 introire.
3333 2803 3472 2856 Ecce
3518 2813 3778 2871 quantum
3808 2811 3908 2856 tur-

2332 2895 2604 2964 pissimum
2661 2895 2767 2948 ludi
2824 2896 3000 2950 scelus
3046 2895 3239 2948 divina!
3279 2885 3570 2947 abhorrent
3619 2893 3932 2962 majestatis-

2331 2985 2495 3038 oculi.
2527 2985 2834 3038 Timeamus
2864 3001 2993 3052 ergo
3023 3001 3090 3039 ne
3122 3000 3218 3037 nos
3259 2985 3518 3039 bonorum
3557 2983 3737 3052 rapiat
3781 2984 3908 3038 iner-

2333 3090 2446 3128 mes
2485 3085 2589 3126 tam
2621 3078 2928 3144 repentinus
2963 3077 3208 3130 interitus
3239 3092 3250 3127 :
3278 3090 3347 3129 ue
3385 3091 3486 3128 non
3525 3075 3791 3145 paenitere
3822 3088 3931 3128 nos-

2333 3165 2581 3217 vitiorum
2610 3167 2902 3234 contingat,
2937 3166 3063 3219 dum
3092 3177 3298 3236 tempus
3318 3168 3453 3219 inest
3487 3182 3500 3216 τ
3528 3167 3650 3236 quia
3688 3175 3914 3235 postmo-

2335 3255 2459 3307 dum
2491 3257 2794 3319 paenitentia
2829 3258 2964 3310 foret
3003 3257 3219 3311 frustra.
3255 3256 3318 3312 Ut
3362 3259 3575 3327 igitur'a
3603 3256 3912 3311 Christianis

2339 3353 2498 3398 tanta:
2543 3346 2712 3398 ruina:
2757 3345 2861 3399 ludi
2912 3348 3092 3415 procul
3141 3346 3358 3416 etl‘ugiat
3399 3348 3591 3399 nefas:
3625 3347 3740 3401 imo
3765 3355 3818 3399 ut
3851 3345 3928 3398 ab-

2337 3436 2572 3489 omnium
2597 3437 2852 3490 memoria
2883 3437 3144 3498 deleatur,
3187 3438 3431 3507 exetupla
3489 3437 3591 3489 alia
3639 3436 3930 3506 qumdam,.

2337 3541 2494 3596 quam
2522 3526 2735 3578 brevius
2763 3537 2968 3594 potero,
3002 3527 3325 3594 subrogabo.

2409 3616 2538 3671 CAP.
2564 3617 2681 3671 XV.
2722 3617 2778 3671 Ιιι
2821 3617 3058 3671 Samaria
3091 3619 3392 3687 quindecim
3424 3619 3660 3671 nondum
3693 3618 3916 3687 expletis

2339 3710 2548 3775 diebus,
2590 3710 2716 3764 dum
2749 3713 2910 3765 miser
2932 3711 3146 3781 quidam
3179 3711 3386 3772 ludens,
3418 3710 3570 3780 quasi
3599 3710 3780 3763 omnia
3806 3723 3916 3778 qua:

2343 3802 2540 3856 habere
2573 3812 2801 3870 poterat,
2831 3801 3272 3871 consumpsisset,
3296 3802 3514 3871 gloriosi
3543 3799 3713 3870 etrapit
3741 3801 3920 3855 lliero-

2343 3893 2486 3963 ny-mi
2517 3909 2709 3946 nomen
2737 3907 2867 3946 ausu
2895 3891 3180 3946 temerario
3208 3892 3598 3960 blasphemare.
3630 3890 3800 3957 Quem
3827 3905 3916 3941 ue-

2344 3983 2498 4037 fanda
2524 3982 2871 4053 blasphemia:
2900 3984 2984 4036 vix
3035 3984 3308 4036 linientem
3333 3983 3514 4047 verba,
3548 3981 3848 4036 videntibus
3868 3990 3931 4034 et'

2341 4077 2681 4145 stupentibus
2715 4077 2946 4141 cunctis,
2979 4091 3102 4129 mox
3129 4091 3160 4129 e
3213 4075 3351 4131 caelo
3377 4077 3572 4130 fulmen
3601 4077 3819 4130 veniens
3845 4075 3920 4127 in—

2347 4171 2579 4225 teremit.

2415 4263 2540 4316 CAP.
2573 4261 2713 4316 XVI.
2746 4262 2940 4316 Tribus
2986 4261 3129 4326 aliis,
3166 4261 3215 4313 iu
3281 4261 3425 4332 Tyro
3457 4260 3758 4314 ludentibus
3784 4299 3799 4322 ,
3827 4258 3922 4310 hoc

2344 4353 2536 4409 accidit
2557 4352 2699 4422 quod
2729 4369 2944 4408 euarro.
2973 4353 3278 4406 Cumenim
3321 4353 3395 4406 illi
3426 4367 3580 4405 suum
3613 4352 3813 4405 vellent
3843 4349 3918 4399 iu~

2345 4446 2524 4513 cipere
2564 4445 2767 4506 ludum,
2815 4453 2871 4496 ut
2903 4443 2956 4497 hi
2989 4443 3077 4513 qui
3110 4459 3168 4497 se
3203 4444 3302 4496 hoc
3347 4443 3413 4494 ah
3443 4442 3643 4496 eisdem
3680 4440 3921 4500 amhsse.
4001 4492 4003 4495 .

2345 4548 2400 4591 et
2428 4546 2590 4590 tutam
2617 4537 2692 4590 rei
2734 4535 2929 4588 seriem
2961 4537 3123 4588 etiam
3153 4551 3212 4589 se
3243 4533 3461 4597 vidisse,
3493 4533 3670 4586 fantur
3695 4541 3749 4587 et
3789 4530 3920 4584 refe-

2350 4637 2491 4690 runt,
2527 4628 2604 4682 sic
2632 4626 2884 4681 dixerunt
2924 4643 2937 4678 :
2971 4625 3355 4695 Quamcumque
3400 4634 3539 4695 potes
3587 4638 3759 4676 exerce
3807 4622 3924 4680 vim,

2348 4719 2663 4789 Hieronyme
2692 4734 2710 4772 :
2737 4721 2854 4786 quia
2879 4727 2926 4771 te
2955 4720 3109 4771 inuito
3138 4717 3318 4770 ludum
3343 4717 3494 4767 istum
3523 4713 3760 4767 alacriter
3781 4711 3922 4778 finie-

2349 4829 2480 4865 mus.
2506 4812 2601 4866 llis
2629 4811 2806 4880 itaque
2835 4809 3015 4875 dictis,
3039 4825 3194 4862 suum
3225 4809 3564 4874 incmperuut
3591 4805 3793 4867 ludum,
3826 4814 3928 4869 quo

2350 4904 2564 4973 quidem
2616 4904 3009 4972 primordiato,
3046 4902 3196 4970 quasi
3249 4917 3354 4953 uno
3381 4900 3562 4966 elapsi»
3592 4895 3832 4956 instanti,
3873 4905 3927 4944 sc

2352 5005 2492 5050 terra
2523 4995 2794 5063 aperiens,
2823 4995 2941 5047 illos
2962 4994 3134 5047 solum
3162 4993 3453 5055 absorbuit,
3485 4990 3552 5043 ita
3581 4998 3638 5042 ut
3665 4986 3736 5042 nil
3767 5001 3830 5039 ex
3856 4984 3929 5036 eis

2351 5088 2580 5155 amplius
2610 5085 2768 5139 fuerit
2791 5086 2984 5138 visum.

2423 5180 2551 5234 CAP.
2579 5177 2741 5232 XVII.
2769 5177 2920 5243 Quod
2972 5177 3086 5229 visu
3128 5178 3401 5237 noscitur,
3455 5173 3736 5228 verissimo
3783 5165 3924 5222 testi-

2353 5273 2537 5326 monio
2579 5273 2986 5339 comprobatur.
3015 5271 3221 5324 ldeireo
3263 5283 3381 5337 qua:
3430 5267 3551 5322 dico
3589 5258 3925 5336 quammultis

2359 5373 2576 5434 possent
2615 5363 2958 5431 comprobari
3009 5363 3269 5414 testibus:
3297 5373 3471 5414 tamen
3519 5357 3725 5427 meipso
3756 5360 3886 5406 teste
3910 5383 3923 5408 ,

2357 5459 2446 5526 qni
2485 5471 2548 5510 ea
2581 5455 2786 5510 visione
2832 5454 3045 5523 prepria
3109 5452 3269 5506 didici
3331 5449 3718 5518 comprobabo.
3781 5441 3930 5496 Juxta

2359 5563 2530 5602 meam
2565 5548 2616 5600 in
2643 5562 2746 5617 qua
2797 5545 3101 5600 Jerusalem
3130 5543 3311 5596 habito
3341 5541 3532 5604 tndem,
3579 5533 3928 5592 nobilissimus

2357 5641 2573 5711 quidam
2606 5641 2762 5694 miles
2793 5640 2908 5702 fuit,
2941 5637 3264 5691 transitoriis
3295 5633 3514 5687 nimium
3567 5628 3820 5695 locuples,
3847 5622 3928 5687 qui

2368 5731 2581 5784 uuicmn
2638 5729 2840 5784 habens
2896 5729 3080 5792 lilium,
3136 5725 3374 5794 ejusdem
3420 5720 3715 5777 stultissimi
3747 5723 3929 5769 amoris
