4048 6186
160 281 281 340 ’613

163 397 425 454 ca-citate
454 400 752 471 perculsus,
792 416 897 456 non
951 402 1124 458 solum
1173 417 1207 457 a
1265 403 1441 472 pravis
1482 418 1604 458 eum
1654 418 1763 456 non

163 490 477 560 corrigere,
520 491 616 548 sed
663 493 825 549 etiam
857 510 981 549 eum
1033 496 1259 564 ipsemet
1301 509 1466 564 prava
1494 494 1760 549 instruere

165 581 500 638 conabatur.
522 583 776 641 Parentes
802 586 927 640 fatui
943 595 997 642 et
1016 585 1103 640 isti
1123 585 1348 648 similes,
1368 585 1561 640 mentis
1585 599 1767 654 quaeso

164 673 512 756 oculos.buc
533 675 809 742 inclinent,
842 689 899 732 ut
923 678 1042 748 quis
1067 676 1188 732 ﬁnis
1210 677 1442 740 eveniat,
1476 693 1583 731 non
1614 676 1764 746 igno-

79 778 86 782 ·
163 771 320 815 rent.
367 762 518 819 Multi
546 766 690 821 enim
723 767 988 834 homines,
1021 782 1241 837 magnas
1271 767 1465 821 anima:
1490 777 1544 821 et
1568 783 1764 836 corpo-

164 853 253 906 ris
288 853 595 912 incideruut
636 860 844 926 ruinas,
883 861 953 916 ob
985 876 1274 930 pravorum
1322 870 1600 929 parentum
1631 859 1765 913 insi-

164 945 456 1013 pientiam.
480 950 744 1006 Crescens
789 968 1019 1023 namque
1063 953 1207 1007 illius
1228 953 1414 1007 militis
1443 953 1602 1017 ﬁlius,
1633 968 1764 1007 cnn-

163 1038 278 1093 etis
335 1040 494 1097 bonis
544 1044 785 1100 moribus
837 1045 1170 1110 destitutus,
1218 1045 1287 1100 de
1365 1046 1453 1101 die
1505 1047 1558 1099 in
1617 1045 1760 1100 diem

159 1131 474 1199 pejerando
501 1175 520 1200 ,
577 1145 746 1189 totum
787 1152 940 1191 suum
980 1147 1190 1207 tempus
1220 1139 1494 1204 amittens,
1529 1139 1581 1191 in
1624 1137 1765 1190 ludis

156 1231 215 1274 et
248 1223 614 1294 blasphemiis
661 1229 973 1299 cunctisque
1014 1231 1363 1285 immunditiis
1388 1270 1403 1293 ,
1438 1238 1589 1298 patre
1633 1243 1764 1282 cau-

157 1323 351 1378 sante,
382 1331 585 1370 annum
614 1319 790 1390 attigit
816 1319 1145 1378 duodenum.
1175 1322 1275 1388 Qui
1320 1321 1557 1390 quodam
1597 1320 1762 1373 adve-

158 1417 530 1474 sperasceute
569 1410 676 1475 die,
731 1413 906 1466 solitis
951 1429 1074 1468 cum
1108 1423 1256 1482 patre
1297 1413 1438 1467 ludis
1470 1413 1760 1477 insistens,

156 1495 362 1549 ludum
393 1498 627 1564 eodem,
685 1511 742 1554 ut
794 1503 1086 1570 gliscebat,
1128 1517 1234 1556 non
1283 1502 1533 1564 habente.
1583 1501 1761 1572 primo

159 1586 427 1654 prortIpit
459 1588 510 1641 in
546 1590 660 1642 hac
708 1592 866 1642 verba
900 1609 912 1643 :
945 1593 1008 1645 Si
1045 1592 1168 1658 quid
1193 1593 1279 1646 ille
1304 1603 1465 1662 potest
1496 1591 1758 1660 Hierony-

158 1692 306 1740 mus,
330 1678 418 1743 qui
449 1678 596 1731 ludos
643 1682 876 1747 prohibet
904 1683 1126 1736 exerceri
1149 1723 1166 1746 ,
1191 1685 1305 1752 jam
1333 1691 1560 1735 exerceat
1584 1723 1600 1746 ,
1634 1697 1754 1733 nam

160 1783 221 1820 se
270 1769 429 1820 invito
466 1771 583 1823 hinc
619 1787 718 1824 non
749 1775 848 1826 nisi
890 1776 1050 1828 victor
1086 1792 1352 1844 exurgam.
1407 1774 1602 1829 Verum
1636 1773 1754 1828 haec

161 1855 451 1912 dumtaxat
480 1860 597 1927 ipso
629 1875 1021 1933 prosequente,
1052 1881 1280 1935 nequam
1329 1866 1550 1934 spiritus
1581 1873 1749 1919 teter-

161 1949 290 2002 rimi
325 1949 559 2006 hominis
609 1955 827 2023 specie,
864 1958 1070 2012 cunctis
1116 1957 1418 2012 videntibus
1473 1957 1648 2010 locum
1695 1956 1748 2009 in

160 2057 278 2109 quo
297 2042 535 2110 ludebat,
564 2048 734 2102 veloci
779 2049 948 2118 gradu
975 2050 1183 2114 adiens,
1219 2050 1469 2104 eumdem
1514 2063 1744 2117 puerum

159 2131 444 2189 infelicem
489 2141 667 2208 rapuit
697 2157 712 2194 :
743 2140 836 2195 sed
864 2157 971 2210 quo
997 2156 1117 2194 eum
1144 2141 1359 2201 detulit,
1393 2138 1523 2193 nulli
1566 2138 1748 2191 hacte-

156 2237 268 2276 nus
294 2223 574 2283 hominum
617 2240 698 2284 est
733 2241 1092 2300 compertum.
1127 2230 1325 2284 Verum
1355 2239 1411 2282 ut
1439 2238 1592 2296 puto,
1622 2242 1746 2281 eum

156 2313 359 2370 detulit
406 2319 459 2372 in
493 2319 785 2376 Infernum.
838 2322 1040 2376 Eadem
1086 2335 1316 2390 namque
1366 2319 1498 2373 hora
1526 2333 1652 2372 casu
1678 2315 1746 2370 ad

157 2407 450 2475 quamdam
479 2427 614 2466 mea:
637 2413 828 2467 domus
851 2415 1162 2477 fenestram,
1189 2429 1308 2484 qua:
1327 2414 1380 2466 in
1407 2412 1547 2476 loco,
1573 2411 1624 2464 in
1642 2423 1750 2480 quo

156 2495 416 2553 ludentes
436 2499 696 2571 degebant
726 2514 876 2573 pater
899 2515 954 2558 et
984 2504 1126 2557 filius
1143 2519 1207 2557 ex
1239 2502 1487 2572 opposito
1516 2502 1617 2557 sita
1642 2508 1745 2567 est,

155 2600 250 2639 me
276 2602 563 2656 posueram
595 2609 608 2644 :
641 2608 750 2662 quo
791 2609 879 2650 me
906 2595 1089 2649 videre
1119 2594 1218 2648 fuit
1271 2609 1492 2650 necesse
1521 2596 1747 2651 veritate

154 2681 445 2748 perSpicua
466 2684 660 2737 seriem
689 2695 794 2737 tam
826 2685 1173 2740 formidandae
1202 2687 1278 2741 rei
1309 2697 1492 2756 gestae.
1529 2687 1746 2741 Discant

152 2783 290 2840 ergo
312 2771 540 2839 juvenes
583 2775 634 2828 in
661 2777 955 2843 juventutis
977 2788 1241 2846 tempore,
1264 2779 1408 2849 quod
1429 2780 1638 2833 caeteris
1663 2787 1746 2832 est

155 2864 532 2933 praastantius,
576 2868 893 2934 expetendis
925 2869 1165 2923 moribus
1191 2884 1252 2924 se
1290 2869 1498 2932 fulcire,
1526 2884 1593 2922 ne
1625 2870 1743 2922 vili-

153 2955 257 3009 bus
286 2955 609 3028 caducisque
634 2959 873 3014 moribus
889 2960 1140 3029 juvenilis
1168 2962 1381 3015 animus
1404 2961 1739 3022 informatus,

153 3054 358 3100 statum
403 3046 457 3100 in
497 3049 694 3104 canitie
744 3059 974 3118 nequeat
1022 3059 1352 3120 permutare.
1389 3050 1550 3117 Quod
1595 3051 1740 3103 enim

153 3150 312 3190 novze
339 3137 540 3192 charta:
572 3139 880 3194 inscribitur
903 3183 918 3203 ,
948 3141 1016 3196 de
1056 3140 1201 3194 facili
1233 3157 1340 3195 non
1386 3141 1614 3196 deletur.
1652 3141 1742 3194 Dio

154 3238 311 3282 scant
358 3230 520 3284 etiam
549 3244 801 3300 parentes
835 3233 968 3287 fatui
995 3275 1010 3296 ,
1063 3233 1204 3288 ﬁlios
1231 3234 1661 3289 eorrectionibus
1687 3244 1742 3288 et

152 3322 474 3377 verberibus
500 3325 714 3380 erudire
741 3344 753 3378 :
797 3341 900 3382 nec
928 3328 1178 3381 vitiorum
1223 3327 1404 3382 sinant
1437 3342 1628 3394 vepres
1657 3343 1742 3379 ra-

154 3413 306 3468 dices
331 3415 498 3485 ligere
529 3431 637 3470 non
667 3416 895 3472 faciliter
924 3417 1250 3484 evellendas,
1279 3433 1347 3472 ne
1379 3417 1540 3473 flendi
1575 3427 1627 3471 et
1654 3418 1741 3472 hic

155 3511 208 3561 et
257 3507 319 3561 in
357 3505 538 3562 futuro
575 3512 658 3564 eis
698 3509 950 3565 succedat
995 3519 1240 3566 eventus.
1268 3509 1399 3565 Nam
1432 3510 1531 3563 nisi
1559 3507 1737 3576 fallor,

152 3598 217 3648 ad
238 3605 566 3654 aeternorum
596 3601 912 3669 gaudiorum
934 3601 1162 3670 patriam
1182 3599 1521 3662 deveniendi,
1551 3601 1740 3653 arctis-

160 3696 297 3750 sima
327 3704 384 3750 et
411 3694 529 3748 sine
559 3691 906 3761 :unb'guitate
945 3691 1142 3760 aliqua,
1174 3705 1202 3744 a
1227 3690 1566 3760 paucissimis
1591 3701 1739 3744 certe

153 3787 365 3858 cognita
396 3793 572 3840 exstat
605 3784 706 3837 via.
739 3782 912 3837 Eundi
933 3783 999 3837 ad
1027 3782 1404 3853 perditionem,
1437 3790 1493 3837 et
1521 3781 1736 3847 multis,

154 3881 261 3934 imo
291 3893 431 3948 pene
481 3875 704 3930 inﬁnitis
769 3873 1032 3928 limitibus
1089 3874 1301 3943 plenam
1356 3871 1475 3926 fore
1504 3881 1733 3926 constat.

154 3969 444 4038 Quodlibet
469 3967 615 4022 enim
642 3964 949 4020 mortalium
992 3972 1335 4033 peccatorum
1363 3963 1431 4017 ad
1474 3963 1734 4032 perditio-

154 4077 273 4116 nem
299 4073 454 4114 suam
499 4058 770 4112 tramitem
815 4054 1397 4123 struitzquorumdam
1450 4053 1728 4107 hominum

153 4168 258 4208 non
283 4151 462 4206 solum
489 4149 846 4220 Paganorum,
877 4144 974 4200 sed
1001 4145 1162 4199 etiam
1195 4144 1407 4198 illorum
1428 4159 1563 4212 quos
1591 4144 1733 4197 sacri

155 4239 494 4312 Baptismatis
521 4239 662 4294 unda
687 4237 815 4292 lavit
839 4237 992 4308 (nam
1018 4236 1086 4291 de
1115 4235 1344 4305 Paganis
1381 4234 1526 4288 nulla
1553 4235 1728 4288 oritur

155 4340 398 4409 quas-tio,
426 4333 570 4404 quod
599 4349 706 4388 non
731 4329 1076 4400 damnentur)
1129 4327 1386 4396 majorem
1414 4326 1530 4382 fore
1569 4327 1733 4396 liquet

157 4443 432 4486 numerum
460 4423 1216 4494 multiplicibusinsistentium
1245 4418 1482 4489 ﬂagitiis,
1505 4434 1732 4488 quorum

158 4523 294 4578 nulla
316 4536 454 4592 pene
479 4533 710 4589 unquam
751 4514 1090 4586 cognoscitur
1113 4511 1436 4568 emendatio.
1463 4511 1600 4578 Quin
1627 4511 1734 4564 imo

158 4613 451 4683 respective
475 4610 693 4680 quidem
715 4609 862 4671 dico,
890 4606 1090 4676 pariter
1111 4605 1267 4659 bonis
1290 4612 1346 4656 et
1372 4604 1528 4657 malis
1553 4601 1733 4655 homi-

157 4707 307 4760 nibus
347 4701 703 4758 consideratis
731 4739 746 4763 ,
780 4714 882 4753 non
936 4706 1018 4752 est
1046 4697 1136 4766 qui
1185 4695 1342 4750 faciat
1370 4695 1589 4760 bonum,
1623 4709 1727 4748 non

156 4809 234 4853 est
257 4814 290 4852 ιι
321 4811 428 4866 ιιιι·
460 4793 524 4847 ad
551 4807 736 4856 unum,
769 4790 868 4844 sed
916 4803 1107 4844 omnes
1155 4795 1275 4857 post
1305 4800 1430 4840 suas
1457 4785 1729 4855 improbas

153 4899 206 4944 et
234 4886 497 4955 pessimae
522 4881 797 4936 ambulant
829 4879 1152 4948 voluptates.
1178 4877 1583 4945 Consequenter
1599 4891 1732 4929 con-

155 4975 295 5034 cludi
331 4972 516 5034 debet,
544 4972 684 5039 quod
708 4971 775 5026 ad
801 4980 1019 5026 aeterna:
1048 4967 1396 5023 beatitudinis
1428 4966 1619 5036 gaudia
1647 4981 1732 5020 ra-

161 5067 346 5126 rissimi
375 5063 707 5136 gradiantur.
767 5061 1292 5131 Intuitze,qnininio
1345 5075 1534 5114 omnes
1590 5073 1728 5128 pene

162 5176 314 5218 sacrm
343 5155 645 5224 Scriptura:
673 5156 1020 5207 auctor'tates
1068 5154 1170 5208 hoc
1195 5161 1228 5207 t_
1249 5162 1490 5216 stantur,
1523 5151 1728 5204 infinita

160 5269 355 5326 quoque
396 5245 647 5316 exempla
677 5258 958 5315 possemus
983 5245 1360 5314 perspicaciter
1404 5244 1594 5298 intueri
1618 5285 1632 5309 ,
1661 5243 1726 5298 ad

160 5346 448 5422 Imjusmodi
505 5343 786 5397 veritatem
837 5335 1190 5396 sufficientius
1231 5340 1727 5396 demonstrandam.

158 5446 252 5503 nuc
273 5460 340 5500 ex
367 5437 624 5493 onmibus
653 5450 814 5490 unum
843 5434 1054 5491 censeri
1082 5434 1265 5498 debet,
1295 5449 1394 5490 nec
1415 5435 1483 5489 ab
1523 5435 1623 5488 hoc
1650 5434 1731 5488 di-

155 5535 374 5610 screpari
419 5536 623 5602 potest,
658 5527 860 5582 nullum
888 5526 1096 5582 scilicet
1121 5527 1186 5580 ad
1215 5536 1414 5581 :eterna
1444 5525 1604 5578 modo
1625 5523 1727 5577 ali-

153 5652 240 5704 quo
260 5622 556 5703 p’crvenire
585 5633 742 5688 posse
768 5619 980 5688 gaudia,
1011 5618 1112 5672 nisi
1148 5618 1400 5671 omnibus
1427 5632 1530 5669 non
1561 5616 1725 5684 parti-

149 5725 380 5782 rulat‘iter
405 5759 421 5781 ,
481 5709 576 5767 scd
619 5711 854 5765 totalitct'
883 5711 1024 5762 vitiis
1064 5710 1410 5776 exstirpatis,
1464 5709 1719 5760 Virtutum

1348 286 1438 343 DE
1475 285 1844 343 MIBACULIS
1881 285 2287 345 IIIERONYMI.

3353 305 3459 365 διο

1873 401 2088 457 studeat
2127 405 2318 460 itinere
2365 403 2638 462 festinare.
2675 408 2768 463 llis
2800 409 2911 478 jam
2957 413 3062 471 ﬁne
3099 415 3245 480 dato,
3275 433 3457 475 exeni-

1873 495 1959 563 pla
2007 505 2063 549 et
2095 497 2334 568 prodigia
2363 500 2606 568 quaedam
2633 500 2746 570 jam
2793 504 2952 573 hujus
2980 512 3162 575 operis
3193 513 3282 567 lini
3326 529 3454 584 pro-

1874 601 2104 656 pinquus
2157 587 2395 643 breviter
2421 590 2777 646 introducam.
2812 593 2879 648 Et
2929 596 3036 650 duo
3064 604 3328 674 prrecipue
3353 608 3456 662 ad-

1873 679 2134 743 miranda,
2170 696 2290 749 qua:
2331 697 2360 736 a
2413 683 2707 738 venerabili
2748 686 2866 739 viro
2921 688 3140 744 Nieolao
3174 694 3451 757 Cretensis

1872 768 2066 823 Insulae
2091 772 2507 842 Arcliiepiscupo
2545 775 2810 832 referente
2838 779 3020 846 didici,
3060 785 3230 851 primo
3258 789 3452 844 dicant.

1942 862 2067 918 Car.
2088 863 2275 919 XVIII.
2298 866 2628 924 Venerabilis
2644 872 2784 926 idem
2814 874 3265 947 Arcbiepiscopus
3287 883 3456 950 pridie

1870 955 2085 1023 gloriosi
2111 957 2421 1030 llieronymi
2441 961 2723 1018 devotione
2746 967 2909 1021 nimia
2925 968 3453 1038 Bethleemveniens,

1872 1057 1930 1099 ut
1953 1047 2193 1112 ejusdem
2224 1053 2432 1107 cunctis
2457 1054 2751 1113 honoribus
2776 1060 3031 1115 colendas
3075 1065 3331 1135 reliquias
3375 1071 3453 1122 vi-

1869 1137 2072 1201 sitarct,
2123 1149 2178 1194 et
2213 1150 2354 1196 totus
2397 1148 2620 1202 caritate
2664 1149 2898 1204 fervidus
2915 1154 3090 1209 redire
3122 1156 3312 1223 noluit,
3348 1158 3447 1213 do-

1873 1241 1973 1280 nec
2003 1244 2089 1283 me
2130 1245 2226 1284 sua
2269 1235 2574 1301 gratissima
2630 1239 2936 1296 visitatione
2981 1245 3192 1301 eximiis
3249 1247 3452 1303 hctitiis

1869 1318 2206 1388 adimpleret.
2236 1324 2338 1390 Qui
2377 1327 2450 1380 uti
2477 1327 2739 1383 donorum
2773 1335 3053 1402 praecipuis
3085 1377 3100 1400 ,
3135 1347 3187 1389 ut
3215 1342 3454 1407 gratissi-

1868 1425 1954 1462 ma
2002 1411 2129 1464 mibi
2179 1413 2401 1470 donaria
2458 1422 3081 1487 superabundantissinie
3118 1443 3268 1483 more
3295 1430 3455 1484 solito

1869 1502 2198 1572 impertiret,
2235 1523 2320 1564 me
2352 1511 2568 1567 visitare
2615 1515 2836 1571 minime
2884 1529 3172 1575 contentus
3197 1563 3210 1586 ,
3241 1540 3449 1580 mecum

1866 1595 2114 1663 dignatus
2131 1609 2213 1652 est
2233 1599 2345 1668 jam
2363 1602 2550 1657 diebus
2575 1606 2814 1672 pluribus
2840 1615 3185 1674 commorari,
3209 1625 3260 1668 et
3283 1619 3446 1670 etiam

1863 1686 2038 1740 adhuc
2069 1699 2267 1750 manet,
2302 1693 2442 1760 quod
2472 1694 2670 1748 utinam
2705 1706 2945 1766 tempore
2981 1701 3139 1776 longo
3181 1705 3359 1760 duret.
3387 1707 3441 1760 In

1860 1775 2077 1832 Christo
2117 1797 2346 1851 namque
2374 1824 2390 1848 ,
2420 1787 2719 1855 Augustine
2766 1792 3047 1846 rarissime
3071 1836 3086 1858 ,
3121 1798 3442 1853 venerabilis

1863 1866 2002 1922 idem
2033 1871 2266 1938 pontifex
2320 1883 2372 1926 te
2423 1877 2638 1932 salutat.
2672 1879 3048 1951 Quampluries
3098 1886 3259 1955 igitur
3310 1890 3442 1945 mibi

1857 1971 2073 2013 suorum
2105 1962 2386 2017 verborum
2416 1967 2572 2018 avido
2594 2009 2610 2032 ,
2667 1972 2988 2026 venerabilis
3033 1973 3171 2029 idem
3205 1980 3440 2046 pontifex

1857 2053 2160 2116 enarravit,
2219 2054 2318 2108 hoc
2358 2057 2462 2110 tale
2509 2061 2559 2111 in
2612 2060 2827 2114 civitate
2856 2064 3063 2118 Gaudia
3115 2069 3428 2138 contigisse.

1857 2140 2120 2198 Sacerdos
2141 2146 2351 2213 quidam
2384 2163 2530 2209 suos,
2566 2165 2677 2202 sum
2708 2152 2924 2218 majoris
2955 2155 3210 2210 Ecclesia-
3231 2171 3432 2225 custos,

1858 2232 2190 2300 impudicus,
2243 2236 2466 2291 luxuria:
2497 2249 2552 2292 et
2599 2241 2842 2295 ebrietati
2897 2243 3128 2309 deditus,
3188 2249 3426 2304 nondum

1855 2324 2124 2392 eomplezo
2153 2341 2295 2379 anno
2336 2328 2402 2381 de
2449 2329 2551 2383 hoc
2601 2333 2799 2384 smculo
2828 2336 3096 2403 migravit.
3127 2335 3290 2408 Cujus
3317 2355 3440 2394 cor-

1857 2416 1986 2482 pore
2007 2415 2058 2467 in
2091 2425 2408 2470 eceterorum
2441 2419 2653 2488 sepulto
2678 2426 2815 2475 atrio
2845 2427 3207 2492 sacerdotum,
3242 2441 3297 2483 ut
3319 2431 3436 2497 ejus

1857 2507 2060 2572 punitio
2104 2509 2312 2562 cunctis
2346 2513 2700 2567 innotesceret
2745 2515 2811 2569 ad
2859 2519 3186 2586 erteinplum,
3243 2523 3434 2578 subse-

1853 2597 2036 2664 quenti
2073 2608 2229 2653 nocte
2261 2608 2441 2654 tantus
2493 2602 2545 2655 in
2600 2603 2832 2658 Ecclesia
2865 2608 3087 2677 ejusque
3118 2615 3433 2670 cmmeterio

1852 2688 1948 2743 fuit
1980 2693 2236 2760 strepitus
2259 2732 2275 2756 ,
2307 2693 2446 2763 quod
2484 2711 2696 2752 rumore
2724 2698 2889 2754 nimio
2920 2702 2972 2754 in
3001 2703 3134 2755 urbe
3163 2703 3252 2758 illa
3283 2721 3430 2761 com-

1851 2793 2126 2838 morantes
2153 2787 2370 2839 excitati
2399 2803 2599 2856 pavore
2644 2792 2844 2860 ingenti
2899 2794 3046 2846 velut
3095 2807 3336 2852 amentes
3365 2799 3432 2851 ad

1850 2871 2146 2928 Ecclesiam
2203 2889 2574 2932 cucurrerunt.
2631 2879 2789 2934 Stant
2837 2883 3014 2952 itaque
3051 2899 3240 2941 omnes
3287 2889 3430 2942 circa

1851 2963 2142 3018 Ecclesiam
2175 3004 2191 3024 .
2244 2969 2501 3036 strepitus
2553 2969 2900 3026 vehementes
2946 2989 3435 3047 campanarumque

1848 3055 2057 3108 sonitus
2081 3055 2384 3122 audientes,
2436 3060 2673 3114 divinam
2704 3063 2919 3132 quidam
2948 3077 3173 3121 exorant
3196 3069 3430 3123 clemen-

1851 3147 2003 3209 tiam,
2032 3158 2295 3216 quatenus
2339 3166 2433 3204 cur
2461 3154 2560 3206 ista
2613 3156 2744 3209 ﬁant
2769 3157 2963 3213 debeat
3018 3163 3260 3218 revelare
3293 3182 3306 3218 :
3336 3167 3436 3221 sed

1847 3239 2050 3292 nullum
2097 3241 2455 3298 exauditionis
2503 3246 2741 3302 sentiunt
2791 3249 3130 3319 adjuvamcu.
3189 3255 3430 3311 Dilncnlo

1849 3329 1951 3384 hoc
1979 3341 2244 3396 cessante,
2276 3345 2464 3389 cuneta
2500 3353 2620 3406 qua!
2671 3338 2879 3394 fuerant
2909 3344 2963 3396 in
3007 3343 3242 3401 Ecclesia
3275 3364 3431 3416 repe-

1845 3422 1989 3476 riunt
2016 3423 2278 3491 revoluta,
2310 3435 2363 3480 et
2389 3430 2538 3496 quasi
2569 3430 2802 3501 undique
2829 3433 3056 3490 flammis
3081 3439 3278 3507 ignium
3305 3441 3423 3496 vio-

1847 3512 1971 3567 lata.
2005 3514 2082 3568 Ad
2116 3514 2229 3570 lucc
2255 3529 2584 3574 memoratus
2612 3522 2850 3590 pontifex
2879 3527 3152 3584 orationes
3183 3529 3429 3586 indicens

1846 3606 2062 3674 populo,
2095 3608 2220 3676 quid
2251 3613 2496 3678 sequenti
2529 3615 2742 3668 eveniat
2767 3627 2922 3671 nocte
2954 3622 3208 3690 przecepit
3233 3637 3428 3690 exspe-

1844 3697 1999 3751 ctari.
2054 3697 2130 3752 Ne
2170 3698 2330 3754 nimis
2381 3703 2727 3759 succumbam
2754 3707 2952 3771 verbis,
2986 3713 3228 3777 sequenti
3270 3723 3428 3768 nocte

1845 3787 2037 3857 duplex
2059 3794 2319 3861 strepitus
2345 3802 2398 3847 et
2422 3797 2637 3863 pavoris
2667 3797 2946 3853 tribulatio
2970 3811 3055 3853 est
3081 3813 3283 3856 secuta.
3314 3805 3428 3870 Qua

1843 3879 1910 3934 de
1938 3897 1997 3936 re
2018 3882 2256 3951 repletus
2269 3887 2498 3954 populus
2522 3887 2878 3943 amaritudine
2895 3900 2948 3944 et
2963 3891 3173 3956 dolore,
3198 3909 3429 3949 cernens

1845 3974 2047 4026 nullum
2101 3975 2204 4028 sibi
2261 3992 2290 4027 a
2328 3977 2556 4033 Domino
2613 3979 2940 4048 adjutorinm
2989 3983 3235 4047 evenire,
3289 3987 3431 4039 sicut

1845 4063 2149 4127 vulnerati,
2184 4067 2275 4133 qui
2333 4067 2385 4118 in
2439 4071 2805 4124 monumentis
2852 4071 3076 4142 projeeti
3127 4074 3426 4140 dormiunt,

1842 4155 2126 4209 existebat.
2159 4157 2254 4212 Die
2290 4167 2468 4212 autem
2494 4159 2856 4226 elucescente,
2881 4163 3131 4218 omnibus
3163 4166 3215 4218 in
3238 4165 3429 4222 Eccle-

1841 4247 1919 4301 sia
1971 4263 2066 4315 pro
2095 4248 2433 4303 orationibus
2462 4253 2824 4321 congregatis,
2857 4253 3125 4322 gloriosus
3153 4255 3422 4328 Hierony-

1844 4352 1962 4391 mus
1985 4338 2164 4391 subito
2188 4339 2385 4406 septies
2409 4340 2525 4394 sole
2548 4341 2887 4410 splendidior
2913 4345 2968 4399 in
2999 4345 3292 4400 Ecclesiam
3324 4363 3418 4403 ve-

1842 4429 2018 4493 niens,
2046 4428 2114 4483 de
2163 4430 2436 4498 altareqne
2462 4432 2714 4501 gradiens
2739 4473 2754 4496 ,
2808 4437 3013 4492 cunctis
3041 4437 3344 4494 videntibus
3372 4450 3427 4495 et

1843 4520 2181 4584 mirantibus,
2227 4536 2325 4591 per
2368 4521 2555 4576 horam
2609 4522 2749 4580 forte
2775 4527 2874 4580 sub
2902 4527 3119 4582 silentio
3147 4544 3370 4585 manens
3405 4549 3418 4584 :

1839 4612 2143 4681 obstupenti
2176 4613 2394 4683 populo,
2431 4615 2531 4670 hoc
2559 4626 2780 4686 propter
2804 4620 3102 4676 sacerdotis
3133 4621 3274 4675 illius
3321 4623 3424 4674 mi-

1838 4706 2049 4761 serrimi
2090 4707 2324 4762 cadaver
2349 4748 2365 4772 ,
2398 4711 2567 4764 sacris
2617 4711 2833 4782 indigne
2865 4713 2997 4767 locis
3028 4713 3326 4776 conditum,
3359 4715 3428 4767 ad

1842 4806 2100 4853 terrorem
2129 4800 2464 4867 peccantium
2496 4801 2785 4871 contigiSse
2816 4803 3114 4856 intimavit:
3144 4803 3429 4871 eidemque

1837 4887 2122 4956 mandans,
2154 4899 2209 4944 ut
2237 4890 2468 4943 cadaver
2496 4891 2776 4955 miserum,
2810 4893 3058 4945 tartareis
3085 4901 3208 4961 post
3239 4907 3425 4945 resur-

1837 4979 2130 5032 rectionem
2163 4980 2398 5033 omninm
2433 4971 3226 5050 mansionibusdeputandum,
3253 4984 3426 5038 disse-

1838 5072 2042 5139 pultum
2071 5071 2302 5126 llanunis
2332 5074 2605 5125 traderent
2644 5075 2885 5140 protinus
2927 5077 3373 5131 concreinauduni
3408 5119 3422 5138 ,

1837 5161 2068 5231 alioquin
2113 5161 2342 5229 inempta
2395 5162 2698 5230 pestilentia
2745 5177 2847 5218 non
2897 5166 3108 5223 abiret:
3142 5178 3196 5221 et
3253 5170 3329 5223 sic
3356 5169 3427 5223 ab

1839 5252 2154 5305 intuentium
2188 5254 2360 5307 oculis
2385 5263 2465 5307 est
2497 5255 2721 5309 invisus.
2761 5255 2912 5324 Quod
2947 5269 3004 5312 ut
3036 5259 3417 5327 ordinaverat,

1838 5343 2174 5398 hetabnndus
2222 5345 2448 5415 populus
2495 5348 2736 5414 protinus
2786 5348 3126 5420 adiiuplevit,
3185 5354 3294 5409 Deo
3363 5365 3419 5409 ct

1837 5435 1995 5489 beato
2027 5433 2352 5506 Hieronymo
2393 5436 2578 5490 Iaudes
2633 5440 2928 5508 pra~cipuas
2960 5444 3335 5512 persolvendo,
3367 5456 3422 5501 et

1835 5527 1913 5581 sic
1961 5527 2128 5597 peStis
2176 5528 2278 5584 ista
2331 5529 2580 5586 cassavit.
2615 5531 2715 5597 Qui
2766 5532 3019 5603 deinceps
3053 5535 3414 5592 beatissimum

1837 5621 2215 5692 Ilii-ronynuun
2244 5639 2430 5679 omnes
2483 5626 2802 5682 mianimitcr
2839 5627 3126 5686 devotione
3181 5631 3411 5686 maxima

1841 5711 2170 5781 incmpcrunt
2189 5718 2387 5772 colere.
