4048 6186
632 315 740 374 615

700 430 832 485 Cu.
858 426 1000 483 XIX.
1040 425 1098 479 In
1145 422 1330 478 eadem
1359 421 1579 490 insuper
1601 422 1816 476 civitate
1841 421 2053 490 quidam
2090 421 2175 488 pul

632 520 932 577 cherronus
969 514 1176 569 exstitit
1200 513 1411 580 juvenis
1435 554 1451 578 ,
1503 511 1654 567 'l'itus
1683 515 1919 575 nomine,
1954 513 2212 567 honestus

631 612 886 671 moribus,
911 604 1123 674 ingenio
1153 603 1478 667 luculentus,
1528 605 1732 659 carnali
1759 622 1863 658 non
1906 605 2208 675 ignobi'iori

631 710 784 755 natus
811 694 1066 766 progenie
1091 735 1106 756 ,
1136 692 1403 762 praedives
1435 693 1587 749 valde
1607 735 1624 759 ,
1678 705 1840 748 telam
1884 712 2021 764 pene
2043 694 2210 748 devo-

628 793 829 844 tionem
868 794 926 840 et
949 784 1202 839 ﬁduciam
1235 784 1441 839 habens
1467 785 1519 838 in
1544 785 1702 838 beato
1726 784 2076 856 Hieronymo.
2109 783 2207 840 llic

622 877 886 946 siquidem
910 876 1127 945 juvenis
1149 874 1392 942 virgineo
1419 877 1596 930 nitens
1620 877 1873 938 candore,
1891 876 1943 929 in
1967 876 2206 944 ejusdem

621 979 825 1023 sancta:
876 967 1197 1034 virginitatis
1253 968 1528 1034 proposito
1577 981 1746 1037 usque
1791 967 1858 1021 ad
1892 969 2204 1023 vicesimum

620 1072 819 1112 annum
870 1058 1056 1127 probis
1105 1058 1228 1109 vine
1255 1058 1494 1111 moribus
1521 1059 1849 1126 perduravit.
1881 1058 2000 1126 Quo
2028 1060 2206 1126 itaque

622 1159 892 1219 tempore,
929 1149 1016 1202 sui
1035 1147 1216 1202 fratris
1252 1147 1483 1201 nefando
1512 1150 1740 1202 consilio
1767 1150 2039 1213 incitatus,
2057 1164 2208 1216 spre-

626 1242 694 1295 tis
723 1250 830 1295 tam
849 1239 1197 1293 nobilissimis
1223 1239 1544 1308 virginitatis
1569 1241 1818 1308 gemmis,
1858 1242 1973 1294 auri
2006 1241 2207 1308 pretio-

622 1333 898 1387 sissimum
931 1332 1206 1385 metallum
1234 1330 1448 1385 calcans
1468 1370 1487 1395 ,
1517 1331 1583 1383 ad
1611 1332 1792 1385 carnis
1836 1332 2123 1399 spmcitias
2154 1341 2208 1386 et

622 1422 793 1476 lutum
835 1436 901 1476 ac
949 1423 1193 1476 faetorem
1247 1421 1470 1474 luxuria:
1521 1420 1868 1475 vehementer
1889 1421 2209 1488 declinans,

621 1515 854 1582 puellam
874 1512 1158 1580 quamdam
1184 1512 1328 1563 omni
1377 1510 1772 1579 pulchritudine
1795 1511 2037 1578 corporis
2060 1511 2209 1564 reni-

624 1613 847 1663 tentem,
879 1603 978 1655 sibi
1032 1603 1094 1654 in
1132 1601 1528 1654 [Matrimonium
1593 1603 1907 1668 copulavit,
1958 1601 2010 1654 in
2057 1604 2210 1669 cujus

630 1698 832 1748 amoris
863 1695 1067 1748 retibus
1120 1696 1192 1747 ita
1241 1709 1299 1747 se
1346 1694 1589 1761 capiens,
1622 1693 1763 1760 quod
1815 1693 1958 1746 aliud
2017 1702 2212 1760 preter

627 1784 680 1854 ip
709 1802 792 1836 am
826 1794 1033 1852 poterat
1058 1784 1279 1838 minime
1308 1783 1566 1850 eogitare,
1595 1783 1662 1836 de
1686 1783 1772 1836 die
1803 1783 1856 1836 in
1883 1783 2024 1836 diem
2047 1785 2212 1854 coepit

627 1879 806 1931 divina
853 1877 1106 1945 obsequia
1139 1877 1401 1930 oblivisci.
1454 1880 1522 1929 At
1563 1878 1685 1945 quia
1733 1877 1896 1930 miser
1920 1875 2212 1946 dereliquit

620 1968 888 2036 justitiam
913 2009 928 2031 ,
984 1978 1038 2023 et
1065 1967 1264 2021 oblitus
1293 1967 1391 2020 fuit
1424 1967 1589 2020 Deum
1635 1967 1865 2021 alentem
1900 1982 1980 2032 se,
2012 1968 2211 2022 oblitus

627 2059 728 2113 fuit
753 2059 852 2113 sibi
889 2058 1146 2112 Dominus
1174 2057 1439 2111 misereri.
1473 2056 1756 2125 Completo
1778 2073 2009 2126 namque
2039 2073 2206 2124 anno,

625 2168 734 2223 quo
755 2167 876 2206 cum
910 2153 1084 2218 puella
1126 2151 1341 2220 juvenis
1391 2151 1694 2204 insensatus
1735 2159 1981 2216 steterat,
2015 2165 2120 2204 non
2151 2160 2210 2205 ut

625 2247 678 2297 in
710 2243 1072 2307 matrimonio,
1117 2242 1209 2297 sed
1267 2256 1426 2296 causa
1466 2241 1745 2309 explendae
1775 2240 2012 2296 libidinis
2040 2256 2205 2311 copu-
2237 2299 2240 2301 Α

621 2335 782 2397 latus,
814 2344 1136 2403 suggerente
1179 2333 1440 2387 diabolica
1488 2334 1686 2386 astutia
1731 2331 1947 2401 juvenis
1999 2331 2164 2388 frater
2185 2374 2210 2413 ,ο

625 2429 815 2497 puella:
870 2429 1186 2496 illaqueatus
1216 2441 1399 2480 amore
1422 2466 1439 2490 ,
1484 2425 1640 2480 avide
1677 2425 1768 2479 diu
1807 2441 2058 2496 quzerens
2086 2427 2206 2496 ejus

620 2519 955 2588 amplexibus
980 2518 1102 2579 frui,
1130 2517 1342 2570 tandem
1374 2516 1514 2586 quod
1541 2524 1818 2585 optach
1845 2525 1927 2569 est
1953 2515 2199 2585 adeptus.

623 2610 737 2664 fluc
763 2618 1048 2663 accurrant
1069 2608 1314 2678 juvenes,
1337 2618 1392 2662 et
1421 2609 1668 2676 exemplo
1690 2607 1903 2676 juvenis
1928 2608 2038 2662 sint
2051 2619 2202 2661 astu-

622 2702 683 2756 ti.
715 2699 870 2754 Fiunt
899 2711 1022 2752 nota
1051 2701 1262 2766 juveni,
1307 2698 1498 2767 puellm
1525 2699 1662 2762 viro,
1688 2697 1800 2768 jatu
1833 2706 2073 2766 peracta.
2100 2696 2204 2752 Ta-

623 2804 753 2843 cens
787 2789 927 2842 idem
954 2790 1152 2856 cogitat
1180 2789 1359 2854 avide,
1392 2803 1500 2858 quo
1525 2787 1701 2841 valeat
1731 2787 1893 2841 modo
1915 2786 2166 2842 certitndi
2185 2816 2203 2828 -

619 2896 740 2936 netu
771 2882 1026 2949 reperire.
1072 2880 1335 2948 Expectat
1381 2880 1570 2935 diebus
1597 2879 1822 2948 aliquot,
1852 2893 1912 2933 se
1940 2878 2202 2933 simulans

620 2970 722 3026 hoc
752 2972 976 3027 nescire.
1015 2977 1108 3026 Ast
1135 2974 1220 3026 die
1270 2971 1497 3041 quadam
1543 2969 1788 3037 ordinat,
1823 2970 2006 3025 urbem
2047 2971 2204 3026 dese-

625 3078 770 3128 rens,
800 3079 1024 3134 pcregre
1067 3063 1351 3127 proficisci,
1380 3071 1435 3117 et
1469 3063 1643 3118 latens
1672 3079 1766 3132 per
1794 3062 1935 3116 diem
1968 3063 2022 3117 in
2061 3062 2196 3116 civi-

617 3165 743 3212 tate.
768 3166 924 3210 nncte
955 3157 1127 3211 media
1157 3157 1374 3210 domum
1405 3160 1647 3220 veniens,
1701 3155 1957 3210 reseratis
1985 3156 2123 3210 seris
2167 3169 2204 3209 α

616 3249 791 3318 puclla
823 3248 1123 3310 servitrice,
1151 3249 1287 3300 clam
1329 3256 1387 3300 ut
1427 3247 1577 3316 prius
1605 3245 1763 3300 simul
1793 3247 2195 3312 ordinaverant,

613 3339 774 3393 ambo
814 3354 984 3408 usque
1012 3339 1076 3392 ad
1125 3339 1456 3403 thalamum,
1496 3339 1547 3392 in
1604 3353 1712 3407 quo
1774 3339 1892 3407 ejus
1949 3338 2115 3394 frater
2143 3347 2202 3394 et

614 3446 753 3484 uxor
793 3431 842 3484 in
887 3432 1025 3484 lecto
1073 3429 1324 3492 stabant.
1359 3431 1682 3498 procedens,
1735 3431 1834 3484 sibi
1894 3430 2200 3500 postulabat

613 3524 829 3592 aperiri.
861 3522 1119 3576 Mirantur
1147 3522 1244 3588 illi,
1273 3531 1327 3576 et
1345 3521 1536 3575 timore
1570 3520 1838 3590 perterriti
1865 3522 2192 3590 vehementi,

614 3613 840 3683 pulsanti
875 3612 1152 3680 negligunt
1186 3612 1380 3666 ostium
1411 3627 1679 3666 reserare.
1710 3610 1950 3665 Tandem
1973 3613 2195 3667 confra-

612 3705 712 3758 ιοιὶς
737 3704 871 3758 seris
897 3702 1138 3766 thalami,
1174 3703 1388 3772 juvenis
1439 3703 1520 3756 ira
1545 3711 1599 3755 et
1635 3701 1816 3756 furore
1847 3702 2045 3768 nimio,
2085 3703 2197 3758 for-

613 3798 762 3853 nacis
806 3797 976 3852 instar
1004 3795 1240 3851 ardentis
1271 3794 1508 3864 undique
1541 3793 1921 3859 inflammatus,
1967 3810 2192 3848 uxorem

611 3891 785 3958 primo
811 3889 1095 3958 evaginato
1125 3886 1303 3958 gladio
1346 3884 1638 3940 interfecit.
1674 3882 1874 3938 Deinde
1901 3883 2004 3937 sub
2035 3883 2194 3939 thoro

609 3985 883 4050 proprium
906 3981 1202 4035 latitantem
1231 3979 1450 4034 fratrem
1479 3977 1756 4032 inveniens
1781 3975 2070 4031 interemit.
2100 3976 2192 4031 His

616 4077 795 4143 itaque
820 4073 1010 4141 gestis,
1043 4086 1106 4125 ex
1135 4070 1353 4124 civitate
1381 4069 1584 4133 exiens,
1617 4068 1786 4122 multo
1823 4077 2064 4137 tempore
2095 4081 2193 4136 per

611 4163 870 4219 mundum
911 4161 1014 4215 huc
1049 4161 1282 4232 illucque
1313 4173 1524 4222 errans,
1549 4174 1670 4213 eum
1701 4157 2023 4228 quibusdam
2065 4157 2189 4210 aliis

612 4259 776 4322 erepit
803 4252 1063 4324 quosdam
1093 4261 1430 4308 transeuntes
1452 4251 1509 4306 in
1537 4252 1731 4306 itinere
1758 4249 2058 4318 deprzrdari
2085 4289 2100 4314 ,
2129 4263 2194 4304 ac

611 4349 771 4403 etiam
803 4347 1068 4417 jugulare.
1119 4347 1474 4400 Permanettle
1504 4345 1680 4413 itaque
1715 4342 1906 4398 eodem
1937 4340 2063 4396 Tito
2094 4355 2193 4409 per

611 4440 797 4494 decem
827 4455 998 4494 mutos
1028 4439 1222 4494 talibus
1271 4437 1501 4507 negotiis
1533 4435 1826 4506 itnplicato,
1859 4433 2190 4503 gloriosissi-

613 4546 730 4586 mus
754 4529 1112 4600 Hieronymus
1135 4529 1352 4585 salubre
1379 4527 1640 4597 refugium
1670 4533 1726 4580 et
1749 4525 1934 4591 vitale,
1963 4525 2050 4580 die
2069 4539 2193 4595 qua-

606 4623 728 4679 datn
749 4622 859 4694 jam
891 4621 1377 4689 advesperascente
1405 4619 1525 4673 luce
1545 4659 1560 4684 ,
1590 4618 1644 4672 in
1671 4617 1886 4672 modum
1920 4628 2192 4672 mercato-

607 4715 684 4770 ris
714 4729 772 4770 se
799 4711 1112 4769 monstravit
1143 4729 1155 4764 :
1189 4726 1257 4765 ne
1295 4710 1384 4764 ille
1412 4708 1758 4764 solummodo
1801 4707 1995 4764 habitae
2021 4708 2190 4764 devo-

605 4806 768 4860 tionis
802 4805 1038 4875 pramiis
1084 4803 1402 4874 privaretur.
1444 4799 1578 4856 Nam
1628 4800 1718 4856 ille
1765 4815 2066 4873 quanquam
2113 4809 2194 4856 tot

605 4907 657 4951 et
686 4905 830 4952 tanta
857 4896 980 4950 vitia
1006 4892 1342 4950 abhorrenda
1373 4895 1633 4950 continue
1657 4901 1974 4948 exerceret:
2007 4901 2187 4948 tamen

607 4989 658 5043 in
691 4989 847 5044 beato
870 4989 1197 5061 Hieronymo
1240 4986 1580 5043 devotionem
1611 4985 1841 5056 aliquam
1873 4983 2140 5040 retinebat
2170 5024 2186 5050 ,

608 5079 678 5132 ita
708 5088 765 5134 ut
787 5079 963 5135 eidem
1009 5078 1250 5150 quotidie
1293 5093 1354 5134 se
1390 5077 1791 5141 commendans,
1827 5075 1953 5131 boni
1982 5073 2187 5144 aliquid

607 5168 799 5226 diebus
825 5171 1050 5241 singulis
1093 5171 1159 5226 ad
1213 5171 1328 5242 ejus
1370 5169 1631 5225 honorem
1660 5169 1843 5225 facere
1886 5169 2190 5224 nullatenus

609 5262 980 5331 postponebat.
1013 5261 1254 5317 Cerncns
1294 5262 1470 5332 itaque
1494 5261 1648 5316 Titus
1669 5269 2050 5324 mercatorem,
2088 5274 2190 5313 ne-

616 5349 788 5406 fandis
818 5353 981 5408 sociis
1025 5352 1090 5407 ad
1138 5353 1293 5407 solita
1339 5353 1593 5423 nequitia:
1624 5367 1787 5420 Opera
1839 5348 2189 5415 convocatis,

613 5443 829 5498 concito
858 5459 980 5497 cum
1008 5443 1210 5498 eisdem
1243 5459 1470 5515 pergens
1498 5460 1681 5512 cursu,
1709 5442 1930 5496 vibratis
1961 5440 2187 5507 lanceis,

617 5533 946 5602 llieronymo
967 5536 1280 5590 mercatoris
1307 5537 1475 5591 instar
1499 5536 1718 5591 obviant
1743 5534 1999 5590 venienti.
2034 5531 2186 5586 Mox-

613 5639 720 5692 que
768 5621 818 5675 in
851 5637 974 5676 eum
1008 5623 1288 5694 insurgens
1323 5643 1351 5679 a
1399 5629 1561 5683 sociis
1588 5669 1602 5691 ,
1631 5627 1878 5682 eumdem
1929 5623 2191 5693 praecepit

617 5715 861 5785 retineri,
906 5715 1078 5772 donec
1102 5717 1214 5787 cjus
1243 5719 1393 5774 lateri
1425 5721 1633 5791 gladius
1663 5719 1932 5790 inligatur.
1983 5716 2192 5772 Deinde

1793 307 1884 362 DE
1921 304 2285 360 δικαίαις
2325 303 2726 361 ιιιειὶοκῐιιῐ.

3792 318 3906 374 516

2322 436 2535 474 manum
2561 423 2734 474 elevat
2765 422 3116 478 interﬁciendi
3146 425 3384 495 gladium
3432 429 3752 485 retinentem
3777 474 3795 499 ,
3846 443 3908 489 ul

2317 514 2495 566 scelus
2517 523 2720 566 tantum
2746 514 2922 567 valeat
2954 516 3066 584 jam
3091 517 3332 587 explere.
3360 519 3441 572 Ad
3485 521 3600 574 [nec
3637 520 3905 594 Hierony-

2317 618 2437 657 mus
2487 604 2795 671 gloriosus:
2830 623 2850 656 ι
2889 607 3111 672 Amore,
3157 627 3180 658 ι
3214 607 3386 676 inquit
3409 651 3424 674 ,
3485 629 3505 661 ι
3544 611 3894 684 Hieronymi,
3932 639 3938 644 ’

2316 708 2473 761 quem
2502 703 2558 746 tu
2583 693 2767 764 diligis
2790 736 2806 759 ,
2829 696 3007 763 aliqua
3035 698 3285 768 loquendi
3319 701 3494 754 brevis
3526 704 3738 758 licentia
3766 705 3916 772 milti-

2316 783 2475 890 detur
2497 800 2512 836 :
2533 786 2872 890 postmodum
2899 786 2946 842 si
2969 788 3226 852 volueris,
3248 788 3408 844 facito
3425 791 3478 845 id
3503 793 3643 861 quod
3668 803 3844 864 optas.
3873 785 3920 890 si

2315 874 2398 929 Ad
2426 876 2540 930 haec
2567 875 2745 938 Titus,
2781 897 2801 930 ι
2850 881 3071 944 Amore,
3108 899 3129 932 ι
3163 883 3354 951 inquit,
3389 903 3410 934 ‹
3447 886 3566 953 ejus
3592 901 3750 956 quem
3802 874 3920 942 no:

2316 968 2553 1034 tninasti,
2581 979 2636 1024 et
2673 970 2924 1040 loquendi
2957 984 3012 1026 et
3040 973 3254 1028 vivendi
3307 977 3523 1033 licentia
3551 979 3662 1044 tibi,
3701 990 3758 1035 ut
3794 997 3900 1051 po-

2314 1059 2499 1121 stulas,
2525 1061 2882 1116 concedatur:
2915 1073 3119 1118 tantum
3142 1081 3260 1134 quae
3291 1080 3476 1136 portas
3501 1071 3849 1126 mercimoni:

2310 1151 2419 1220 jam
2449 1152 2681 1220 depone.
2723 1172 2742 1204 ι
2769 1156 2838 1208 At
2860 1156 3129 1225 gloriosus
3153 1157 3509 1230 Hieronymus
3537 1179 3551 1213 :
3587 1181 3607 1213 ε
3639 1162 3751 1231 Ego
3781 1161 3908 1233 ipse

2316 1256 2431 1295 sum
2465 1242 2840 1314 Hieronymus,
2864 1249 2952 1314 qui
2985 1247 3087 1299 huc
3117 1259 3338 1316 propter
3356 1260 3501 1305 tuam
3528 1252 3898 1309 liberalia-em

2315 1333 2460 1396 veni,
2492 1350 2560 1388 ne
2591 1334 2720 1387 mihi
2746 1350 2776 1387 a
2809 1349 2860 1390 te
2892 1337 3130 1405 iuipenSa
3159 1339 3418 1408 obsequia
3445 1343 3495 1394 in
3532 1357 3730 1397 vanum
3759 1360 3901 1414 pra:-

2318 1425 2562 1479 terirent.
2616 1425 2694 1480 Te
2749 1437 2827 1480 tot
2872 1444 2992 1496 qua
3047 1430 3262 1496 gessisti
3332 1433 3735 1500 peccaminum.
3783 1437 3899 1503 jam

2317 1517 2576 1584 paeniteat
2603 1534 2618 1569 :
2649 1516 2722 1570 ad
2749 1519 2981 1586 teipsum
3035 1520 3247 1584 redeas,
3283 1535 3351 1574 ne
3376 1520 3629 1576 formides
3659 1542 3672 1576 :
3701 1523 3902 1578 hucus-

2315 1623 2421 1676 que
2454 1623 2539 1660 me
2568 1610 2784 1662 noveris
2814 1620 3033 1678 propter
3060 1619 3202 1664 tuam
3235 1612 3487 1676 salutem,
3539 1625 3592 1668 et
3623 1616 3815 1668 anima:
3841 1625 3902 1671 et

2315 1701 2578 1766 corporis,
2623 1702 2916 1766 supplicem
2971 1703 3112 1770 apud
3161 1703 3324 1756 Deum
3377 1714 3433 1758 et
3460 1721 3582 1775 erga
3617 1715 3669 1760 te
3708 1709 3908 1762 irataur

2316 1789 2554 1842 divinam
2579 1790 2841 1858 justitiam
2871 1793 3166 1856 exstitisse,
3197 1809 3266 1848 ne
3294 1795 3345 1847 in
3374 1805 3424 1848 te
3456 1795 3644 1865 dignas
3669 1799 3769 1850 tibi
3791 1812 3898 1851 sa!-

2317 1882 2474 1935 vitias
2519 1894 2817 1938 exerceret.
2860 1883 2940 1936 Ad
2989 1886 3320 1950 pmaitentia:
3378 1887 3538 1955 igitur
3574 1889 3902 1956 quameitius

2319 1989 2480 2042 perge
2522 1974 2737 2039 callem,
2788 1984 2843 2028 et
2897 1984 3235 2043 peccatorum
3292 1990 3467 2044 Oper:
3494 1978 3604 2045 jam
3643 1978 3847 2046 depone
3883 1997 3903 2031 :

2316 2066 2552 2134 alioquin
2575 2082 2660 2120 me
2684 2067 2756 2120 tui
2777 2068 3053 2120 custodem
3075 2079 3131 2121 et
3148 2070 3443 2137 supplicem
3462 2085 3565 2124 non
3595 2071 3835 2125 habebis.
3873 2093 3908 2125 r

2318 2157 2414 2214 His
2443 2159 2599 2212 dictis
2626 2201 2643 2225 ,
2675 2159 3036 2230 Hieronymus
3063 2160 3332 2230 gloriosus
3371 2161 3440 2215 ab
3469 2162 3675 2216 illorum
3726 2165 3903 2218 oculis

2316 2250 2600 2320 disparuit.
2625 2251 2706 2304 Ad
2738 2250 2851 2304 hmo
2874 2251 3203 2320 stupefactus
3239 2251 3412 2316 Titus,
3455 2254 3623 2322 etqui
3651 2269 3773 2308 cum
3805 2256 3906 2309 illo

2315 2353 2488 2408 erant,
2526 2345 2718 2397 timore
2767 2354 2820 2396 et
2841 2343 3196 2398 admiratione
3237 2354 3341 2397 tam
3382 2345 3582 2414 ingenti
3607 2345 3673 2399 ad
3700 2356 3901 2402 teriam

2318 2438 2618 2505 procidens,
2640 2453 2736 2507 per
2757 2437 2945 2491 horam
2971 2454 3076 2492 non
3105 2438 3275 2507 potuit
3295 2439 3514 2494 elevari.
3537 2439 3686 2494 Tunc
3718 2440 3898 2493 subito

2319 2531 2371 2583 itt
2393 2529 2592 2590 Titum.
2622 2541 2677 2586 et
2698 2532 2787 2601 qui
2815 2547 2936 2584 cum
2966 2531 3058 2585 illo
3074 2541 3245 2592 erant,
3271 2532 3502 2600 Spiritus
3517 2531 3699 2586 Sancti
3725 2532 3893 2601 gratia

2313 2631 2397 2678 est
2414 2623 2606 2690 euulsa,
2621 2635 2672 2677 et
2695 2624 2787 2678 lux
2803 2639 2898 2679 eos
2914 2619 3128 2679 coalitus
3140 2623 3549 2691 illustravit.Qni
3570 2625 3809 2692 pretinus
3834 2625 3901 2677 irr

2315 2715 2463 2769 viros
2489 2715 2689 2768 alteros
2721 2715 2830 2782 jam
2859 2717 3063 2778 mutati,
3089 2716 3284 2786 spretis
3299 2718 3503 2770 eunetis
3529 2717 3798 2785 spurcitiis
3815 2716 3901 2769 vi.

2316 2807 2530 2870 tiorutn,
2563 2806 2632 2860 ad
2659 2805 2984 2876 poenitentia:
3021 2809 3286 2863 tramitem
3316 2809 3544 2864 rediere.
3577 2808 3776 2864 Deinde
3818 2809 3889 2862 ad

2312 2913 2614 2954 eremorum
2645 2907 2794 2952 antra
2821 2899 2971 2952 devia
2997 2908 3050 2954 et
3077 2900 3252 2969 ignota
3289 2909 3660 2970 properantes,
3690 2901 3900 2969 magnis

2311 3009 2371 3048 se
2399 3008 2681 3062 corporum
2707 2993 3080 3062 asperitatibus
3106 3003 3160 3047 et
3187 2993 3309 3048 vita:
3341 2993 3693 3048 sanctissimae
3728 2991 3862 3045 tradi

2311 3083 2655 3209 desii-lin.
2686 3154 2997 3208 Miraculum
3024 3154 3164 3206 aliud
3187 3153 3326 3222 quod
3359 3152 3716 3208 veridicorum
3744 3151 3900 3205 testi-

2312 3249 2494 3301 monio
2546 3248 2869 3302 ualidissime
2915 3248 2966 3300 in
2997 3249 3360 3316 superioribus
3392 3245 3608 3316 Egypti
3651 3245 3906 3316 partibus

2311 3349 2584 3406 peractum
2633 3337 2868 3392 intellexi
2910 3355 2923 3388 :
2957 3346 3221 3406 quatenus
3250 3336 3555 3390 hominibus
3584 3348 3634 3390 et
3661 3336 3900 3390 maxime

2302 3430 2588 3499 juvenibus
2617 3469 2634 3492 ,
2685 3438 3174 3499 quantumcumque
3240 3430 3443 3494 castis,
3515 3429 3786 3497 proveniat
3833 3429 3908 3484 iti-

2307 3524 2612 3593 exeniplutn
2645 3523 2710 3575 ad
2739 3522 3046 3575 evitandum
3077 3522 3372 3588 periculum
3392 3522 3683 3574 mulierum
3702 3560 3719 3584 ,
3749 3535 3898 3588 pra:-

2305 3616 2515 3672 cedeuti
2540 3615 2797 3669 miraculo
2823 3613 3020 3668 addere
3057 3614 3236 3682 cogito
3259 3615 3371 3667 fore
3395 3622 3585 3666 ratum.
3604 3611 3902 3667 Monachus

2306 3708 2519 3778 quidam
2559 3707 2771 3776 juvenis
2825 3715 2876 3760 et
2921 3706 3188 3767 decorus,
3238 3705 3517 3758 honestate
3566 3705 3895 3774 pra-cipuus,

2307 3815 2513 3852 tuorum
2547 3807 2804 3861 maturus,
2844 3797 2991 3866 quasi
3022 3811 3186 3850 senex
3201 3794 3476 3864 virginalis
3507 3794 3777 3863 pudicitia:
3794 3807 3902 3848 cu-

2305 3903 2449 3954 Slus,
2481 3890 2763 3960 contisque
2795 3891 2936 3943 illius
2968 3889 3276 3942 monasterii
3310 3887 3586 3942 monachis
3613 3887 3898 3954 speculum

2311 3982 2609 4034 sanctitatis
2634 4023 2648 4044 ,
2671 3991 2725 4035 et
2754 3979 3129 4051 gloriosissimi
3160 3979 3466 4048 Hieronymi
3494 3990 3701 4032 amator
3720 3979 3903 4032 devo-

2307 4072 2542 4124 tissimus
2571 4071 2664 4124 fuit
2695 4087 2718 4122 τ’
2737 4069 3018 4123 duodecim
3049 4068 3248 4137 degens
3275 4069 3432 4121 annis
3455 4070 3505 4122 in
3539 4068 3899 4133 monasterio,

2304 4161 2556 4214 c0tttittue
2598 4161 2930 4213 orationibus
2978 4173 3208 4222 vacans,
3261 4167 3316 4212 et
3355 4157 3544 4212 studio
3589 4156 3904 4225 Scriptura-

2303 4266 2443 4305 rutn.
2479 4251 2574 4305 llic
2625 4265 2809 4304 amore
2836 4249 3096 4302 castitatis
3136 4249 3350 4312 timens,
3377 4263 3447 4303 ne
3473 4262 3570 4302 cor
3588 4247 3904 4316 aliqnaliter

2303 4340 2550 4404 violaret,
2571 4341 2865 4394 mulierum
2883 4339 3030 4392 visus
3056 4337 3395 4392 inell‘abiliter
3416 4337 3749 4392 abhorrebat
3769 4377 3785 4402 ,
3816 4338 3901 4392 ita

2304 4440 2364 4487 ut
2387 4447 2570 4486 earum
2609 4432 2923 4486 memoriam
2947 4429 3280 4484 formidaret.
3308 4429 3442 4482 lluic
3473 4429 3748 4498 proposito
3774 4427 3904 4483 dia-
3931 4419 3940 4442 '

2305 4525 2459 4580 belus
2475 4527 2722 4594 antiquus
2739 4539 2964 4592 serpens
2981 4533 3035 4578 et
3052 4523 3324 4577 hominum
3355 4523 3600 4578 inimicus
3615 4524 3900 4590 invidens,

2302 4630 2416 4670 suae
2460 4616 2711 4685 nequitiae
2742 4615 3054 4668 inveterata:
3091 4622 3278 4668 contra
3329 4630 3453 4669 eum
3491 4615 3644 4670 dolos
3668 4625 3724 4670 ct
3747 4625 3903 4673 artes

2307 4705 2630 4774 multiplices
2657 4704 2923 4767 incitavit,
2949 4704 3200 4760 continue
3226 4705 3608 4774 cogitationum
3635 4705 3901 4773 stimulis,

2301 4799 2554 4868 juvenem
2587 4799 2850 4866 pessimus
2874 4806 3106 4851 tentatur
3132 4796 3412 4866 afﬂigens,
3449 4798 3536 4852 die
3561 4807 3833 4866 noctuque
3865 4817 3902 4854 ει

2307 4892 2690 4948 tentationibus
2727 4892 2936 4947 duobus
2964 4893 3236 4946 mensibus
3263 4908 3370 4947 non
3399 4892 3645 4946 cessavit.
3663 4889 3904 4949 Juveuis

2305 4998 2434 5038 vero
2462 4983 2736 5052 providus,
2765 4997 2886 5037 sese
2914 4983 3120 5037 Domini
3139 4991 3192 5036 et
3221 4983 3360 5036 beati
3382 4981 3712 5052 Hieronymi,
3738 4983 3904 5050 cujus

2305 5075 2606 5131 dilectionis
2635 5075 2833 5130 ardore
2876 5075 3152 5140 fervebat,
3183 5075 3568 5130 commendans
3595 5073 3864 5129 custodiae
3883 5117 3900 5142 ,

2305 5169 2512 5225 victrici
2539 5169 2781 5233 dextera,
2819 5177 3146 5222 teutameuta
3174 5166 3409 5232 diaboli,
3437 5165 3655 5236 jejuuiis
3682 5174 3740 5220 et
3771 5181 3901 5221 ora-

2307 5261 2540 5316 tionibus
2585 5275 2644 5314 se
2694 5259 2978 5323 muniens,
3029 5257 3406 5327 triumphabat.
3447 5256 3734 5313 Conﬂuant
3790 5258 3898 5313 htte

2306 5368 2492 5426 qumso
2528 5353 2754 5422 juvenes
2777 5363 2937 5422 atque
2965 5365 3123 5406 senes
3143 5391 3158 5414 ,
3187 5359 3242 5405 et
3273 5350 3458 5418 quanti
3494 5350 3563 5404 sit
3589 5364 3749 5405 casus
3778 5364 3896 5404 mu-

2309 5446 2497 5499 licrnm
2530 5444 2685 5498 fallax
2705 5442 3045 5512 pulchritudo
3073 5441 3196 5495 hinc
3212 5440 3512 5495 doceantur
3540 5442 3774 5497 maxime
3800 5456 3894 5512 per

2306 5535 2630 5603 exemplum.
2649 5532 2890 5588 Cernens
2907 5547 2965 5586 se
2979 5531 3124 5602 aspis
3141 5529 3372 5600 perﬁdus
3391 5529 3635 5586 diabolus
3650 5546 3681 5585 a
3695 5531 3899 5601 juvene

2309 5624 2548 5692 superari
2571 5665 2584 5685 ,
2617 5632 2866 5692 tanquam
2894 5621 2980 5676 leo
3028 5621 3277 5690 rugiens,
3308 5619 3623 5683 subtiliores
3664 5623 3894 5678 nocendi

2309 5723 2456 5770 artes
2477 5715 2635 5784 empit
2660 5729 2922 5781 qutrrerc.
2940 5713 3023 5767 Fit
3037 5713 3210 5780 itaque
3229 5711 3367 5766 inter
3381 5725 3474 5765 cas
3492 5727 3669 5782 pugna
3694 5718 3871 5786 gravis
3890 5754 3903 5776 ,
