4048 6186
144 244 270 304 di?

153 364 310 417 lliiie
370 360 583 417 asintiis
632 363 903 416 consuetis
958 371 1133 414 castra
1189 358 1446 414 adversus
1494 358 1744 426 juvenem

148 455 331 509 struit
359 456 627 524 pessimus
675 454 941 516 inimicus,
972 452 1095 507 hinc
1119 451 1333 522 juvenis
1376 449 1649 503 orationes
1695 455 1750 500 et

150 544 488 615 Hieronymi
510 546 792 614 protectio,
813 551 1110 598 castrorum
1138 549 1381 596 sternunt
1403 538 1751 600 munitiones,

147 644 209 689 et
237 637 393 690 vires
418 635 535 705 ejus
559 635 829 704 triumpho
852 634 1012 689 nobili
1044 631 1394 701 vilipendiint.
1420 630 1625 684 Interea
1651 643 1749 697 ge-

145 726 366 779 nitoris
418 726 484 779 ad
516 736 741 780 mortem
771 726 1079 795 aegrotantis
1118 722 1436 778 visitationis
1478 736 1638 776 causa
1672 720 1754 773 in-

141 826 437 886 gruente,
490 832 556 871 ex
598 817 928 871 monasterio
976 818 1029 869 in
1073 816 1341 869 civitatem
1378 811 1446 865 ad
1474 821 1749 881 paternam

140 908 339 963 aedem
386 911 570 965 venire
610 909 832 979 juvenis
872 919 954 963 est
981 906 1310 976 compulsus.
1332 904 1463 959 Nam
1515 917 1574 957 se
1602 912 1753 972 pater

139 999 353 1055 dolore
384 1001 552 1055 nimio
581 1001 923 1062 moriturum,
950 1000 994 1052 si
1016 998 1227 1051 visione
1246 996 1604 1049 Irustraretnr
1632 992 1747 1055 lilii,

137 1091 375 1145 crebris
400 1091 725 1145 clamoribus
753 1089 1099 1143 acclainabat.
1118 1088 1199 1140 Ob
1226 1088 1324 1139 hoc
1342 1085 1531 1139 dolens
1561 1095 1750 1136 mona-

136 1179 321 1248 chus,
356 1182 556 1236 timens
582 1197 648 1235 ne
674 1182 957 1234 mulierum
981 1180 1116 1241 visu,
1146 1193 1240 1231 cor
1269 1175 1526 1231 mundum
1556 1183 1610 1229 et
1636 1174 1748 1226 vir-

134 1274 323 1340 gineo
357 1272 595 1326 candore
618 1272 842 1325 nitidum
892 1271 1137 1331 violaret,
1170 1268 1365 1337 potius,
1396 1266 1499 1320 nisi
1525 1264 1748 1319 fratrum

135 1364 225 1416 sui
266 1362 515 1415 cinnobii
543 1360 732 1414 fuisset
762 1359 1238 1428 supplicationibus
1268 1356 1550 1410 inclinatus
1574 1393 1590 1417 ,
1620 1366 1747 1422 erga

133 1467 373 1524 patrem
406 1453 779 1507 crudelitatem
802 1453 1014 1504 volebat
1033 1460 1253 1520 propter
1283 1446 1565 1502 Dominum
1587 1460 1744 1499 exer-

133 1561 315 1611 cere,
353 1560 513 1614 quant
550 1544 724 1597 eidem
756 1544 1046 1595 inlirinanti
1088 1540 1319 1609 compati
1360 1554 1390 1591 a
1422 1539 1745 1593 monasterio

137 1634 484 1691 recedendo.
508 1633 722 1689 Sciebat
749 1635 892 1687 enim
928 1631 1199 1685 monacho
1230 1631 1304 1683 nil
1335 1640 1440 1683 tant
1470 1644 1697 1682 noenum
1723 1668 1739 1694 ,

137 1724 819 1788 detestabileetmortale,
846 1739 1001 1790 quain
1024 1724 1166 1776 vietis
1183 1722 1513 1784 ctcivitates,
1537 1730 1591 1774 et
1612 1734 1739 1787 gen-

139 1819 284 1870 tinm
317 1814 719 1870 multitudinem
759 1812 1064 1867 circumire.
1090 1810 1243 1867 Nulla
1282 1820 1429 1864 certe
1464 1818 1742 1878 permanet

140 1910 195 1961 in
211 1906 440 1960 homine
452 1907 603 1976 quies
621 1904 833 1965 mentis,
849 1904 938 1972 qui
960 1903 1245 1955 multorum
1261 1901 1669 1953 verbositatibns
1684 1911 1738 1953 et

145 1996 473 2063 vaniloquiis
500 1995 819 2063 implicatur.
841 1991 993 2058 Quod
1020 2007 1155 2061 aqua
1185 1991 1438 2059 piscibus,
1462 1992 1737 2044 monachis

147 2088 293 2141 idem
310 2086 592 2156 praecipue
629 2083 900 2139 silentium
925 2091 1201 2152 Operatur.
1228 2082 1283 2135 In
1314 2092 1530 2151 paterna
1560 2085 1736 2150 itaque

147 2194 378 2233 "tenens
395 2177 511 2232 aede
528 2174 821 2230 monachus
836 2174 1025 2228 diebus
1043 2174 1229 2237 tribus,
1262 2174 1422 2226 taedio
1446 2185 1552 2227 tam
1576 2174 1734 2226 vehe-

145 2270 317 2323 menti
346 2266 567 2321 aﬂ‘ectus
597 2279 679 2320 est
699 2304 715 2330 ,
748 2264 889 2335 quod
918 2264 1019 2317 sibi
1064 2266 1241 2333 potius
1268 2264 1547 2317 videbatur
1582 2266 1735 2317 tetris

147 2374 208 2413 se
239 2357 360 2412 fore
384 2356 692 2413 carceribus
722 2356 1103 2423 mancipatum.
1133 2351 1414 2422 Completo
1436 2354 1522 2407 die
1555 2355 1728 2419 tertio,

146 2451 280 2503 dum
312 2464 453 2503 eum
495 2462 619 2501 cum
655 2461 842 2501 sorore
890 2459 988 2498 sua
1048 2444 1275 2513 quadam
1326 2444 1734 2512 pulchritudinis

147 2540 428 2605 inauditae,
460 2538 783 2592 inﬁrmitatis
812 2551 973 2590 causa
1015 2535 1181 2603 patris
1225 2549 1380 2588 crura
1410 2533 1563 2586 simul
1604 2550 1731 2586 cnn-

148 2632 383 2701 tingeret
430 2630 766 2691 confricare,
810 2642 939 2682 casu
978 2626 1187 2679 sororis
1229 2625 1449 2679 dextera
1489 2624 1728 2693 ejusdem

148 2731 402 2793 tangente
449 2720 723 2775 dexteram
747 2759 765 2783 ,
798 2728 903 2771 tam
945 2718 1075 2770 diris
1127 2715 1361 2769 libidinis
1398 2724 1451 2768 et
1490 2702 1727 2783 ejusdem

152 2813 360 2867 sororis
392 2812 612 2879 ineptae,
658 2818 713 2863 et
740 2807 1113 2884 abpininabilis
1152 2807 1594 2874 concupiscentia:
1632 2806 1732 2861 fuit

149 2905 330 2961 subito
361 2903 563 2974 jaculis
589 2916 683 2957 cor
720 2901 963 2971 ejusdem
1014 2898 1261 2953 monachi
1304 2900 1587 2969 instigante
1611 2898 1724 2953 dia-

150 2995 275 3051 bolo
317 2994 679 3056 vulneratum,
706 2991 847 3062 quod
877 3006 1013 3061 pene
1052 3006 1171 3046 eam
1200 2990 1266 3046 ad
1298 2990 1502 3056 illicita,
1530 2998 1586 3044 et
1613 3007 1720 3043 oin-

149 3086 278 3143 nino
303 3086 372 3141 ab
401 3085 707 3140 hominibus
732 3083 1094 3149 abhorrentia,
1127 3082 1227 3137 nisi
1256 3082 1549 3137 exstitisset
1570 3084 1729 3137 timor

148 3178 504 3243 verecundiae,
534 3179 828 3232 invitasset.
856 3177 968 3230 lleu
990 3176 1115 3244 quid
1144 3174 1361 3229 dicam?
1391 3176 1520 3242 Quae
1543 3190 1721 3228 mona-

147 3272 262 3327 cbis
293 3271 403 3326 illis
454 3270 615 3324 inerit
639 3269 977 3323 observantia
1009 3266 1301 3331 castitatis,
1328 3266 1419 3333 qui
1472 3266 1726 3320 ecutinue

148 3362 432 3417 mulierum
480 3358 679 3414 visibus
709 3359 983 3426 potiuntur
1024 3356 1075 3410 in
1129 3355 1290 3409 simul
1332 3356 1728 3425 colloquendo?

144 3453 232 3509 Sic
260 3460 441 3507 manet
461 3451 514 3505 in
544 3451 790 3506 castitate
832 3450 991 3503 homo
1019 3449 1208 3503 faciem
1260 3448 1474 3503 intuens
1513 3448 1727 3503 assidue

135 3544 464 3607 mulierum,
492 3542 628 3597 sicut
674 3550 853 3594 manet
897 3541 1045 3607 palea
1093 3548 1240 3593 stans
1273 3540 1325 3594 in
1368 3539 1509 3610 igne.
1544 3539 1724 3594 Fallax

134 3643 292 3690 certe
317 3675 333 3699 ,
367 3642 423 3689 et
448 3636 616 3688 ruina:
646 3632 891 3687 maximae
922 3633 1251 3701 propinquus
1278 3646 1435 3686 casus
1459 3672 1474 3695 ,
1509 3632 1729 3685 inevita-

146 3724 664 3795 bilequepericulum
681 3734 764 3780 est
786 3724 993 3779 feminae
1008 3723 1365 3792 pulchritudo.
1381 3725 1565 3779 Timor
1576 3736 1727 3779 certe

147 3819 415 3873 monacho
438 3818 649 3880 evenit,
678 3832 838 3887 quem
868 3816 1116 3881 timebat,
1139 3824 1193 3870 et
1219 3816 1317 3870 sibi
1348 3816 1539 3871 accidit
1587 3816 1725 3884 quod

148 3922 297 3966 tanto
324 3920 565 3980 tempore
593 3910 898 3969 verebatur.
930 3923 1029 3962 nec
1060 3909 1177 3961 sine
1202 3909 1447 3975 exemplo
1496 3910 1728 3961 maximo

144 4003 395 4057 aliorum.
426 3998 542 4054 Non
571 3999 623 4053 in
654 3999 748 4053 illo
771 4001 980 4065 jussnm
1010 4005 1095 4051 est
1120 3998 1429 4066 parentibus
1468 3997 1688 4050 obedire
1710 4037 1726 4061 ,

140 4093 195 4145 in
244 4105 354 4161 quo
377 4089 570 4144 anima:
602 4086 898 4159 perieulum
929 4086 1270 4141 formidatur.
1301 4087 1347 4140 Α
1392 4085 1727 4140 monasterio

146 4186 313 4238 invite
340 4180 640 4237 monachus
668 4179 969 4249 egreditur,
999 4178 1091 4232 sed
1118 4176 1312 4231 ardore
1342 4176 1580 4231 libidinis
1621 4186 1726 4230 tam

146 4274 391 4329 nefande
413 4288 509 4328 cor
536 4271 921 4336 inﬂammante,
954 4271 1028 4324 nil
1050 4270 1193 4324 aliud
1220 4284 1377 4337 quam
1398 4270 1600 4322 sororis
1629 4269 1729 4323 hoc

145 4364 441 4422 nescientis
489 4363 667 4418 scelus
699 4362 887 4416 faciem
934 4361 1191 4430 improbis
1216 4361 1489 4413 oculorum
1532 4360 1729 4414 visibus

143 4458 330 4513 videre
354 4456 601 4526 cogitans
629 4495 646 4520 ,
682 4470 829 4526 pene
861 4469 1130 4523 nunquam
1180 4452 1341 4508 fuisse
1366 4467 1427 4506 se
1450 4453 1500 4506 in
1546 4466 1730 4505 mona-

146 4548 313 4604 sterio
358 4545 699 4601 recordatur.
726 4545 957 4599 Sanatur
987 4543 1200 4596 interim
1240 4553 1407 4611 pater.
1442 4544 1508 4595 At
1539 4556 1728 4594 mona-

147 4640 279 4696 chus
306 4636 747 4694 excusationibus
770 4635 1093 4697 adinventis,
1121 4634 1290 4687 tardat
1309 4634 1374 4686 de
1400 4632 1486 4687 die
1510 4632 1560 4685 itt
1586 4632 1729 4685 diem

146 4734 210 4787 ad
241 4730 634 4787 monasterium
676 4741 937 4781 remeare.
968 4726 1211 4779 Manente
1239 4736 1413 4778 autem
1453 4724 1642 4778 eodem
1677 4724 1728 4777 iu

152 4833 372 4892 paterna
400 4821 566 4875 domo
593 4820 761 4874 tribus
788 4818 1084 4882 mensibus,
1112 4818 1235 4870 hinc
1261 4816 1573 4880 monachos,
1607 4816 1730 4871 hinc

154 4928 357 4983 patrem
399 4914 635 4966 maxima
684 4912 852 4965 movit
892 4910 1176 4965 admiratio
1205 4925 1527 4976 omnemque
1578 4909 1730 4961 lami-

152 5008 297 5071 liam,
332 5019 431 5058 cur
458 5004 615 5058 istum
647 5013 754 5058 tam
782 5003 1075 5059 vehemens
1103 5003 1380 5071 irrepserit
1427 5001 1651 5055 mutatio
1676 5010 1731 5055 et

159 5101 402 5155 alteratio
456 5096 714 5152 inaudita.
763 5097 1013 5167 Ignorant
1060 5094 1322 5165 siquidem
1365 5094 1440 5148 rei
1478 5108 1727 5159 causam,

159 5192 345 5250 idcirco
368 5189 625 5249 eiectum
666 5204 761 5244 eos
799 5187 1022 5258 contigit
1062 5188 1325 5256 ignorare.
1350 5184 1431 5241 Ad
1464 5194 1732 5239 monaste-

162 5282 279 5343 rium
295 5301 415 5342 eum
445 5282 662 5339 duobus
686 5280 752 5334 ad
780 5296 837 5335 se
861 5295 928 5335 ex
961 5278 1285 5332 monasterio
1310 5277 1589 5331 destinatis
1616 5292 1731 5331 mo-

160 5382 322 5438 nacliis
348 5377 577 5436 tandem
612 5374 921 5438 revertitur,
956 5370 1086 5425 illud
1134 5371 1368 5424 referens
1395 5370 1608 5424 tmdium
1648 5385 1734 5425 rc-

155 5475 360 5539 deiindo,
405 5466 561 5542 quod
598 5464 747 5533 prius
782 5463 1047 5517 detulerat
1067 5458 1331 5515 exeundo.
1354 5458 1725 5528 Ctepititaquc

154 5572 193 5625 in
222 5560 559 5626 itionasterio
614 5568 814 5623 corpus
853 5554 1047 5621 degere
1084 5549 1369 5615 monachi,
1401 5564 1494 5603 cor
1521 5562 1651 5603 vero
1702 5563 1732 5602 a

150 5678 304 5720 iurare
359 5646 697 5720 aliqnalitcr
728 5656 832 5694 non
888 5642 1105 5695 recedit.
1136 5639 1250 5694 lloc
1275 5638 1375 5694 sibi
1416 5638 1471 5693 lit
1493 5636 1730 5694 studium

1310 240 1398 297 DE
1438 236 1803 295 MIRACUIJS
1842 236 2243 293 HIERONXMI.

3340 247 3449 305 διο

1869 353 2288 423 Seripturarum,
2318 364 2373 408 ut
2397 354 2623 427 attingat
2644 358 2873 426 pessima
2907 373 3025 429 quae
3046 360 3287 418 allectat.
3311 365 3437 423 ilice

1860 444 2242 514 contemplatio
2275 444 2583 500 divinorum
2606 490 2621 511 ,
2654 456 2710 500 ut
2740 459 3075 517 peccatorum
3113 454 3328 510 modum
3360 458 3437 512 in-

1861 536 2041 591 veniat
2081 535 2486 604 explcndorum.
2539 537 2841 593 Percutitur
2885 541 3090 597 alienus
3138 546 3257 612 sui,
3303 558 3359 603 et
3403 563 3437 604 ει

1860 626 2103 679 veritatis
2128 626 2432 695 Cognitione
2459 627 2667 694 devius,
2688 629 2942 683 continua
2973 645 3001 682 a
3027 631 3263 700 diabolo,
3290 640 3443 705 cujus

1852 718 1984 786 jugo
2011 718 2331 785 gravissimo
2358 719 2623 775 imbecille
2666 720 2860 775 collum
2886 721 3171 790 submisit,
3200 726 3437 785 libidinis

1857 825 2009 863 nova:
2036 810 2177 865 telis.
2210 809 2361 865 Sicut
2395 811 2573 866 fumus
2600 811 2862 867 deﬁciunt
2889 812 3003 868 dies
3032 814 3171 883 ejus,
3202 817 3446 873 confrin-

1855 912 2051 967 guniur
2079 901 2217 955 sicut
2239 902 2291 955 in
2317 900 2541 956 lrixorio
2568 917 2690 957 ossa
2718 902 2857 972 ejus,
2880 912 2936 959 et
2962 904 3261 959 inﬁrmatur
3288 908 3444 963 dolo-

1855 992 2005 1047 ribus
2032 994 2142 1047 vita
2173 993 2315 1063 ejus,
2352 995 2705 1049 irrationabili
2751 997 2805 1048 lit
2836 996 3027 1050 similis
3049 998 3286 1055 animali.
3309 1000 3444 1056 Obli-

1854 1082 2078 1136 viscitur
2128 1084 2180 1136 in
2211 1092 2323 1138 toto
2362 1084 2599 1138 divinam
2647 1085 2984 1140 clementiam
3024 1103 3288 1143 exorare:
3333 1100 3443 1146 tota

1855 1174 1943 1229 die
1970 1176 2210 1246 cogitans
2235 1178 2354 1245 quis
2380 1176 2570 1232 modus
2591 1188 2843 1246 appareat
2870 1178 3082 1243 habilis,
3112 1191 3165 1235 ut
3194 1182 3440 1250 poculum

1855 1266 2048 1320 mortis
2088 1266 2266 1321 valeat
2306 1266 2611 1341 degustare.
2632 1267 2753 1322 Heu
2802 1283 2959 1337 quam
2990 1279 3115 1323 sunt
3156 1271 3342 1341 inopes
3388 1281 3442 1327 et

1854 1359 2062 1422 miseri,
2094 1368 2149 1414 et
2176 1359 2244 1413 ab
2270 1360 2523 1415 omnibus
2548 1360 2703 1414 bonis
2731 1370 2951 1430 egentes
2982 1372 3035 1416 et
3061 1364 3271 1428 exules,
3294 1364 3382 1433 qui
3409 1380 3441 1419 a

1852 1449 2081 1506 Domino
2124 1467 2184 1507 se
2213 1452 2488 1521 elongant.
2512 1451 2687 1507 Tanto
2715 1453 2773 1506 lit
2802 1453 2957 1524 pejor
2986 1454 3159 1509 brutis
3188 1457 3438 1511 animali-

1851 1538 1953 1594 bus
1982 1542 2065 1595 vir
2092 1542 2143 1595 in
2188 1544 2464 1610 peccatis,
2495 1542 2690 1611 quibus
2718 1542 2787 1595 ab
2826 1545 3004 1597 anima
3048 1545 3189 1600 Dens
3245 1546 3437 1614 majori

1848 1631 2021 1697 spatio
2050 1631 2349 1699 elongatur,
2381 1646 2540 1699 quam
2576 1631 2626 1684 id
2655 1646 2761 1700 quo
2788 1632 2983 1686 coelum
3010 1648 3039 1686 a
3060 1644 3201 1689 terra
3234 1635 3396 1691 distat
3419 1675 3435 1699 .

1846 1728 1901 1771 et
1939 1718 2121 1772 oriens
2168 1721 2237 1772 ab
2281 1734 2477 1774 occasu
2510 1738 2522 1772 :
2551 1731 2752 1790 quanto
2788 1722 2991 1775 eisdem
3023 1734 3271 1791 praestat,
3312 1742 3432 1780 cum

1844 1808 2020 1862 divina
2048 1810 2216 1878 gratia
2245 1822 2328 1865 est
2352 1812 2593 1865 fulcitus.
2618 1812 2882 1881 Cogitanti
2908 1813 3139 1884 denique
3169 1818 3434 1873 monacho

1846 1900 2084 1954 veritatis
2104 1901 2317 1954 luminis
2342 1904 2546 1967 nescio,
2575 1904 2975 1957 nelandissima-
3000 1916 3051 1959 et
3080 1907 3282 1961 auditui
3308 1909 3432 1963 hor-

1843 1989 2016 2043 rtbilis
2044 1991 2331 2058 voluptatis
2361 1992 2723 2061 adipiscenda!
2762 1995 3000 2062 reperire
3030 1996 3271 2062 modum,
3305 1998 3429 2051 mali

1840 2080 2046 2133 consilii
2071 2081 2363 2135 seminator
2380 2082 2625 2135 diabolus
2651 2082 2753 2137 hoc
2780 2084 2882 2136 sibi
2912 2084 3015 2138 tale
3040 2086 3271 2139 insinuat
3296 2103 3429 2142 con-

1841 2170 2017 2222 silium
2064 2170 2279 2224 occulto
2322 2172 2647 2240 cogitainine
2685 2173 2802 2224 vani
2855 2174 3073 2237 cordis,
3120 2185 3175 2227 nt
3226 2177 3429 2231 scilicet

1841 2260 2176 2329 intempestze
2210 2264 2380 2317 noctis
2402 2264 2579 2319 medio
2608 2265 2814 2317 cunctis
2844 2264 3254 2329 dormientibus,
3278 2278 3427 2321 veste

1840 2354 2080 2423 deposita
2132 2354 2433 2409 inonacbali
2470 2395 2489 2421 ,
2537 2365 2856 2424 sumptoque
2903 2356 3085 2409 habittt
3135 2357 3301 2411 laicali
3359 2374 3424 2414 ex

1841 2445 2171 2499 monasterio
2202 2448 2409 2511 exiens,
2456 2455 2705 2513 paternas
2732 2448 2867 2501 clam
2900 2447 3055 2500 adeat
3084 2449 3421 2513 mansiones,

1837 2546 1891 2588 et
1925 2534 2143 2589 domum
2188 2536 2507 2605 crepusculo
2538 2537 2710 2590 noctis
2764 2538 2989 2589 latenter
3036 2538 3274 2602 intrans,
3322 2540 3422 2592 sub

1839 2628 1995 2677 thoro
2019 2626 2223 2678 sororis
2270 2626 2631 2689 lateat,donee
2659 2625 2962 2680 dormiente
2992 2627 3102 2695 ipsa
3126 2668 3141 2693 ,
3183 2626 3248 2681 ad
3274 2643 3421 2681 eain-

1834 2715 1956 2770 dem
2001 2716 2221 2769 accedat
2269 2732 2380 2770 suae
2435 2716 2725 2785 voluptatis
2775 2716 3023 2771 libidines
3084 2721 3415 2787 expleturos.

1834 2808 2014 2862 Placet
2042 2808 2247 2863 insanae
2279 2810 2474 2863 mentis
2505 2810 2787 2877 imperitiae
2801 2809 3085 2863 consilium
3112 2819 3415 2878 erogatum,

1833 2898 2114 2968 studetque
2143 2900 2315 2966 ipsum
2342 2909 2453 2953 toto
2480 2914 2635 2968 posse
2674 2914 2834 2967 quam
2885 2909 3061 2967 potest
3099 2900 3308 2952 brevius
3335 2900 3419 2953 ef-

1834 2987 1993 3043 fectui
2035 2990 2361 3057 mancipare.
2393 2988 2648 3057 Sequenti
2680 2989 2838 3057 igitur
2887 2988 3196 3041 advenienti
3248 2992 3418 3041 noctis

1833 3078 2030 3144 medio,
2062 3078 2163 3132 sub
2192 3079 2405 3132 silentio
2450 3079 2515 3130 ad
2552 3076 2694 3131 fores
2741 3078 2971 3131 eoanohii
3023 3078 3199 3131 claves
3224 3094 3417 3148 gerens

1831 3168 2077 3221 manibus
2113 3176 2397 3236 properat:
2432 3166 2525 3220 sed
2560 3166 2623 3220 ad
2674 3168 2807 3219 ostia
2832 3170 3085 3230 veniens,
3120 3184 3214 3236 per
3245 3178 3412 3221 totam

1834 3261 1978 3314 illam
2027 3270 2236 3314 noctem
2291 3260 2394 3313 huc
2431 3260 2661 3327 illucijue
2694 3259 3003 3313 discurrens
3030 3301 3043 3324 ,
3073 3276 3180 3328 quo
3220 3261 3326 3313 sint
3364 3263 3416 3314 in

1834 3350 1953 3404 loco
1984 3351 2152 3418 posita
2182 3365 2287 3403 non
2320 3350 2541 3403 invenit.
2567 3348 2797 3412 Stupore
2819 3358 2871 3401 et
2900 3349 3253 3403 admiratione
3297 3365 3416 3418 pet--

1834 3441 2181 3503 territus,cur
2213 3440 2312 3494 hoc
2331 3439 2397 3492 sit
2422 3441 2689 3504 nesciens,
2715 3438 2924 3492 interim
2948 3440 3057 3507 jain
3092 3440 3415 3505 matutinali,

1832 3547 1935 3601 qua
1964 3532 2029 3584 ad
2074 3530 2258 3583 laudes
2283 3530 2490 3584 debitas
2540 3529 2839 3584 Dominicas
2890 3530 3135 3584 monachi
3179 3532 3415 3584 excuba-

1835 3622 1979 3684 bant,
2008 3622 2470 3691 appropinquante
2499 3620 2626 3673 hora
2664 3637 2676 3670 :
2710 3622 3049 3689 euinpellitur
3093 3622 3180 3675 ille
3206 3622 3270 3675 ad
3301 3624 3417 3675 ccl-

1833 3712 1992 3764 lulam
2024 3711 2340 3780 retrugredi.
2383 3710 2561 3763 Manet
2602 3710 2652 3761 iit
2683 3710 2871 3763 cellula
2910 3710 2996 3762 ille
3026 3712 3293 3763 admirans
3324 3727 3419 3780 per

1832 3802 1972 3855 diem
1994 3801 2161 3863 illiilli,
2194 3800 2441 3870 prirpnnit
2485 3800 2726 3865 sequenti
2758 3809 2912 3851 nocte
2938 3799 3112 3851 facere
3140 3800 3279 3867 quod
3305 3818 3408 3854 noti

1835 3894 1977 3947 fecit.
2012 3892 2184 3945 Audet
2212 3890 2491 3943 imbecillis
2522 3888 2743 3941 dextera
2776 3904 2894 3955 qua:
2922 3904 3025 3939 non
3062 3897 3232 3955 polcSI
3259 3906 3271 3940 :
3296 3905 3416 3955 spe-

1834 3994 1915 4037 rat
1943 3984 2162 4035 stultum
2198 3997 2358 4049 pecus
2406 3990 2595 4033 contra
2646 3982 2855 4031 leonem
2888 3994 3128 4048 pugnans
3158 3980 3413 4046 triumphi

1831 4074 2055 4144 gloriam
2084 4073 2327 4142 adipisci.
2371 4071 2506 4139 Quid
2554 4072 2827 4125 insensate
2858 4072 3034 4125 rei-is?
3064 4075 3223 4125 Putas
3254 4086 3415 4139 agere

1834 4168 1939 4219 vile
1982 4180 2177 4234 pecus,
2210 4179 2327 4232 quae
2357 4162 2440 4215 leo
2464 4161 2788 4215 fortissimus
2820 4162 3173 4231 llieronyinus
3199 4170 3419 4215 ci.ntra-

1835 4256 2005 4310 dicit?
2035 4255 2197 4309 Cessa
2224 4254 2437 4320 imagini
2482 4251 2857 4323 gloriosissimi
2900 4251 3209 4322 Hieronymi
3241 4267 3413 4319 genua

1837 4348 2078 4411 ﬂectere,
2115 4347 2285 4415 ipsum
2316 4345 2538 4399 ulterius
2572 4362 2675 4398 non
2710 4345 2913 4399 salutes
2935 4384 2948 4407 ,
2982 4355 3035 4397 et
3062 4344 3155 4397 tibi
3185 4354 3420 4412 potestas

1838 4438 2079 4507 protinus
2106 4436 2453 4502 concedetur,
2484 4444 2539 4489 ut
2569 4435 2728 4489 cadas
2754 4436 2804 4489 in
2839 4435 3067 4499 foveant,
3096 4451 3258 4505 quam
3282 4434 3416 4489 effo-

1834 4529 1939 4595 dis,
1971 4538 2029 4582 ut
2055 4527 2167 4582 dira
2195 4528 2464 4597 naufragia
2492 4528 2599 4592 jam
2624 4528 2894 4581 admittas.
2927 4525 3042 4581 Non
3075 4537 3294 4596 possunt
3324 4528 3422 4580 iin-

1838 4635 1996 4689 pensa
2016 4619 2404 4688 gloriosissimo
2427 4619 2752 4690 llierooynio
2772 4620 3011 4682 servitia,
3034 4635 3247 4689 quoquo
3264 4618 3422 4672 modo

1837 4708 1986 4773 ﬁant,
2011 4708 2349 4763 mercedibus
2368 4710 2602 4762 vacuari.
2633 4709 2913 4761 Retincbzit
2942 4708 3201 4773 siquidem
3232 4707 3282 4759 iit
3315 4708 3423 4760 ccl-

1837 4799 1940 4854 lula
1991 4800 2285 4854 mOnacliiis
2318 4801 2408 4855 ille
2438 4801 2621 4853 devius
2648 4810 2702 4854 et
2728 4817 2914 4853 errans
2944 4810 2998 4853 et
3041 4800 3302 4851 diabolico
3324 4798 3423 4851 do-

1838 4890 2002 4943 minio
2019 4890 2661 4959 mancipatustaginem
2679 4890 2900 4958 gloriosi
2918 4888 3224 4957 Hieronymi
3245 4888 3423 4943 tabula

1838 4982 2167 5051 insignitum,
2191 4982 2274 5035 cui
2304 4980 2492 5034 diebus
2518 4980 2761 5049 singulis,
2791 4979 3005 5045 antiqua
3034 4978 3423 5034 consuetudine

1836 5073 2058 5127 ﬂectens
2072 5086 2263 5142 genua,
2283 5086 2340 5125 se
2357 5072 2530 5125 eidem
2552 5071 2749 5139 pluries
2767 5069 3194 5123 commendabat.
3218 5068 3421 5125 Idcirco

1838 5172 1901 5218 ut
1919 5164 2038 5231 ejus
2066 5164 2198 5215 mira
2232 5162 2517 5215 clementia
2545 5161 2750 5215 cunctis
2776 5160 3156 5225 innotesceret,
3187 5160 3331 5213 illum
3359 5176 3422 5216 eo

1838 5256 1925 5311 die
1954 5254 2237 5317 retinebat,
2265 5268 2335 5307 ne
2362 5253 2558 5306 malum
2589 5252 2785 5304 laceret
2816 5250 2956 5319 quod
3007 5251 3237 5306 volebat.
3268 5250 3417 5321 Igno-

1838 5360 1964 5401 rans
1993 5359 2121 5398 vero
2146 5343 2263 5396 hrec
2292 5342 2383 5396 ille
2422 5343 2741 5406 monachus,
2791 5341 3133 5410 subsequenti
3175 5351 3330 5397 not-te
3358 5343 3420 5398 ad

1843 5437 2073 5493 ctenobii
2125 5436 2315 5488 iterum
2362 5433 2507 5488 fores
2553 5435 2740 5502 pergit.
2776 5433 2879 5487 Sed
2927 5434 3066 5501 qunti
3101 5436 3418 5504 praecedunt1

1841 5534 1999 5582 nocte
2025 5527 2246 5589 fecerat,
2278 5523 2329 5577 id
2362 5522 2459 5577 hac
2490 5521 2634 5577 fecit.
2665 5523 2741 5578 Ne
2772 5523 2929 5593 igitur
2958 5523 3246 5579 iuba-ream
3294 5541 3411 5579 νυν-

1842 5617 1925 5671 bis
1959 5634 1972 5670 :
2005 5630 2098 5686 per
2132 5629 2292 5669 unum
2325 5613 2433 5669 fere
2465 5628 2703 5667 incusem
2724 5656 2737 5679 ,
2768 5614 2986 5684 singulis
3016 5617 3261 5671 noctibus
3291 5632 3411 5670 eon-
