4048 6186
635 290 743 346 319

648 406 798 461 tinne
827 401 929 458 hoc
947 399 1142 456 evenit.
1164 393 1442 464 Completo
1473 392 1678 462 itaque,
1708 401 1767 444 ιιι
1810 397 1967 460 puto,
2011 387 2212 442 mensis

649 494 885 554 circulo,
918 493 969 545 in
1019 489 1222 544 somnis
1259 487 1444 540 beatus
1489 483 1844 552 Hieronymus
1873 479 2214 534 sanctissimo

645 585 855 640 cuidam
889 581 1027 635 illius
1054 573 1359 631 monasterii
1382 573 1646 628 monacho
1665 570 1932 641 apparuit,
1965 569 2015 622 in
2045 576 2214 622 stratu

647 692 747 731 suo
768 670 1054 744 quiescenti
1083 678 1260 731 nocte,
1293 665 1465 720 eidem
1487 664 1734 718 revelans
1757 661 1880 731 quid
1905 662 2004 715 iste
2032 674 2216 713 mona-

636 767 770 820 chus
816 761 1042 821 faciebat
1089 777 1103 813 :
1140 756 1510 824 mandansque
1559 754 1634 808 illi
1689 761 1748 807 ut
1794 752 1992 806 debeat
2036 752 2210 804 eidem

635 853 897 907 monacho
919 851 997 905 sic
1022 849 1219 904 erranti
1267 848 1542 902 declarare
1565 886 1580 910 ,
1610 843 1878 914 quomodo
1901 843 2014 912 ipse
2053 857 2173 895 eum
2196 880 2213 907 ,

631 943 702 996 ob
730 941 830 996 sibi
878 941 1174 1009 impensam
1221 937 1577 992 reverentiam
1598 975 1613 1000 ,
1645 935 1930 988 custodivit
1950 974 1964 996 ,
1997 945 2052 986 ut
2076 933 2213 986 ostia

632 1049 740 1088 non
773 1032 979 1086 videret
1005 1031 1072 1084 ad
1117 1030 1407 1099 cogitatum
1457 1025 1870 1096 perpetrandum
1918 1025 2114 1078 scelus.
2147 1019 2214 1077 Et

628 1125 773 1195 quod
804 1125 903 1178 nisi
950 1124 1051 1177 sibi
1086 1123 1242 1176 velox
1284 1120 1351 1174 de
1378 1119 1616 1187 inemptis
1643 1121 1997 1185 subsequatur
2026 1131 2215 1170 emen-

630 1218 799 1279 datio,
831 1230 950 1270 sese
981 1215 1047 1268 de
1087 1214 1250 1283 ipsius
1281 1210 1524 1266 custodia
1567 1209 1866 1264 removebit
1898 1225 1911 1259 :
1941 1207 2214 1261 discessit-

633 1323 740 1378 que
786 1307 1026 1376 protinus
1075 1305 1144 1357 ab
1191 1302 1401 1357 eodem.
1454 1300 1610 1354 Mane
1673 1307 1850 1352 autem
1903 1296 2044 1350 facto
2095 1312 2214 1365 quae

633 1400 839 1454 viderat
865 1396 1187 1462 monachus,
1217 1395 1373 1448 alteri
1405 1393 1671 1447 monacho
1701 1390 1997 1444 enarravit.
2029 1391 2095 1440 At
2127 1387 2215 1440 ille

633 1505 694 1545 se
720 1489 844 1558 quid
876 1489 962 1542 hic
989 1487 1129 1542 dicat
1159 1502 1266 1538 non
1297 1484 1625 1552 intelligere,
1658 1480 1898 1550 pluribus
1934 1479 2214 1533 detestans

633 1579 1016 1643 sacramentis,
1071 1576 1232 1648 coepit
1277 1576 1458 1629 dicere
1485 1583 1703 1642 propter
1733 1570 1939 1626 cerebri
1974 1569 2213 1623 vacuita-

636 1686 743 1728 tem
805 1675 916 1726 bzec
966 1671 1176 1724 somnia
1229 1668 1498 1722 evenisse.
1548 1665 1713 1719 Tacet
1766 1663 2058 1717 monachus
2088 1702 2104 1727 ,
2158 1669 2215 1716 et

638 1763 862 1818 recedit.
933 1761 1026 1814 Hic
1085 1758 1330 1829 gaudens
1387 1757 1638 1826 proponit
1714 1763 1870 1808 nocte
1932 1752 2216 1822 sequenti,

641 1854 838 1907 nullam
882 1849 1109 1919 amplius
1154 1846 1416 1902 exhibens
1459 1845 1670 1899 solitam
1701 1844 2023 1914 Hieronymo
2071 1857 2220 1896 reve-

641 1943 888 2001 rentiam,
918 1941 1052 1994 05tia
1081 1937 1386 1992 monasterii
1408 1935 1474 1988 ad
1506 1949 1731 2004 nequam
1760 1950 1914 2002 opus,
1945 1931 2084 2002 quod
2114 1942 2217 1985 tam

640 2036 731 2088 diu
767 2033 1110 2086 aﬂ‘et-taverat
1137 2026 1497 2098 peragendum
1522 2068 1537 2089 ,
1568 2028 1632 2078 ad
1663 2041 1818 2078 suum
1848 2025 2051 2078 libitum
2077 2039 2222 2078 rese-

641 2141 778 2178 rare.
833 2123 898 2176 Ut
956 2122 1189 2174 breviter
1240 2119 1437 2172 dicam.
1489 2117 1638 2182 Quod
1699 2116 1863 2170 miser
1909 2114 1998 2169 diu
2055 2114 2219 2168 hianti

639 2213 1147 2280 animoeogitaverat
1162 2211 1296 2264 mala
1313 2208 1663 2278 operandi,ab
1681 2207 2001 2276 Hieronymo
2017 2207 2221 2260 honore

638 2305 798 2360 sobto
829 2307 1037 2373 privato
1059 2343 1073 2366 ,
1106 2302 1208 2356 sibi
1255 2301 1452 2354 tradita
1505 2306 1768 2368 potestate
1790 2338 1805 2363 ,
1835 2310 1889 2352 ut
1917 2298 2080 2351 voluit
2106 2337 2120 2362 ,
2145 2296 2223 2350 sic

639 2398 816 2453 el'l'ecit
848 2416 861 2451 :
901 2395 997 2450 sed
1032 2406 1207 2449 tamen
1240 2394 1292 2448 in
1344 2391 1448 2446 line
1488 2391 1858 2461 gloriosissimi
1912 2388 2221 2459 Hieronymi

639 2488 921 2542 clementia
937 2503 1040 2540 non
1063 2485 1276 2539 defecit.
1307 2482 1586 2537 Rccedens
1629 2483 1806 2549 itaque
1831 2480 1920 2533 ille
1944 2479 2012 2533 de
2039 2493 2224 2533 mona-

646 2581 1094 2636 sterionocturna
1125 2576 1277 2643 hora,
1304 2573 1480 2629 alieno
1510 2573 1690 2626 habitu
1709 2574 2027 2634 occultatus,
2057 2572 2223 2640 patris

641 2670 862 2725 domum
893 2669 1204 2731 adveniens,
1237 2681 1334 2736 per
1357 2667 1496 2720 diem
1528 2667 1674 2719 illum
1716 2663 1946 2734 undique
1991 2664 2222 2718 circum-

645 2763 765 2816 ivit.
803 2762 1044 2830 Dumque
1075 2760 1247 2813 noctis
1273 2756 1590 2826 crepusculo
1621 2755 1834 2809 domum
1856 2755 2128 2817 intrasset,
2157 2753 2224 2808 ad

642 2856 839 2910 lectum
863 2897 877 2919 ,
903 2856 954 2909 in
1003 2871 1110 2921 quo
1138 2856 1287 2923 virgo
1315 2868 1470 2908 soror
1507 2853 1784 2920 quiescere
1813 2860 1937 2903 tunc
1980 2848 2222 2910 solebat,

639 2949 778 3004 clam
810 2947 1128 3019 procedens,
1162 2946 1343 3000 tandiu
1371 2944 1473 2998 sub
1499 2944 1689 2998 eodem
1718 2941 1965 3004 latitavit,
1989 2938 2222 3010 quandiu

638 3057 883 3096 sororem
931 3040 1166 3094 dormire
1237 3038 1411 3108 potuit
1480 3037 1812 3090 existimare.
1877 3032 2026 3088 Tunc
2081 3033 2222 3087 idem

638 3138 851 3200 exiens,
883 3133 1194 3202 exspoliatis
1230 3130 1490 3198 vestibus,
1519 3130 1719 3184 sororis
1735 3143 1793 3183 se
1819 3127 2040 3182 dextero
2071 3125 2223 3179 lateri

637 3227 944 3296 applicavit.
973 3225 1100 3279 Hmc
1115 3239 1268 3277 soror
1295 3223 1394 3277 levi
1427 3237 1617 3275 somno
1641 3220 1915 3275 dormiens
1940 3218 2221 3281 excitatur,

637 3329 695 3373 ct
719 3320 889 3371 virum
917 3317 1066 3386 juxta
1103 3331 1163 3369 se
1221 3330 1380 3367 tnanu
1413 3315 1652 3368 sentit-ns
1677 3353 1691 3375 ,
1724 3309 2011 3364 admodum
2057 3325 2224 3376 eXpa-

640 3426 885 3471 vescens,
914 3409 1046 3461 diris
1071 3407 1278 3460 emissis
1307 3405 1654 3466 clamaribus,
1687 3403 1751 3456 ad
1780 3418 1837 3456 se
1860 3418 2047 3457 omnes
2081 3402 2228 3470 pari-

642 3512 724 3555 ter
769 3500 1028 3553 evocavit.
1061 3498 1294 3550 Currunt
1347 3496 1412 3547 ad
1465 3495 1653 3563 pueilzc
1709 3493 1998 3546 thalamum
2049 3493 2223 3544 cuncti

642 3609 765 3645 eum
807 3591 1010 3644 lumine
1035 3630 1049 3652 ,
1082 3598 1138 3642 et
1177 3585 1390 3639 tandem
1431 3587 1480 3638 in
1527 3585 1665 3637 lecto
1719 3584 2038 3637 invenerunt
2085 3583 2227 3634 hunc

639 3685 926 3753 jacentem.
949 3680 1209 3734 Mirantur
1229 3689 1475 3744 parentes
1502 3684 1558 3730 ct
1581 3685 1796 3742 stupent
1823 3692 1837 3727 :
1861 3684 2087 3727 cernunt
2115 3674 2226 3726 bare

642 3773 821 3829 cuncti
871 3773 960 3842 qui
1005 3776 1392 3834 cucurrerant,
1423 3776 1476 3822 et
1505 3765 1811 3821 condoleot.
1858 3764 2153 3834 lntcrrogat
2195 3780 2226 3818 a

644 3869 753 3921 lilio
800 3874 948 3934 pater
999 3859 1330 3917 discriminis
1373 3859 1502 3912 tanti
1548 3873 1765 3912 causam
1792 3898 1807 3923 ,
1835 3868 2038 3912 reatum
2070 3873 2225 3912 suum

643 3957 783 4010 [ilius
803 3953 1018 4009 silentio
1047 3952 1356 4006 confitetur.
1383 3948 1453 4004 Ut
1485 3949 1630 4002 enim
1661 3947 1794 4013 dixi,
1825 3948 1997 4001 voluit
2021 3947 2224 4018 glorio-

641 4064 734 4104 sus
763 4047 1118 4115 Hierooymus
1145 4043 1284 4098 hunc
1313 4058 1462 4098 suam
1498 4040 1775 4095 stultitiam
1803 4040 2058 4109 experiri,
2088 4049 2146 4094 ut
2173 4040 2224 4094 in

642 4147 914 4209 posterqu
943 4134 1195 4188 humilior
1223 4146 1277 4187 et
1305 4133 1530 4186 astutiur
1557 4131 1704 4186 fieret
1735 4131 1800 4186 ad
1827 4131 2140 4198 cavendum,
2173 4143 2229 4188 et

643 4234 698 4286 in
728 4229 914 4300 praelio
942 4243 1000 4282 se
1046 4226 1317 4281 tuendum.
1351 4225 1418 4279 Et
1459 4241 1524 4278 ne
1551 4223 1784 4294 amplius
1812 4224 2060 4294 exemplo
2085 4239 2181 4276 suo
2206 4264 2222 4290 ,

640 4325 762 4394 quis
806 4322 873 4377 de
919 4322 1203 4376 sanctitate
1251 4317 1548 4372 confideret
1599 4326 1652 4371 et
1700 4326 1966 4386 speraret.
2014 4320 2224 4384 Quanto

642 4416 788 4470 enim
846 4413 1014 4484 major
1060 4411 1201 4466 inest
1249 4409 1451 4464 homini
1499 4410 1794 4474 sanctitas,
1825 4409 1952 4461 dum
1985 4408 2036 4462 in
2090 4409 2222 4462 mari

645 4507 828 4565 tnttndi
874 4506 1030 4572 hujus
1076 4504 1406 4570 procelloso,
1455 4509 1509 4556 et
1539 4500 1873 4554 inimicorum
1920 4499 2224 4570 agminibus

640 4601 832 4670 pleno,
877 4594 1128 4650 imbecilli
1157 4593 1334 4647 carnis
1360 4591 1604 4646 navicula
1633 4591 1843 4659 navigat
1872 4609 1884 4643 :
1917 4599 2063 4644 tanto
2105 4606 2220 4643 ma-

635 4692 725 4762 jor
755 4691 893 4744 inest
925 4687 1084 4740 timor
1110 4695 1165 4740 et
1216 4685 1408 4737 astutia
1453 4698 1511 4736 se
1543 4682 1742 4736 tuendi.
1774 4681 2010 4736 Inlinitas
2055 4683 2224 4749 pessi-

643 4799 762 4838 mus
815 4781 905 4834 ille
935 4785 1168 4834 tentator
1209 4774 1454 4830 diabolus
1503 4772 1727 4827 nocendi
1773 4771 2012 4840 possidet
2055 4783 2218 4826 artes.

637 4876 738 4944 Qui
765 4875 1009 4928 incautus
1040 4868 1234 4939 pergit,
1255 4866 1526 4921 levissime
1551 4864 1778 4932 capitur.
1812 4862 1912 4930 Qui
1936 4863 1987 4917 in
2014 4867 2220 4917 cunctis

639 4969 822 5030 timet,
868 4965 937 5019 ab
988 4962 1238 5017 omnibus
1285 4957 1517 5011 diabolis
1558 4954 1645 5009 hic
1673 4955 1914 5009 timetur.
1938 4953 2099 5010 Certe
2145 4956 2217 5010 nil

637 5061 757 5128 plus
793 5064 968 5122 nocet,
996 5069 1154 5125 quam
1177 5061 1358 5122 spreto
1383 5049 1609 5104 aliorum
1639 5047 1884 5112 consilio,
1919 5057 1979 5100 ut
2006 5048 2216 5118 propria

640 5151 883 5206 voluntas
910 5148 1152 5218 prtecipit
1176 5143 1473 5200 ambulare.
1503 5140 1600 5208 Qui
1645 5155 1755 5194 suae
1782 5149 1986 5192 tantum
2031 5141 2220 5192 volun-

636 5245 730 5300 tati
759 5244 972 5303 credit,
1027 5242 1079 5295 in
1108 5239 1314 5294 cunctis
1358 5251 1476 5307 qua:
1516 5233 1685 5296 facit,
1750 5233 1908 5286 linem
1962 5231 2215 5286 odibilem

635 5334 961 5388 adiuveuiet.
991 5330 1210 5399 Magnus
1238 5325 1484 5396 exemplo
1507 5325 1616 5393 jam
1648 5323 1796 5376 linito
1821 5322 1986 5375 timor
2011 5320 2079 5374 de
2104 5319 2217 5374 fra-

639 5425 843 5493 gilitate
872 5429 1055 5474 nostra
1086 5421 1348 5490 maxima,
1379 5427 1434 5471 et
1457 5415 1525 5470 de
1551 5413 1809 5469 diabolica
1837 5411 2129 5466 calliditate
2163 5421 2216 5466 et

641 5511 835 5564 astutia
867 5508 1020 5562 nobis
1047 5507 1293 5562 omnibus
1327 5508 1724 5561 demonstratur
1752 5518 1966 5572 magna,
1995 5512 2052 5557 ct
2091 5517 2215 5570 spes

638 5600 812 5654 venia:
853 5597 1218 5663 peccatoribus
1246 5597 1565 5651 declaratur.
1592 5595 1831 5649 Cernetis
1883 5609 2112 5663 namque
2158 5610 2218 5650 se

638 5686 938 5747 nmnachus
966 5686 1041 5737 sic
1067 5684 1274 5738 diabolo
1299 5686 1938 5753 deturpatum,delusum,
1974 5699 2034 5737 ac.
2056 5686 2217 5738 etiam

1803 276 1889 332 DE
1929 272 2291 330 MIRMIULIS
2329 269 2730 332 HIERONYMI.

2324 384 2376 440 in
2408 395 2551 441 tanta
2575 387 2794 443 miseria
2820 387 3161 458 eaptivatum,
3196 390 3434 460 protinus
3478 391 3745 464 suifragiis
3790 397 3914 466 glo.

2335 482 2616 539 riosissimi
2645 479 2954 555 Hieronymi
2984 483 3089 554 (cui
3112 498 3326 553 semper
3353 483 3577 540 devotus
3603 489 3908 561 exstiterat)

2317 589 2467 627 suam
2523 574 2795 628 miseriam
2823 583 2876 628 et
2922 573 3132 643 culpam
3173 573 3700 632 vehementissimam
3745 594 3909 634 reco-

2316 679 2580 734 gnoscens
2603 706 2617 728 ,
2667 667 2717 718 in
2747 667 2985 735 seipsum
3031 665 3222 731 rediit,
3256 675 3311 721 et
3354 667 3421 721 de
3451 669 3639 724 eadem
3681 679 3907 739 paterna

2318 757 2505 809 exiens
2535 755 2696 809 domo
2719 796 2732 818 ,
2763 755 2907 809 omni
2959 756 3323 812 retardatione
3346 758 3549 827 abjceta
3575 799 3591 825 ,
3621 760 3811 830 lugens
3854 771 3907 816 et

2318 841 2543 911 dolens,
2595 845 2665 900 ad
2709 842 2912 902 fontem
2947 841 3278 916 poenitentiae
3327 847 3654 917 properavit.
3692 850 3902 908 Deinde

2318 949 2447 989 vero
2474 935 2525 989 in
2554 950 2653 989 suo
2698 938 3026 992 monasterio
3053 953 3148 1006 per
3174 953 3344 992 annos
3389 939 3526 994 duos
3556 941 3608 994 in
3661 951 3806 995 tanta
3841 957 3902 998 se

2320 1027 2654 1082 abstinentia:
2679 1027 2968 1098 asperitate
2986 1027 3212 1092 afﬂixit,
3245 1037 3303 1082 ut
3331 1028 3470 1084 foret
3500 1047 3595 1085 cor
3623 1033 3904 1089 hominum

2321 1116 2652 1171 insufliciens
2679 1119 2936 1187 cogitare,
2967 1127 3022 1172 et
3062 1120 3328 1188 completo
3355 1136 3615 1175 annorum
3667 1123 3903 1178 duorum

2320 1216 2493 1278 spalio
2534 1221 2659 1265 ante
2683 1210 2798 1265 dies
2844 1210 3114 1278 modicos,
3165 1226 3232 1266 cx
3277 1212 3378 1266 hoc
3427 1215 3624 1267 srculo
3667 1213 3905 1271 feliciter

2317 1299 2626 1368 exSpii-avit.
3319 1338 3321 1340 .

2388 1389 2518 1443 Car.
2565 1387 2707 1442 XXI.
2748 1388 3078 1446 Venerabilis
3136 1391 3344 1446 Damasi
3409 1391 3718 1449 Portuensis
3775 1395 3906 1466 Epi~

2319 1481 2486 1550 scopi,
2508 1480 2680 1551 pridie
2702 1480 2933 1550 receptis
2956 1482 3342 1552 litteris,a|iqua
3366 1484 3444 1538 eis
3467 1484 3718 1555 inscripta
3737 1487 3906 1542 cordo

2319 1573 2473 1627 avido
2501 1573 2759 1636 intellexi,
2791 1587 2909 1642 quae
2937 1573 3008 1627 ob
3043 1574 3161 1641 ejus
3191 1576 3545 1630 reverentiam
3577 1593 3682 1631 non
3719 1577 3905 1633 dimit-

2321 1674 2448 1718 tam.
2479 1664 2664 1718 Romae
2705 1664 3000 1718 Cardinalis
3051 1664 3265 1735 quidam
3295 1667 3609 1723 Cielestiuus
3662 1671 3901 1738 nomine,

2323 1756 2632 1828 Hieronymi
2680 1758 2894 1826 gloriosi
2941 1757 3166 1812 aemulus
3212 1768 3266 1812 et
3325 1759 3614 1828 detractor,
3645 1761 3771 1817 dum
3815 1765 3906 1819 die

2322 1851 2548 1918 quodam
2578 1851 2629 1904 in
2669 1857 2934 1903 conventu
2974 1851 3209 1904 existens
3231 1848 3592 1906 Cardinalium
3619 1868 3770 1908 more
3808 1869 3904 1908 so-

2323 1944 2435 2004 lito,
2455 1958 2550 1996 ore
2565 1941 2748 1995 audaci
2774 1952 2826 1996 et
2847 1942 3133 1996 temerario
3155 1941 3206 1996 in
3232 1943 3480 1997 eumdem
3505 1943 3712 2013 injuriae
3733 1945 3898 2000 verba

2323 2026 2711 2103 prorumperet,
2741 2031 2928 2086 dolore
2965 2031 3141 2086 subito
3170 2031 3431 2086 viscerum
3477 2034 3804 2101 impellente,
3835 2036 3903 2091 ad

2322 2125 2526 2181 occulta
2557 2135 2758 2178 natura:
2795 2125 2908 2179 loca
2935 2138 3246 2193 properans,
3292 2125 3493 2178 viscera
3531 2127 3707 2180 omnia
3736 2127 3905 2195 proti-

2323 2231 2423 2270 nus
2448 2215 2733 2280 emanavit,
2776 2224 2829 2270 et
2871 2223 3154 2284 antequam
3198 2214 3342 2270 illinc
3384 2215 3680 2281 recederet,
3722 2217 3905 2286 exspi-

2325 2311 2478 2364 ravit.

2394 2401 2521 2457 Car.
2569 2399 2735 2455 XXII.
2798 2401 2947 2455 Alius
3002 2416 3214 2470 quoque
3270 2399 3553 2470 presbyter
3606 2398 3904 2454 Cardinalis

2327 2495 2569 2548 Andreas
2617 2493 2831 2546 nomine
2854 2493 2963 2560 (isti
3010 2508 3112 2545 non
3155 2491 3364 2554 similis,
3395 2491 3487 2544 sed
3531 2491 3904 2560 gloriosiSsimi

2326 2583 2633 2654 Hieronymi
2662 2581 3041 2637 devotissimus
3066 2582 3259 2652 cultor)
3288 2582 3457 2652 pridie
3496 2582 3549 2636 in
3579 2583 3766 2638 eadem
3796 2583 3907 2637 Ro~

2326 2689 2482 2730 mana
2522 2673 2678 2738 urbe,
2729 2673 2910 2727 multis
2939 2673 3407 2728 circumstantibus
3449 2673 3758 2742 exspiravit.
3803 2675 3907 2740 Qui

2324 2781 2444 2820 cum
2473 2765 2581 2832 jam
2612 2764 2665 2817 in
2694 2764 2930 2818 Ecclesia
2959 2771 3104 2818 esset
3134 2763 3330 2833 paratis
3358 2765 3619 2833 exequiis,
3663 2781 3782 2834 quae
3810 2780 3906 2820 so-

2326 2860 2437 2914 lent
2467 2857 2698 2912 fidelium
2741 2856 3066 2911 tumulandis
3105 2856 3343 2911 exhiberi
3391 2856 3727 2925 corporibus,
3771 2858 3910 2911 assi-

2325 2959 2499 3005 Stente
2527 2963 2735 3002 summo
2780 2946 3038 3001 Pontiﬁce
3081 2962 3199 3000 cum
3245 2961 3378 3014 pene
3418 2954 3531 3000 toto
3559 2948 3704 3000 clero
3732 2957 3786 3000 et
3815 2961 3911 3016 po-

2326 3041 2452 3112 pulo
2496 3041 2877 3104 Romanorum,
2919 3039 3006 3109 qui
3037 3038 3101 3091 ad
3137 3039 3380 3092 eumdem
3415 3038 3680 3092 Andream
3711 3049 3914 3094 conve-

2327 3140 2518 3187 nerant
2561 3131 2927 3185 honorandum
2972 3147 2986 3182 :
3037 3129 3249 3183 emissis
3280 3128 3564 3182 ululatibus
3620 3138 3674 3183 et
3708 3129 3914 3184 crebris

2325 3225 2612 3296 gemitibus
2655 3224 2706 3277 in
2741 3222 2958 3285 feretro,
3004 3222 3214 3276 cunctis
3257 3221 3613 3291 stupentibus,
3646 3229 3701 3274 et
3741 3221 3913 3275 veluti

2327 3316 2628 3370 amentibus
2673 3313 2900 3373 cIchtis,
2949 3323 3198 3382 tanquam
3240 3312 3282 3364 si
3322 3329 3351 3364 a
3383 3311 3556 3364 somni
3587 3310 3915 3365 dormitione

2327 3409 2668 3470 excitaretur,
2716 3405 3030 3460 mirabiliter
3073 3404 3393 3458 exsurrexit.
3448 3405 3685 3471 (lotoque
3727 3417 3758 3455 a
3805 3402 3916 3456 Ro.

2330 3515 2486 3552 manu
2519 3498 2796 3558 Pontilice,
2829 3508 3040 3550 remoto
3061 3496 3126 3549 de
3155 3495 3388 3548 Ecclesia
3424 3494 3610 3562 majori
3644 3494 3786 3548 beati
3812 3494 3916 3548 Pc-

2331 3591 2392 3643 tri
2423 3590 2660 3658 Apostoli
2681 3589 2929 3642 universo
2950 3587 3168 3656 populo,
3193 3586 3496 3656 clausisque
3520 3585 3723 3640 foribus
3748 3585 3918 3641 inter-'

2328 3692 2643 3751 rogaretur,
2696 3679 2871 3734 intulit
2919 3680 3019 3734 ista
3071 3679 3276 3733 verba:
3312 3677 3446 3730 Dum
3510 3689 3694 3731 starem
3734 3678 3916 3732 "diuino

2329 3772 2550 3825 examini
2592 3770 2931 3840 judicandus,
2960 3780 3006 3823 et
3035 3770 3150 3839 jam
3195 3786 3285 3837 per
3323 3770 3534 3822 vestium
3575 3779 3622 3823 et
3661 3769 3913 3833 ciborum,

2328 3860 2504 3930 quibus
2548 3861 2789 3913 Intctenus
2835 3877 2957 3914 usus
3009 3875 3146 3912 erant
3168 3901 3182 3921 ,
3228 3860 3436 3912 nimiam
3481 3859 3913 3928 superﬂuitatem,

2330 3953 2561 4006 tartareis
2585 3949 2891 4004 cruciatibus
2917 3955 3295 4012 eondcmuarer,
3323 3950 3484 4003 subito
3505 3950 3779 4004 adveniens
3803 3951 3916 4019 qui-

2329 4043 2445 4095 dam
2473 4043 2578 4095 sole
2602 4040 2941 4109 splendidior,
2982 4040 3192 4108 nichue
3227 4039 3514 4103 candidior,
3563 4055 3709 4110 quem
3757 4040 3920 4108 fuisse

2328 4133 2605 4204 gloriosum
2646 4129 3038 4200 Hieronymum,
3089 4128 3156 4179 ad
3197 4143 3250 4181 se
3287 4129 3498 4181 invicem
3546 4129 3908 4199 referentibus,

2327 4223 2413 4290 qui
2437 4220 2691 4283 astabant,
2723 4217 2971 4282 intellexi,
3011 4216 3304 4286 prasideati
3323 4217 3495 4286 judici
3522 4218 3672 4286 ﬂexis
3697 4219 3916 4287 genibus

2328 4315 2552 4366 animam
2579 4325 2742 4363 meam
2766 4308 2966 4378 corpori
2985 4308 3157 4378 jungi,
3206 4308 3446 4377 porrectis
3487 4309 3716 4376 precibus
3745 4309 3916 4374 impe-

2328 4407 2497 4460 travit.
2530 4405 2722 4472 Quibus
2748 4405 2908 4473 ﬁnitis
2927 4403 3105 4469 verbis,
3136 4404 3188 4457 in
3221 4405 3324 4457 ictu
3350 4402 3487 4458 oculi
3522 4404 3642 4457 inde
3673 4405 3916 4458 recedens

2327 4500 2520 4565 anima,
2554 4498 2630 4552 uti
2657 4498 2873 4563 cernitis,
2907 4497 3108 4566 corpori
3141 4506 3213 4550 est
3246 4497 3532 4564 conjuncta.
3566 4494 3646 4548 Ad
3678 4493 3782 4548 hoc
3811 4495 3907 4548 mi-

2327 4599 2474 4644 ratur
2518 4603 2760 4643 summus
2800 4588 3040 4642 Pontifex
3081 4597 3134 4642 et
3178 4589 3358 4641 cmteri
3401 4587 3702 4640 audientes.
3752 4584 3916 4641 Fiunt

2327 4682 2442 4737 ha-c
2473 4689 2597 4736 nota
2629 4679 2826 4751 populo
2874 4689 3021 4733 extra
3062 4680 3340 4733 ecclesiam
3382 4675 3731 4749 exSpectanti,
3775 4693 3910 4733 con-

2326 4774 2507 4830 fractis
2545 4772 2788 4828 ecclesia:
2831 4771 3031 4825 foribus
3079 4771 3323 4841 protinus
3365 4770 3647 4825 ecclesiam
3684 4769 3910 4834 intrant,

2324 4884 2511 4922 omnes
2539 4867 2745 4935 magnis
2778 4865 2994 4918 vocibus
3035 4863 3201 4918 Deum
3228 4872 3284 4918 et
3309 4861 3599 4933 gloriosum
3638 4860 3907 4932 Hierony-

2324 4976 2469 5015 mum
2495 4959 2878 5012 collaudantes.

2392 5052 2523 5108 Car.
2555 5049 2744 5105 XXIII.
2786 5048 2945 5103 Multa
2989 5063 3086 5103 nos
3122 5050 3317 5104 mentis
3345 5046 3564 5102 afﬂictio
3603 5051 3910 5100 commovet

2322 5155 2377 5202 et
2401 5147 2702 5210 contristat,
2731 5142 3002 5197 intellecto
3029 5141 3170 5211 quod
3195 5137 3574 5212 quamplurimi
3613 5137 3908 5207 Episcopo-

2321 5255 2440 5294 rum
2485 5239 2648 5293 Deum
2678 5245 2733 5290 et
2763 5235 3044 5290 Dominum
3082 5233 3264 5289 Iesum
3305 5230 3577 5286 Christum
3616 5228 3793 5299 (cujus
3822 5226 3904 5280 vi-

2321 5343 2437 5383 cem
2464 5323 2676 5397 gerunt)
2703 5325 3049 5395 abnegantes,
3089 5333 3444 5382 terrenarum,
3489 5334 3715 5388 quorum
3763 5317 3905 5371 Deus

2320 5427 2507 5473 venter
2527 5425 2633 5480 est,
2663 5415 2899 5486 vestigiis
2929 5413 3272 5473 inhaerentes,
3303 5409 3371 5464 de
3399 5407 3678 5476 stipendiis
3709 5416 3906 5474 paupe-

2325 5526 2442 5565 rum
2473 5518 2528 5563 et
2555 5508 2815 5577 sanguine
2836 5506 2963 5562 Jesu
2988 5503 3211 5568 Christi,
3241 5498 3640 5556 delicatissimis
3667 5495 3902 5554 ferculis,

2322 5617 2442 5658 cum
2479 5600 2829 5655 histrionibus
2874 5605 2926 5650 et
2951 5593 3163 5649 exteris
3207 5591 3479 5652 divitibus,
3522 5602 3672 5641 suam
3701 5581 3905 5639 ventris

2326 5692 2533 5757 replent
2559 5688 2867 5754 ingluviem,
2894 5686 2958 5739 ad
2983 5683 3272 5738 freuitatem
3295 5677 3518 5732 luxuria:
3540 5674 3860 5731 incitandatu
3884 5684 3900 5722 :
