4048 6186
154 283 230 339 δῑι

157 395 674 460 vestittientorttmqtte
711 385 780 441 de'
825 387 913 440 die
955 384 1005 438 in
1053 382 1196 438 diem
1242 379 1698 450 superfluitatibus

157 487 436 547 abutuntur,
467 480 535 535 de
560 478 896 549 pauperibus,
919 491 1145 546 quorum
1169 473 1471 528 mercedem
1493 481 1697 539 raptam

155 589 290 627 manu
333 571 592 626 latrocinii
622 568 903 627 devorant,
953 565 1092 620 fame
1134 562 1488 619 morientibus
1513 569 1569 614 et
1605 559 1701 612 fri—

153 680 277 732 gore,
313 678 417 716 non
444 669 712 716 curantes.
751 657 815 712 lli
842 666 990 711 certe
1017 670 1120 710 nou
1165 655 1412 723 Episcopi
1456 652 1550 706 sed
1588 651 1702 704 dia-

151 755 262 808 boli.
306 753 596 820 Episcopus
644 759 846 813 autem,
898 752 994 800 aut
1045 745 1416 799 sanctissimus
1458 752 1560 805 est,
1610 751 1702 794 aut

149 841 386 897 diabolus.
415 840 584 909 Magni
615 847 761 894 certe
797 837 972 891 meriti
1012 844 1182 888 status
1218 832 1566 904 Episcopalis,
1607 830 1701 886 sed

147 932 347 1002 periculi
377 931 567 985 infiniti
593 947 605 984 :
633 927 959 983 levissimum
987 934 1260 996 peccatum
1287 924 1406 977 aliis
1437 924 1703 991 imputau-

145 1026 276 1088 dum,
331 1022 702 1093 gravissimum
749 1019 1013 1088 Episcopo
1066 1019 1378 1086 imputatur.
1432 1013 1703 1068 Pontificis

143 1117 323 1171 ctenim
350 1115 534 1168 vitium
569 1113 618 1165 iu
645 1109 888 1164 subditos
915 1107 1230 1162 dill'uuditur
1255 1122 1352 1174 per
1375 1106 1699 1173 exemplum.

140 1207 323 1276 llajora
370 1203 668 1270 recipienti,
718 1200 853 1253 ratio
907 1199 1078 1266 major
1118 1198 1330 1251 crescit.
1384 1195 1526 1262 Quot
1561 1194 1704 1248 enim

136 1297 308 1350 ovium
344 1293 541 1348 Christi
583 1291 665 1342 vel
698 1288 1020 1357 negligentia
1064 1287 1310 1355 Episcopi
1349 1287 1428 1338 vel
1459 1285 1707 1353 exemplo

136 1390 177 1441 in
210 1396 432 1454 peccata
480 1382 712 1441 deviam,
741 1381 808 1433 de
841 1388 916 1432 tot
961 1387 1170 1431 tenetur
1215 1376 1439 1430 Domino
1481 1373 1710 1428 reddere

136 1480 408 1531 rationem.
459 1474 570 1527 Heu
613 1472 759 1540 quid,
805 1468 1106 1538 Augustine
1157 1466 1454 1526 carissime,
1495 1464 1707 1519 dicam?

133 1571 300 1624 Grave
330 1565 486 1618 nobis
527 1565 665 1617 inest
695 1561 922 1631 pondus,
953 1559 1128 1629 gravis
1154 1558 1382 1612 sarcina.
1422 1555 1527 1610 Sed
1552 1555 1701 1608 debi-

134 1661 207 1714 les
232 1673 332 1728 ego
374 1656 575 1710 habens
606 1655 877 1716 humeros,
921 1650 1048 1720 quid
1092 1649 1351 1719 portabo?
1393 1648 1528 1703 Sunt
1561 1657 1707 1702 certe

133 1749 387 1820 angustiae
415 1746 541 1800 mihi
571 1744 802 1810 undique
842 1757 926 1795 me
959 1751 1289 1809 torquentes.
1323 1738 1392 1791 At
1419 1737 1546 1790 dum
1585 1752 1709 1804 gra-

132 1860 224 1898 ves
272 1840 401 1895 inihi
445 1845 723 1908 promptos
750 1848 905 1887 casus
960 1832 1195 1895 intueor,
1229 1829 1420 1882 timore
1471 1829 1704 1881 maximo

133 1945 498 1991 succrescente
527 1930 779 1984 continue
809 1926 1018 1995 afﬂigar
1039 1935 1094 1978 et
1119 1925 1428 1978 contristor.
1454 1921 1706 1976 Securius

133 2037 212 2080 est
233 2022 601 2093 Episcopalem
621 2029 817 2074 statum
841 2016 1025 2086 fugere
1045 2029 1203 2082 quam
1225 2023 1494 2083 appetere.
1523 2012 1706 2066 Laudo

132 2130 276 2172 certe
305 2116 682 2183 Episcopatum
715 2120 962 2178 tanquam
1001 2106 1310 2160 vicariatum
1361 2103 1566 2157 Domini
1609 2119 1708 2156 no-

131 2209 225 2261 stri
254 2207 380 2261 Jesu
410 2203 627 2262 Christi,
662 2201 754 2256 sed
779 2201 902 2254 illos
929 2199 1018 2268 qui
1049 2199 1100 2252 in
1131 2213 1196 2252 eo
1227 2196 1386 2249 vitam
1413 2205 1574 2265 agunt
1611 2195 1709 2246 titi-

131 2300 302 2352 litium
337 2307 690 2357 terrenorum,
747 2293 836 2360 qui
887 2290 1068 2345 mundi
1110 2289 1334 2357 gloriam
1383 2297 1435 2339 et
1489 2299 1710 2354 pompas

129 2399 414 2458 appetunt,
442 2402 546 2440 non
571 2383 842 2447 collaudo,
875 2383 983 2436 imo
1011 2381 1090 2435 eis
1114 2380 1357 2442 consulo,
1382 2387 1440 2430 ut
1459 2375 1712 2445 effugiant

129 2490 390 2548 quantum
420 2485 657 2547 possunt.
690 2474 877 2528 Melius
896 2480 1043 2526 certe
1074 2469 1261 2523 fuisset
1290 2467 1369 2520 eis
1395 2482 1515 2519 cum
1542 2474 1712 2518 terre.

129 2575 215 2627 uis
242 2573 407 2624 vitam
435 2583 593 2636 agere
621 2576 977 2624 terrenorum,
1003 2575 1161 2628 quam
1194 2559 1246 2611 in
1276 2555 1559 2626 pontificali
1601 2555 1713 2608 cnl-

129 2665 278 2718 mine
309 2662 413 2716 hoc
452 2669 689 2728 agentes,
726 2656 792 2710 ad
841 2654 1020 2708 infima
1049 2661 1102 2706 et
1133 2649 1475 2720 profundiora
1523 2645 1711 2701 inferni

125 2755 249 2810 ioca
280 2752 555 2816 decidere,
586 2757 738 2802 tanto
768 2763 876 2815 prae.
919 2745 1129 2800 cazteris
1171 2739 1465 2800 eruciandi,
1517 2749 1716 2807 quanto

130 2861 244 2915 pne
290 2843 504 2899 caneris
535 2842 684 2910 plura
719 2838 936 2894 donaria
977 2843 1315 2902 receperunt.
1354 2832 1716 2900 Intelligeutcs

130 2938 317 3008 itaque
344 2934 730 3003 Episcoporum
777 2929 1036 2998 plurimos
1067 2925 1242 2994 potius
1283 2938 1478 2978 nomen
1528 2936 1716 2992 gerere

128 3041 294 3098 quam
331 3022 642 3085 essentiam,
676 3018 852 3088 potius
895 3017 1047 3084 lupos
1093 3027 1314 3084 rapaces
1364 3013 1476 3066 fore
1517 3010 1714 3066 Christi

128 3119 339 3178 ovium,
369 3128 528 3185 quam
554 3121 798 3180 pastores
830 3127 844 3162 :
875 3107 1236 3160 destructores
1253 3104 1418 3172 magis
1437 3116 1554 3156 esse
1573 3101 1719 3154 Chri-

129 3208 198 3260 sti
223 3204 504 3266 Ecclesite,
537 3216 695 3270 quam
724 3206 982 3262 rectores,
1011 3195 1099 3264 qui
1129 3192 1552 3248 Christianorum
1576 3191 1718 3243 elee-

133 3290 812 3366 mosyuastleprzedantes,
858 3285 1157 3340 mercedem
1187 3298 1478 3352 pauperum
1524 3280 1721 3350 lupinis

125 3387 384 3440 faucibus
413 3385 464 3436 in
496 3379 955 3450 superfluitatibus
998 3377 1238 3430 ciborum
1278 3383 1332 3428 et
1360 3373 1586 3426 vestium
1623 3371 1721 3424 de-

130 3485 332 3531 vorant
359 3485 412 3529 et
439 3482 783 3534 consumunt,
825 3468 966 3538 quod
997 3465 1284 3521 absurdum
1313 3472 1414 3529 est,
1456 3461 1725 3516 abomina-

131 3569 265 3632 bile,
317 3577 374 3619 et
416 3562 744 3618 deflendam.
788 3561 911 3613 llaec
959 3559 1156 3612 idcirco
1201 3555 1448 3615 dixerim,
1492 3565 1554 3607 ut
1602 3551 1723 3604 talis

132 3657 468 3714 abominatio
496 3655 702 3710 cunctis
737 3653 980 3722 gentibus
1022 3651 1338 3713 innotescat,
1390 3655 1653 3715 quatenus
1679 3643 1722 3696 si

134 3751 311 3804 Deum
340 3764 446 3802 non
474 3756 736 3806 metuunt,
765 3743 1006 3796 homines
1030 3750 1296 3800 verentes,
1325 3752 1354 3788 a
1386 3737 1496 3791 suis
1520 3735 1724 3804 aliqua-

134 3841 256 3894 liter
283 3835 771 3893 abominationibus
793 3831 1143 3886 retardantur.
1175 3827 1421 3891 Audiant,
1453 3839 1652 3894 quaeso,
1673 3823 1727 3876 hi

133 3931 276 3984 tales
305 3925 551 3996 EpiscOpi
591 3939 709 3993 qua:
738 3919 998 3975 narranda
1043 3917 1404 3988 preponimus,
1449 3926 1504 3968 et
1539 3914 1726 3967 saltem

134 4022 372 4073 aliorum
397 4015 785 4071 calamitatibus
815 4019 1129 4064 terreantur.

206 4113 348 4166 Car;
382 4106 574 4163 XXIV.
615 4104 672 4158 ιη
717 4102 1078 4172 superioribus
1121 4097 1335 4168 λεμμα
1395 4097 1630 4166 partibus
1677 4096 1728 4149 in

136 4202 366 4256 deserto
401 4198 632 4269 quodam
671 4197 738 4251 ab
771 4193 1071 4248 hominibus
1120 4199 1333 4258 propter
1378 4191 1496 4241 vita:
1525 4189 1731 4242 incom-

139 4296 303 4350 modo
355 4290 706 4353 inhabitabili,
751 4286 962 4356 quidam
994 4284 1217 4353 degebat
1261 4280 1552 4336 monachus
1593 4280 1734 4334 Elias

139 4389 370 4442 nomine
399 4383 815 4453 antiquissimus,
846 4390 896 4432 et
937 4393 1140 4446 magnce
1178 4377 1299 4430 vita:
1335 4373 1614 4429 sanctitate
1650 4387 1735 4425 ra-

138 4483 326 4544 dians,
355 4477 446 4548 qui
475 4477 527 4530 in
556 4477 661 4528 vita
701 4472 988 4528 beatissimi
1028 4470 1332 4540 Hieronymi
1367 4469 1538 4523 eideut
1581 4467 1734 4520 fami-

140 4568 471 4623 liarissimus
497 4565 648 4619 valde
686 4564 820 4617 fuit:
851 4578 1009 4631 quem
1054 4561 1192 4616 idem
1243 4560 1578 4615 beatissimus
1607 4559 1734 4613 Ilie-

141 4673 432 4731 ronymus,
465 4658 712 4711 habuisse
741 4653 1320 4724 prupltelim'spirilum,
1354 4652 1550 4720 pluries
1574 4666 1730 4706 enar-

143 4754 308 4806 ravit.
337 4751 437 4807 Hic
461 4749 546 4804 die
571 4748 797 4818 quodam
837 4747 918 4815 (ut
945 4746 1120 4812 plures
1155 4745 1284 4798 tnibi
1323 4743 1738 4800 testiﬁcahantur

144 4841 405 4897 monachi
446 4839 552 4892 vita
586 4837 913 4892 venerabiles
943 4836 1151 4904 ﬁdeque
1193 4835 1356 4906 digni,
1383 4834 1472 4902 qui
1501 4849 1559 4888 se
1584 4835 1734 4888 dixe-

143 4944 278 4988 runt
303 4934 425 4984 lnec
449 4929 517 4983 ab
543 4929 779 4997 ejusdem
809 4928 976 4982 sancti
1004 4927 1103 4981 viri
1127 4942 1221 4981 ore
1245 4925 1513 4980 multoties
1543 4941 1739 4995 perau-

142 5024 328 5093 disse)
349 5022 523 5078 solitis
547 5023 852 5076 incumbens
876 5019 1223 5081 orationibus,
1251 5032 1441 5072 somno
1463 5017 1740 5086 repentino

145 5114 484 5171 adveniente
508 5111 883 5179 aliquantulum
904 5109 1224 5166 obdormivit
1267 5127 1281 5164 :
1324 5111 1391 5164 Et
1411 5123 1538 5164 ecce
1563 5109 1617 5163 in
1655 5109 1738 5163 vi-

146 5207 327 5269 sione,
356 5217 468 5274 quo
491 5200 704 5272 quidem
737 5201 898 5256 modo
926 5200 1196 5254 multoties
1223 5199 1361 5255 Deus
1382 5198 1738 5268 omnipotens,

144 5297 376 5368 grandia
405 5305 462 5351 et
483 5293 687 5348 occulta
726 5293 838 5347 suis
861 5290 1102 5346 fidelibus
1128 5301 1332 5344 reserat
1365 5299 1694 5345 sacramenta
1724 5309 1738 5345 :

147 5392 200 5445 in
233 5389 472 5462 quodam
513 5385 711 5454 palatio
747 5383 898 5438 mira:
935 5381 1338 5450 pulchritudinis
1364 5392 1418 5435 et
1445 5381 1741 5448 iiiell‘abilis,

147 5494 199 5536 et
227 5499 258 5536 a
307 5478 632 5537 mortalibus
681 5489 947 5543 nunquam
1002 5475 1149 5538 visae,
1195 5482 1251 5524 ut
1295 5472 1395 5525 sibi
1443 5471 1740 5533 videbatur,

145 5585 283 5630 erat.
334 5573 586 5639 Cumque
628 5581 723 5635 per
773 5566 957 5619 horam
1006 5578 1099 5632 per
1143 5561 1392 5631 palatium
1440 5561 1589 5627 illud,
1638 5560 1742 5615 huc

143 5669 380 5740 illucque
419 5659 702 5734 gradiens,
743 5655 859 5724 ejus
902 5654 1252 5708 admiraretur
1299 5651 1740 5722 pulchritudinem

1291 271 1379 324 DE
1418 267 1786 325 MIRACULIS
1830 265 2209 322 llei‘tONYlll

3275 279 3382 333 3Ξὶ

1811 379 2199 444 vehementem,
2247 380 2375 433 vidit
2415 378 2677 449 quoddam
2724 388 3014 453 praeparari
3068 389 3295 444 tribunal
3347 410 3376 444 a

1807 469 2119 536 quibusdam
2163 472 2340 524 nimize
2392 472 2792 540 pulchritudinis
2829 476 3148 544 juvenibus,
3202 487 3384 538 stratis

1809 559 2088 626 tapetibus,
2118 570 2174 614 et
2202 563 2442 616 vestibus
2471 580 2620 624 auro,
2649 573 2703 618 et
2726 568 2971 633 gemmis,
3001 585 3062 624 ac
3100 575 3260 629 multa
3291 592 3379 628 ar-

1810 650 1951 703 tificii
1977 654 2232 705 varietate
2256 653 2546 717 decoratis,
2575 655 2986 726 circumquaque
3009 662 3208 727 pariete
3232 665 3380 719 invo-

1809 741 1938 795 luto.
1982 743 2035 795 In
2081 761 2186 810 quo
2236 745 2594 813 postmodum,
2641 762 2732 801 rex
2771 750 2984 818 quidam
3030 755 3290 808 maximus
3331 768 3388 810 et

1807 832 2067 898 decorus,
2107 835 2259 902 cujus
2295 847 2544 903 aspectus
2589 847 2751 898 tanta:
2804 851 2922 895 crat
2960 843 3268 911 suavitatis,
3327 857 3390 899 ut

1810 925 1880 977 nil
1919 924 2077 978 vellet
2111 926 2252 980 aliud
2291 927 2412 995 quis
2454 928 2674 994 habere,
2731 946 2919 1000 magna
2965 934 3223 1000 virorum,
3273 939 3389 993 sole

1809 1015 2159 1078 lucidiorum,
2217 1019 2498 1072 comitatus
2559 1021 2814 1074 societate
2869 1024 3120 1087 veniens,
3185 1041 3244 1080 se
3294 1043 3386 1095 po-

1809 1107 1914 1159 suit
1944 1114 2000 1160 ut
2019 1107 2217 1174 judicia
2246 1119 2542 1163 exerceret.
2574 1109 2717 1164 Inter
2740 1111 2852 1165 haec
2875 1112 3152 1180 cujusdam
3189 1119 3388 1182 anima,

1810 1214 1970 1267 quem
2020 1199 2183 1253 fuisse
2241 1202 2634 1256 Aneonitanum
2681 1204 2962 1272 praesulem
3015 1207 3083 1260 ab
3123 1209 3392 1278 aliquibus

1813 1290 2007 1345 ibidem
2042 1291 2459 1347 consistentibus
2516 1293 2853 1362 postmodum
2905 1297 3188 1362 intellexit,
3232 1316 3260 1352 a
3293 1317 3393 1356 ne-

1813 1398 1968 1451 quam
2012 1384 2308 1451 spiritibus,
2353 1386 2577 1448 catenis,
2625 1385 2894 1455 igneisque
2931 1389 3160 1443 vinculis
3187 1391 3392 1456 vincta,

1814 1476 1980 1528 instar
2009 1474 2238 1528 fornacis
2260 1473 2501 1529 ﬂammas
2529 1490 2816 1544 erumpens
2835 1477 3171 1545 sulphureas,
3198 1479 3392 1549 depor-

1815 1577 1920 1620 tata
1947 1566 2209 1631 maiestati
2240 1566 2399 1633 regia:
2429 1574 2800 1633 prmsentatur.
2831 1567 2959 1632 Qua:
2991 1570 3295 1638 priusquam
3325 1571 3394 1624 de

1811 1657 1988 1724 aliquo
2017 1658 2450 1722 interrogaretur,
2479 1656 2641 1723 cmpit
2668 1656 2800 1710 diris
2831 1657 3049 1710 Vocibus
3075 1674 3133 1712 se
3161 1661 3395 1712 inferna-

1813 1747 1949 1799 libus
1971 1745 2336 1800 mansionibus
2358 1745 2718 1814 dignissimam
2740 1749 3034 1801 acclamare
3058 1766 3072 1801 :
3099 1752 3232 1802 hanc
3259 1750 3396 1803 inter

1809 1849 2032 1892 crateras
2061 1839 2288 1892 maxime
2316 1839 2590 1905 assignans
2625 1840 2965 1906 principalem
2991 1856 3229 1898 ezmsam,
3261 1857 3393 1910 quo-

1813 1927 1950 1980 niatn
1983 1929 2134 1980 vanis
2172 1926 2352 1980 mundi
2405 1928 2611 1995 pompis
2643 1929 2897 1987 intentus,
2937 1930 2988 1982 in
3025 1931 3304 1996 conviviis,
3338 1942 3395 1986 et

1812 2019 2067 2082 vestibus,
2101 2028 2156 2074 et
2183 2017 2482 2086 hujusmodi
2514 2019 2752 2072 stultitiis
2777 2019 3155 2073 delectabatur.
3191 2021 3394 2088 Quibus

1815 2111 1993 2172 finitis,
2044 2111 2146 2163 lata
2182 2125 2278 2178 per
2308 2109 2543 2178 judicem
2583 2112 2866 2171 sententia,
2907 2122 2963 2163 ut
3006 2113 3174 2177 pretiis
3223 2113 3360 2165 infer

1816 2201 2023 2255 nalibus
2077 2199 2397 2260 traderetur,
2452 2200 2623 2252 donec
2670 2200 2879 2267 corpori
2921 2199 3124 2266 juncta,
3157 2202 3396 2268 duplices

1817 2306 2001 2362 pmnas
2039 2292 2089 2344 itt
2135 2299 2447 2360 perpetuum
2493 2293 2824 2346 sustineret:
2856 2310 2977 2346 mox
3023 2294 3163 2348 illam
3213 2310 3398 2348 secum

1817 2384 1994 2438 ferens
2019 2383 2195 2435 omnis
2225 2383 2312 2436 illa
2346 2398 2572 2450 nequam
2602 2384 2879 2451 spirituum
2913 2384 3086 2448 turba,
3118 2385 3239 2440 inde
3264 2385 3396 2440 diris
3464 2382 3470 2389 ’

1817 2472 2140 2526 clamoribus
2165 2472 2402 2526 recessit.
2436 2472 2635 2525 Deinde
2662 2473 2879 2527 alterius
2901 2474 3175 2542 cujusdam
3200 2477 3397 2541 anima,

1818 2579 1976 2632 quam
2017 2563 2179 2618 fuisse
2209 2564 2492 2617 Theodosii
2537 2567 2820 2629 Settaloris,
2866 2566 3042 2620 fratris
3081 2569 3399 2624 venerabilis

1822 2655 2028 2710 Damasi
2071 2655 2306 2724 praedicti
2349 2656 2592 2724 Episcopi
2615 2656 2944 2714 .Portueusis
2970 2659 3214 2714 similiter
3244 2662 3400 2715 intel-

1820 2746 1969 2810 Iexit,
1999 2755 2123 2802 ante
2152 2749 2484 2813 majestatetn
2513 2748 2735 2816 regiam,
2760 2749 3232 2804 circomstantibus
3255 2752 3401 2804 mul-

1823 2835 1888 2890 Iis
1912 2851 2138 2902 nequam
2173 2836 2466 2904 spiritibus,
2503 2851 2624 2890 eum
2654 2839 2971 2904 gravissimo
3000 2841 3398 2902 accusantibus,

1823 2935 2192 2994 prasentalur.
2222 2927 2466 2996 Cumque
2497 2944 2524 2979 τι
2554 2929 2778 2981 diabolis
2812 2931 2860 2980 in
2891 2930 3100 2998 longum
3130 2932 3402 2985 accusatio

1823 3018 2144 3079 traheretur,
2177 3027 2230 3070 et
2257 3019 2432 3070 nullus
2461 3033 2526 3071 ex
2565 3017 2791 3070 adverso
2829 3018 3002 3087 aliqua
3033 3020 3400 3086 responderet,

1824 3111 1904 3164 vir
1925 3109 2140 3178 quidam
2181 3110 2379 3177 septies
2415 3108 2530 3161 sole
2573 3107 2924 3176 splendidior,
2956 3120 3092 3163 etut
3120 3112 3219 3165 sibi
3259 3113 3405 3166 vide-

1825 3201 1978 3252 batur
2010 3214 2144 3267 pene
2187 3199 2396 3252 casteris
2440 3198 2736 3250 astantibus
2769 3199 3112 3264 eminentior,
3156 3199 3223 3254 ad
3262 3203 3403 3270 regis

1826 3292 2018 3345 sedens
2043 3291 2320 3344 dexteram
2365 3291 2415 3342 in
2462 3289 2704 3356 pedibus,
2733 3304 2792 3343 se
2818 3291 3004 3344 erexit.
3045 3292 3162 3358 Quo
3187 3292 3400 3360 quidem

1826 3393 2097 3449 surgente,
2131 3382 2400 3434 silentium
2433 3396 2524 3434 rex
2557 3396 2714 3432 manu
2755 3382 2967 3448 propria
2997 3397 3024 3432 a
3056 3385 3262 3437 cunctis
3293 3384 3404 3438 fieri

1827 3474 2126 3542 imperavit.
2160 3472 2312 3525 Tunc
2337 3473 2425 3540 qui
2453 3480 2694 3534 steterat,
2726 3473 2973 3524 euntibus
3011 3488 3287 3541 opponens
3311 3489 3422 3529 ac-.

1828 3563 2157 3624 cusantibus,
2187 3561 2327 3615 ltunc
2354 3575 2507 3614 suum
2551 3559 2714 3615 fuisse
2758 3560 3120 3616 fidelissimum
3156 3572 3209 3618 et
3246 3563 3410 3618 devo-

1831 3663 1960 3718 tum,
1990 3653 2119 3707 etei
2165 3653 2418 3707 continue
2457 3650 2762 3706 exhibuisse
2804 3655 3156 3706 reverentiam
3200 3656 3406 3722 specia-

1831 3745 1956 3808 lem,
1979 3745 2180 3800 eisdem
2211 3759 2335 3798 mox
2357 3741 2604 3812 loquendi
2633 3742 2910 3796 audaciam
2949 3743 3167 3796 abstulit
3193 3754 3247 3797 et
3272 3746 3410 3798 taci-

1834 3837 2085 3892 turnitate
2128 3835 2460 3905 praenotavit.
2515 3833 2865 3888 Postmodum
2917 3848 3046 3886 vero
3098 3835 3144 3887 is
3191 3834 3414 3888 flectens

1833 3938 1956 3982 ante
1997 3942 2174 3997 regem
2216 3941 2405 3995 genua,
2455 3924 2581 3979 huic
2619 3938 2718 3978 suo
2765 3923 3076 3977 fidelissimo
3105 3924 3310 3978 veniam
3358 3936 3413 3978 et

1833 4032 2086 4074 mteruam
2116 4020 2376 4086 requiem,
2416 4016 2568 4068 solita
2598 4015 2793 4084 pietate
2819 4027 2871 4068 et
2901 4013 3263 4068 misericordia
3291 4015 3411 4068 inli-

1837 4112 1945 4164 nita
1974 4107 2411 4166 clementissime,
2438 4108 2504 4158 ita
2531 4116 2706 4158 tamen
2733 4103 2874 4173 quod
2902 4119 2996 4170 pro
3023 4105 3328 4159 commissis
3359 4106 3412 4160 in

1837 4201 2035 4256 mundo
2066 4198 2293 4266 ﬂagitiis,
2347 4198 2397 4250 in
2430 4195 2745 4263 Purgatorio
2776 4204 3108 4262 purgaretur,
3145 4196 3258 4249 suis
3290 4211 3413 4263 pre-

1837 4295 2009 4354 cibus,
2041 4300 2096 4344 ut
2127 4290 2313 4352 vomit,
2340 4297 2418 4342 est
2447 4288 2692 4353 adeptus.
2737 4286 2885 4341 'l‘unc
2913 4287 3087 4339 omnis
3114 4287 3199 4339 illa
3234 4287 3417 4340 nefan-

1840 4386 2027 4439 dormn
2055 4382 2332 4452 spirituum
2357 4378 2640 4434 multitudo
2657 4393 2878 4448 gemens
2903 4388 2956 4432 et
2979 4378 3208 4440 ululans,
3237 4379 3304 4432 de.
3327 4379 3418 4433 illo

1843 4479 1961 4531 loco
2011 4473 2254 4543 protinus
2300 4487 2360 4528 se
2414 4470 2660 4526 removit.
2711 4468 2995 4523 Intervallo
3046 4477 3224 4523 autem
3277 4470 3419 4524 facto

1843 4566 1988 4619 horto
2032 4564 2206 4624 unius,
2257 4561 2466 4631 juvenis
2513 4560 2728 4630 quidam
2775 4558 3168 4629 pulcherrimus
3204 4561 3418 4614 concito

1841 4654 2030 4726 gradu,
2058 4669 2154 4722 per
2182 4653 2435 4722 palatium
2466 4651 2701 4710 veniens,
2747 4649 2813 4703 ad
2860 4648 3105 4716 lunaeque
3135 4649 3418 4710 accedens,

1843 4749 1932 4817 qui
1963 4756 2067 4800 tam
2107 4747 2348 4800 eminens
2373 4753 2429 4798 et
2455 4744 2740 4810 pra-clarus
2778 4740 2830 4794 iu
2870 4738 3127 4794 auxilium
3166 4753 3418 4792 exsurre-

1844 4849 1996 4894 xerat
2021 4837 2307 4892 Theodosii
2337 4836 2618 4896 senatoris,
2657 4849 2716 4886 se
2757 4832 2868 4886 fore
2897 4834 3032 4885 dixit
3067 4846 3095 4882 a
3137 4829 3296 4884 Petro
3327 4846 3420 4896 pa-

1846 4929 1992 4984 tritio
2021 4924 2384 4981 Romanorum
2427 4924 2541 4992 ejus
2567 4921 2913 4976 devotissimo
2940 4920 3162 4974 missum
3191 4933 3208 4972 :
3235 4927 3421 4986 quate.

1848 5035 1947 5074 nus
1974 5019 2212 5087 ejusdem
2256 5029 2440 5083 preces
2464 5013 2774 5072 exaudiens,
2812 5010 2913 5064 sibi
2946 5010 3232 5078 impetrare
3259 5024 3286 5060 a
3319 5009 3422 5060 Do-

1848 5113 1995 5166 mino
2025 5111 2190 5162 filium
2222 5107 2551 5174 dignaretur.
2596 5102 2672 5154 Ad
2707 5102 2818 5154 lucc
2846 5115 2938 5173 rex
2973 5118 2986 5153 :
3017 5099 3186 5163 Quod,
3220 5098 3422 5170 inquit,

1847 5222 1879 5258 a
1905 5204 2010 5269 ﬁlio
2036 5215 2146 5252 meo
2183 5197 2489 5264 Hieronymo
2531 5192 2711 5246 Petrus
2741 5191 2987 5256 postulat,
3021 5199 3154 5244 certe
3182 5191 3290 5256 ﬁat.
3329 5190 3422 5243 llis
3447 5217 3452 5269 ς

1849 5293 2098 5349 omnibus
2117 5291 2193 5344 sic
2217 5287 2398 5352 finitis,
2425 5301 2455 5338 a
2484 5301 2675 5338 somno
2703 5285 2792 5338 illo
2820 5298 2942 5336 mox
2971 5282 3113 5336 [tilias
3136 5281 3426 5336 monachus
3450 5281 3456 5286 ’
3502 5291 3511 5342 ;

1849 5385 2130 5446 excitatur,
2166 5378 2348 5434 laudes
2390 5376 2679 5430 immensas
2725 5375 2835 5428 Deo
2877 5373 3108 5428 reddens
3151 5381 3206 5426 et
3242 5373 3428 5426 lliero.

1851 5489 2012 5546 nymo
2033 5472 2287 5541 glorioso.
2319 5468 2416 5536 Qui
2446 5467 2585 5520 diem
2617 5465 2784 5524 illum.
2815 5465 2867 5518 in
2907 5480 3013 5535 quo
3041 5473 3144 5518 tam
3186 5465 3428 5522 miranda

1851 5566 2078 5627 viderat,
2112 5570 2436 5632 przenotans,
2467 5556 2655 5612 eodem
2685 5567 2866 5626 postea
2896 5557 3158 5612 intellexit
3186 5558 3273 5611 die
3307 5557 3403 5625 Epi
3433 5598 3437 5602 .

1857 5670 2071 5724 scopum
2114 5654 2525 5719 Anconitauum,
2558 5660 2608 5704 et
2636 5649 2998 5707 Theodosium
3038 5659 3336 5705 senatorem
3367 5653 3426 5702 et

3448 5249 3456 5286 i
