4048 6186
633 431 736 482 hoc
787 420 985 480 szrculo
1047 415 1378 487 migravisse.
1445 409 1564 476 Quo
1620 403 1820 475 liquide
1880 408 2048 472 patet,
2088 397 2203 468 litae

631 534 768 574 vana
797 513 998 571 somnia
1025 524 1128 563 non
1162 503 1346 559 fuisse.

701 608 830 663 ου.
861 599 1023 658 XXV.
1049 596 1288 664 Magnam
1317 590 1562 660 putabas,
1589 581 1883 653 Augustine
1903 575 2202 639 carissime,

630 696 899 767 aliquibus
921 685 1330 743 admirationem
1363 677 1639 739 inducere,
1682 671 1825 726 velut
1865 669 1909 724 si
1939 666 2068 767 quid
2107 679 2203 767 no-

631 754 751 842 vum
781 795 833 840 et
862 778 1156 836 inauditum
1183 775 1265 829 eis
1294 781 1624 841 pr0poneres
1653 782 1667 817 ;
1693 763 1820 818 dum
1867 762 1918 814 in
1966 759 2068 813 tuis
2098 754 2208 824 pri-

627 878 783 933 stinis
809 871 1004 928 litteris
1025 881 1162 940 quas
1190 864 1388 933 recepi,
1415 859 1607 915 Joanni
1642 853 1892 922 Baptistae
1921 857 1978 903 et
1999 845 2207 940 exteris

629 965 902 1040 Aposmlis
959 935 1343 1028 Hieronymum
1396 948 1792 1006 sanctissimum
1845 941 2122 1040 mqualem-
2152 935 2204 988 in

627 1027 914 1118 sanctitate
943 1065 998 1109 et
1034 1027 1224 1121 gloria,
1251 1044 1549 1100 rationibus
1571 1040 1686 1092 sine
1715 1035 1879 1090 dubio
1899 1027 2208 1086 efllcacibus

627 1163 685 1208 et
714 1147 1012 1204 visionibus
1043 1140 1282 1196 mirilicis
1323 1130 1728 1202 comprobabas.
1769 1126 1930 1179 Certe
1981 1134 2087 1174 non
2127 1126 2210 1172 est

629 1241 878 1312 aliqnalis
903 1235 1244 1303 ambiguitas,
1280 1224 1555 1281 verissima
1577 1230 1630 1275 et
1658 1219 1803 1272 omni
1839 1214 1943 1266 lide
1969 1219 2024 1264 et
2045 1209 2211 1312 devo-

631 1303 776 1392 tione
815 1329 1125 1401 dignissima
1171 1325 1267 1377 ista
1315 1319 1450 1373 fore.
1479 1315 1589 1370 Nec
1630 1321 1754 1379 puto
1791 1307 2062 1376 aliquibus
2091 1303 2210 1401 ejus

631 1431 792 1484 vitam
837 1394 1250 1479 sanctissimam,
1277 1421 1330 1467 et
1367 1411 1482 1478 ejus
1521 1415 1663 1460 tanta
1709 1399 1946 1471 prodigia
1979 1394 2210 1451 homini-

631 1523 733 1578 bus
779 1519 986 1574 insueta
1030 1527 1135 1566 non
1192 1501 1553 1576 ignorantibus
1597 1491 1962 1550 admirationis
2011 1484 2209 1578 aliquid

630 1575 866 1670 evenire.
893 1608 999 1665 Sed
1029 1602 1279 1675 quoniam
1325 1597 1458 1650 tales
1505 1603 1608 1645 tua:
1647 1589 1859 1642 fuerunt
1885 1582 2117 1675 rationes
2135 1575 2211 1675 ad

632 1705 913 1760 veritatem
948 1669 1248 1764 ltujusmodi
1277 1681 1672 1744 declarandam,
1699 1675 1838 1746 quod
1877 1685 2024 1726 meas
2047 1669 2208 1723 levis-

632 1796 797 1849 simas
837 1799 894 1845 et
937 1763 1207 1853 imiricritas
1242 1791 1382 1832 nunc
1411 1775 1514 1828 illis
1542 1783 1811 1840 aPPOIII're
1837 1782 1942 1820 non
1972 1763 2208 1823 deceret,

634 1882 848 1937 omissis
871 1877 1138 1938 omnibus,
1183 1870 1444 1924 visionem
1472 1861 1764 1918 mirabilem
1795 1871 1950 1925 quam
1985 1864 2212 1905 venera-

638 1974 758 2027 bilis
787 1973 869 2024 vir
891 1967 1122 2039 Cyrillus
1155 1962 1446 2029 Episcopus
1476 1948 1870 2008 Alexandrinus
1909 1959 1966 1998 se
1994 1941 2210 2002 vidisse,

634 2070 746 2119 suis
773 2062 838 2118 ad
880 2030 965 2114 me
1003 2057 1191 2111 diebus
1236 2047 1477 2120 pluribus
1523 2043 1631 2112 jam
1671 2038 1886 2107 elapsis,
1936 2030 2214 2120 destinatis

635 2155 829 2209 litteris
857 2148 1177 2208 all‘trtnabat,
1225 2119 1458 2194 breviter
1490 2129 1842 2186 introducam.
1891 2125 2017 2178 Post
2070 2119 2209 2173 beati

633 2240 942 2314 Hieronymi
967 2237 1170 2291 obitum
1211 2230 1520 2301 gloriosum,
1567 2236 1707 2276 anno
1734 2218 2001 2286 completo
2035 2215 2086 2267 in
2127 2211 2215 2312 die

635 2311 924 2391 nativitatis
951 2324 1319 2400 gloriosissimi
1348 2315 1572 2374 Joannis
1604 2311 1808 2366 Domini
1840 2311 2212 2374 pra'eursorts,

637 2428 878 2482 laudibus
905 2395 1131 2490 expletis
1161 2413 1458 2476 matutinis,
1495 2408 1622 2462 dum
1663 2410 1993 2463 memoratus
2037 2395 2213 2466 ponti-

637 2519 748 2580 fex,
780 2528 928 2569 more
957 2487 1115 2564 solito
1161 2508 1214 2560 in
1256 2500 1492 2556 Ecclesia
1525 2499 1694 2558 solus,
1721 2501 1843 2545 ante
1874 2490 2041 2543 altare
2069 2487 2212 2554 ejus-

635 2577 758 2662 dem
801 2599 1151 2676 przeeursoris
1201 2593 1412 2648 Domini
1460 2585 1713 2657 gloriosi,
1774 2581 1926 2636 ﬂexis
1992 2577 2217 2646 genibus

639 2669 817 2771 ipsius.
832 2695 1054 2766 gloriam
1082 2701 1134 2744 et
1161 2685 1556 2745 excellentiam,
1587 2678 1751 2733 multa
1777 2674 1998 2744 spiritus
2034 2669 2219 2771 dulce-

636 2759 764 2846 dine
791 2759 1270 2851 (ειῖηιειηιιιπθιιιτ,
1305 2774 1585 2846 repentino
1614 2781 1807 2822 somno
1831 2759 2216 2832 aliquantulum

637 2880 835 2934 ibidem
882 2848 1226 2928 obdortitivit.
1268 2866 1335 2920 Et
1376 2878 1504 2918 ecce
1544 2862 1596 2914 iu
1651 2854 1967 2918 Ecclesium,
2016 2859 2073 2904 ut
2119 2848 2218 2902 sibi

635 2969 933 3026 clarissime
982 2962 1279 3022 videbatur,
1333 2953 1553 3010 binatim
1607 2945 1959 3020 quorumdam
2013 2941 2220 3010 specie.

636 3062 970 3116 siSsimorum
995 3053 1289 3110 hominum,
1317 3047 1452 3100 ultra
1481 3043 1764 3096 humanam
1786 3033 2216 3096 aestimationem,

635 3160 824 3209 cantus
869 3145 1175 3200 alternatim
1224 3136 1572 3194 suavissimus
1599 3128 2017 3188 concinentium,
2067 3122 2217 3177 turba

636 3239 1104 3302 vehementissima
1135 3235 1274 3289 miro
1299 3230 1490 3285 ordine
1517 3223 1780 3279 veniebat.
1819 3217 2026 3274 Deinde
2064 3216 2217 3269 bina-

642 3338 735 3391 tim
767 3348 954 3388 omnes
983 3328 1048 3382 ad
1079 3327 1248 3380 altare
1279 3318 1655 3390 procedentes,
1680 3324 1730 3366 et
1761 3310 1957 3365 ibidem
1995 3307 2220 3361 ﬂecten-

639 3439 722 3482 tes
747 3438 939 3494 genna,
975 3419 1040 3473 ad
1078 3413 1372 3470 sedendum
1405 3406 1597 3476 singuli
1637 3419 1696 3458 se
1742 3400 2030 3471 ponebant.
2059 3394 2220 3494 ilum-

639 3486 990 3587 quevillornm
1038 3507 1315 3561 hominum
1365 3498 1602 3552 Ecclesia
1653 3503 1793 3546 esset
1839 3489 1993 3543 valde
2042 3486 2215 3553 plena,

641 3579 761 3676 post
807 3617 994 3656 milites
1043 3598 1148 3651 dno
1188 3595 1286 3647 viri
1318 3588 1700 3646 eminentiores
1735 3582 1965 3640 ctuti-ris,
2007 3579 2058 3630 itt
2111 3585 2220 3626 toto

639 3668 844 3752 similes
886 3704 1048 3760 atque
1091 3700 1267 3758 pares,
1324 3681 1532 3737 inliuito
1576 3676 1691 3731 sole
1743 3672 2049 3732 lucidiores,
2083 3668 2219 3720 stula

641 3789 809 3845 imluti
843 3756 1248 3840 candidissima,
1297 3788 1430 3827 auro
1470 3779 1524 3824 et
1562 3765 1786 3836 gemmis
1816 3762 2046 3831 undique
2087 3756 2220 3810 inef-

642 3879 874 3935 l'abiliter
926 3874 1200 3930 rutilante.
1247 3865 1526 3920 venientes
1575 3860 1638 3911 ad
1687 3856 1968 3910 ecclesiam
2023 3850 2224 3921 pariter

642 3975 994 4026 intraverunt.
1027 3964 1104 4019 Ad
1127 3975 1353 4032 quorum
1379 3954 1677 4009 introitum.
1710 3961 1896 4000 omnes
1919 3945 1970 3996 itt
1993 3941 2221 3996 ecclesia

639 4064 960 4123 residentes,
991 4055 1233 4127 protinus
1261 4048 1414 4104 ﬂexis
1451 4042 1702 4114 genibus,
1729 4036 1931 4093 eisdem
1956 4045 2220 4088 summam

643 4124 1006 4208 reverentiam
1048 4142 1441 4214 persoIVerttnt.
1483 4135 1634 4189 Tunc
1679 4131 1786 4184 duo
1839 4126 1917 4182 illi
1968 4124 2066 4179 viri
2097 4133 2222 4176 ante

643 4247 809 4298 altare
837 4241 905 4294 ab
933 4237 1137 4292 eisdem
1163 4230 1464 4288 reverentia
1497 4226 1759 4290 exliihita,
1800 4221 1854 4275 in
1897 4219 2103 4272 duabus
2131 4229 2224 4270 ca-

645 4337 850 4392 tltedris
877 4331 1077 4394 aureis,
1126 4330 1257 4382 mira
1289 4322 1526 4392 lapidum
1568 4319 1924 4388 pretiosorum
1971 4310 2224 4364 varietate

643 4439 698 4481 et
741 4421 1139 4496 pulchritudine
1178 4415 1468 4473 decoratis,
1509 4409 1614 4463 sibi
1655 4423 1686 4460 a
1735 4403 2050 4496 quihusdam
2103 4398 2222 4467 pul-

645 4495 928 4571 cherrimis
947 4510 1230 4581 juvenibus
1259 4502 1592 4574 przeparatis.
1624 4497 1784 4553 ambo
1812 4495 2012 4564 pariter
2036 4505 2225 4544 conse-

646 4608 861 4666 derunt,
894 4615 947 4656 ct
997 4600 1074 4654 sic
1115 4599 1336 4652 silentes
1365 4589 1750 4660 aliquatttulum
1793 4591 2221 4655 pertttanserunt.

650 4698 868 4754 Interim
896 4695 1034 4746 iacto
1077 4691 1216 4744 inter
1242 4688 1361 4741 illos
1401 4682 1636 4737 silentio.
1666 4678 1832 4746 etrapit
1860 4677 1996 4730 alter
2037 4689 2224 4729 eorum

646 4791 875 4844 duorum
919 4785 1146 4839 alterum
1188 4777 1464 4845 impellere
1502 4771 1568 4826 ad
1610 4769 1954 4840 loquendum.
1985 4765 2226 4834 Cumque

647 4883 804 4951 longa
837 4875 1138 4933 adinvicctn
1188 4869 1470 4924 altercatio
1499 4864 1748 4925 oriretur,
1798 4868 1855 4914 ttt
1897 4858 2018 4928 quis
2058 4857 2227 4926 primo

650 4973 908 5040 inciperet
923 4965 1236 5038 praedicare,
1259 4969 1539 5030 cmperunt
1557 4955 1772 5024 singuli,
1793 4962 1848 5006 ttl
1872 4953 2230 5018 Ilieronymns

650 5060 892 5122 Joannis,
919 5057 1070 5127 cujus
1098 5063 1216 5110 erat
1251 5059 1304 5106 in
1341 5051 1429 5106 die
1458 5051 1545 5103 illa
1573 5044 1909 5104 solemnitas,
1951 5040 2134 5094 laudes
2175 5046 2230 5091 et

651 5151 1076 5222 magniﬁcentiae
1127 5143 1462 5214 explicaret,
1520 5137 1726 5205 magnis
1781 5129 2232 5208 vocibns‘acela-

651 5219 821 5300 mare.
851 5241 970 5309 Quo
1009 5252 1144 5290 unus
1172 5235 1384 5288 illorum
1425 5241 1728 5283 sermonem
1775 5238 1896 5278 mox
1944 5219 2226 5289 incipiens,

653 5333 838 5389 laudes
860 5308 1155 5384 lieatissimi
1189 5319 1538 5392 praecursoria
1567 5315 1797 5378 Domini,
1831 5321 1973 5366 tanta
2008 5308 2232 5374 loquela:

652 5423 958 5485 dulcedine,
987 5426 1238 5484 tantoque
1271 5413 1553 5465 verborum
1577 5418 1791 5470 ornatu,
1815 5418 2021 5458 neco-in
2043 5411 2094 5453 et
2119 5415 2238 5454 sen-

656 5515 840 5568 tentia:
865 5508 1125 5577 gravitate
1152 5503 1446 5561 contexuit,
1493 5497 1635 5568 quod
1678 5496 1756 5550 l‘as
1798 5509 1902 5547 non
1943 5500 2088 5548 esset
2129 5491 2235 5544 Ln-

655 5619 777 5672 guze
823 5597 1098 5652 hominum
1150 5592 1442 5645 declarare.
1510 5590 1688 5644 Finito
1751 5589 1929 5656 itaque
1985 5599 2236 5640 sermone

661 5675 755 5748 illo
786 5708 797 5742 :
831 5688 984 5745 alter,
1015 5697 1171 5750 quem
1193 5679 1448 5736 Joannem
1475 5681 1764 5750 Baptistam
1792 5677 1969 5732 cuncti
1996 5677 2084 5746 qtti
2108 5675 2236 5732 ade.

1791 287 1876 344 DE
1915 281 2282 342 MIRACUUS
2321 281 2718 340 lllEBONYMl.

2317 406 2440 452 rant
2468 399 2834 464 nominabant,
2885 395 3070 453 cidem
3099 368 3296 468 gratias
3344 394 3586 452 relerens
3627 395 3884 466 multipli-

2311 503 2434 552 ees,
2465 489 2580 543 haec
2614 487 3100 552 circumstantibus,
3144 487 3212 542 ad
3251 486 3368 555 ejus
3405 485 3669 541 honorem
3699 496 3751 541 et
3773 490 3888 559 glo-

2313 581 2446 632 riam
2477 589 2555 632 est
2591 579 2821 632 locutus.
2854 577 3038 632 Sosius
3075 579 3170 631 iste
3205 592 3344 629 meus
3380 576 3680 630 carissimus
3712 575 3890 633 Hiero-

2312 683 2496 736 nymus
2521 668 2733 736 atqualis
2761 667 2888 720 milii
2909 669 2960 720 in
2981 667 3166 737 gloria,
3194 666 3405 735 (aqualis
3430 667 3583 720 etiam
3619 666 3672 720 in
3707 669 3893 721 sancti-

2314 768 2435 824 tate,
2463 760 2641 813 seriem
2669 775 2896 813 mearum
2935 759 3148 813 laudum
3187 767 3260 812 est
3289 760 3532 812 hactenus
3553 770 3846 828 prosccutus
3873 776 3893 814 :

2313 849 2502 903 idcirco
2530 850 2740 921 dignum
2761 861 2834 904 est
2863 857 2918 904 ut
2946 851 3056 920 ejus
3086 848 3326 903 laudibus
3355 865 3489 902 nunc
3511 849 3761 903 insistam.
3792 845 3894 903 Hic

2313 955 2427 993 uere
2451 941 2542 993 tua:
2586 949 2659 993 est
2705 937 2968 1001 Ecclesiae,
3021 941 3251 994 tenebras
3285 937 3519 1009 eﬂ'ugans
3561 953 3808 1002 errorum,
3848 947 3895 993 et

2315 1041 2523 1084 cunctos
2553 1031 2849 1086 illuminans
2896 1031 3124 1084 homines
3164 1031 3390 1084 veritatis
3437 1030 3667 1083 claritate
3711 1044 3890 1083 eccos.

2321 1121 2420 1175 Hie
2448 1125 2563 1194 fons
2584 1132 2661 1177 est
2682 1138 2829 1192 aqua:
2850 1123 3118 1191 sapientiae
3138 1119 3397 1185 salutaris,
3424 1120 3492 1172 ad
3512 1135 3656 1188 quem
3671 1119 3895 1172 sitientes

2315 1215 2436 1268 dum
2481 1216 2748 1280 accedunt,
2784 1215 3068 1284 largissime
3110 1214 3381 1267 satiantur.
3437 1210 3537 1264 Hic
3563 1209 3716 1264 arbor
3747 1211 3894 1264 altis-

2315 1305 2465 1365 sima,
2491 1309 2636 1373 cujus
2680 1320 2920 1358 cacumen
2963 1303 3145 1357 caelum
3187 1304 3458 1356 ascendit:
3489 1302 3580 1354 sub
3622 1301 3768 1370 cujus
3796 1300 3894 1354 do-

2314 1395 2490 1446 ctrina!
2516 1395 2799 1462 frondibus,
2841 1394 2904 1446 de
2949 1393 3091 1446 suavi
3138 1393 3362 1462 ejusdem
3392 1392 3496 1444 oris
3540 1391 3732 1460 fructu,
3779 1405 3893 1444 aves

2315 1486 2447 1546 caeli,
2477 1485 2668 1540 scilicet
2713 1485 2941 1539 homines
2988 1485 3199 1539 multum
3241 1485 3573 1552 intelligentes
3599 1493 3682 1536 :et
3727 1482 3894 1536 bestia
3985 1525 3988 1528 .

2317 1589 2483 1643 teme,
2525 1580 2714 1632 scilicet
2755 1582 2979 1632 homines
3022 1593 3205 1647 parum
3242 1576 3594 1646 intelligentes,
3639 1574 3893 1629 uberrime

2316 1669 2585 1724 satiantur.
2641 1669 2735 1722 llis
2775 1684 2967 1721 mecum
3016 1669 3112 1739 fuit
3147 1669 3200 1721 in
3243 1667 3428 1720 sarculo
3469 1665 3690 1718 Eremita
3718 1681 3738 1719 :
3766 1673 3894 1719 certe

2317 1773 2415 1809 non
2445 1758 2608 1811 minus
2634 1775 2712 1811 me
2736 1773 2938 1811 carnem
2972 1757 3288 1816 abstinentiis
3329 1755 3614 1808 maceravit.
3653 1752 3755 1807 Hic
3787 1769 3893 1807 me-

2317 1863 2432 1901 cum
2461 1849 2596 1920 virgo
2639 1850 2858 1912 nitidus,
2889 1859 3041 1917 atque
3077 1864 3255 1919 purus.
3301 1846 3402 1899 Hic
3431 1862 3622 1900 mecum
3651 1847 3748 1918 fuit
3783 1862 3900 1916 pro-

2320 1943 2515 2009 phetico
2555 1943 2737 2010 spiritu
2782 1942 3082 1995 illustratus.
3116 1938 3217 1993 Hic
3258 1955 3452 1992 mecunt
3480 1939 3656 1992 doctor
3703 1939 3896 1992 exstitit

2319 2033 2557 2084 veritatis.
2589 2031 2696 2102 Ego
2723 2041 2927 2101 propter
2943 2031 3199 2101 justitiam
3222 2039 3267 2082 et
3290 2031 3564 2086 veritatem.
3602 2030 3757 2081 vitam
3781 2043 3890 2082 cor-

2321 2138 2522 2191 poream
2548 2123 2805 2193 dereliqui.
2839 2121 2936 2175 Hic
2965 2123 3056 2175 etsi
3081 2138 3182 2174 non
3216 2121 3436 2173 amiserit
3475 2121 3624 2172 vitam
3647 2135 3903 2188 corpora-

2320 2211 2417 2265 lem
2448 2223 2650 2281 propter
2676 2213 2894 2282 jnstitia:
2929 2221 2975 2265 et
3021 2212 3265 2265 doctrina:
3305 2226 3411 2263 sua:
3455 2210 3900 2280 perspicacissimte

2320 2303 2574 2355 veritatem
2604 2317 2622 2355 :
2652 2313 2846 2367 tempus
2875 2319 3021 2354 suum
3050 2311 3212 2354 tamen
3245 2312 3402 2352 torum
3435 2301 3585 2369 gessit
3613 2301 3666 2351 in
3712 2299 3902 2353 uacula

2320 2393 2373 2446 in
2400 2394 2661 2463 martyrio,
2701 2393 3070 2462 afﬂictionibus,
3118 2402 3163 2444 et
3211 2392 3405 2444 dolore.
3449 2389 3558 2458 Ego
3598 2389 3904 2444 Christiania

2321 2484 2441 2552 ﬁdei
2467 2484 2773 2552 prie-cucurri
2800 2485 3010 2536 nuntius
3034 2494 3076 2534 et
3113 2483 3332 2550 gentium
3355 2481 3592 2534 invitator
3613 2495 3631 2532 :
3658 2481 3737 2532 In‘c
3774 2488 3904 2547 post-

2321 2576 2525 2629 modum
2572 2575 2794 2640 ueniens,
2844 2576 3073 2642 ejusdem
3113 2575 3237 2628 ca'sti
3260 2574 3297 2626 it
3344 2583 3648 2627 sustentator
3684 2587 3702 2626 :
3747 2581 3802 2626 et
3847 2573 3904 2626 ab

2323 2665 2575 2718 ltwrcticis
2605 2665 2832 2718 eamdem
2872 2664 3206 2718 lacerantibus
3249 2663 3554 2733 defensatar.
3602 2662 3712 2731 Ego
3765 2662 3907 2717 semel

2322 2754 2375 2809 in
2424 2755 2724 2824 baptismate
2764 2755 2996 2808 manibus
3051 2755 3272 2822 propriis
3322 2753 3574 2806 Christum
3628 2752 3909 2806 Dominum

2325 2847 2461 2916 tetigi
2491 2847 2542 2898 in
2571 2845 2802 2898 Jordtme
2831 2861 2849 2899 :
2874 2846 2955 2897 hic
2994 2846 3160 2912 ipsum
3188 2861 3284 2897 non
3324 2842 3489 2897 solum
3518 2845 3771 2896 manibus
3792 2857 3908 2912 pro-

2325 2936 2449 3005 priis
2480 2936 2653 2988 habuit
2679 2936 2933 2988 multoties
2960 2935 3011 2987 in
3039 2935 3213 2999 altari,
3237 2934 3322 2986 sed
3343 2944 3387 2987 et
3415 2949 3501 2986 ore
3529 2933 3736 3001 proprio
3773 2949 3911 2986 man-

2325 3026 2552 3084 ducauit.
2586 3026 2686 3080 Hic
2714 3028 2837 3079 mihi
2863 3029 2915 3080 in
2937 3027 3202 3080 sanctitate
3233 3042 3320 3095 per
3344 3028 3513 3078 omnia
3537 3026 3631 3094 [uit
3655 3026 3866 3095 (aqualis
3886 3039 3906 3078 :

2324 3136 2460 3174 nunc
2503 3136 2619 3174 vero
2664 3121 2848 3190 wquali
2877 3122 3022 3174 ambo
3061 3121 3173 3172 uiue
3215 3130 3416 3173 (sternte
3458 3119 3665 3187 pra'mio
3701 3118 3905 3172 insimul

2324 3214 2720 3282 congaudemus.
2755 3212 2878 3266 llzec
2917 3223 2970 3266 et
2999 3213 3101 3266 alia
3141 3211 3306 3266 multa
3342 3206 3703 3280 prosequente
3754 3210 3904 3265 beato

2325 3304 2555 3367 Joanne,
2579 3320 2698 3374 qu:e
2743 3304 2879 3357 idem
2915 3303 3101 3356 beatus
3129 3301 3361 3372 Cyrillns
3399 3316 3501 3354 non
3533 3301 3698 3369 potuit
3737 3300 3907 3354 totali-

2329 3406 2410 3449 ter
2436 3396 2708 3450 memoriae
2738 3393 3141 3455 commendare,
3166 3394 3274 3462 jam
3308 3393 3434 3445 liora
3463 3391 3567 3445 diei
3613 3393 3786 3460 prima
3811 3390 3903 3446 ad-

2327 3485 2594 3547 veniente,
2635 3483 2929 3537 Ecclesiatn
2975 3492 3156 3536 custos
3189 3482 3414 3542 intrans,
3461 3480 3787 3550 [Cpiacopnm
3830 3481 3906 3533 itt-

2328 3580 2490 3630 tnitus
2539 3576 2940 3639 dormientem,
3009 3573 3258 3628 eumdem
3325 3572 3570 3626 manibus
3633 3573 3904 3626 excitavit.

2330 3669 2745 3739 Expergel‘actus
2784 3668 2962 3737 itaque
3007 3665 3269 3735 pontifex,
3305 3675 3525 3731 stupore
3567 3674 3622 3717 et
3666 3664 3906 3718 admira-

2329 3762 2475 3814 tione
2501 3769 2554 3814 et
2582 3760 2776 3829 gaudio
2802 3758 3089 3812 admodum
3124 3759 3315 3825 plenus
3345 3771 3359 3809 :
3392 3772 3511 3825 qua!
3550 3755 3782 3818 viderat,
3814 3770 3908 3809 cu-

2327 3851 2464 3904 stodi
2491 3866 2610 3904 cum
2641 3849 2888 3920 lacrymis
2914 3847 3206 3902 enarravit.
3239 3845 3441 3901 Deinde
3469 3846 3560 3899 illo
3580 3845 3664 3898 die
3692 3848 3908 3899 missam

2327 3941 2722 3995 snletttnissime
2767 3939 3066 4003 celebrans,
3100 3939 3364 3993 visionem
3423 3936 3728 3990 mirabilem
3768 3935 3910 3989 otuni

2329 4033 2522 4103 populo
2551 4031 2860 4086 declaravit.

2396 4123 2526 4177 Car.
2558 4120 2746 4176 XXVI.
2779 4120 2915 4177 Sunt
2939 4119 3148 4175 inﬁnito
3180 4119 3354 4188 plura,
3385 4133 3505 4188 qua:
3533 4117 3636 4171 dici
3668 4127 3911 4185 possent,

2329 4215 2582 4269 miracula
2634 4213 2915 4267 verissima
2964 4219 3019 4266 et
3066 4211 3214 4265 utilia
3272 4208 3594 4272 enarranda,
3645 4224 3808 4277 quam
3851 4225 3914 4261 ea

2328 4323 2447 4377 qua:
2479 4307 2531 4360 in
2585 4305 2732 4360 brevi
2777 4303 2880 4357 hoc
2907 4301 3174 4372 Opusculo
3217 4313 3342 4356 sunt
3386 4302 3663 4370 inscripta.
3699 4301 3807 4355 Sed
3848 4315 3916 4355 ne

2331 4397 2631 4467 prolixitate
2671 4394 2846 4464 operis
2896 4391 3093 4463 aliquid
3148 4392 3443 4459 legentibus
3491 4391 3638 4448 ta-dii
3690 4392 3916 4451 oriatur.

2332 4502 2438 4541 uno
2474 4486 2590 4540 solo
2633 4485 2892 4539 miraculo
2918 4482 3059 4554 quod
3100 4482 3332 4537 nondum
3373 4483 3587 4553 expleto
3640 4497 3827 4534 mense
3865 4481 3918 4534 in

2333 4575 2604 4630 Bethleem
2633 4585 2900 4641 peractum
2930 4580 3032 4633 est,
3066 4571 3300 4641 perfecto
3323 4572 3442 4625 lmic
3470 4572 3617 4641 Operi
3647 4570 3776 4626 ﬂuis
3795 4570 3919 4626 erit.

2335 4667 2428 4721 Die
2470 4663 2739 4719 dominico
2785 4671 3072 4720 transacto.
3118 4670 3239 4730 po~t
3283 4668 3498 4715 octavas
3545 4660 3921 4721 Pentecostes,

2332 4756 2580 4811 omnibus
2615 4754 2746 4808 meis
2781 4751 3132 4821 sull‘raganeis
3161 4750 3460 4820 Episcopis,
3492 4760 3547 4805 et
3573 4749 3925 4804 multitudine

2336 4848 2588 4910 maxima,
2620 4855 2725 4898 tam
2767 4843 2999 4896 virorum
3037 4857 3196 4908 quam
3240 4842 3518 4894 mulierum
3565 4840 3617 4892 iit
3654 4839 3926 4900 Ecclesia,

2337 4943 2387 4995 in
2417 4955 2517 5008 qua
2539 4937 2932 4992 sanctissimum
2957 4936 3184 5004 quiescit
3217 4932 3522 5004 lliemuymi
3551 4930 3806 4993 cadaver,
3842 4930 3927 4982 itt-

2339 5029 2500 5084 simul
2529 5027 2886 5096 congregatis,
2919 5025 3123 5078 honore
3159 5023 3342 5078 debito
3365 5033 3420 5078 et
3444 5019 3788 5076 veneratione
3813 5029 3923 5073 tam

2335 5121 2539 5183 debita,
2581 5133 2740 5187 quam
2771 5117 2998 5171 devota:
3029 5114 3201 5186 primo
3246 5123 3458 5184 egomet
3494 5113 3659 5168 sacris
3703 5109 3926 5164 indutus

2339 5211 2574 5266 vestibus
2597 5208 2664 5262 ad
2693 5209 2867 5262 locant
2897 5206 3080 5267 foveae.
3115 5207 3167 5260 in
3194 5220 3295 5274 qua
3321 5218 3518 5269 corpus
3551 5201 3929 5256 venerandum

2335 5301 2479 5372 jacet
2506 5299 2788 5362 accedens,
2813 5307 3006 5350 terram
3028 5298 3164 5364 ccepi
3188 5294 3422 5349 ell’odere
3447 5294 3758 5360 sepulturae,
3791 5305 3928 5360 qna-

2343 5403 2496 5448 tenus
2539 5389 2954 5444 sacratiSsitttunt
2995 5387 3120 5441 illud
3160 5398 3354 5453 corpus
3397 5384 3521 5437 inde
3567 5383 3831 5445 ablatum,
3876 5383 3931 5436 in

2345 5486 2551 5540 tumttlo
2590 5497 2890 5537 marmoreo
2938 5479 3068 5534 mira
3111 5475 3503 5547 pulchritudine
3545 5474 3781 5542 nudique
3823 5471 3926 5527 de-

2344 5590 2548 5643 corato,
2596 5575 2737 5646 quod
2770 5576 2870 5628 hac
2897 5575 2965 5628 de
3002 5586 3164 5627 causa
3204 5572 3374 5624 fuerat
3404 5568 3742 5638 fabricatum,
3773 5573 3928 5634 post-

2351 5670 2566 5727 modum
2597 5676 2904 5738 poneretur.
2931 5663 3172 5732 Cumque
3205 5661 3316 5729 jam
3365 5657 3514 5715 fovea
3561 5657 3696 5712 foret
3735 5667 3932 5713 vacua.
