4048 6186
160 279 250 338 325

157 392 343 450 cunctis
392 393 757 458 cernentibus,
799 378 1002 462 corpus
1051 390 1418 446 beatissimum
1460 389 1511 444 in
1544 389 1724 446 medio

160 489 329 550 fovete,
360 496 611 556 tanquam
643 486 697 540 in
723 500 847 540 aere
873 484 1066 538 anulla
1095 493 1245 553 parte
1272 492 1467 538 terram
1499 492 1723 551 tangens

157 575 482 646 permanebat
510 576 795 646 integrum,
826 589 928 629 nec
962 571 1308 644 corruptione
1345 571 1522 641 aliqua
1550 570 1722 625 viola-

156 675 273 722 tum.
300 667 452 734 Quod
481 666 604 722 inde
624 666 916 729 elevantes,
941 681 1066 720 cum
1092 663 1261 718 odore
1290 673 1398 716 tam
1427 661 1716 716 vehemen-

154 758 342 813 tissime
366 766 422 813 et
446 758 618 825 suavi,
651 756 792 826 quod
823 755 981 811 talem
1011 753 1240 810 olfactus
1266 742 1544 809 hominum
1585 767 1725 806 nun-

153 863 295 919 quam
352 848 542 914 sensit,
589 848 976 904 collocavimus
1031 847 1085 900 in
1131 846 1325 912 altari,
1377 851 1640 914 quatenus
1686 857 1720 896 a

151 939 331 1008 populo
360 939 600 1011 reliquiae
623 938 977 994 sanctissima:
1005 936 1334 991 viderentur.
1366 927 1507 1003 Quot
1539 944 1721 990 autem

148 1027 234 1083 illo
260 1029 366 1095 die,
398 1045 488 1085 me
525 1029 844 1097 cunctisque
884 1028 974 1099 qui
1026 1017 1255 1082 aderant
1289 1027 1578 1090 stantibus,
1612 1026 1723 1080 sint

147 1132 356 1189 peracta
403 1120 660 1177 miracula
700 1119 958 1190 gloriosa,
985 1119 1255 1196 explicare
1303 1132 1366 1173 ea
1413 1117 1722 1172 nullatenus

141 1225 354 1282 compos
376 1226 577 1268 essem.
611 1210 750 1266 ϐεεὉί
775 1209 1008 1265 sedecim
1036 1209 1152 1264 illas
1172 1209 1426 1280 reliquias
1445 1211 1724 1278 tangentes

141 1301 290 1369 facie,
323 1304 499 1357 visum
526 1301 771 1371 protinus
798 1296 1135 1369 receperunt.
1165 1299 1299 1354 Tres
1321 1299 1589 1369 praecipue
1613 1298 1722 1353 da:-

138 1393 363 1448 moniaci
393 1393 598 1449 catenis
625 1391 810 1458 vineti,
853 1391 907 1446 in
940 1391 1085 1445 illam
1124 1389 1422 1445 Ecclesium
1464 1389 1725 1458 plurimo-

137 1499 249 1537 rum
275 1481 555 1536 hominum
587 1481 836 1536 manibus
861 1479 1152 1550 deportati,
1180 1487 1306 1533 sunt
1326 1479 1570 1547 protinus
1591 1477 1724 1533 libe—

139 1574 253 1629 rati.
281 1571 524 1628 Mnlieris
551 1572 830 1642 cujusdam
859 1571 1032 1625 vidua:
1072 1571 1415 1641 pauperculae
1443 1570 1718 1640 puerulus,

139 1665 250 1736 ejus
277 1663 471 1719 unicus
521 1662 685 1730 ﬁlius,
735 1667 789 1718 in
830 1663 1126 1718 Ecclesium
1175 1661 1274 1716 fuit
1319 1661 1720 1738 praesentium

140 1742 472 1812 multitudine
509 1755 824 1810 sulfocatus.
875 1754 1046 1822 Quem
1087 1762 1261 1807 mater
1291 1752 1589 1830 inveniens,
1618 1751 1719 1805 do-

141 1850 248 1905 lens
273 1848 566 1918 et,lugens,
600 1861 727 1900 mox
762 1845 826 1920 in
860 1829 1000 1898 ulnis
1029 1843 1235 1913 pueruli
1265 1836 1496 1920 cadaver
1533 1841 1602 1896 ad
1642 1840 1721 1896 fo-

139 1956 306 2007 veam,
365 1940 419 1994 in
471 1942 576 2008 qua
628 1918 894 2006 sepultum
950 1933 1124 1989 fuerat
1172 1947 1369 2002 corpus
1407 1918 1720 2002 Hieronymi

139 2016 352 2100 gloriosi
382 2013 655 2091 deferens,
686 2041 806 2081 eum
849 2025 900 2079 in
949 2025 1152 2080 foveam
1189 2023 1440 2094 prujecit,
1483 2023 1600 2077 haec
1640 2023 1722 2077 di-

137 2136 261 2176 cens
283 2120 444 2176 verba
478 2136 494 2174 :
528 2105 719 2175 Sancte
748 2117 1055 2188 Hieronyme
1081 2117 1318 2188 gloriose,
1349 2117 1466 2170 hinc
1503 2132 1605 2170 non
1633 2132 1719 2172 re.

137 2208 327 2277 cedam,
353 2212 512 2265 donec
537 2211 771 2265 restituas
799 2210 924 2263 mihi
949 2209 1156 2262 unicum
1185 2225 1350 2262 meum
1383 2209 1545 2287 ﬁlium
1571 2226 1720 2277 quem

139 2303 305 2357 amisi.
333 2302 586 2356 Mirabilis
625 2311 774 2356 certe
815 2301 956 2355 Deus
999 2301 1052 2354 in
1092 2299 1307 2354 Sanctis
1345 2300 1477 2364 suis,
1519 2299 1721 2355 faciens

137 2393 372 2464 prodigia
400 2395 634 2449 insueta.
679 2393 871 2448 Statim
917 2402 972 2446 ut
1014 2401 1210 2447 terram
1253 2391 1473 2447 extincti
1514 2392 1720 2468 pueruli

136 2481 329 2555 Corpus
375 2483 571 2556 tetigit,
609 2483 786 2539 eidem
823 2483 1004 2538 anima
1033 2493 1115 2538 est
1143 2484 1450 2552 conjuncta.
1491 2468 1718 2550 Quidam

136 2569 216 2638 vir
243 2597 440 2652 corpus
485 2580 765 2651 cujusdam
806 2580 888 2634 sui
935 2578 1027 2633 lilii
1071 2577 1139 2632 de
1180 2578 1476 2647 sepultura,
1519 2579 1570 2632 in
1613 2593 1718 2648 qua

135 2685 230 2744 per
258 2672 492 2728 triduum
520 2678 765 2736 steterat,
789 2677 1086 2725 extractum
1111 2682 1231 2722 mox
1254 2669 1319 2722 ad
1343 2667 1549 2722 foveam
1572 2668 1716 2722 illam

137 2763 348 2830 detulit,
390 2773 445 2818 et
475 2762 604 2817 illud
633 2763 685 2816 in
716 2760 925 2815 foveam
964 2760 1044 2815 sic
1085 2745 1330 2828 projecit.
1370 2757 1472 2826 Qui
1505 2757 1720 2830 juvenis

138 2853 232 2908 fuit
277 2854 420 2908 illico
481 2852 604 2907 vita:
663 2851 900 2922 pristinae
952 2849 1250 2905 restitutus.
1302 2848 1718 2905 Innumerabilia

1569 254 1906 333 EPISTOLA
1946 274 1988 330 ι.

3308 269 3414 326 δῖΰ

1831 403 1966 459 pene
1993 397 2115 442 sunt
2144 386 2421 454 miracula,
2453 387 2572 456 qua:
2599 388 2811 456 peracta
2845 393 2970 442 sunt
2997 391 3026 441 a
3055 389 3211 442 mane
3238 403 3410 456 usque

1829 480 1894 535 ad
1927 495 2180 549 vesperas
2209 496 2222 532 :
2257 494 2365 548 quo
2408 477 2623 548 quidem
2671 486 2912 546 tempore
2940 477 3232 546 gloriosum
3284 476 3406 533 ηδε-

1829 573 2038 645 ronymi
2063 586 2260 641 corpus
2284 569 2639 640 disscpulttnu
2671 569 2723 622 in
2753 568 2907 622 altari
2936 571 3137 624 exstitit
3177 570 3414 626 colloca-

1829 672 1963 718 tum.
2010 662 2115 719 Sed
2169 673 2346 717 tamen
2389 660 2458 716 ad
2519 657 2825 729 lmjusmcdi
2876 658 3142 734 miracula
3187 660 3415 716 ulterius

1827 769 1935 809 non
1969 753 2257 832 procedam
2289 769 2302 807 :
2338 767 2500 807 unum
2545 749 2686 822 quod
2726 761 2885 805 nocte
2912 749 3157 819 sequenti
3197 751 3416 819 accidit,

1828 860 1935 900 non
1961 845 2152 899 silebo.

1895 934 2024 991 CAP.
2058 921 2274 990 XXVII.
2305 935 2362 990 ln
2399 935 2528 990 liora
2569 921 2834 1005 siquidem
2878 933 3188 1004 veSpertina
3223 948 3420 1003 corpus

1827 1027 1958 1082 illud
1989 1027 2412 1082 sacratissimum
2455 1027 2508 1081 in
2535 1038 2887 1082 monumento
2915 1026 3056 1095 quod
3087 1026 3417 1098 praeparavi-

1829 1133 1968 1184 mus,
2021 1118 2322 1188 posuimus.
2370 1116 2478 1173 Sed
2524 1132 2682 1173 mane
2735 1125 3142 1173 monumentum
3189 1132 3417 1172 vacuum

1827 1208 1928 1264 fuit
1966 1210 2267 1275 inventum,
2312 1210 2367 1263 et
2414 1223 2610 1277 corpus
2648 1208 3044 1264 sanctissinmm
3094 1199 3263 1264 fovea:
3304 1207 3417 1278 pri-

1828 1301 1986 1356 stinae
2031 1300 2335 1355 invenimus
2380 1300 2706 1354 restitutum.
2753 1298 2907 1366 Quod
2947 1299 3075 1354 dum
3111 1314 3212 1368 ego
3253 1296 3420 1368 plurio

1828 1406 1974 1445 mum
2021 1391 2340 1457 admirarer,
2398 1399 2558 1446 nocte
2607 1389 2876 1460 sequenti,
2927 1389 3058 1444 mihi
3104 1389 3416 1455 dormienti,

1827 1482 2020 1538 beatus
2046 1483 2405 1555 Hieronymus
2430 1497 2697 1553 apparens
2721 1483 2774 1537 in
2805 1483 3012 1538 visione
3037 1483 3262 1552 plurima
3286 1480 3420 1537 mihi

1825 1575 2048 1645 grandia
2077 1573 2351 1644 patefecit.
2392 1573 2498 1629 Sed
2528 1574 2673 1628 inter
2695 1581 2914 1638 czetera,
2945 1572 3066 1627 talia
3097 1573 3226 1628 mihi
3254 1571 3418 1627 verba

1825 1665 1959 1719 dixit
1987 1683 2002 1719 :
2034 1651 2269 1730 Noueris,
2303 1650 2520 1735 Cyrille,
2570 1663 2709 1734 quod
2745 1680 2930 1735 corpus
2974 1681 3140 1719 meum
3181 1663 3247 1718 de
3272 1667 3419 1736 fovea

1824 1757 1878 1811 in
1905 1773 2007 1826 qua
2040 1758 2202 1825 jacet,
2253 1755 2547 1810 nullatenus
2591 1754 2912 1818 extrahetur,
2951 1771 3212 1826 quousque
3239 1756 3416 1809 civitas

1822 1848 2106 1902 Jerusalem
2135 1849 2198 1900 ab
2227 1846 2516 1916 inﬁdelibus
2545 1846 2794 1916 capietur.
2823 1845 2936 1910 Quo
2961 1845 3164 1915 quidem
3191 1855 3417 1916 tempore

1827 1942 2042 1996 Romam
2069 1941 2314 2006 delatum,
2345 1939 2529 1994 ibidem
2553 1937 2712 1993 multo
2753 1947 2976 2010 tempore
3002 1938 3294 2010 requiescet.
3333 1937 3418 1993 Ad

1827 2031 1941 2088 lta'c
1971 2033 2400 2103 expergefactus,
2439 2047 2560 2100 qua:
2587 2031 2852 2096 videram,
2884 2031 3097 2086 cunctis
3135 2029 3416 2100 Episcopis

1825 2133 1881 2180 et
1922 2125 2042 2178 aliis
2085 2124 2214 2178 viris
2249 2123 2544 2179 Catltolieis
2575 2121 2846 2177 enarravi.
2889 2120 3054 2188 Quid,
3102 2129 3159 2176 et
3202 2121 3418 2191 quando

1828 2214 1943 2269 hanc
1971 2214 2240 2280 evenient,
2269 2214 2425 2268 aliter
2453 2229 2559 2267 non
2594 2226 2850 2290 agnosco.
2879 2195 2937 2266 Si
2976 2211 3102 2282 quid
3148 2211 3298 2278 utile,
3325 2219 3420 2265 aut

1828 2305 2023 2361 bonum
2062 2305 2116 2360 in
2144 2304 2244 2360 hac
2274 2304 2510 2375 Epistula
2539 2303 2668 2370 dixi,
2702 2319 2807 2358 non
2836 2303 2990 2368 meis,
3019 2302 3112 2357 sed
3139 2304 3418 2374 gloriosis-

1827 2398 1948 2452 simi
1991 2397 2302 2469 llieronymi
2343 2396 2549 2452 meritis
2590 2395 2898 2466 imputetur.
2929 2395 2984 2452 Si
3013 2396 3140 2466 quid
3167 2411 3294 2450 vero
3323 2412 3386 2449 su
3407 2427 3419 2437 -

1828 2489 2111 2559 perﬂuum,
2141 2489 2328 2544 inutile
2348 2497 2529 2543 etnon
2561 2487 2781 2553 bonum,
2805 2488 2980 2543 solum
3011 2503 3142 2542 mea:
3170 2488 3422 2555 insipien-

1829 2583 1916 2638 tia:
1973 2593 2026 2636 et
2056 2581 2392 2651 negligentia:
2427 2595 2585 2635 causa
2628 2579 2727 2634 hoc
2755 2578 3034 2644 accidisse,
3073 2578 3141 2632 ab
3170 2579 3419 2635 omnibus

1823 2673 2112 2744 iudicetur.
2146 2672 2266 2731 Mei,
2304 2671 2599 2742 Augustine
2642 2669 2942 2737 carissime,
2986 2669 3038 2724 in
3087 2669 3190 2725 tuis
3216 2670 3421 2726 oratio-

1828 2764 1985 2820 nibus
2010 2778 2216 2820 metnot'
2239 2772 2379 2818 esto.

808 3117 818 3129 '
1400 3085 2058 3231 SANCTI

194 3353 1438 3595 EUSEBII
1562 3358 3360 3593 HIERONYMI

505 3708 1831 3870 s'rnmonmvsxs
1905 3736 3090 3867 passurum

1130 3963 2409 4126 EPISTOLAE

154 4201 581 4278 SECUNDUM
626 4207 998 4274 ORDINEM
1026 4198 1477 4278 TEMPORUM
1523 4217 1631 4306 AD
1660 4216 2019 4313 IAMUSSlM
2046 4196 2417 4278 DIGESTE
2444 4199 2550 4277 ΕΤ
2577 4197 2662 4276 IN
2689 4199 3070 4289 QUATUOR
3098 4205 3433 4282 (iussus

1510 4317 2036 4382 DISTRIBUTZEs
2097 4379 2103 4384 .

1097 4455 1101 4458 .
1295 4453 1322 4460 _.
1387 4452 1428 4460 ,.
1671 4448 1740 4488 =

1363 4561 1718 4649 PRIMA
1767 4563 2242 4648 CLASSIS.

158 4739 612 4802 Constituamus
658 4743 992 4828 unrsropas
1037 4750 1414 4795 rorrssnucn
1450 4751 1487 4793 ε
1516 4748 1798 4794 CALCIDIS
1823 4732 2040 4794 saeuo
2069 4749 2363 4794 SCRIPTAS
2397 4735 2477 4795 an
2519 4742 2688 4796 anno
2722 4741 2974 4798 conisu
3016 4729 3135 4796 3‘70
3169 4748 3252 4794 an
3292 4731 3437 4794 380.

705 4876 1026 4934 EPISTULA
1072 4875 1088 4929 l
1130 4875 1225 4946 (α).

191 5011 274 5052 an
317 5009 668 5050 ιιιτεοςικτιυιι
697 4993 772 5066 (b)
802 5009 870 5048 ne
907 5007 1144 5047 uomens
1182 5005 1397 5046 sernas
1436 5003 1712 5044 rnncussx.

164 5105 528 5177 Hieronymus
571 5103 857 5161 Innocentii
906 5103 1134 5174 precibus
1186 5102 1447 5156 historiam
1490 5100 1756 5169 cujusdam

235 5196 481 5252 miraculi
523 5199 699 5267 refert;
726 5196 862 5265 quod
897 5191 1133 5248 Vercellis
1163 5193 1215 5246 in
1244 5191 1453 5262 Liguria
1491 5207 1582 5243 sua
1611 5196 1759 5243 aetate

235 5290 520 5345 acciderat.
566 5287 812 5353 Quantam
853 5285 1039 5339 mulier
1059 5301 1090 5337 a
1116 5285 1222 5338 viro
1253 5283 1491 5337 adulterii
1519 5282 1650 5352 {also
1679 5298 1765 5334 ac-

237 5388 447 5444 cusata,
489 5387 642 5447 atque
685 5394 789 5430 una
817 5377 1016 5430 delatus
1041 5375 1245 5445 juvenis
1288 5373 1546 5427 tormentis
1574 5373 1641 5426 ad
1667 5371 1766 5426 eli-

250 5497 308 5556 ᾳ)
334 5490 474 5556 Alias
494 5489 573 5556 49,
599 5491 790 5556 scripta
812 5487 1037 5556 circ.an.
1064 5486 1195 5556 57Q._
1317 5546 1328 5556 .
1402 5543 1414 5556 _
1451 5551 1489 5556 _7
1518 5555 1521 5556 ν
1576 5555 1579 5556 ν
1651 5545 1682 5556 __

256 5504 286 5540 α
343 5497 474 5541 Alias
494 5497 573 5538 te.
599 5497 790 5551 Scripta
812 5497 932 5538 εει-ε.
957 5499 1037 5536 an.
1064 5497 1175 5535 aro.

256 5497 308 5616 bl
333 5552 522 5616 Vitiosa
547 5551 732 5616 habent
762 5553 1067 5616 vetustiores
1082 5548 1196 5616 editi
1220 5545 1331 5594 libri
1354 5543 1764 5616 tnnocentinm

165 5604 386 5679 pa‘pém.
408 5613 537 5679 altus
553 5613 795 5679 cuiuis-st
821 5611 1129 5679 ιοηφςθιιιίιξξ
1152 5609 1262 5679 iste:
1283 5608 1366 5670 ‘1‘“
1391 5604 1686 5679 βίθνίέηῖωθ
1706 5619 1764 5679 ⁵ηθ

162 5672 404 5726 comitem
421 5675 587 5736 junxit
607 5675 652 5720 in
677 5674 878 5734 Sgl'iallt,
898 5672 1064 5736 ibique
1083 5672 1282 5736 mentito
1301 5673 1411 5733 post
1426 5674 1644 5718 mortuus
1668 5674 1761 5717 est.

162 5735 283 5788 Viti.
307 5732 468 5802 Epist.
495 5737 544 5784 5.
573 5749 624 5784 n.
649 5736 697 5784 5.
717 5732 827 5782 ‘not.
853 5747 901 5791 ιι,
927 5733 987 5781 ad
1008 5732 1265 5782 Bullinum.

542 5817 598 5877 S.
651 5817 1021 5877 Hreaoxnu
1077 5816 1123 5875 Ι.

1933 4875 2164 4930 ciendam
2180 4878 2434 4931 veritatem
2449 4879 2758 4931 cruciantur.
2783 4877 2882 4932 llic
2896 4878 3162 4946 impatiens
3178 4878 3445 4947 conﬁtetur

1926 4966 2064 5035 quod
2091 4983 2191 5020 non
2220 4969 2516 5033 admiserat,
2561 4968 2664 5022 ista
2709 4975 3000 5020 constanter
3045 4982 3255 5035 negans,
3301 4969 3444 5022 nulla

1930 5059 1978 5112 vi
2021 5058 2089 5110 ad
2116 5059 2485 5129 confessionem
2512 5073 2614 5110 non
2660 5057 2873 5110 admissi
2914 5056 3116 5110 sceleris
3143 5057 3328 5111 adduci
3354 5075 3446 5126 po-

1930 5155 2042 5202 test.
2069 5141 2283 5200 Ducitur
2304 5156 2509 5220 uterque
2526 5146 2595 5198 ad
2611 5145 2940 5217 supplicium,
2963 5157 3010 5200 et
3023 5146 3226 5216 juvenis
3245 5142 3446 5218 quidem

1935 5238 2214 5304 occiditur,
2243 5237 2426 5291 mulier
2468 5251 2584 5291 vero
2621 5237 2807 5304 stepius
2847 5237 2950 5290 icta
2977 5237 3109 5290 mori
3134 5253 3235 5290 non
3263 5246 3444 5306 potest.

1935 5328 2155 5382 Densum
2196 5343 2310 5381 cum
2349 5328 2601 5381 videretur
2644 5341 2813 5380 necem
2843 5326 3166 5390 occubuisse,
3195 5328 3450 5383 sublatum

1937 5419 2152 5473 cadaver
2173 5417 2366 5483 reuiuit,
2398 5427 2442 5471 et
2470 5433 2585 5470 cum
2607 5415 2771 5470 denuo
2799 5418 2868 5469 ad
2890 5415 3196 5488 supplicium
3226 5420 3452 5482 require-

1934 5521 2092 5573 retur,
2114 5507 2364 5579 Euagrius
2389 5508 2435 5563 ei
2461 5505 2522 5562 ab
2543 5505 2864 5580 Imperatore
2883 5509 3078 5563 veniam
3099 5511 3203 5564 suis
3220 5511 3448 5584 precibus

1935 5604 2189 5670 impetrat.

1937 5717 2090 5786 Saepe
2170 5719 2213 5786 ι
2290 5716 3451 5786 ame,lunoccnticarissime,postulastipst

2930 5811 3174 5890 (οηχε.)
