  <div class='ocr_page' id='page_1' title='image "/cluster/home/n/w/nwhite01/storage/ocr_20150623/22/uva.x000826587/234.png"; bbox 0 0 4048 6186; ppageno 0'>
   <div class='ocr_carea' id='block_1_1' title="bbox 197 324 2012 392">
    <p class='ocr_par' dir='ltr' id='par_1_1' title="bbox 197 324 2012 392">
     <span class='ocr_line' id='line_1_1' title="bbox 197 324 2012 392; baseline -0.006 -1"><span class='ocrx_word' id='word_1_1' title='bbox 197 335 284 392; x_wconf 73' lang='lat'><strong>533</strong></span> <span class='ocrx_word' id='word_1_2' title='bbox 868 384 871 385; x_wconf 63' lang='lat'>,</span> <span class='ocrx_word' id='word_1_3' title='bbox 1557 324 1882 382; x_wconf 65' lang='lat' dir='ltr'><strong>EPISTULA</strong></span> <span class='ocrx_word' id='word_1_4' title='bbox 1924 326 2012 382; x_wconf 87' lang='lat' dir='ltr'><strong>Ill.</strong></span> 
     </span>
    </p>
   </div>
   <div class='ocr_carea' id='block_1_2' title="bbox 194 441 1754 516">
    <p class='ocr_par' dir='ltr' id='par_1_2' title="bbox 194 441 1754 516">
     <span class='ocr_line' id='line_1_2' title="bbox 194 441 1754 516; baseline -0.004 -15"><span class='ocrx_word' id='word_1_5' title='bbox 194 461 286 502; x_wconf 90' lang='lat' dir='ltr'><strong>tem</strong></span> <span class='ocrx_word' id='word_1_6' title='bbox 305 446 516 514; x_wconf 86' lang='lat' dir='ltr'><strong>quidam</strong></span> <span class='ocrx_word' id='word_1_7' title='bbox 540 447 926 502; x_wconf 78' lang='lat' dir='ltr'><strong>Alexandrinus</strong></span> <span class='ocrx_word' id='word_1_8' title='bbox 945 445 1250 512; x_wconf 82' lang='lat' dir='ltr'><strong>Monachus,</strong></span> <span class='ocrx_word' id='word_1_9' title='bbox 1273 445 1363 516; x_wconf 86' lang='lat' dir='ltr'><strong>qui</strong></span> <span class='ocrx_word' id='word_1_10' title='bbox 1385 444 1450 499; x_wconf 92' lang='lat' dir='ltr'><strong>ad</strong></span> <span class='ocrx_word' id='word_1_11' title='bbox 1471 441 1754 514; x_wconf 77' lang='lat' dir='ltr'><strong>.Egyptios</strong></span> 
     </span>
    </p>
   </div>
   <div class='ocr_carea' id='block_1_3' title="bbox 159 532 1756 614">
    <p class='ocr_par' dir='ltr' id='par_1_3' title="bbox 159 532 1756 614">
     <span class='ocr_line' id='line_1_3' title="bbox 159 532 1756 614; baseline -0.003 -23"><span class='ocrx_word' id='word_1_12' title='bbox 159 608 161 614; x_wconf 27' lang='grc' dir='ltr'>ι</span> <span class='ocrx_word' id='word_1_13' title='bbox 191 535 562 601; x_wconf 88' lang='lat' dir='ltr'><strong>Coufessores,</strong></span> <span class='ocrx_word' id='word_1_14' title='bbox 599 548 653 592; x_wconf 92' lang='lat' dir='ltr'><strong>et</strong></span> <span class='ocrx_word' id='word_1_15' title='bbox 681 539 948 592; x_wconf 90' lang='lat' dir='ltr'><strong>voluntate</strong></span> <span class='ocrx_word' id='word_1_16' title='bbox 981 537 1090 606; x_wconf 90' lang='lat' dir='ltr'><strong>jam</strong></span> <span class='ocrx_word' id='word_1_17' title='bbox 1132 537 1423 608; x_wconf 81' lang='lat' dir='ltr'><strong>Martyres,</strong></span> <span class='ocrx_word' id='word_1_18' title='bbox 1469 536 1557 604; x_wconf 87' lang='lat' dir='ltr'><strong>pio</strong></span> <span class='ocrx_word' id='word_1_19' title='bbox 1587 532 1756 602; x_wconf 84' lang='lat' dir='ltr'><strong>plebis</strong></span> 
     </span>
    </p>
   </div>
   <div class='ocr_carea' id='block_1_4' title="bbox 192 623 1751 697">
    <p class='ocr_par' dir='ltr' id='par_1_4' title="bbox 192 623 1751 697">
     <span class='ocr_line' id='line_1_4' title="bbox 192 623 1751 697; baseline -0.004 -15"><span class='ocrx_word' id='word_1_20' title='bbox 192 629 286 696; x_wconf 81' lang='lat' dir='ltr'><strong>iam</strong></span> <span class='ocrx_word' id='word_1_21' title='bbox 310 627 508 682; x_wconf 89' lang='lat' dir='ltr'><strong>dudum</strong></span> <span class='ocrx_word' id='word_1_22' title='bbox 538 629 711 684; x_wconf 89' lang='lat' dir='ltr'><strong>fuerat</strong></span> <span class='ocrx_word' id='word_1_23' title='bbox 737 629 1084 683; x_wconf 69' lang='lat' dir='ltr'><strong>transmissus</strong></span> <span class='ocrx_word' id='word_1_24' title='bbox 1112 627 1370 697; x_wconf 84' lang='lat' dir='ltr'><strong>obsequio</strong></span> <span class='ocrx_word' id='word_1_25' title='bbox 1391 669 1404 688; x_wconf 86' lang='lat'><strong>,</strong></span> <span class='ocrx_word' id='word_1_26' title='bbox 1439 623 1751 678; x_wconf 85' lang='lat' dir='ltr'><strong>manifestus</strong></span> 
     </span>
    </p>
   </div>
   <div class='ocr_carea' id='block_1_5' title="bbox 191 715 1758 788">
    <p class='ocr_par' dir='ltr' id='par_1_5' title="bbox 191 715 1758 788">
     <span class='ocr_line' id='line_1_5' title="bbox 191 715 1758 788; baseline -0.004 -15"><span class='ocrx_word' id='word_1_27' title='bbox 191 720 250 773; x_wconf 86' lang='lat' dir='ltr'><strong>ad</strong></span> <span class='ocrx_word' id='word_1_28' title='bbox 273 720 636 776; x_wconf 87' lang='lat' dir='ltr'><strong>credulitatem</strong></span> <span class='ocrx_word' id='word_1_29' title='bbox 667 722 839 774; x_wconf 86' lang='lat' dir='ltr'><strong>nuntii</strong></span> <span class='ocrx_word' id='word_1_30' title='bbox 866 731 1052 774; x_wconf 91' lang='lat' dir='ltr'><strong>auctor</strong></span> <span class='ocrx_word' id='word_1_31' title='bbox 1081 719 1382 788; x_wconf 79' lang='lat' dir='ltr'><strong>impulerat.</strong></span> <span class='ocrx_word' id='word_1_32' title='bbox 1414 717 1607 772; x_wconf 87' lang='lat' dir='ltr'><strong>Fateor</strong></span> <span class='ocrx_word' id='word_1_33' title='bbox 1627 722 1681 768; x_wconf 87' lang='lat' dir='ltr'><strong>et</strong></span> <span class='ocrx_word' id='word_1_34' title='bbox 1707 715 1758 766; x_wconf 92' lang='lat' dir='ltr'><strong>in</strong></span> 
     </span>
    </p>
   </div>
   <div class='ocr_carea' id='block_1_6' title="bbox 191 802 1758 872">
    <p class='ocr_par' dir='ltr' id='par_1_6' title="bbox 191 802 1758 872">
     <span class='ocr_line' id='line_1_6' title="bbox 191 802 1758 872; baseline -0.005 -10"><span class='ocrx_word' id='word_1_35' title='bbox 191 809 283 864; x_wconf 83' lang='lat' dir='ltr'><strong>hoc</strong></span> <span class='ocrx_word' id='word_1_36' title='bbox 329 824 501 864; x_wconf 91' lang='lat' dir='ltr'><strong>meam</strong></span> <span class='ocrx_word' id='word_1_37' title='bbox 547 809 758 864; x_wconf 84' lang='lat' dir='ltr'><strong>labasse</strong></span> <span class='ocrx_word' id='word_1_38' title='bbox 784 810 1124 864; x_wconf 85' lang='lat' dir='ltr'><strong>sententiam.</strong></span> <span class='ocrx_word' id='word_1_39' title='bbox 1151 807 1285 862; x_wconf 82' lang='lat' dir='ltr'><strong>Nam</strong></span> <span class='ocrx_word' id='word_1_40' title='bbox 1311 822 1431 861; x_wconf 85' lang='lat' dir='ltr'><strong>eum</strong></span> <span class='ocrx_word' id='word_1_41' title='bbox 1459 816 1514 860; x_wconf 92' lang='lat' dir='ltr'><strong>et</strong></span> <span class='ocrx_word' id='word_1_42' title='bbox 1537 802 1758 872; x_wconf 82' lang='lat' dir='ltr'><strong>patriam</strong></span> 
     </span>
    </p>
   </div>
   <div class='ocr_carea' id='block_1_7' title="bbox 190 889 1758 970">
    <p class='ocr_par' dir='ltr' id='par_1_7' title="bbox 190 889 1758 970">
     <span class='ocr_line' id='line_1_7' title="bbox 190 889 1758 970; baseline -0.004 -19"><span class='ocrx_word' id='word_1_43' title='bbox 190 910 323 954; x_wconf 90' lang='lat' dir='ltr'><strong>tuam</strong></span> <span class='ocrx_word' id='word_1_44' title='bbox 366 899 669 970; x_wconf 78' lang='lat' dir='ltr'><strong>ignoraret,</strong></span> <span class='ocrx_word' id='word_1_45' title='bbox 706 912 762 954; x_wconf 90' lang='lat' dir='ltr'><strong>et</strong></span> <span class='ocrx_word' id='word_1_46' title='bbox 790 914 1011 964; x_wconf 86' lang='lat' dir='ltr'><strong>nomen,</strong></span> <span class='ocrx_word' id='word_1_47' title='bbox 1039 899 1090 952; x_wconf 90' lang='lat' dir='ltr'><strong>in</strong></span> <span class='ocrx_word' id='word_1_48' title='bbox 1116 913 1185 953; x_wconf 91' lang='lat' dir='ltr'><strong>eo</strong></span> <span class='ocrx_word' id='word_1_49' title='bbox 1215 906 1394 952; x_wconf 90' lang='lat' dir='ltr'><strong>tamen</strong></span> <span class='ocrx_word' id='word_1_50' title='bbox 1418 895 1513 969; x_wconf 67' lang='lat' dir='ltr'><strong>(al.</strong></span> <span class='ocrx_word' id='word_1_51' title='bbox 1541 889 1758 963; x_wconf 85' lang='lat' dir='ltr'><strong>tantum]</strong></span> 
     </span>
    </p>
   </div>
   <div class='ocr_carea' id='block_1_8' title="bbox 184 986 1760 1060">
    <p class='ocr_par' dir='ltr' id='par_1_8' title="bbox 184 986 1760 1060">
     <span class='ocr_line' id='line_1_8' title="bbox 184 986 1760 1060; baseline -0.006 -16"><span class='ocrx_word' id='word_1_52' title='bbox 184 991 297 1058; x_wconf 90' lang='lat' dir='ltr'><strong>plus</strong></span> <span class='ocrx_word' id='word_1_53' title='bbox 322 990 602 1046; x_wconf 80' lang='lat' dir='ltr'><strong>videbatur</strong></span> <span class='ocrx_word' id='word_1_54' title='bbox 631 989 857 1056; x_wconf 86' lang='lat' dir='ltr'><strong>afferre,</strong></span> <span class='ocrx_word' id='word_1_55' title='bbox 905 989 1046 1060; x_wconf 86' lang='lat' dir='ltr'><strong>quod</strong></span> <span class='ocrx_word' id='word_1_56' title='bbox 1085 988 1270 1044; x_wconf 90' lang='lat' dir='ltr'><strong>eadem</strong></span> <span class='ocrx_word' id='word_1_57' title='bbox 1307 986 1613 1050; x_wconf 90' lang='lat' dir='ltr'><strong>asserebat,</strong></span> <span class='ocrx_word' id='word_1_58' title='bbox 1639 998 1760 1053; x_wconf 74' lang='lat' dir='ltr'><strong>qua:</strong></span> 
     </span>
    </p>
   </div>
   <div class='ocr_carea' id='block_1_9' title="bbox 177 1077 1762 1151">
    <p class='ocr_par' dir='ltr' id='par_1_9' title="bbox 177 1077 1762 1151">
     <span class='ocr_line' id='line_1_9' title="bbox 177 1077 1762 1151; baseline -0.004 -17"><span class='ocrx_word' id='word_1_59' title='bbox 177 1081 281 1151; x_wconf 81' lang='lat' dir='ltr'><strong>jam</strong></span> <span class='ocrx_word' id='word_1_60' title='bbox 321 1083 456 1138; x_wconf 90' lang='lat' dir='ltr'><strong>alius</strong></span> <span class='ocrx_word' id='word_1_61' title='bbox 487 1083 828 1137; x_wconf 79' lang='lat' dir='ltr'><strong>Iudicaverat.</strong></span> <span class='ocrx_word' id='word_1_62' title='bbox 862 1081 1099 1135; x_wconf 82' lang='lat' dir='ltr'><strong>Tandem</strong></span> <span class='ocrx_word' id='word_1_63' title='bbox 1131 1081 1346 1148; x_wconf 83' lang='lat' dir='ltr'><strong>plenum</strong></span> <span class='ocrx_word' id='word_1_64' title='bbox 1371 1077 1606 1133; x_wconf 80' lang='lat' dir='ltr'><strong>veritatis</strong></span> <span class='ocrx_word' id='word_1_65' title='bbox 1628 1089 1762 1144; x_wconf 80' lang='lat' dir='ltr'><strong>pon-</strong></span> 
     </span>
    </p>
   </div>
   <div class='ocr_carea' id='block_1_10' title="bbox 149 1165 1763 1241">
    <p class='ocr_par' dir='ltr' id='par_1_10' title="bbox 149 1165 1763 1241">
     <span class='ocr_line' id='line_1_10' title="bbox 149 1165 1763 1241; baseline -0.009 -9"><span class='ocrx_word' id='word_1_66' title='bbox 149 1174 276 1232; x_wconf 83' lang='lat' dir='ltr'><strong>.dus</strong></span> <span class='ocrx_word' id='word_1_67' title='bbox 315 1175 492 1241; x_wconf 80' lang='lat' dir='ltr'><strong>erupit</strong></span> <span class='ocrx_word' id='word_1_68' title='bbox 524 1191 539 1228; x_wconf 88' lang='lat'><strong>:</strong></span> <span class='ocrx_word' id='word_1_69' title='bbox 567 1171 836 1226; x_wconf 77' lang='lat' dir='ltr'><strong>Ruflinum</strong></span> <span class='ocrx_word' id='word_1_70' title='bbox 864 1172 1007 1226; x_wconf 90' lang='lat' dir='ltr'><strong>enim</strong></span> <span class='ocrx_word' id='word_1_71' title='bbox 1053 1170 1235 1225; x_wconf 84' lang='lat' dir='ltr'><strong>Nitriae</strong></span> <span class='ocrx_word' id='word_1_72' title='bbox 1260 1183 1380 1224; x_wconf 90' lang='lat' dir='ltr'><strong>esse</strong></span> <span class='ocrx_word' id='word_1_73' title='bbox 1403 1209 1418 1233; x_wconf 96' lang='lat'><strong>,</strong></span> <span class='ocrx_word' id='word_1_74' title='bbox 1449 1179 1502 1221; x_wconf 89' lang='lat' dir='ltr'><strong>et</strong></span> <span class='ocrx_word' id='word_1_75' title='bbox 1524 1165 1590 1220; x_wconf 90' lang='lat' dir='ltr'><strong>ad</strong></span> <span class='ocrx_word' id='word_1_76' title='bbox 1633 1165 1763 1219; x_wconf 77' lang='lat' dir='ltr'><strong>bea-</strong></span> 
     </span>
    </p>
   </div>
   <div class='ocr_carea' id='block_1_11' title="bbox 173 1254 1764 1333">
    <p class='ocr_par' dir='ltr' id='par_1_11' title="bbox 173 1254 1764 1333">
     <span class='ocr_line' id='line_1_11' title="bbox 173 1254 1764 1333; baseline -0.007 -15"><span class='ocrx_word' id='word_1_77' title='bbox 173 1273 287 1318; x_wconf 87' lang='lat' dir='ltr'><strong>tum</strong></span> <span class='ocrx_word' id='word_1_78' title='bbox 323 1264 629 1333; x_wconf 49' lang='lat' dir='ltr'><strong>porrexisse</strong></span> <span class='ocrx_word' id='word_1_79' title='bbox 655 1261 958 1326; x_wconf 82' lang='lat' dir='ltr'><strong>Macarium,</strong></span> <span class='ocrx_word' id='word_1_80' title='bbox 983 1261 1169 1316; x_wconf 87' lang='lat' dir='ltr'><strong>crebra</strong></span> <span class='ocrx_word' id='word_1_81' title='bbox 1195 1257 1604 1314; x_wconf 85' lang='lat' dir='ltr'><strong>commeantium</strong></span> <span class='ocrx_word' id='word_1_82' title='bbox 1627 1254 1764 1308; x_wconf 90' lang='lat' dir='ltr'><strong>mul-</strong></span> 
     </span>
    </p>
   </div>
   <div class='ocr_carea' id='block_1_12' title="bbox 172 1346 1761 1408">
    <p class='ocr_par' dir='ltr' id='par_1_12' title="bbox 172 1346 1761 1408">
     <span class='ocr_line' id='line_1_12' title="bbox 172 1346 1761 1408; baseline -0.005 -2"><span class='ocrx_word' id='word_1_83' title='bbox 172 1353 352 1408; x_wconf 88' lang='lat' dir='ltr'><strong>titudo</strong></span> <span class='ocrx_word' id='word_1_84' title='bbox 406 1352 691 1407; x_wconf 87' lang='lat' dir='ltr'><strong>referebat.</strong></span> <span class='ocrx_word' id='word_1_85' title='bbox 743 1351 840 1406; x_wconf 85' lang='lat' dir='ltr'><strong>llic</strong></span> <span class='ocrx_word' id='word_1_86' title='bbox 886 1365 1018 1406; x_wconf 86' lang='lat' dir='ltr'><strong>vero</strong></span> <span class='ocrx_word' id='word_1_87' title='bbox 1068 1359 1176 1404; x_wconf 90' lang='lat' dir='ltr'><strong>tota</strong></span> <span class='ocrx_word' id='word_1_88' title='bbox 1225 1347 1554 1404; x_wconf 83' lang='lat' dir='ltr'><strong>credulitatis</strong></span> <span class='ocrx_word' id='word_1_89' title='bbox 1615 1346 1761 1400; x_wconf 87' lang='lat' dir='ltr'><strong>frena</strong></span> 
     </span>
    </p>
   </div>
   <div class='ocr_carea' id='block_1_13' title="bbox 172 1434 1764 1511">
    <p class='ocr_par' dir='ltr' id='par_1_13' title="bbox 172 1434 1764 1511">
     <span class='ocr_line' id='line_1_13' title="bbox 172 1434 1764 1511; baseline -0.008 -11"><span class='ocrx_word' id='word_1_90' title='bbox 172 1443 388 1507; x_wconf 82' lang='lat' dir='ltr'><strong>laxavi,</strong></span> <span class='ocrx_word' id='word_1_91' title='bbox 417 1451 474 1498; x_wconf 87' lang='lat' dir='ltr'><strong>et</strong></span> <span class='ocrx_word' id='word_1_92' title='bbox 499 1452 622 1498; x_wconf 92' lang='lat' dir='ltr'><strong>tunc</strong></span> <span class='ocrx_word' id='word_1_93' title='bbox 652 1457 777 1498; x_wconf 80' lang='lat' dir='ltr'><strong>vere</strong></span> <span class='ocrx_word' id='word_1_94' title='bbox 817 1450 1073 1511; x_wconf 63' lang='lat' dir='ltr'><strong>aegrotum</strong></span> <span class='ocrx_word' id='word_1_95' title='bbox 1099 1454 1220 1495; x_wconf 89' lang='lat' dir='ltr'><strong>esse</strong></span> <span class='ocrx_word' id='word_1_96' title='bbox 1258 1453 1344 1493; x_wconf 90' lang='lat' dir='ltr'><strong>me</strong></span> <span class='ocrx_word' id='word_1_97' title='bbox 1372 1436 1538 1492; x_wconf 88' lang='lat' dir='ltr'><strong>dolui.</strong></span> <span class='ocrx_word' id='word_1_98' title='bbox 1570 1435 1637 1491; x_wconf 87' lang='lat' dir='ltr'><strong>Et</strong></span> <span class='ocrx_word' id='word_1_99' title='bbox 1663 1434 1764 1489; x_wconf 85' lang='lat' dir='ltr'><strong>nisi</strong></span> 
     </span>
    </p>
   </div>
   <div class='ocr_carea' id='block_1_14' title="bbox 174 1526 1766 1600">
    <p class='ocr_par' dir='ltr' id='par_1_14' title="bbox 174 1526 1766 1600">
     <span class='ocr_line' id='line_1_14' title="bbox 174 1526 1766 1600; baseline -0.005 -14"><span class='ocrx_word' id='word_1_100' title='bbox 174 1549 262 1586; x_wconf 88' lang='lat' dir='ltr'><strong>tne</strong></span> <span class='ocrx_word' id='word_1_101' title='bbox 283 1533 546 1586; x_wconf 87' lang='lat' dir='ltr'><strong>attenuati</strong></span> <span class='ocrx_word' id='word_1_102' title='bbox 567 1531 809 1600; x_wconf 88' lang='lat' dir='ltr'><strong>corporis</strong></span> <span class='ocrx_word' id='word_1_103' title='bbox 835 1533 978 1586; x_wconf 85' lang='lat' dir='ltr'><strong>vires</strong></span> <span class='ocrx_word' id='word_1_104' title='bbox 1005 1528 1234 1600; x_wconf 89' lang='lat' dir='ltr'><strong>quadam</strong></span> <span class='ocrx_word' id='word_1_105' title='bbox 1275 1526 1533 1596; x_wconf 89' lang='lat' dir='ltr'><strong>compede</strong></span> <span class='ocrx_word' id='word_1_106' title='bbox 1562 1539 1766 1594; x_wconf 63' lang='lat' dir='ltr'><strong>praepe-</strong></span> 
     </span>
    </p>
   </div>
   <div class='ocr_carea' id='block_1_15' title="bbox 176 1614 1765 1686">
    <p class='ocr_par' dir='ltr' id='par_1_15' title="bbox 176 1614 1765 1686">
     <span class='ocr_line' id='line_1_15' title="bbox 176 1614 1765 1686; baseline -0.006 -10"><span class='ocrx_word' id='word_1_107' title='bbox 176 1621 403 1686; x_wconf 81' lang='lat' dir='ltr'><strong>dissent,</strong></span> <span class='ocrx_word' id='word_1_108' title='bbox 439 1636 538 1676; x_wconf 88' lang='lat' dir='ltr'><strong>nec</strong></span> <span class='ocrx_word' id='word_1_109' title='bbox 577 1620 764 1674; x_wconf 77' lang='lat' dir='ltr'><strong>media:</strong></span> <span class='ocrx_word' id='word_1_110' title='bbox 793 1621 971 1674; x_wconf 83' lang='lat' dir='ltr'><strong>fervor</strong></span> <span class='ocrx_word' id='word_1_111' title='bbox 993 1619 1194 1673; x_wconf 65' lang='lat' dir='ltr'><strong>uastatis</strong></span> <span class='ocrx_word' id='word_1_112' title='bbox 1217 1658 1233 1682; x_wconf 96' lang='lat'><strong>,</strong></span> <span class='ocrx_word' id='word_1_113' title='bbox 1262 1631 1360 1672; x_wconf 88' lang='lat' dir='ltr'><strong>nec</strong></span> <span class='ocrx_word' id='word_1_114' title='bbox 1396 1614 1765 1686; x_wconf 75' lang='lat' dir='ltr'><strong>navigantibus</strong></span> 
     </span>
    </p>
   </div>
   <div class='ocr_carea' id='block_1_16' title="bbox 179 1705 1762 1780">
    <p class='ocr_par' dir='ltr' id='par_1_16' title="bbox 179 1705 1762 1780">
     <span class='ocr_line' id='line_1_16' title="bbox 179 1705 1762 1780; baseline -0.005 -14"><span class='ocrx_word' id='word_1_115' title='bbox 179 1727 396 1780; x_wconf 84' lang='lat' dir='ltr'><strong>semper</strong></span> <span class='ocrx_word' id='word_1_116' title='bbox 448 1711 710 1764; x_wconf 89' lang='lat' dir='ltr'><strong>incertum</strong></span> <span class='ocrx_word' id='word_1_117' title='bbox 757 1725 939 1775; x_wconf 91' lang='lat' dir='ltr'><strong>mare,</strong></span> <span class='ocrx_word' id='word_1_118' title='bbox 994 1709 1076 1778; x_wconf 89' lang='lat' dir='ltr'><strong>pia</strong></span> <span class='ocrx_word' id='word_1_119' title='bbox 1125 1707 1462 1762; x_wconf 76' lang='lat' dir='ltr'><strong>festinatione</strong></span> <span class='ocrx_word' id='word_1_120' title='bbox 1501 1705 1762 1776; x_wconf 75' lang='lat' dir='ltr'><strong>gradienti</strong></span> 
     </span>
    </p>
   </div>
   <div class='ocr_carea' id='block_1_17' title="bbox 179 1796 1762 1864">
    <p class='ocr_par' dir='ltr' id='par_1_17' title="bbox 179 1796 1762 1864">
     <span class='ocr_line' id='line_1_17' title="bbox 179 1796 1762 1864; baseline -0.003 -10"><span class='ocrx_word' id='word_1_121' title='bbox 179 1804 438 1860; x_wconf 79' lang='lat' dir='ltr'><strong>valuisset</strong></span> <span class='ocrx_word' id='word_1_122' title='bbox 483 1801 769 1856; x_wconf 90' lang='lat' dir='ltr'><strong>obsistere.</strong></span> <span class='ocrx_word' id='word_1_123' title='bbox 815 1801 1015 1856; x_wconf 87' lang='lat' dir='ltr'><strong>Credas</strong></span> <span class='ocrx_word' id='word_1_124' title='bbox 1063 1798 1216 1864; x_wconf 90' lang='lat' dir='ltr'><strong>mihi,</strong></span> <span class='ocrx_word' id='word_1_125' title='bbox 1271 1796 1475 1860; x_wconf 88' lang='lat' dir='ltr'><strong>frater,</strong></span> <span class='ocrx_word' id='word_1_126' title='bbox 1532 1810 1639 1850; x_wconf 91' lang='lat' dir='ltr'><strong>non</strong></span> <span class='ocrx_word' id='word_1_127' title='bbox 1683 1797 1762 1850; x_wconf 90' lang='lat' dir='ltr'><strong>sic</strong></span> 
     </span>
    </p>
   </div>
   <div class='ocr_carea' id='block_1_18' title="bbox 180 1892 1758 1963">
    <p class='ocr_par' dir='ltr' id='par_1_18' title="bbox 180 1892 1758 1963">
     <span class='ocr_line' id='line_1_18' title="bbox 180 1892 1758 1963; baseline -0.005 -15"><span class='ocrx_word' id='word_1_128' title='bbox 180 1903 495 1963; x_wconf 84' lang='lat' dir='ltr'><strong>tempestate</strong></span> <span class='ocrx_word' id='word_1_129' title='bbox 527 1892 762 1962; x_wconf 83' lang='lat' dir='ltr'><strong>jactatus</strong></span> <span class='ocrx_word' id='word_1_130' title='bbox 791 1900 1000 1961; x_wconf 88' lang='lat' dir='ltr'><strong>portum</strong></span> <span class='ocrx_word' id='word_1_131' title='bbox 1051 1896 1208 1945; x_wconf 89' lang='lat' dir='ltr'><strong>nauta</strong></span> <span class='ocrx_word' id='word_1_132' title='bbox 1251 1894 1600 1957; x_wconf 80' lang='lat' dir='ltr'><strong>prOSpcctat:</strong></span> <span class='ocrx_word' id='word_1_133' title='bbox 1652 1901 1758 1940; x_wconf 84' lang='lat' dir='ltr'><strong>non</strong></span> 
     </span>
    </p>
   </div>
   <div class='ocr_carea' id='block_1_19' title="bbox 182 1977 1762 2040">
    <p class='ocr_par' dir='ltr' id='par_1_19' title="bbox 182 1977 1762 2040">
     <span class='ocr_line' id='line_1_19' title="bbox 182 1977 1762 2040; baseline -0.005 0"><span class='ocrx_word' id='word_1_134' title='bbox 182 1987 257 2040; x_wconf 87' lang='lat' dir='ltr'><strong>sic</strong></span> <span class='ocrx_word' id='word_1_135' title='bbox 284 1985 519 2040; x_wconf 88' lang='lat' dir='ltr'><strong>sitientia</strong></span> <span class='ocrx_word' id='word_1_136' title='bbox 565 1983 762 2037; x_wconf 86' lang='lat' dir='ltr'><strong>imbres</strong></span> <span class='ocrx_word' id='word_1_137' title='bbox 782 1996 911 2036; x_wconf 81' lang='lat' dir='ltr'><strong>arva</strong></span> <span class='ocrx_word' id='word_1_138' title='bbox 955 1979 1300 2036; x_wconf 78' lang='lat' dir='ltr'><strong>desiderant:</strong></span> <span class='ocrx_word' id='word_1_139' title='bbox 1352 1993 1450 2034; x_wconf 88' lang='lat' dir='ltr'><strong>nec</strong></span> <span class='ocrx_word' id='word_1_140' title='bbox 1478 1977 1556 2032; x_wconf 81' lang='lat' dir='ltr'><strong>sic</strong></span> <span class='ocrx_word' id='word_1_141' title='bbox 1596 1991 1762 2032; x_wconf 89' lang='lat' dir='ltr'><strong>curvo</strong></span> 
     </span>
    </p>
   </div>
   <div class='ocr_carea' id='block_1_20' title="bbox 180 2072 1688 2140">
    <p class='ocr_par' dir='ltr' id='par_1_20' title="bbox 180 2072 1688 2140">
     <span class='ocr_line' id='line_1_20' title="bbox 180 2072 1688 2140; baseline -0.005 -9"><span class='ocrx_word' id='word_1_142' title='bbox 180 2075 422 2131; x_wconf 73' lang='lat' dir='ltr'><strong>assidens</strong></span> <span class='ocrx_word' id='word_1_143' title='bbox 451 2073 615 2129; x_wconf 91' lang='lat' dir='ltr'><strong>littori</strong></span> <span class='ocrx_word' id='word_1_144' title='bbox 640 2073 794 2128; x_wconf 79' lang='lat' dir='ltr'><strong>anxia</strong></span> <span class='ocrx_word' id='word_1_145' title='bbox 821 2072 985 2127; x_wconf 84' lang='lat' dir='ltr'><strong>ﬁlium</strong></span> <span class='ocrx_word' id='word_1_146' title='bbox 1016 2082 1187 2126; x_wconf 87' lang='lat' dir='ltr'><strong>mater</strong></span> <span class='ocrx_word' id='word_1_147' title='bbox 1213 2078 1510 2140; x_wconf 80' lang='lat' dir='ltr'><strong>exspectat.</strong></span> <span class='ocrx_word' id='word_1_148' title='bbox 1676 2131 1688 2140; x_wconf 36' lang='grc' dir='ltr'><strong><em>μ</em></strong></span> 
     </span>
    </p>
   </div>
   <div class='ocr_carea' id='block_1_21' title="bbox 243 2159 1758 2234">
    <p class='ocr_par' dir='ltr' id='par_1_21' title="bbox 243 2159 1758 2234">
     <span class='ocr_line' id='line_1_21' title="bbox 243 2159 1758 2234; baseline -0.005 -13"><span class='ocrx_word' id='word_1_149' title='bbox 243 2166 304 2222; x_wconf 79' lang='lat'><strong>3.</strong></span> <span class='ocrx_word' id='word_1_150' title='bbox 337 2166 624 2234; x_wconf 77' lang='lat' dir='ltr'><strong>Postquam</strong></span> <span class='ocrx_word' id='word_1_151' title='bbox 673 2179 761 2218; x_wconf 90' lang='lat' dir='ltr'><strong>me</strong></span> <span class='ocrx_word' id='word_1_152' title='bbox 801 2177 831 2217; x_wconf 91' lang='lat' dir='ltr'><strong>a</strong></span> <span class='ocrx_word' id='word_1_153' title='bbox 879 2172 971 2218; x_wconf 91' lang='lat' dir='ltr'><strong>tuo</strong></span> <span class='ocrx_word' id='word_1_154' title='bbox 999 2162 1165 2217; x_wconf 89' lang='lat' dir='ltr'><strong>latere</strong></span> <span class='ocrx_word' id='word_1_155' title='bbox 1203 2161 1411 2216; x_wconf 89' lang='lat' dir='ltr'><strong>subitus</strong></span> <span class='ocrx_word' id='word_1_156' title='bbox 1439 2159 1596 2214; x_wconf 87' lang='lat' dir='ltr'><strong>turbo</strong></span> <span class='ocrx_word' id='word_1_157' title='bbox 1623 2174 1758 2214; x_wconf 81' lang='lat' dir='ltr'><strong>con-</strong></span> 
     </span>
    </p>
   </div>
   <div class='ocr_carea' id='block_1_22' title="bbox 179 2251 1760 2328">
    <p class='ocr_par' dir='ltr' id='par_1_22' title="bbox 179 2251 1760 2328">
     <span class='ocr_line' id='line_1_22' title="bbox 179 2251 1760 2328; baseline -0.003 -20"><span class='ocrx_word' id='word_1_158' title='bbox 179 2259 342 2312; x_wconf 85' lang='lat' dir='ltr'><strong>vulsit</strong></span> <span class='ocrx_word' id='word_1_159' title='bbox 374 2275 389 2312; x_wconf 88' lang='lat'>:</span> <span class='ocrx_word' id='word_1_160' title='bbox 433 2266 714 2328; x_wconf 79' lang='lat' dir='ltr'><strong>postquam</strong></span> <span class='ocrx_word' id='word_1_161' title='bbox 761 2254 963 2324; x_wconf 75' lang='lat' dir='ltr'><strong>glutino</strong></span> <span class='ocrx_word' id='word_1_162' title='bbox 991 2253 1231 2308; x_wconf 91' lang='lat' dir='ltr'><strong>caritatis</strong></span> <span class='ocrx_word' id='word_1_163' title='bbox 1259 2252 1552 2307; x_wconf 63' lang='lat' dir='ltr'><strong>haerentem</strong></span> <span class='ocrx_word' id='word_1_164' title='bbox 1598 2251 1760 2322; x_wconf 91' lang='lat' dir='ltr'><strong>impia</strong></span> 
     </span>
    </p>
   </div>
   <div class='ocr_carea' id='block_1_23' title="bbox 178 2345 1763 2415">
    <p class='ocr_par' dir='ltr' id='par_1_23' title="bbox 178 2345 1763 2415">
     <span class='ocr_line' id='line_1_23' title="bbox 178 2345 1763 2415; baseline -0.006 -10"><span class='ocrx_word' id='word_1_165' title='bbox 178 2350 427 2406; x_wconf 77' lang='lat' dir='ltr'><strong>distraxit</strong></span> <span class='ocrx_word' id='word_1_166' title='bbox 477 2350 712 2415; x_wconf 84' lang='lat' dir='ltr'><strong>avulsio;</strong></span> <span class='ocrx_word' id='word_1_167' title='bbox 761 2347 908 2402; x_wconf 84' lang='lat' dir='ltr'><strong>Tunc</strong></span> <span class='ocrx_word' id='word_1_168' title='bbox 959 2347 1084 2402; x_wconf 87' lang='lat' dir='ltr'><strong>mihi</strong></span> <span class='ocrx_word' id='word_1_169' title='bbox 1131 2345 1375 2400; x_wconf 74' lang='lat' dir='ltr'><strong>cteruleus</strong></span> <span class='ocrx_word' id='word_1_170' title='bbox 1413 2361 1571 2413; x_wconf 82' lang='lat' dir='ltr'><strong>supra</strong></span> <span class='ocrx_word' id='word_1_171' title='bbox 1609 2349 1763 2414; x_wconf 83' lang='lat' dir='ltr'><strong>caput</strong></span> 
     </span>
    </p>
   </div>
   <div class='ocr_carea' id='block_1_24' title="bbox 176 2435 1764 2506">
    <p class='ocr_par' dir='ltr' id='par_1_24' title="bbox 176 2435 1764 2506">
     <span class='ocr_line' id='line_1_24' title="bbox 176 2435 1764 2506; baseline -0.004 -12"><span class='ocrx_word' id='word_1_172' title='bbox 176 2441 339 2494; x_wconf 81' lang='lat' dir='ltr'><strong>astitit</strong></span> <span class='ocrx_word' id='word_1_173' title='bbox 381 2439 539 2493; x_wconf 85' lang='lat' dir='ltr'><strong>imber</strong></span> <span class='ocrx_word' id='word_1_174' title='bbox 562 2455 581 2493; x_wconf 90' lang='lat'><strong><em>:</em></strong></span> <span class='ocrx_word' id='word_1_175' title='bbox 623 2448 739 2492; x_wconf 83' lang='lat' dir='ltr'><strong>tunc</strong></span> <span class='ocrx_word' id='word_1_176' title='bbox 765 2438 928 2491; x_wconf 85' lang='lat' dir='ltr'><strong>maria</strong></span> <span class='ocrx_word' id='word_1_177' title='bbox 957 2437 1176 2506; x_wconf 79' lang='lat' dir='ltr'><strong>undique</strong></span> <span class='ocrx_word' id='word_1_178' title='bbox 1195 2477 1211 2503; x_wconf 95' lang='lat'><strong>,</strong></span> <span class='ocrx_word' id='word_1_179' title='bbox 1243 2444 1288 2489; x_wconf 82' lang='lat' dir='ltr'><strong>et</strong></span> <span class='ocrx_word' id='word_1_180' title='bbox 1318 2436 1540 2505; x_wconf 82' lang='lat' dir='ltr'><strong>undique</strong></span> <span class='ocrx_word' id='word_1_181' title='bbox 1583 2435 1764 2488; x_wconf 73' lang='lat' dir='ltr'><strong>ctelum</strong></span> 
     </span>
    </p>
   </div>
   <div class='ocr_carea' id='block_1_25' title="bbox 180 2524 1763 2600">
    <p class='ocr_par' dir='ltr' id='par_1_25' title="bbox 180 2524 1763 2600">
     <span class='ocr_line' id='line_1_25' title="bbox 180 2524 1763 2600; baseline -0.006 -12"><span class='ocrx_word' id='word_1_182' title='bbox 180 2528 421 2600; x_wconf 72' lang='grc' dir='ltr'><strong>(ίΕηεὶά.</strong></span> <span class='ocrx_word' id='word_1_183' title='bbox 443 2529 535 2583; x_wconf 86' lang='lat' dir='ltr'><strong>lib.</strong></span> <span class='ocrx_word' id='word_1_184' title='bbox 565 2526 708 2599; x_wconf 82' lang='lat' dir='ltr'><strong>III).</strong></span> <span class='ocrx_word' id='word_1_185' title='bbox 732 2527 970 2582; x_wconf 88' lang='lat' dir='ltr'><strong>Tandem</strong></span> <span class='ocrx_word' id='word_1_186' title='bbox 999 2527 1052 2581; x_wconf 91' lang='lat' dir='ltr'><strong>in</strong></span> <span class='ocrx_word' id='word_1_187' title='bbox 1086 2527 1288 2580; x_wconf 90' lang='lat' dir='ltr'><strong>incerto</strong></span> <span class='ocrx_word' id='word_1_188' title='bbox 1319 2524 1763 2596; x_wconf 78' lang='lat' dir='ltr'><strong>peregrinationis</strong></span> 
     </span>
    </p>
   </div>
   <div class='ocr_carea' id='block_1_26' title="bbox 179 2615 1762 2686">
    <p class='ocr_par' dir='ltr' id='par_1_26' title="bbox 179 2615 1762 2686">
     <span class='ocr_line' id='line_1_26' title="bbox 179 2615 1762 2686; baseline -0.003 -14"><span class='ocrx_word' id='word_1_189' title='bbox 179 2620 404 2686; x_wconf 86' lang='lat' dir='ltr'><strong>erranti,</strong></span> <span class='ocrx_word' id='word_1_190' title='bbox 450 2634 572 2674; x_wconf 91' lang='lat' dir='ltr'><strong>cum</strong></span> <span class='ocrx_word' id='word_1_191' title='bbox 615 2633 701 2673; x_wconf 87' lang='lat' dir='ltr'><strong>me</strong></span> <span class='ocrx_word' id='word_1_192' title='bbox 727 2617 952 2678; x_wconf 83' lang='lat' dir='ltr'><strong>Thracia</strong></span> <span class='ocrx_word' id='word_1_193' title='bbox 976 2659 996 2682; x_wconf 87' lang='lat'><strong>,</strong></span> <span class='ocrx_word' id='word_1_194' title='bbox 1037 2616 1271 2681; x_wconf 84' lang='lat' dir='ltr'><strong>Pontus,</strong></span> <span class='ocrx_word' id='word_1_195' title='bbox 1303 2626 1462 2686; x_wconf 89' lang='lat' dir='ltr'><strong>atque</strong></span> <span class='ocrx_word' id='word_1_196' title='bbox 1490 2615 1762 2686; x_wconf 84' lang='lat' dir='ltr'><strong>Bithynia,</strong></span> 
     </span>
    </p>
   </div>
   <div class='ocr_carea' id='block_1_27' title="bbox 179 2704 1765 2780">
    <p class='ocr_par' dir='ltr' id='par_1_27' title="bbox 179 2704 1765 2780">
     <span class='ocr_line' id='line_1_27' title="bbox 179 2704 1765 2780; baseline -0.003 -18"><span class='ocrx_word' id='word_1_197' title='bbox 179 2716 459 2777; x_wconf 90' lang='lat' dir='ltr'><strong>totumque</strong></span> <span class='ocrx_word' id='word_1_198' title='bbox 488 2707 712 2764; x_wconf 70' lang='lat' dir='ltr'><strong>Galatia:</strong></span> <span class='ocrx_word' id='word_1_199' title='bbox 740 2715 792 2762; x_wconf 92' lang='lat' dir='ltr'><strong>et</strong></span> <span class='ocrx_word' id='word_1_200' title='bbox 815 2705 1164 2776; x_wconf 73' lang='lat' dir='ltr'><strong>Cappadocia:</strong></span> <span class='ocrx_word' id='word_1_201' title='bbox 1203 2705 1342 2780; x_wconf 85' lang='lat' dir='ltr'><strong>iter,</strong></span> <span class='ocrx_word' id='word_1_202' title='bbox 1369 2715 1423 2761; x_wconf 90' lang='lat' dir='ltr'><strong>et</strong></span> <span class='ocrx_word' id='word_1_203' title='bbox 1451 2704 1651 2760; x_wconf 89' lang='lat' dir='ltr'><strong>fervido</strong></span> <span class='ocrx_word' id='word_1_204' title='bbox 1677 2704 1765 2760; x_wconf 91' lang='lat' dir='ltr'><strong>Ci-</strong></span> 
     </span>
    </p>
   </div>
   <div class='ocr_carea' id='block_1_28' title="bbox 179 2794 1765 2868">
    <p class='ocr_par' dir='ltr' id='par_1_28' title="bbox 179 2794 1765 2868">
     <span class='ocr_line' id='line_1_28' title="bbox 179 2794 1765 2868; baseline 0.001 -18"><span class='ocrx_word' id='word_1_205' title='bbox 179 2796 341 2852; x_wconf 88' lang='lat' dir='ltr'><strong>licum</strong></span> <span class='ocrx_word' id='word_1_206' title='bbox 365 2806 506 2852; x_wconf 87' lang='lat' dir='ltr'><strong>terra</strong></span> <span class='ocrx_word' id='word_1_207' title='bbox 527 2796 771 2868; x_wconf 87' lang='lat' dir='ltr'><strong>fregisset</strong></span> <span class='ocrx_word' id='word_1_208' title='bbox 794 2806 951 2862; x_wconf 72' lang='lat' dir='ltr'><strong>testu,</strong></span> <span class='ocrx_word' id='word_1_209' title='bbox 973 2794 1126 2866; x_wconf 86' lang='lat' dir='ltr'><strong>Syria</strong></span> <span class='ocrx_word' id='word_1_210' title='bbox 1149 2795 1278 2850; x_wconf 91' lang='lat' dir='ltr'><strong>mihi</strong></span> <span class='ocrx_word' id='word_1_211' title='bbox 1305 2795 1450 2851; x_wconf 86' lang='lat' dir='ltr'><strong>velut</strong></span> <span class='ocrx_word' id='word_1_212' title='bbox 1476 2794 1765 2851; x_wconf 87' lang='lat' dir='ltr'><strong>fidissimus</strong></span> 
     </span>
    </p>
   </div>
   <div class='ocr_carea' id='block_1_29' title="bbox 179 2887 1761 2961">
    <p class='ocr_par' dir='ltr' id='par_1_29' title="bbox 179 2887 1761 2961">
     <span class='ocr_line' id='line_1_29' title="bbox 179 2887 1761 2961; baseline -0.001 -17"><span class='ocrx_word' id='word_1_213' title='bbox 179 2889 442 2961; x_wconf 89' lang='lat' dir='ltr'><strong>naufrago</strong></span> <span class='ocrx_word' id='word_1_214' title='bbox 470 2900 654 2960; x_wconf 89' lang='lat' dir='ltr'><strong>portus</strong></span> <span class='ocrx_word' id='word_1_215' title='bbox 689 2889 939 2944; x_wconf 89' lang='lat' dir='ltr'><strong>occurrit.</strong></span> <span class='ocrx_word' id='word_1_216' title='bbox 982 2887 1087 2944; x_wconf 89' lang='lat' dir='ltr'><strong>Ubi</strong></span> <span class='ocrx_word' id='word_1_217' title='bbox 1116 2902 1216 2958; x_wconf 90' lang='lat' dir='ltr'><strong>ego</strong></span> <span class='ocrx_word' id='word_1_218' title='bbox 1245 2887 1498 2959; x_wconf 90' lang='lat' dir='ltr'><strong>quidquid</strong></span> <span class='ocrx_word' id='word_1_219' title='bbox 1544 2887 1761 2943; x_wconf 89' lang='lat' dir='ltr'><strong>morbo-</strong></span> 
     </span>
    </p>
   </div>
   <div class='ocr_carea' id='block_1_30' title="bbox 179 2979 1762 3052">
    <p class='ocr_par' dir='ltr' id='par_1_30' title="bbox 179 2979 1762 3052">
     <span class='ocr_line' id='line_1_30' title="bbox 179 2979 1762 3052; baseline -0.003 -13"><span class='ocrx_word' id='word_1_220' title='bbox 179 2996 297 3039; x_wconf 88' lang='lat' dir='ltr'><strong>rum</strong></span> <span class='ocrx_word' id='word_1_221' title='bbox 328 2996 452 3037; x_wconf 89' lang='lat' dir='ltr'><strong>esse</strong></span> <span class='ocrx_word' id='word_1_222' title='bbox 490 2988 702 3052; x_wconf 89' lang='lat' dir='ltr'><strong>poterat</strong></span> <span class='ocrx_word' id='word_1_223' title='bbox 731 2989 981 3050; x_wconf 81' lang='lat' dir='ltr'><strong>expertus</strong></span> <span class='ocrx_word' id='word_1_224' title='bbox 1003 3021 1018 3045; x_wconf 89' lang='lat'><strong>,</strong></span> <span class='ocrx_word' id='word_1_225' title='bbox 1046 2995 1112 3036; x_wconf 79' lang='lat' dir='ltr'><strong>ex</strong></span> <span class='ocrx_word' id='word_1_226' title='bbox 1141 2979 1348 3034; x_wconf 88' lang='lat' dir='ltr'><strong>duobus</strong></span> <span class='ocrx_word' id='word_1_227' title='bbox 1389 2980 1558 3035; x_wconf 85' lang='lat' dir='ltr'><strong>oculis</strong></span> <span class='ocrx_word' id='word_1_228' title='bbox 1601 2995 1762 3034; x_wconf 88' lang='lat' dir='ltr'><strong>unum</strong></span> 
     </span>
    </p>
   </div>
   <div class='ocr_carea' id='block_1_31' title="bbox 179 3069 1762 3140">
    <p class='ocr_par' dir='ltr' id='par_1_31' title="bbox 179 3069 1762 3140">
     <span class='ocr_line' id='line_1_31' title="bbox 179 3069 1762 3140; baseline -0.001 -14"><span class='ocrx_word' id='word_1_229' title='bbox 179 3069 424 3140; x_wconf 86' lang='lat' dir='ltr'><strong>perdidi,</strong></span> <span class='ocrx_word' id='word_1_230' title='bbox 471 3070 835 3124; x_wconf 85' lang='lat' dir='ltr'><strong>innocentium</strong></span> <span class='ocrx_word' id='word_1_231' title='bbox 872 3069 1052 3134; x_wconf 81' lang='lat' dir='ltr'><strong>enim,</strong></span> <span class='ocrx_word' id='word_1_232' title='bbox 1108 3078 1310 3138; x_wconf 80' lang='lat' dir='ltr'><strong>partem</strong></span> <span class='ocrx_word' id='word_1_233' title='bbox 1354 3069 1547 3124; x_wconf 74' lang='lat' dir='ltr'><strong>anima:</strong></span> <span class='ocrx_word' id='word_1_234' title='bbox 1590 3084 1762 3131; x_wconf 74' lang='lat' dir='ltr'><strong>mete,</strong></span> 
     </span>
    </p>
   </div>
   <div class='ocr_carea' id='block_1_32' title="bbox 179 3157 1768 3232">
    <p class='ocr_par' dir='ltr' id='par_1_32' title="bbox 179 3157 1768 3232">
     <span class='ocr_line' id='line_1_32' title="bbox 179 3157 1768 3232; baseline -0.001 -16"><span class='ocrx_word' id='word_1_235' title='bbox 179 3160 498 3232; x_wconf 85' lang='lat' dir='ltr'><strong>repentinus</strong></span> <span class='ocrx_word' id='word_1_236' title='bbox 529 3159 754 3216; x_wconf 85' lang='lat' dir='ltr'><strong>febrium</strong></span> <span class='ocrx_word' id='word_1_237' title='bbox 782 3158 946 3214; x_wconf 89' lang='lat' dir='ltr'><strong>ardor</strong></span> <span class='ocrx_word' id='word_1_238' title='bbox 981 3158 1239 3213; x_wconf 83' lang='lat' dir='ltr'><strong>abstraxit</strong></span> <span class='ocrx_word' id='word_1_239' title='bbox 1267 3157 1366 3230; x_wconf 87' lang='lat' dir='ltr'><strong>(a).</strong></span> <span class='ocrx_word' id='word_1_240' title='bbox 1407 3158 1558 3213; x_wconf 80' lang='lat' dir='ltr'><strong>Nunc</strong></span> <span class='ocrx_word' id='word_1_241' title='bbox 1582 3174 1688 3213; x_wconf 89' lang='lat' dir='ltr'><strong>uno</strong></span> <span class='ocrx_word' id='word_1_242' title='bbox 1713 3168 1768 3214; x_wconf 90' lang='lat' dir='ltr'><strong>et</strong></span> 
     </span>
    </p>
   </div>
   <div class='ocr_carea' id='block_1_33' title="bbox 181 3249 1767 3322">
    <p class='ocr_par' dir='ltr' id='par_1_33' title="bbox 181 3249 1767 3322">
     <span class='ocr_line' id='line_1_33' title="bbox 181 3249 1767 3322; baseline -0.003 -14"><span class='ocrx_word' id='word_1_243' title='bbox 181 3260 296 3308; x_wconf 87' lang='lat' dir='ltr'><strong>toto</strong></span> <span class='ocrx_word' id='word_1_244' title='bbox 338 3251 470 3306; x_wconf 89' lang='lat' dir='ltr'><strong>mihi</strong></span> <span class='ocrx_word' id='word_1_245' title='bbox 516 3251 592 3322; x_wconf 89' lang='lat' dir='ltr'><strong>(b)</strong></span> <span class='ocrx_word' id='word_1_246' title='bbox 621 3251 821 3306; x_wconf 91' lang='lat' dir='ltr'><strong>lumine</strong></span> <span class='ocrx_word' id='word_1_247' title='bbox 861 3250 1088 3320; x_wconf 83' lang='lat' dir='ltr'><strong>Evagrio</strong></span> <span class='ocrx_word' id='word_1_248' title='bbox 1117 3258 1302 3316; x_wconf 75' lang='lat' dir='ltr'><strong>nostro</strong></span> <span class='ocrx_word' id='word_1_249' title='bbox 1342 3250 1521 3316; x_wconf 90' lang='lat' dir='ltr'><strong>fruor,</strong></span> <span class='ocrx_word' id='word_1_250' title='bbox 1553 3249 1638 3304; x_wconf 92' lang='lat' dir='ltr'><strong>cui</strong></span> <span class='ocrx_word' id='word_1_251' title='bbox 1667 3264 1767 3319; x_wconf 88' lang='lat' dir='ltr'><strong>ego</strong></span> 
     </span>
    </p>
   </div>
   <div class='ocr_carea' id='block_1_34' title="bbox 180 3340 1764 3414">
    <p class='ocr_par' dir='ltr' id='par_1_34' title="bbox 180 3340 1764 3414">
     <span class='ocr_line' id='line_1_34' title="bbox 180 3340 1764 3414; baseline -0.004 -15"><span class='ocrx_word' id='word_1_252' title='bbox 180 3359 399 3414; x_wconf 85' lang='lat' dir='ltr'><strong>semper</strong></span> <span class='ocrx_word' id='word_1_253' title='bbox 426 3343 667 3398; x_wconf 87' lang='lat' dir='ltr'><strong>infirmus</strong></span> <span class='ocrx_word' id='word_1_254' title='bbox 693 3342 760 3397; x_wconf 89' lang='lat' dir='ltr'><strong>ad</strong></span> <span class='ocrx_word' id='word_1_255' title='bbox 806 3341 1047 3397; x_wconf 90' lang='lat' dir='ltr'><strong>laborem</strong></span> <span class='ocrx_word' id='word_1_256' title='bbox 1077 3341 1322 3396; x_wconf 91' lang='lat' dir='ltr'><strong>cumulus</strong></span> <span class='ocrx_word' id='word_1_257' title='bbox 1363 3340 1585 3395; x_wconf 87' lang='lat' dir='ltr'><strong>accessi.</strong></span> <span class='ocrx_word' id='word_1_258' title='bbox 1667 3344 1764 3413; x_wconf 82' lang='grc' dir='ltr'><strong>ιι</strong></span> 
     </span>
    </p>
   </div>
   <div class='ocr_carea' id='block_1_35' title="bbox 182 3430 1764 3504">
    <p class='ocr_par' dir='ltr' id='par_1_35' title="bbox 182 3430 1764 3504">
     <span class='ocr_line' id='line_1_35' title="bbox 182 3430 1764 3504; baseline -0.003 -16"><span class='ocrx_word' id='word_1_259' title='bbox 182 3434 314 3489; x_wconf 82' lang='lat' dir='ltr'><strong>Erat</strong></span> <span class='ocrx_word' id='word_1_260' title='bbox 327 3434 603 3488; x_wconf 90' lang='lat' dir='ltr'><strong>nobiscum</strong></span> <span class='ocrx_word' id='word_1_261' title='bbox 618 3443 669 3488; x_wconf 93' lang='lat' dir='ltr'><strong>et</strong></span> <span class='ocrx_word' id='word_1_262' title='bbox 686 3432 848 3504; x_wconf 84' lang='lat' dir='ltr'><strong>Hylas</strong></span> <span class='ocrx_word' id='word_1_263' title='bbox 864 3430 938 3504; x_wconf 78' lang='grc' dir='ltr'><strong>(ε)</strong></span> <span class='ocrx_word' id='word_1_264' title='bbox 959 3438 1157 3486; x_wconf 70' lang='lat' dir='ltr'><strong>sancta:</strong></span> <span class='ocrx_word' id='word_1_265' title='bbox 1174 3430 1384 3486; x_wconf 75' lang='lat' dir='ltr'><strong>Melanii</strong></span> <span class='ocrx_word' id='word_1_266' title='bbox 1404 3431 1656 3499; x_wconf 88' lang='lat' dir='ltr'><strong>famulus,</strong></span> <span class='ocrx_word' id='word_1_267' title='bbox 1675 3432 1764 3500; x_wconf 88' lang='lat' dir='ltr'><strong>qui</strong></span> 
     </span>
    </p>
   </div>
   <div class='ocr_carea' id='block_1_36' title="bbox 183 3521 1766 3594">
    <p class='ocr_par' dir='ltr' id='par_1_36' title="bbox 183 3521 1766 3594">
     <span class='ocr_line' id='line_1_36' title="bbox 183 3521 1766 3594; baseline -0.002 -15"><span class='ocrx_word' id='word_1_268' title='bbox 183 3526 419 3594; x_wconf 89' lang='lat' dir='ltr'><strong>puritate</strong></span> <span class='ocrx_word' id='word_1_269' title='bbox 442 3539 671 3588; x_wconf 90' lang='lat' dir='ltr'><strong>morum,</strong></span> <span class='ocrx_word' id='word_1_270' title='bbox 701 3522 962 3577; x_wconf 89' lang='lat' dir='ltr'><strong>maculam</strong></span> <span class='ocrx_word' id='word_1_271' title='bbox 990 3522 1261 3577; x_wconf 82' lang='lat' dir='ltr'><strong>servitutis</strong></span> <span class='ocrx_word' id='word_1_272' title='bbox 1284 3521 1527 3576; x_wconf 86' lang='lat' dir='ltr'><strong>abluerat</strong></span> <span class='ocrx_word' id='word_1_273' title='bbox 1556 3536 1570 3575; x_wconf 89' lang='lat'>:</span> <span class='ocrx_word' id='word_1_274' title='bbox 1599 3531 1653 3576; x_wconf 90' lang='lat' dir='ltr'><strong>et</strong></span> <span class='ocrx_word' id='word_1_275' title='bbox 1680 3521 1766 3576; x_wconf 90' lang='lat' dir='ltr'><strong>hic</strong></span> 
     </span>
    </p>
   </div>
   <div class='ocr_carea' id='block_1_37' title="bbox 183 3610 1768 3681">
    <p class='ocr_par' dir='ltr' id='par_1_37' title="bbox 183 3610 1768 3681">
     <span class='ocr_line' id='line_1_37' title="bbox 183 3610 1768 3681; baseline -0.001 -13"><span class='ocrx_word' id='word_1_276' title='bbox 183 3615 417 3671; x_wconf 79' lang='lat' dir='ltr'><strong>necdum</strong></span> <span class='ocrx_word' id='word_1_277' title='bbox 443 3613 722 3668; x_wconf 87' lang='lat' dir='ltr'><strong>obductam</strong></span> <span class='ocrx_word' id='word_1_278' title='bbox 742 3610 959 3667; x_wconf 84' lang='lat' dir='ltr'><strong>rescidit</strong></span> <span class='ocrx_word' id='word_1_279' title='bbox 976 3612 1300 3676; x_wconf 85' lang='lat' dir='ltr'><strong>cicatricem.</strong></span> <span class='ocrx_word' id='word_1_280' title='bbox 1325 3611 1522 3666; x_wconf 84' lang='lat' dir='ltr'><strong>Verum</strong></span> <span class='ocrx_word' id='word_1_281' title='bbox 1552 3613 1675 3681; x_wconf 85' lang='lat' dir='ltr'><strong>quia</strong></span> <span class='ocrx_word' id='word_1_282' title='bbox 1701 3610 1768 3666; x_wconf 90' lang='lat' dir='ltr'><strong>de</strong></span> 
     </span>
    </p>
   </div>
   <div class='ocr_carea' id='block_1_38' title="bbox 183 3701 1766 3774">
    <p class='ocr_par' dir='ltr' id='par_1_38' title="bbox 183 3701 1766 3774">
     <span class='ocr_line' id='line_1_38' title="bbox 183 3701 1766 3774; baseline -0.004 -13"><span class='ocrx_word' id='word_1_283' title='bbox 183 3705 578 3761; x_wconf 86' lang='lat' dir='ltr'><strong>dormientibus</strong></span> <span class='ocrx_word' id='word_1_284' title='bbox 614 3703 920 3760; x_wconf 86' lang='lat' dir='ltr'><strong>contristari</strong></span> <span class='ocrx_word' id='word_1_285' title='bbox 948 3703 1187 3774; x_wconf 77' lang='lat' dir='ltr'><strong>Apostoli</strong></span> <span class='ocrx_word' id='word_1_286' title='bbox 1226 3717 1360 3757; x_wconf 84' lang='lat' dir='ltr'><strong>voce</strong></span> <span class='ocrx_word' id='word_1_287' title='bbox 1385 3701 1766 3771; x_wconf 90' lang='lat' dir='ltr'><strong>prohibemur,</strong></span> 
     </span>
    </p>
   </div>
   <div class='ocr_carea' id='block_1_39' title="bbox 190 3791 1770 3860">
    <p class='ocr_par' dir='ltr' id='par_1_39' title="bbox 190 3791 1770 3860">
     <span class='ocr_line' id='line_1_39' title="bbox 190 3791 1770 3860; baseline -0.003 -10"><span class='ocrx_word' id='word_1_288' title='bbox 190 3806 240 3851; x_wconf 87' lang='lat' dir='ltr'><strong>et</strong></span> <span class='ocrx_word' id='word_1_289' title='bbox 303 3795 467 3849; x_wconf 87' lang='lat' dir='ltr'><strong>nimia</strong></span> <span class='ocrx_word' id='word_1_290' title='bbox 521 3793 604 3846; x_wconf 90' lang='lat' dir='ltr'><strong>vis</strong></span> <span class='ocrx_word' id='word_1_291' title='bbox 655 3792 904 3847; x_wconf 70' lang='lat' dir='ltr'><strong>maeroris</strong></span> <span class='ocrx_word' id='word_1_292' title='bbox 948 3792 1071 3845; x_wconf 69' lang='lat' dir='ltr'><strong>laeto</strong></span> <span class='ocrx_word' id='word_1_293' title='bbox 1121 3791 1533 3860; x_wconf 83' lang='lat' dir='ltr'><strong>superveniente</strong></span> <span class='ocrx_word' id='word_1_294' title='bbox 1581 3793 1770 3846; x_wconf 91' lang='lat' dir='ltr'><strong>nuntio</strong></span> 
     </span>
    </p>
   </div>
   <div class='ocr_carea' id='block_1_40' title="bbox 185 3880 1768 3956">
    <p class='ocr_par' dir='ltr' id='par_1_40' title="bbox 185 3880 1768 3956">
     <span class='ocr_line' id='line_1_40' title="bbox 185 3880 1768 3956; baseline -0.003 -16"><span class='ocrx_word' id='word_1_295' title='bbox 185 3893 484 3956; x_wconf 86' lang='lat' dir='ltr'><strong>temperata</strong></span> <span class='ocrx_word' id='word_1_296' title='bbox 527 3892 647 3950; x_wconf 89' lang='lat' dir='ltr'><strong>est,</strong></span> <span class='ocrx_word' id='word_1_297' title='bbox 695 3881 990 3936; x_wconf 85' lang='lat' dir='ltr'><strong>indicamus</strong></span> <span class='ocrx_word' id='word_1_298' title='bbox 1036 3880 1151 3935; x_wconf 75' lang='lat' dir='ltr'><strong>hzec</strong></span> <span class='ocrx_word' id='word_1_299' title='bbox 1203 3881 1336 3946; x_wconf 86' lang='lat' dir='ltr'><strong>tibi,</strong></span> <span class='ocrx_word' id='word_1_300' title='bbox 1377 3892 1434 3936; x_wconf 91' lang='lat' dir='ltr'><strong>ut</strong></span> <span class='ocrx_word' id='word_1_301' title='bbox 1461 3882 1505 3936; x_wconf 88' lang='lat' dir='ltr'><strong>si</strong></span> <span class='ocrx_word' id='word_1_302' title='bbox 1557 3882 1768 3950; x_wconf 87' lang='lat' dir='ltr'><strong>neseis,</strong></span> 
     </span>
    </p>
   </div>
   <div class='ocr_carea' id='block_1_41' title="bbox 184 3971 1565 4045">
    <p class='ocr_par' dir='ltr' id='par_1_41' title="bbox 184 3971 1565 4045">
     <span class='ocr_line' id='line_1_41' title="bbox 184 3971 1565 4045; baseline -0.004 -14"><span class='ocrx_word' id='word_1_303' title='bbox 184 3977 400 4040; x_wconf 83' lang='lat' dir='ltr'><strong>discas;</strong></span> <span class='ocrx_word' id='word_1_304' title='bbox 431 3976 476 4031; x_wconf 88' lang='lat' dir='ltr'><strong>si</strong></span> <span class='ocrx_word' id='word_1_305' title='bbox 503 3984 626 4030; x_wconf 83' lang='lat' dir='ltr'><strong>ante</strong></span> <span class='ocrx_word' id='word_1_306' title='bbox 645 3974 961 4045; x_wconf 85' lang='lat' dir='ltr'><strong>cognovisti,</strong></span> <span class='ocrx_word' id='word_1_307' title='bbox 997 3971 1195 4043; x_wconf 90' lang='lat' dir='ltr'><strong>pariter</strong></span> <span class='ocrx_word' id='word_1_308' title='bbox 1219 3971 1565 4042; x_wconf 87' lang='lat' dir='ltr'><strong>gaudeamus.</strong></span> 
     </span>
    </p>
   </div>
   <div class='ocr_carea' id='block_1_42' title="bbox 247 4063 1772 4136">
    <p class='ocr_par' dir='ltr' id='par_1_42' title="bbox 247 4063 1772 4136">
     <span class='ocr_line' id='line_1_42' title="bbox 247 4063 1772 4136; baseline -0.003 -13"><span class='ocrx_word' id='word_1_309' title='bbox 247 4069 280 4124; x_wconf 70' lang='grc' dir='ltr'><strong><em>ι</em></strong></span> <span class='ocrx_word' id='word_1_310' title='bbox 298 4107 313 4120; x_wconf 90' lang='grc'><strong>.</strong></span> <span class='ocrx_word' id='word_1_311' title='bbox 329 4065 722 4129; x_wconf 77' lang='lat' dir='ltr'><strong>Bonositaudes,</strong></span> <span class='ocrx_word' id='word_1_312' title='bbox 743 4074 790 4119; x_wconf 82' lang='lat' dir='ltr'><strong>et</strong></span> <span class='ocrx_word' id='word_1_313' title='bbox 804 4066 912 4136; x_wconf 77' lang='lat' dir='ltr'><strong>ejus</strong></span> <span class='ocrx_word' id='word_1_314' title='bbox 930 4063 1151 4117; x_wconf 81' lang='lat' dir='ltr'><strong>solitudo</strong></span> <span class='ocrx_word' id='word_1_315' title='bbox 1160 4063 1644 4126; x_wconf 88' lang='lat' dir='ltr'><strong>.—Bonosustuus,</strong></span> <span class='ocrx_word' id='word_1_316' title='bbox 1665 4063 1772 4119; x_wconf 90' lang='lat' dir='ltr'><strong>imo</strong></span> 
     </span>
    </p>
   </div>
   <div class='ocr_carea' id='block_1_43' title="bbox 187 4152 1769 4222">
    <p class='ocr_par' dir='ltr' id='par_1_43' title="bbox 187 4152 1769 4222">
     <span class='ocr_line' id='line_1_43' title="bbox 187 4152 1769 4222; baseline -0.002 -12"><span class='ocrx_word' id='word_1_317' title='bbox 187 4168 242 4213; x_wconf 92' lang='lat' dir='ltr'><strong>ut</strong></span> <span class='ocrx_word' id='word_1_318' title='bbox 256 4156 447 4213; x_wconf 90' lang='lat' dir='ltr'><strong>verius</strong></span> <span class='ocrx_word' id='word_1_319' title='bbox 467 4155 664 4218; x_wconf 88' lang='lat' dir='ltr'><strong>dicam,</strong></span> <span class='ocrx_word' id='word_1_320' title='bbox 684 4163 891 4220; x_wconf 88' lang='lat' dir='ltr'><strong>noster,</strong></span> <span class='ocrx_word' id='word_1_321' title='bbox 909 4152 1104 4207; x_wconf 89' lang='lat' dir='ltr'><strong>scalam</strong></span> <span class='ocrx_word' id='word_1_322' title='bbox 1119 4160 1464 4222; x_wconf 71' lang='lat' dir='ltr'><strong>prmsagatam</strong></span> <span class='ocrx_word' id='word_1_323' title='bbox 1491 4167 1663 4218; x_wconf 91' lang='lat' dir='ltr'><strong>meus,</strong></span> <span class='ocrx_word' id='word_1_324' title='bbox 1695 4161 1769 4218; x_wconf 91' lang='lat' dir='ltr'><strong>et,</strong></span> 
     </span>
    </p>
   </div>
   <div class='ocr_carea' id='block_1_44' title="bbox 187 4243 1774 4314">
    <p class='ocr_par' dir='ltr' id='par_1_44' title="bbox 187 4243 1774 4314">
     <span class='ocr_line' id='line_1_44' title="bbox 187 4243 1774 4314; baseline -0.003 -11"><span class='ocrx_word' id='word_1_325' title='bbox 187 4248 353 4304; x_wconf 72' lang='lat' dir='ltr'><strong>Iacob</strong></span> <span class='ocrx_word' id='word_1_326' title='bbox 371 4244 790 4314; x_wconf 87' lang='lat' dir='ltr'><strong>somniantejam</strong></span> <span class='ocrx_word' id='word_1_327' title='bbox 807 4243 1016 4298; x_wconf 87' lang='lat' dir='ltr'><strong>scandit</strong></span> <span class='ocrx_word' id='word_1_328' title='bbox 1035 4259 1048 4296; x_wconf 89' lang='lat'><strong>:</strong></span> <span class='ocrx_word' id='word_1_329' title='bbox 1070 4251 1245 4312; x_wconf 89' lang='lat' dir='ltr'><strong>portat</strong></span> <span class='ocrx_word' id='word_1_330' title='bbox 1261 4257 1474 4297; x_wconf 91' lang='lat' dir='ltr'><strong>crucem</strong></span> <span class='ocrx_word' id='word_1_331' title='bbox 1485 4258 1656 4309; x_wconf 90' lang='lat' dir='ltr'><strong>suam,</strong></span> <span class='ocrx_word' id='word_1_332' title='bbox 1675 4258 1774 4299; x_wconf 89' lang='lat' dir='ltr'><strong>nec</strong></span> 
     </span>
    </p>
   </div>
   <div class='ocr_carea' id='block_1_45' title="bbox 190 4333 1775 4406">
    <p class='ocr_par' dir='ltr' id='par_1_45' title="bbox 190 4333 1775 4406">
     <span class='ocr_line' id='line_1_45' title="bbox 190 4333 1775 4406; baseline -0.002 -13"><span class='ocrx_word' id='word_1_333' title='bbox 190 4338 252 4395; x_wconf 83' lang='lat' dir='ltr'><strong>de</strong></span> <span class='ocrx_word' id='word_1_334' title='bbox 270 4339 513 4395; x_wconf 84' lang='lat' dir='ltr'><strong>crastino</strong></span> <span class='ocrx_word' id='word_1_335' title='bbox 535 4335 754 4406; x_wconf 88' lang='lat' dir='ltr'><strong>cogitat,</strong></span> <span class='ocrx_word' id='word_1_336' title='bbox 778 4349 876 4390; x_wconf 88' lang='lat' dir='ltr'><strong>nec</strong></span> <span class='ocrx_word' id='word_1_337' title='bbox 898 4341 1020 4405; x_wconf 89' lang='lat' dir='ltr'><strong>post</strong></span> <span class='ocrx_word' id='word_1_338' title='bbox 1043 4342 1245 4402; x_wconf 88' lang='lat' dir='ltr'><strong>tergum</strong></span> <span class='ocrx_word' id='word_1_339' title='bbox 1267 4333 1500 4403; x_wconf 79' lang='lat' dir='ltr'><strong>reSpicit.</strong></span> <span class='ocrx_word' id='word_1_340' title='bbox 1535 4333 1775 4390; x_wconf 84' lang='lat' dir='ltr'><strong>Seminat</strong></span> 
     </span>
    </p>
   </div>
   <div class='ocr_carea' id='block_1_46' title="bbox 193 4425 1770 4501">
    <p class='ocr_par' dir='ltr' id='par_1_46' title="bbox 193 4425 1770 4501">
     <span class='ocr_line' id='line_1_46' title="bbox 193 4425 1770 4501; baseline -0.003 -17"><span class='ocrx_word' id='word_1_341' title='bbox 193 4431 244 4485; x_wconf 89' lang='lat' dir='ltr'><strong>in</strong></span> <span class='ocrx_word' id='word_1_342' title='bbox 268 4430 546 4501; x_wconf 84' lang='lat' dir='ltr'><strong>lacrymis,</strong></span> <span class='ocrx_word' id='word_1_343' title='bbox 567 4437 627 4482; x_wconf 95' lang='lat' dir='ltr'><strong>ut</strong></span> <span class='ocrx_word' id='word_1_344' title='bbox 643 4429 694 4481; x_wconf 93' lang='lat' dir='ltr'><strong>in</strong></span> <span class='ocrx_word' id='word_1_345' title='bbox 722 4426 913 4497; x_wconf 86' lang='lat' dir='ltr'><strong>gaudio</strong></span> <span class='ocrx_word' id='word_1_346' title='bbox 939 4433 1122 4481; x_wconf 89' lang='lat' dir='ltr'><strong>metat.</strong></span> <span class='ocrx_word' id='word_1_347' title='bbox 1145 4425 1213 4479; x_wconf 88' lang='lat' dir='ltr'><strong>Et</strong></span> <span class='ocrx_word' id='word_1_348' title='bbox 1237 4434 1572 4480; x_wconf 83' lang='lat' dir='ltr'><strong>sacramento</strong></span> <span class='ocrx_word' id='word_1_349' title='bbox 1586 4425 1770 4497; x_wconf 80' lang='lat' dir='ltr'><strong>Moysi,</strong></span> 
     </span>
    </p>
   </div>
   <div class='ocr_carea' id='block_1_47' title="bbox 193 4513 1776 4596">
    <p class='ocr_par' dir='ltr' id='par_1_47' title="bbox 193 4513 1776 4596">
     <span class='ocr_line' id='line_1_47' title="bbox 193 4513 1776 4596; baseline -0.003 -22"><span class='ocrx_word' id='word_1_350' title='bbox 193 4529 496 4591; x_wconf 82' lang='lat' dir='ltr'><strong>serpentem</strong></span> <span class='ocrx_word' id='word_1_351' title='bbox 523 4517 575 4572; x_wconf 92' lang='lat' dir='ltr'><strong>in</strong></span> <span class='ocrx_word' id='word_1_352' title='bbox 602 4531 787 4572; x_wconf 91' lang='lat' dir='ltr'><strong>eremo</strong></span> <span class='ocrx_word' id='word_1_353' title='bbox 815 4514 1090 4586; x_wconf 90' lang='lat' dir='ltr'><strong>suspendit</strong></span> <span class='ocrx_word' id='word_1_354' title='bbox 1118 4513 1307 4596; x_wconf 77' lang='lat' dir='ltr'><strong>(Nam.</strong></span> <span class='ocrx_word' id='word_1_355' title='bbox 1344 4515 1433 4568; x_wconf 80' lang='grc'><strong>21.</strong></span> <span class='ocrx_word' id='word_1_356' title='bbox 1468 4513 1546 4586; x_wconf 91' lang='lat'><strong>9).</strong></span> <span class='ocrx_word' id='word_1_357' title='bbox 1573 4515 1776 4570; x_wconf 88' lang='lat' dir='ltr'><strong>Cedant</strong></span> 
     </span>
    </p>
   </div>
   <div class='ocr_carea' id='block_1_48' title="bbox 193 4607 1773 4678">
    <p class='ocr_par' dir='ltr' id='par_1_48' title="bbox 193 4607 1773 4678">
     <span class='ocr_line' id='line_1_48' title="bbox 193 4607 1773 4678; baseline -0.003 -13"><span class='ocrx_word' id='word_1_358' title='bbox 193 4614 315 4670; x_wconf 85' lang='lat' dir='ltr'><strong>huic</strong></span> <span class='ocrx_word' id='word_1_359' title='bbox 343 4611 578 4674; x_wconf 81' lang='lat' dir='ltr'><strong>veritati,</strong></span> <span class='ocrx_word' id='word_1_360' title='bbox 613 4617 721 4664; x_wconf 86' lang='lat' dir='ltr'><strong>tam</strong></span> <span class='ocrx_word' id='word_1_361' title='bbox 749 4608 936 4664; x_wconf 68' lang='lat' dir='ltr'><strong>Graeco</strong></span> <span class='ocrx_word' id='word_1_362' title='bbox 961 4622 1117 4677; x_wconf 85' lang='lat' dir='ltr'><strong>quam</strong></span> <span class='ocrx_word' id='word_1_363' title='bbox 1147 4607 1388 4661; x_wconf 82' lang='lat' dir='ltr'><strong>Romano</strong></span> <span class='ocrx_word' id='word_1_364' title='bbox 1421 4607 1590 4678; x_wconf 88' lang='lat' dir='ltr'><strong>stylo,</strong></span> <span class='ocrx_word' id='word_1_365' title='bbox 1620 4621 1773 4661; x_wconf 85' lang='lat' dir='ltr'><strong>men-</strong></span> 
     </span>
    </p>
   </div>
   <div class='ocr_carea' id='block_1_49' title="bbox 191 4698 1777 4770">
    <p class='ocr_par' dir='ltr' id='par_1_49' title="bbox 191 4698 1777 4770">
     <span class='ocr_line' id='line_1_49' title="bbox 191 4698 1777 4770; baseline -0.003 -12"><span class='ocrx_word' id='word_1_366' title='bbox 191 4703 358 4760; x_wconf 85' lang='lat' dir='ltr'><strong>daciis</strong></span> <span class='ocrx_word' id='word_1_367' title='bbox 401 4705 521 4758; x_wconf 87' lang='lat' dir='ltr'><strong>ticta</strong></span> <span class='ocrx_word' id='word_1_368' title='bbox 549 4701 825 4757; x_wconf 86' lang='lat' dir='ltr'><strong>miracula.</strong></span> <span class='ocrx_word' id='word_1_369' title='bbox 857 4700 994 4755; x_wconf 87' lang='lat' dir='ltr'><strong>Ecce</strong></span> <span class='ocrx_word' id='word_1_370' title='bbox 1036 4714 1168 4770; x_wconf 89' lang='lat' dir='ltr'><strong>puer</strong></span> <span class='ocrx_word' id='word_1_371' title='bbox 1208 4698 1446 4754; x_wconf 88' lang='lat' dir='ltr'><strong>honestis</strong></span> <span class='ocrx_word' id='word_1_372' title='bbox 1470 4698 1650 4754; x_wconf 73' lang='lat' dir='ltr'><strong>steculi</strong></span> <span class='ocrx_word' id='word_1_373' title='bbox 1680 4713 1777 4754; x_wconf 90' lang='lat' dir='ltr'><strong>no-</strong></span> 
     </span>
    </p>
   </div>
   <div class='ocr_carea' id='block_1_50' title="bbox 189 4911 1778 5041">
    <p class='ocr_par' dir='ltr' id='par_1_50' title="bbox 189 4911 1778 5041">
     <span class='ocr_line' id='line_1_50' title="bbox 260 4911 1774 4991; baseline -0.005 -23"><span class='ocrx_word' id='word_1_374' title='bbox 260 4918 331 4991; x_wconf 73' lang='lat' dir='ltr'><strong>(a)</strong></span> <span class='ocrx_word' id='word_1_375' title='bbox 358 4918 627 4988; x_wconf 73' lang='lat' dir='ltr'><strong>Innocentii</strong></span> <span class='ocrx_word' id='word_1_376' title='bbox 648 4917 906 4988; x_wconf 89' lang='lat' dir='ltr'><strong>repentina</strong></span> <span class='ocrx_word' id='word_1_377' title='bbox 919 4928 1066 4966; x_wconf 88' lang='lat' dir='ltr'><strong>mors.</strong></span> <span class='ocrx_word' id='word_1_378' title='bbox 1085 4914 1178 4990; x_wconf 76' lang='lat' dir='ltr'><strong>Hic</strong></span> <span class='ocrx_word' id='word_1_379' title='bbox 1201 4914 1331 4963; x_wconf 91' lang='lat' dir='ltr'><strong>idem</strong></span> <span class='ocrx_word' id='word_1_380' title='bbox 1355 4911 1774 4986; x_wconf 76' lang='lat' dir='ltr'><strong>estlnnoccntius,</strong></span> 
     </span>
     <span class='ocr_line' id='line_1_51' title="bbox 189 4975 1778 5041; baseline -0.003 -13"><span class='ocrx_word' id='word_1_381' title='bbox 189 4993 277 5029; x_wconf 79' lang='lat' dir='ltr'><strong>CUI</strong></span> <span class='ocrx_word' id='word_1_382' title='bbox 293 4982 360 5028; x_wconf 90' lang='lat' dir='ltr'><strong>de</strong></span> <span class='ocrx_word' id='word_1_383' title='bbox 383 4978 581 5041; x_wconf 73' lang='lat' dir='ltr'><strong>muliere</strong></span> <span class='ocrx_word' id='word_1_384' title='bbox 601 4986 772 5041; x_wconf 76' lang='lat' dir='ltr'><strong>septies</strong></span> <span class='ocrx_word' id='word_1_385' title='bbox 799 4991 1029 5041; x_wconf 75' lang='lat' dir='ltr'><strong>percussa</strong></span> <span class='ocrx_word' id='word_1_386' title='bbox 1058 4975 1315 5041; x_wconf 71' lang='lat' dir='ltr'><strong>epistolam</strong></span> <span class='ocrx_word' id='word_1_387' title='bbox 1339 4975 1437 5024; x_wconf 88' lang='lat' dir='ltr'><strong>lno.</strong></span> <span class='ocrx_word' id='word_1_388' title='bbox 1469 4975 1510 5022; x_wconf 87' lang='grc'><strong>1.</strong></span> <span class='ocrx_word' id='word_1_389' title='bbox 1535 4977 1778 5036; x_wconf 77' lang='lat' dir='ltr'><strong>inscripsit.</strong></span> 
     </span>
    </p>
   </div>
   <div class='ocr_carea' id='block_1_51' title="bbox 189 5038 1699 5108">
    <p class='ocr_par' dir='ltr' id='par_1_51' title="bbox 189 5038 1699 5108">
     <span class='ocr_line' id='line_1_52' title="bbox 189 5038 1699 5108; baseline -0.004 -18"><span class='ocrx_word' id='word_1_390' title='bbox 189 5041 343 5108; x_wconf 66' lang='lat' dir='ltr'><strong>Hier.</strong></span> <span class='ocrx_word' id='word_1_391' title='bbox 381 5038 748 5108; x_wconf 64' lang='lat' dir='ltr'><strong>etsi_dive_rSum</strong></span> <span class='ocrx_word' id='word_1_392' title='bbox 789 5038 1340 5108; x_wconf 61' lang='lat' dir='ltr'><strong>aliieomminiscantur.</strong></span> <span class='ocrx_word' id='word_1_393' title='bbox 1568 5107 1581 5108; x_wconf 18' lang='lat' dir='ltr'><strong><em>ﬂ</em></strong></span> <span class='ocrx_word' id='word_1_394' title='bbox 1621 5094 1632 5106; x_wconf 45' lang='lat'><em>.</em></span> <span class='ocrx_word' id='word_1_395' title='bbox 1688 5095 1699 5106; x_wconf 45' lang='grc' dir='ltr'><strong><em>ο</em></strong></span> 
     </span>
    </p>
   </div>
   <div class='ocr_carea' id='block_1_52' title="bbox 262 5095 1778 5165">
    <p class='ocr_par' dir='ltr' id='par_1_52' title="bbox 262 5095 1778 5165">
     <span class='ocr_line' id='line_1_53' title="bbox 262 5095 1778 5165; baseline -0.004 -16"><span class='ocrx_word' id='word_1_396' title='bbox 262 5100 332 5165; x_wconf 74' lang='lat' dir='ltr'><strong>(b)</strong></span> <span class='ocrx_word' id='word_1_397' title='bbox 374 5099 577 5159; x_wconf 85' lang='lat' dir='ltr'><strong>Quidam</strong></span> <span class='ocrx_word' id='word_1_398' title='bbox 594 5099 788 5165; x_wconf 70' lang='lat' dir='ltr'><strong>Erasmo</strong></span> <span class='ocrx_word' id='word_1_399' title='bbox 810 5101 1112 5165; x_wconf 79' lang='lat' dir='ltr'><strong>antiquiores</strong></span> <span class='ocrx_word' id='word_1_400' title='bbox 1133 5097 1251 5165; x_wconf 71' lang='lat' dir='ltr'><strong>editi</strong></span> <span class='ocrx_word' id='word_1_401' title='bbox 1275 5101 1372 5146; x_wconf 81' lang='lat' dir='ltr'><strong>toto</strong></span> <span class='ocrx_word' id='word_1_402' title='bbox 1527 5095 1778 5154; x_wconf 68' lang='lat' dir='ltr'><strong>carissimo</strong></span> 
     </span>
    </p>
   </div>
   <div class='ocr_carea' id='block_1_53' title="bbox 189 5156 1528 5228">
    <p class='ocr_par' dir='ltr' id='par_1_53' title="bbox 189 5156 1528 5228">
     <span class='ocr_line' id='line_1_54' title="bbox 189 5156 1528 5228; baseline -0.004 -18"><span class='ocrx_word' id='word_1_403' title='bbox 189 5156 476 5228; x_wconf 49' lang='lat' dir='ltr'><strong>[adtinget</strong></span> <span class='ocrx_word' id='word_1_404' title='bbox 500 5173 611 5228; x_wconf 66' lang='lat' dir='ltr'><strong>mox</strong></span> <span class='ocrx_word' id='word_1_405' title='bbox 633 5159 852 5228; x_wconf 67' lang='lat' dir='ltr'><strong>inﬁrmus</strong></span> <span class='ocrx_word' id='word_1_406' title='bbox 874 5156 1068 5228; x_wconf 70' lang='lat' dir='ltr'><strong>quidem</strong></span> <span class='ocrx_word' id='word_1_407' title='bbox 1089 5157 1154 5207; x_wconf 87' lang='lat' dir='ltr'><strong>ad</strong></span> <span class='ocrx_word' id='word_1_408' title='bbox 1179 5156 1406 5228; x_wconf 60' lang='lat' dir='ltr'><strong>iuberem,</strong></span> <span class='ocrx_word' id='word_1_409' title='bbox 1432 5163 1528 5227; x_wconf 79' lang='lat' dir='ltr'><strong>etc.</strong></span> 
     </span>
    </p>
   </div>
   <div class='ocr_carea' id='block_1_54' title="bbox 262 5215 1777 5287">
    <p class='ocr_par' dir='ltr' id='par_1_54' title="bbox 262 5215 1777 5287">
     <span class='ocr_line' id='line_1_55' title="bbox 262 5215 1777 5287; baseline -0.007 -15"><span class='ocrx_word' id='word_1_410' title='bbox 262 5222 332 5287; x_wconf 86' lang='lat' dir='ltr'><strong>(c)</strong></span> <span class='ocrx_word' id='word_1_411' title='bbox 359 5215 529 5287; x_wconf 77' lang='lat' dir='ltr'><strong>Editor</strong></span> <span class='ocrx_word' id='word_1_412' title='bbox 546 5215 1087 5287; x_wconf 74' lang='lat' dir='ltr'><strong>Benedictinus&#39;smtctte</strong></span> <span class='ocrx_word' id='word_1_413' title='bbox 1102 5218 1338 5287; x_wconf 72' lang='lat' dir='ltr'><strong>Meltmiaz,</strong></span> <span class='ocrx_word' id='word_1_414' title='bbox 1353 5217 1519 5287; x_wconf 77' lang='lat' dir='ltr'><strong>verius</strong></span> <span class='ocrx_word' id='word_1_415' title='bbox 1533 5223 1696 5287; x_wconf 75' lang='lat' dir='ltr'><strong>tamen</strong></span> <span class='ocrx_word' id='word_1_416' title='bbox 1711 5215 1777 5263; x_wconf 87' lang='lat' dir='ltr'><strong>le-</strong></span> 
     </span>
    </p>
   </div>
   <div class='ocr_carea' id='block_1_55' title="bbox 227 5276 1776 5342">
    <p class='ocr_par' dir='ltr' id='par_1_55' title="bbox 227 5276 1776 5342">
     <span class='ocr_line' id='line_1_56' title="bbox 227 5276 1776 5342; baseline -0.008 -7"><span class='ocrx_word' id='word_1_417' title='bbox 227 5276 410 5334; x_wconf 73' lang='lat' dir='ltr'><strong>endum</strong></span> <span class='ocrx_word' id='word_1_418' title='bbox 428 5281 639 5342; x_wconf 77' lang='lat' dir='ltr'><strong>Melanii,</strong></span> <span class='ocrx_word' id='word_1_419' title='bbox 659 5291 714 5332; x_wconf 90' lang='lat' dir='ltr'><strong>ut</strong></span> <span class='ocrx_word' id='word_1_420' title='bbox 736 5283 1002 5341; x_wconf 91' lang='lat' dir='ltr'><strong>edidimus;</strong></span> <span class='ocrx_word' id='word_1_421' title='bbox 1028 5293 1121 5342; x_wconf 87' lang='lat' dir='ltr'><strong>non</strong></span> <span class='ocrx_word' id='word_1_422' title='bbox 1145 5285 1308 5342; x_wconf 66' lang='lat' dir='ltr'><strong>tamen</strong></span> <span class='ocrx_word' id='word_1_423' title='bbox 1325 5276 1506 5336; x_wconf 80' lang='lat' dir='ltr'><strong>Sancti,</strong></span> <span class='ocrx_word' id='word_1_424' title='bbox 1523 5283 1578 5342; x_wconf 88' lang='lat' dir='ltr'><strong>ut</strong></span> <span class='ocrx_word' id='word_1_425' title='bbox 1601 5276 1776 5342; x_wconf 72' lang='lat' dir='ltr'><strong>vitiose</strong></span> 
     </span>
    </p>
   </div>
   <div class='ocr_carea' id='block_1_56' title="bbox 255 5335 1773 5407">
    <p class='ocr_par' dir='ltr' id='par_1_56' title="bbox 255 5335 1773 5407">
     <span class='ocr_line' id='line_1_57' title="bbox 255 5335 1773 5407; baseline -0.009 -11"><span class='ocrx_word' id='word_1_426' title='bbox 255 5349 379 5396; x_wconf 88' lang='lat' dir='ltr'><strong>bent</strong></span> <span class='ocrx_word' id='word_1_427' title='bbox 417 5335 637 5407; x_wconf 78' lang='lat' dir='ltr'><strong>veteres</strong></span> <span class='ocrx_word' id='word_1_428' title='bbox 659 5344 797 5407; x_wconf 84' lang='lat' dir='ltr'><strong>editi.</strong></span> <span class='ocrx_word' id='word_1_429' title='bbox 832 5343 914 5392; x_wconf 90' lang='lat' dir='ltr'><strong>Sio</strong></span> <span class='ocrx_word' id='word_1_430' title='bbox 947 5335 1431 5407; x_wconf 66' lang='lat' dir='ltr'><strong>apud_S._Paulinu_m</strong></span> <span class='ocrx_word' id='word_1_431' title='bbox 1465 5335 1656 5407; x_wconf 72' lang='lat' dir='ltr'><strong>epistol.</strong></span> <span class='ocrx_word' id='word_1_432' title='bbox 1691 5337 1773 5407; x_wconf 50' lang='lat' dir='ltr'><strong>at.</strong></span> 
     </span>
    </p>
   </div>
   <div class='ocr_carea' id='block_1_57' title="bbox 189 5399 1778 5469">
    <p class='ocr_par' dir='ltr' id='par_1_57' title="bbox 189 5399 1778 5469">
     <span class='ocr_line' id='line_1_58' title="bbox 189 5399 1778 5469; baseline -0.009 -11"><span class='ocrx_word' id='word_1_433' title='bbox 189 5415 367 5469; x_wconf 69' lang='lat' dir='ltr'><strong>Sancta</strong></span> <span class='ocrx_word' id='word_1_434' title='bbox 391 5405 626 5469; x_wconf 68' lang='lat' dir='ltr'><strong>Melania:</strong></span> <span class='ocrx_word' id='word_1_435' title='bbox 647 5406 822 5469; x_wconf 78' lang='lat' dir='ltr'><strong>dicitur</strong></span> <span class='ocrx_word' id='word_1_436' title='bbox 845 5411 896 5454; x_wconf 92' lang='lat' dir='ltr'><strong>et</strong></span> <span class='ocrx_word' id='word_1_437' title='bbox 915 5399 1214 5469; x_wconf 38' lang='grc' dir='ltr'><strong>ψελίοις-29.</strong></span> <span class='ocrx_word' id='word_1_438' title='bbox 1242 5404 1427 5469; x_wconf 60' lang='grc' dir='ltr'><strong>εαῃειῳ</strong></span> <span class='ocrx_word' id='word_1_439' title='bbox 1459 5399 1673 5469; x_wconf 43' lang='lat' dir='ltr'><strong>fortuna;</strong></span> <span class='ocrx_word' id='word_1_440' title='bbox 1684 5404 1778 5445; x_wconf 78' lang='lat' dir='ltr'><strong>Me-</strong></span> 
     </span>
    </p>
   </div>
   <div class='ocr_carea' id='block_1_58' title="bbox 190 5456 1778 5519">
    <p class='ocr_par' dir='ltr' id='par_1_58' title="bbox 190 5456 1778 5519">
     <span class='ocr_line' id='line_1_59' title="bbox 190 5456 1778 5519; baseline -0.011 1"><span class='ocrx_word' id='word_1_441' title='bbox 190 5456 326 5519; x_wconf 81' lang='lat' dir='ltr'><strong>lanii.</strong></span> <span class='ocrx_word' id='word_1_442' title='bbox 352 5456 556 5519; x_wconf 73' lang='lat' dir='ltr'><strong>scilicet</strong></span> <span class='ocrx_word' id='word_1_443' title='bbox 589 5469 638 5516; x_wconf 90' lang='lat' dir='ltr'><strong>in</strong></span> <span class='ocrx_word' id='word_1_444' title='bbox 673 5464 776 5516; x_wconf 84' lang='lat' dir='ltr'><strong>ium</strong></span> <span class='ocrx_word' id='word_1_445' title='bbox 798 5456 991 5514; x_wconf 68' lang='lat' dir='ltr'><strong>nomina</strong></span> <span class='ocrx_word' id='word_1_446' title='bbox 1014 5460 1270 5511; x_wconf 87' lang='lat' dir='ltr'><strong>mulierum</strong></span> <span class='ocrx_word' id='word_1_447' title='bbox 1287 5456 1778 5519; x_wconf 80' lang='lat' dir='ltr'><strong>diminutivaeﬂ&#39;ere-</strong></span> 
     </span>
    </p>
   </div>
   <div class='ocr_carea' id='block_1_59' title="bbox 189 5517 1779 5592">
    <p class='ocr_par' dir='ltr' id='par_1_59' title="bbox 189 5517 1779 5592">
     <span class='ocr_line' id='line_1_60' title="bbox 189 5517 1779 5592; baseline -0.008 -14"><span class='ocrx_word' id='word_1_448' title='bbox 189 5517 387 5592; x_wconf 59' lang='lat' dir='ltr'><strong>bantur.</strong></span> <span class='ocrx_word' id='word_1_449' title='bbox 409 5529 493 5579; x_wconf 87' lang='lat' dir='ltr'><strong>Sic</strong></span> <span class='ocrx_word' id='word_1_450' title='bbox 515 5526 770 5592; x_wconf 76' lang='lat' dir='ltr'><strong>Eubulium</strong></span> <span class='ocrx_word' id='word_1_451' title='bbox 793 5527 1017 5592; x_wconf 77' lang='lat' dir='ltr'><strong>invenies</strong></span> <span class='ocrx_word' id='word_1_452' title='bbox 1040 5535 1124 5585; x_wconf 84' lang='lat' dir='ltr'><strong>pro</strong></span> <span class='ocrx_word' id='word_1_453' title='bbox 1144 5517 1322 5592; x_wconf 79' lang='lat' dir='ltr'><strong>_t-:_u_bol_e</strong></span> <span class='ocrx_word' id='word_1_454' title='bbox 1338 5557 1351 5578; x_wconf 92' lang='lat'><strong>,</strong></span> <span class='ocrx_word' id='word_1_455' title='bbox 1365 5517 1779 5592; x_wconf 51' lang='lat' dir='ltr'><strong>&quot;Gregorigunpro</strong></span> 
     </span>
    </p>
   </div>
   <div class='ocr_carea' id='block_1_60' title="bbox 187 5577 1780 5662">
    <p class='ocr_par' dir='ltr' id='par_1_60' title="bbox 187 5577 1780 5662">
     <span class='ocr_line' id='line_1_61' title="bbox 187 5577 1780 5662; baseline 0 0"><span class='ocrx_word' id='word_1_456' title='bbox 187 5577 1008 5662; x_wconf 49' lang='grc' dir='ltr'><strong>ρνέςδνξαίνεηιιθιίεεξξφ,ςυρψ</strong></span> <span class='ocrx_word' id='word_1_457' title='bbox 1031 5577 1157 5654; x_wconf 59' lang='lat' dir='ltr'><strong>and</strong></span> <span class='ocrx_word' id='word_1_458' title='bbox 1180 5577 1780 5662; x_wconf 55' lang='lat' dir='ltr'><strong>mserer-gemes&quot;-</strong></span> 
     </span>
    </p>
   </div>
   <div class='ocr_carea' id='block_1_61' title="bbox 188 5641 1776 5716">
    <p class='ocr_par' dir='ltr' id='par_1_61' title="bbox 188 5641 1776 5716">
     <span class='ocr_line' id='line_1_62' title="bbox 188 5641 1776 5716; baseline 0.001 -1"><span class='ocrx_word' id='word_1_459' title='bbox 188 5641 652 5716; x_wconf 63' lang='lat' dir='ltr'><strong>tP§_SymPOSi0-.</strong></span> <span class='ocrx_word' id='word_1_460' title='bbox 675 5648 872 5716; x_wconf 67' lang='grc' dir='ltr'><strong>,ρηιίιιο</strong></span> <span class='ocrx_word' id='word_1_461' title='bbox 899 5641 1193 5716; x_wconf 59' lang='lat' dir='ltr'><strong>peccem.</strong></span> <span class='ocrx_word' id='word_1_462' title='bbox 1222 5641 1776 5716; x_wconf 54' lang='grc' dir='ltr'><strong>νημανίωπρετριίειςςει</strong></span> 
     </span>
    </p>
   </div>
   <div class='ocr_carea' id='block_1_62' title="bbox 189 5697 1781 5773">
    <p class='ocr_par' dir='ltr' id='par_1_62' title="bbox 189 5697 1781 5773">
     <span class='ocr_line' id='line_1_63' title="bbox 189 5697 1781 5773; baseline -0.006 -15"><span class='ocrx_word' id='word_1_463' title='bbox 189 5697 539 5773; x_wconf 51' lang='grc' dir='ltr'><strong>λάριῇῇῇὰῖνὶ</strong></span> <span class='ocrx_word' id='word_1_464' title='bbox 552 5697 1011 5773; x_wconf 53' lang='grc' dir='ltr'><strong>ξξίιιήζρεωῃᾳῄηῖῇ,</strong></span> <span class='ocrx_word' id='word_1_465' title='bbox 1053 5697 1446 5773; x_wconf 58' lang='lat' dir='ltr'><strong>Philomathiam,</strong></span> <span class='ocrx_word' id='word_1_466' title='bbox 1480 5708 1626 5764; x_wconf 81' lang='lat' dir='ltr'><strong>atque</strong></span> <span class='ocrx_word' id='word_1_467' title='bbox 1666 5697 1781 5749; x_wconf 87' lang='lat' dir='ltr'><strong>alias</strong></span> 
     </span>
    </p>
   </div>
   <div class='ocr_carea' id='block_1_63' title="bbox 188 5763 1523 5834">
    <p class='ocr_par' dir='ltr' id='par_1_63' title="bbox 188 5763 1523 5834">
     <span class='ocr_line' id='line_1_64' title="bbox 188 5763 1523 5834; baseline -0.007 -13"><span class='ocrx_word' id='word_1_468' title='bbox 188 5763 479 5834; x_wconf 79' lang='lat' dir='ltr'><strong>quibusdam</strong></span> <span class='ocrx_word' id='word_1_469' title='bbox 505 5763 662 5824; x_wconf 81' lang='lat' dir='ltr'><strong>veluti</strong></span> <span class='ocrx_word' id='word_1_470' title='bbox 684 5768 928 5820; x_wconf 85' lang='lat' dir='ltr'><strong>blanditiis</strong></span> <span class='ocrx_word' id='word_1_471' title='bbox 950 5763 1128 5828; x_wconf 62' lang='lat' dir='ltr'><strong>linguae</strong></span> <span class='ocrx_word' id='word_1_472' title='bbox 1151 5768 1220 5816; x_wconf 85' lang='lat' dir='ltr'><strong>sic</strong></span> <span class='ocrx_word' id='word_1_473' title='bbox 1243 5763 1523 5830; x_wconf 85' lang='lat' dir='ltr'><strong>appellatas.</strong></span> 
     </span>
    </p>
   </div>
   <div class='ocr_carea' id='block_1_64' title="bbox 3334 330 3443 385">
    <p class='ocr_par' dir='ltr' id='par_1_64' title="bbox 3334 330 3443 385">
     <span class='ocr_line' id='line_1_65' title="bbox 3334 330 3443 385; baseline 0 0"><span class='ocrx_word' id='word_1_474' title='bbox 3334 330 3443 385; x_wconf 58' lang='lat'><strong>58$</strong></span> 
     </span>
    </p>
   </div>
   <div class='ocr_carea' id='block_1_65' title="bbox 1864 443 3445 516">
    <p class='ocr_par' dir='ltr' id='par_1_65' title="bbox 1864 443 3445 516">
     <span class='ocr_line' id='line_1_66' title="bbox 1864 443 3445 516; baseline 0.002 -20"><span class='ocrx_word' id='word_1_475' title='bbox 1864 443 2068 497; x_wconf 74' lang='lat' dir='ltr'><strong>hiscum</strong></span> <span class='ocrx_word' id='word_1_476' title='bbox 2111 443 2316 499; x_wconf 87' lang='lat' dir='ltr'><strong>artibus</strong></span> <span class='ocrx_word' id='word_1_477' title='bbox 2359 444 2665 508; x_wconf 90' lang='lat' dir='ltr'><strong>institutus,</strong></span> <span class='ocrx_word' id='word_1_478' title='bbox 2709 445 2792 498; x_wconf 90' lang='lat' dir='ltr'><strong>cui</strong></span> <span class='ocrx_word' id='word_1_479' title='bbox 2824 459 2952 515; x_wconf 82' lang='lat' dir='ltr'><strong>opes</strong></span> <span class='ocrx_word' id='word_1_480' title='bbox 2993 445 3221 511; x_wconf 83' lang='lat' dir='ltr'><strong>affatim,</strong></span> <span class='ocrx_word' id='word_1_481' title='bbox 3270 445 3445 516; x_wconf 87' lang='lat' dir='ltr'><strong>digni-</strong></span> 
     </span>
    </p>
   </div>
   <div class='ocr_carea' id='block_1_66' title="bbox 1865 535 3440 606">
    <p class='ocr_par' dir='ltr' id='par_1_66' title="bbox 1865 535 3440 606">
     <span class='ocr_line' id='line_1_67' title="bbox 1865 535 3440 606; baseline 0.003 -19"><span class='ocrx_word' id='word_1_482' title='bbox 1865 543 1946 587; x_wconf 88' lang='lat' dir='ltr'><strong>tas</strong></span> <span class='ocrx_word' id='word_1_483' title='bbox 1978 536 2054 604; x_wconf 85' lang='lat' dir='ltr'><strong>(d)</strong></span> <span class='ocrx_word' id='word_1_484' title='bbox 2070 535 2312 603; x_wconf 75' lang='lat' dir='ltr'><strong>apprime</strong></span> <span class='ocrx_word' id='word_1_485' title='bbox 2337 535 2474 589; x_wconf 89' lang='lat' dir='ltr'><strong>inter</strong></span> <span class='ocrx_word' id='word_1_486' title='bbox 2498 536 2729 604; x_wconf 72' lang='lat' dir='ltr'><strong>mquales</strong></span> <span class='ocrx_word' id='word_1_487' title='bbox 2753 543 2888 598; x_wconf 87' lang='lat' dir='ltr'><strong>erat,</strong></span> <span class='ocrx_word' id='word_1_488' title='bbox 2916 545 3215 606; x_wconf 85' lang='lat' dir='ltr'><strong>contempta</strong></span> <span class='ocrx_word' id='word_1_489' title='bbox 3240 544 3440 600; x_wconf 75' lang='lat' dir='ltr'><strong>matre,</strong></span> 
     </span>
    </p>
   </div>
   <div class='ocr_carea' id='block_1_67' title="bbox 1865 623 3442 694">
    <p class='ocr_par' dir='ltr' id='par_1_67' title="bbox 1865 623 3442 694">
     <span class='ocr_line' id='line_1_68' title="bbox 1865 623 3442 694; baseline 0.003 -19"><span class='ocrx_word' id='word_1_490' title='bbox 1865 624 2161 687; x_wconf 86' lang='lat' dir='ltr'><strong>sororibus,</strong></span> <span class='ocrx_word' id='word_1_491' title='bbox 2189 634 2244 678; x_wconf 89' lang='lat' dir='ltr'><strong>et</strong></span> <span class='ocrx_word' id='word_1_492' title='bbox 2268 624 2545 678; x_wconf 90' lang='lat' dir='ltr'><strong>carissimo</strong></span> <span class='ocrx_word' id='word_1_493' title='bbox 2574 623 2674 678; x_wconf 88' lang='lat' dir='ltr'><strong>sibi</strong></span> <span class='ocrx_word' id='word_1_494' title='bbox 2703 637 2978 692; x_wconf 87' lang='lat' dir='ltr'><strong>germano,</strong></span> <span class='ocrx_word' id='word_1_495' title='bbox 3009 623 3233 679; x_wconf 87' lang='lat' dir='ltr'><strong>insulam</strong></span> <span class='ocrx_word' id='word_1_496' title='bbox 3257 626 3442 694; x_wconf 86' lang='lat' dir='ltr'><strong>pelago</strong></span> 
     </span>
    </p>
   </div>
   <div class='ocr_carea' id='block_1_68' title="bbox 1865 713 3441 783">
    <p class='ocr_par' dir='ltr' id='par_1_68' title="bbox 1865 713 3441 783">
     <span class='ocr_line' id='line_1_69' title="bbox 1865 713 3441 783; baseline 0.001 -16"><span class='ocrx_word' id='word_1_497' title='bbox 1865 713 2296 768; x_wconf 88' lang='lat' dir='ltr'><strong>circumsonante</strong></span> <span class='ocrx_word' id='word_1_498' title='bbox 2317 713 2644 783; x_wconf 83' lang='lat' dir='ltr'><strong>naufragam,</strong></span> <span class='ocrx_word' id='word_1_499' title='bbox 2672 713 2757 768; x_wconf 93' lang='lat' dir='ltr'><strong>cui</strong></span> <span class='ocrx_word' id='word_1_500' title='bbox 2785 727 2988 780; x_wconf 74' lang='lat' dir='ltr'><strong>aspcrze</strong></span> <span class='ocrx_word' id='word_1_501' title='bbox 3006 723 3194 767; x_wconf 78' lang='lat' dir='ltr'><strong>cautes</strong></span> <span class='ocrx_word' id='word_1_502' title='bbox 3219 724 3272 768; x_wconf 92' lang='lat' dir='ltr'><strong>et</strong></span> <span class='ocrx_word' id='word_1_503' title='bbox 3301 715 3441 768; x_wconf 85' lang='lat' dir='ltr'><strong>nuda</strong></span> 
     </span>
    </p>
   </div>
   <div class='ocr_carea' id='block_1_69' title="bbox 1868 801 3444 872">
    <p class='ocr_par' dir='ltr' id='par_1_69' title="bbox 1868 801 3444 872">
     <span class='ocr_line' id='line_1_70' title="bbox 1868 801 3444 872; baseline -0.001 -15"><span class='ocrx_word' id='word_1_504' title='bbox 1868 817 1994 858; x_wconf 81' lang='lat' dir='ltr'><strong>saxa</strong></span> <span class='ocrx_word' id='word_1_505' title='bbox 2016 812 2072 859; x_wconf 91' lang='lat' dir='ltr'><strong>et</strong></span> <span class='ocrx_word' id='word_1_506' title='bbox 2097 803 2328 858; x_wconf 91' lang='lat' dir='ltr'><strong>solitudo</strong></span> <span class='ocrx_word' id='word_1_507' title='bbox 2355 804 2543 858; x_wconf 84' lang='lat' dir='ltr'><strong>terrori</strong></span> <span class='ocrx_word' id='word_1_508' title='bbox 2577 813 2692 866; x_wconf 85' lang='lat' dir='ltr'><strong>est,</strong></span> <span class='ocrx_word' id='word_1_509' title='bbox 2724 802 2874 872; x_wconf 88' lang='lat' dir='ltr'><strong>quasi</strong></span> <span class='ocrx_word' id='word_1_510' title='bbox 2906 801 3122 872; x_wconf 87' lang='lat' dir='ltr'><strong>quidam</strong></span> <span class='ocrx_word' id='word_1_511' title='bbox 3150 818 3321 857; x_wconf 82' lang='lat' dir='ltr'><strong>novus</strong></span> <span class='ocrx_word' id='word_1_512' title='bbox 3349 819 3444 872; x_wconf 88' lang='lat' dir='ltr'><strong>pa-</strong></span> 
     </span>
    </p>
   </div>
   <div class='ocr_carea' id='block_1_70' title="bbox 1867 895 3442 966">
    <p class='ocr_par' dir='ltr' id='par_1_70' title="bbox 1867 895 3442 966">
     <span class='ocr_line' id='line_1_71' title="bbox 1867 895 3442 966; baseline -0.001 -15"><span class='ocrx_word' id='word_1_513' title='bbox 1867 896 2030 951; x_wconf 90' lang='lat' dir='ltr'><strong>radisi</strong></span> <span class='ocrx_word' id='word_1_514' title='bbox 2060 897 2286 952; x_wconf 87' lang='lat' dir='ltr'><strong>colonus</strong></span> <span class='ocrx_word' id='word_1_515' title='bbox 2317 896 2528 951; x_wconf 89' lang='lat' dir='ltr'><strong>insedit.</strong></span> <span class='ocrx_word' id='word_1_516' title='bbox 2557 895 2743 950; x_wconf 83' lang='lat' dir='ltr'><strong>Nullus</strong></span> <span class='ocrx_word' id='word_1_517' title='bbox 2766 895 2836 949; x_wconf 89' lang='lat' dir='ltr'><strong>ibi</strong></span> <span class='ocrx_word' id='word_1_518' title='bbox 2865 895 3241 966; x_wconf 89' lang='lat' dir='ltr'><strong>agricolarum,</strong></span> <span class='ocrx_word' id='word_1_519' title='bbox 3264 895 3442 950; x_wconf 85' lang='lat' dir='ltr'><strong>nullus</strong></span> 
     </span>
    </p>
   </div>
   <div class='ocr_carea' id='block_1_71' title="bbox 1864 986 3441 1056">
    <p class='ocr_par' dir='ltr' id='par_1_71' title="bbox 1864 986 3441 1056">
     <span class='ocr_line' id='line_1_72' title="bbox 1864 986 3441 1056; baseline -0.001 -16"><span class='ocrx_word' id='word_1_520' title='bbox 1864 987 2242 1042; x_wconf 71' lang='lat' dir='ltr'><strong>blonachorum</strong></span> <span class='ocrx_word' id='word_1_521' title='bbox 2270 1003 2336 1042; x_wconf 92' lang='lat' dir='ltr'><strong>ne</strong></span> <span class='ocrx_word' id='word_1_522' title='bbox 2375 987 2624 1056; x_wconf 85' lang='lat' dir='ltr'><strong>parvulus</strong></span> <span class='ocrx_word' id='word_1_523' title='bbox 2649 986 2881 1055; x_wconf 88' lang='lat' dir='ltr'><strong>quidem,</strong></span> <span class='ocrx_word' id='word_1_524' title='bbox 2906 1001 3064 1056; x_wconf 90' lang='lat' dir='ltr'><strong>quem</strong></span> <span class='ocrx_word' id='word_1_525' title='bbox 3105 986 3265 1050; x_wconf 89' lang='lat' dir='ltr'><strong>nosti,</strong></span> <span class='ocrx_word' id='word_1_526' title='bbox 3297 986 3441 1040; x_wconf 87' lang='lat' dir='ltr'><strong>Onc-</strong></span> 
     </span>
    </p>
   </div>
   <div class='ocr_carea' id='block_1_72' title="bbox 1863 1076 3442 1147">
    <p class='ocr_par' dir='ltr' id='par_1_72' title="bbox 1863 1076 3442 1147">
     <span class='ocr_line' id='line_1_73' title="bbox 1863 1076 3442 1147; baseline -0.001 -15"><span class='ocrx_word' id='word_1_527' title='bbox 1863 1078 2052 1141; x_wconf 85' lang='lat' dir='ltr'><strong>simus,</strong></span> <span class='ocrx_word' id='word_1_528' title='bbox 2082 1092 2188 1147; x_wconf 89' lang='lat' dir='ltr'><strong>quo</strong></span> <span class='ocrx_word' id='word_1_529' title='bbox 2214 1078 2361 1133; x_wconf 85' lang='lat' dir='ltr'><strong>velut</strong></span> <span class='ocrx_word' id='word_1_530' title='bbox 2389 1077 2552 1132; x_wconf 86' lang='lat' dir='ltr'><strong>fratre</strong></span> <span class='ocrx_word' id='word_1_531' title='bbox 2587 1079 2637 1131; x_wconf 93' lang='lat' dir='ltr'><strong>in</strong></span> <span class='ocrx_word' id='word_1_532' title='bbox 2668 1077 2854 1131; x_wconf 90' lang='lat' dir='ltr'><strong>osculo</strong></span> <span class='ocrx_word' id='word_1_533' title='bbox 2880 1076 3152 1131; x_wconf 79' lang='lat' dir='ltr'><strong>fruebatur</strong></span> <span class='ocrx_word' id='word_1_534' title='bbox 3171 1118 3186 1142; x_wconf 89' lang='lat'><strong>,</strong></span> <span class='ocrx_word' id='word_1_535' title='bbox 3217 1078 3269 1130; x_wconf 93' lang='lat' dir='ltr'><strong>in</strong></span> <span class='ocrx_word' id='word_1_536' title='bbox 3297 1086 3442 1131; x_wconf 89' lang='lat' dir='ltr'><strong>tanta</strong></span> 
     </span>
    </p>
   </div>
   <div class='ocr_carea' id='block_1_73' title="bbox 1866 1165 3446 1239">
    <p class='ocr_par' dir='ltr' id='par_1_73' title="bbox 1866 1165 3446 1239">
     <span class='ocr_line' id='line_1_74' title="bbox 1866 1165 3446 1239; baseline -0.001 -19"><span class='ocrx_word' id='word_1_537' title='bbox 1866 1168 2112 1220; x_wconf 81' lang='lat' dir='ltr'><strong>vastitate</strong></span> <span class='ocrx_word' id='word_1_538' title='bbox 2141 1168 2378 1222; x_wconf 71' lang='lat' dir='ltr'><strong>adhaeret</strong></span> <span class='ocrx_word' id='word_1_539' title='bbox 2403 1168 2553 1222; x_wconf 91' lang='lat' dir='ltr'><strong>lateri</strong></span> <span class='ocrx_word' id='word_1_540' title='bbox 2582 1166 2677 1239; x_wconf 84' lang='lat' dir='ltr'><strong>[aL</strong></span> <span class='ocrx_word' id='word_1_541' title='bbox 2703 1165 2872 1239; x_wconf 81' lang='lat' dir='ltr'><strong>alteri]</strong></span> <span class='ocrx_word' id='word_1_542' title='bbox 2918 1182 3120 1222; x_wconf 74' lang='lat' dir='ltr'><strong>comes.</strong></span> <span class='ocrx_word' id='word_1_543' title='bbox 3150 1167 3304 1222; x_wconf 72' lang='lat' dir='ltr'><strong>Solus</strong></span> <span class='ocrx_word' id='word_1_544' title='bbox 3337 1167 3405 1221; x_wconf 90' lang='lat' dir='ltr'><strong>ibi</strong></span> <span class='ocrx_word' id='word_1_545' title='bbox 3431 1207 3446 1229; x_wconf 96' lang='lat'><strong>,</strong></span> 
     </span>
    </p>
   </div>
   <div class='ocr_carea' id='block_1_74' title="bbox 1867 1254 3444 1326">
    <p class='ocr_par' dir='ltr' id='par_1_74' title="bbox 1867 1254 3444 1326">
     <span class='ocr_line' id='line_1_75' title="bbox 1867 1254 3444 1326; baseline 0 -16"><span class='ocrx_word' id='word_1_546' title='bbox 1867 1254 1977 1310; x_wconf 84' lang='lat' dir='ltr'><strong>imo</strong></span> <span class='ocrx_word' id='word_1_547' title='bbox 2005 1256 2115 1324; x_wconf 90' lang='lat' dir='ltr'><strong>jam</strong></span> <span class='ocrx_word' id='word_1_548' title='bbox 2143 1255 2356 1310; x_wconf 87' lang='lat' dir='ltr'><strong>Christo</strong></span> <span class='ocrx_word' id='word_1_549' title='bbox 2383 1257 2670 1312; x_wconf 88' lang='lat' dir='ltr'><strong>comitante</strong></span> <span class='ocrx_word' id='word_1_550' title='bbox 2696 1271 2803 1310; x_wconf 93' lang='lat' dir='ltr'><strong>non</strong></span> <span class='ocrx_word' id='word_1_551' title='bbox 2829 1256 2973 1310; x_wconf 90' lang='lat' dir='ltr'><strong>solus</strong></span> <span class='ocrx_word' id='word_1_552' title='bbox 2995 1297 3010 1323; x_wconf 90' lang='lat'><strong>,</strong></span> <span class='ocrx_word' id='word_1_553' title='bbox 3041 1257 3184 1312; x_wconf 88' lang='lat' dir='ltr'><strong>videt</strong></span> <span class='ocrx_word' id='word_1_554' title='bbox 3219 1257 3444 1326; x_wconf 87' lang='lat' dir='ltr'><strong>gloriam</strong></span> 
     </span>
    </p>
   </div>
   <div class='ocr_carea' id='block_1_75' title="bbox 1869 1347 3442 1417">
    <p class='ocr_par' dir='ltr' id='par_1_75' title="bbox 1869 1347 3442 1417">
     <span class='ocr_line' id='line_1_76' title="bbox 1869 1347 3442 1417; baseline 0.001 -16"><span class='ocrx_word' id='word_1_555' title='bbox 1869 1347 1986 1409; x_wconf 91' lang='lat' dir='ltr'><strong>Dei,</strong></span> <span class='ocrx_word' id='word_1_556' title='bbox 2014 1362 2172 1417; x_wconf 91' lang='lat' dir='ltr'><strong>quam</strong></span> <span class='ocrx_word' id='word_1_557' title='bbox 2194 1349 2356 1402; x_wconf 90' lang='lat' dir='ltr'><strong>etiam</strong></span> <span class='ocrx_word' id='word_1_558' title='bbox 2389 1348 2628 1417; x_wconf 85' lang='lat' dir='ltr'><strong>Apostoli</strong></span> <span class='ocrx_word' id='word_1_559' title='bbox 2651 1388 2668 1413; x_wconf 89' lang='lat'><strong>,</strong></span> <span class='ocrx_word' id='word_1_560' title='bbox 2699 1348 2802 1402; x_wconf 90' lang='lat' dir='ltr'><strong>nisi</strong></span> <span class='ocrx_word' id='word_1_561' title='bbox 2838 1347 2890 1402; x_wconf 89' lang='lat' dir='ltr'><strong>in</strong></span> <span class='ocrx_word' id='word_1_562' title='bbox 2917 1348 3131 1403; x_wconf 87' lang='lat' dir='ltr'><strong>deserto</strong></span> <span class='ocrx_word' id='word_1_563' title='bbox 3157 1364 3262 1402; x_wconf 89' lang='lat' dir='ltr'><strong>non</strong></span> <span class='ocrx_word' id='word_1_564' title='bbox 3294 1348 3442 1402; x_wconf 89' lang='lat' dir='ltr'><strong>vide-</strong></span> 
     </span>
    </p>
   </div>
   <div class='ocr_carea' id='block_1_76' title="bbox 1868 1438 3446 1510">
    <p class='ocr_par' dir='ltr' id='par_1_76' title="bbox 1868 1438 3446 1510">
     <span class='ocr_line' id='line_1_77' title="bbox 1868 1438 3446 1510; baseline -0.001 -17"><span class='ocrx_word' id='word_1_565' title='bbox 1868 1447 2009 1493; x_wconf 87' lang='lat' dir='ltr'><strong>rant.</strong></span> <span class='ocrx_word' id='word_1_566' title='bbox 2057 1438 2172 1494; x_wconf 79' lang='lat' dir='ltr'><strong>Non</strong></span> <span class='ocrx_word' id='word_1_567' title='bbox 2216 1439 2429 1509; x_wconf 88' lang='lat' dir='ltr'><strong>quidem</strong></span> <span class='ocrx_word' id='word_1_568' title='bbox 2473 1439 2735 1510; x_wconf 85' lang='lat' dir='ltr'><strong>conspicit</strong></span> <span class='ocrx_word' id='word_1_569' title='bbox 2783 1440 3004 1494; x_wconf 86' lang='lat' dir='ltr'><strong>turritas</strong></span> <span class='ocrx_word' id='word_1_570' title='bbox 3032 1439 3226 1504; x_wconf 87' lang='lat' dir='ltr'><strong>urbes;</strong></span> <span class='ocrx_word' id='word_1_571' title='bbox 3257 1439 3349 1492; x_wconf 84' lang='lat' dir='ltr'><strong>sed</strong></span> <span class='ocrx_word' id='word_1_572' title='bbox 3392 1439 3446 1492; x_wconf 86' lang='lat' dir='ltr'><strong>ia</strong></span> 
     </span>
    </p>
   </div>
   <div class='ocr_carea' id='block_1_77' title="bbox 1867 1529 3450 1585">
    <p class='ocr_par' dir='ltr' id='par_1_77' title="bbox 1867 1529 3450 1585">
     <span class='ocr_line' id='line_1_78' title="bbox 1867 1529 3450 1585; baseline -0.002 -1"><span class='ocrx_word' id='word_1_573' title='bbox 1867 1545 2019 1584; x_wconf 73' lang='lat' dir='ltr'><strong>novae</strong></span> <span class='ocrx_word' id='word_1_574' title='bbox 2060 1529 2290 1585; x_wconf 80' lang='lat' dir='ltr'><strong>civitatis</strong></span> <span class='ocrx_word' id='word_1_575' title='bbox 2337 1545 2500 1584; x_wconf 89' lang='lat' dir='ltr'><strong>censu</strong></span> <span class='ocrx_word' id='word_1_576' title='bbox 2552 1529 2698 1584; x_wconf 89' lang='lat' dir='ltr'><strong>dedit</strong></span> <span class='ocrx_word' id='word_1_577' title='bbox 2744 1544 2936 1584; x_wconf 91' lang='lat' dir='ltr'><strong>nomen</strong></span> <span class='ocrx_word' id='word_1_578' title='bbox 2983 1545 3160 1584; x_wconf 89' lang='lat' dir='ltr'><strong>suum.</strong></span> <span class='ocrx_word' id='word_1_579' title='bbox 3218 1529 3450 1584; x_wconf 83' lang='lat' dir='ltr'><strong>Horrent</strong></span> 
     </span>
    </p>
   </div>
   <div class='ocr_carea' id='block_1_78' title="bbox 1867 1619 3448 1692">
    <p class='ocr_par' dir='ltr' id='par_1_78' title="bbox 1867 1619 3448 1692">
     <span class='ocr_line' id='line_1_79' title="bbox 1867 1619 3448 1692; baseline -0.001 -17"><span class='ocrx_word' id='word_1_580' title='bbox 1867 1635 2024 1676; x_wconf 82' lang='lat' dir='ltr'><strong>sacco</strong></span> <span class='ocrx_word' id='word_1_581' title='bbox 2045 1621 2282 1675; x_wconf 89' lang='lat' dir='ltr'><strong>membra</strong></span> <span class='ocrx_word' id='word_1_582' title='bbox 2317 1620 2541 1676; x_wconf 90' lang='lat' dir='ltr'><strong>deformi</strong></span> <span class='ocrx_word' id='word_1_583' title='bbox 2569 1619 2660 1692; x_wconf 92' lang='lat' dir='ltr'><strong>[al.</strong></span> <span class='ocrx_word' id='word_1_584' title='bbox 2699 1619 3003 1692; x_wconf 78' lang='lat' dir='ltr'><strong>deformia];</strong></span> <span class='ocrx_word' id='word_1_585' title='bbox 3035 1621 3130 1676; x_wconf 92' lang='lat' dir='ltr'><strong>sed</strong></span> <span class='ocrx_word' id='word_1_586' title='bbox 3155 1621 3233 1675; x_wconf 92' lang='lat' dir='ltr'><strong>sic</strong></span> <span class='ocrx_word' id='word_1_587' title='bbox 3257 1621 3448 1674; x_wconf 83' lang='lat' dir='ltr'><strong>melius</strong></span> 
     </span>
    </p>
   </div>
   <div class='ocr_carea' id='block_1_79' title="bbox 1866 1709 3443 1778">
    <p class='ocr_par' dir='ltr' id='par_1_79' title="bbox 1866 1709 3443 1778">
     <span class='ocr_line' id='line_1_80' title="bbox 1866 1709 3443 1778; baseline -0.002 -15"><span class='ocrx_word' id='word_1_588' title='bbox 1866 1711 2076 1763; x_wconf 86' lang='lat' dir='ltr'><strong>obviam</strong></span> <span class='ocrx_word' id='word_1_589' title='bbox 2097 1709 2314 1765; x_wconf 89' lang='lat' dir='ltr'><strong>Christo</strong></span> <span class='ocrx_word' id='word_1_590' title='bbox 2335 1710 2572 1778; x_wconf 81' lang='lat' dir='ltr'><strong>rapietur</strong></span> <span class='ocrx_word' id='word_1_591' title='bbox 2598 1711 2650 1764; x_wconf 90' lang='lat' dir='ltr'><strong>in</strong></span> <span class='ocrx_word' id='word_1_592' title='bbox 2679 1710 2927 1764; x_wconf 86' lang='lat' dir='ltr'><strong>nubibus.</strong></span> <span class='ocrx_word' id='word_1_593' title='bbox 2958 1709 3111 1764; x_wconf 81' lang='lat' dir='ltr'><strong>Nulla</strong></span> <span class='ocrx_word' id='word_1_594' title='bbox 3138 1710 3443 1778; x_wconf 87' lang='lat' dir='ltr'><strong>euriporum</strong></span> 
     </span>
    </p>
   </div>
   <div class='ocr_carea' id='block_1_80' title="bbox 1865 1797 3446 1868">
    <p class='ocr_par' dir='ltr' id='par_1_80' title="bbox 1865 1797 3446 1868">
     <span class='ocr_line' id='line_1_81' title="bbox 1865 1797 3446 1868; baseline 0.001 -16"><span class='ocrx_word' id='word_1_595' title='bbox 1865 1801 2173 1855; x_wconf 62' lang='lat' dir='ltr'><strong>amoenitate</strong></span> <span class='ocrx_word' id='word_1_596' title='bbox 2202 1797 2651 1868; x_wconf 89' lang='lat' dir='ltr'><strong>perfruitur;sed</strong></span> <span class='ocrx_word' id='word_1_597' title='bbox 2677 1798 2746 1854; x_wconf 86' lang='lat' dir='ltr'><strong>de</strong></span> <span class='ocrx_word' id='word_1_598' title='bbox 2793 1797 2960 1854; x_wconf 89' lang='lat' dir='ltr'><strong>latere</strong></span> <span class='ocrx_word' id='word_1_599' title='bbox 3001 1798 3208 1853; x_wconf 81' lang='lat' dir='ltr'><strong>Domini</strong></span> <span class='ocrx_word' id='word_1_600' title='bbox 3253 1813 3446 1868; x_wconf 87' lang='lat' dir='ltr'><strong>aquam</strong></span> 
     </span>
    </p>
   </div>
   <div class='ocr_carea' id='block_1_81' title="bbox 1866 1890 3446 1965">
    <p class='ocr_par' dir='ltr' id='par_1_81' title="bbox 1866 1890 3446 1965">
     <span class='ocr_line' id='line_1_82' title="bbox 1866 1890 3446 1965; baseline -0.001 -19"><span class='ocrx_word' id='word_1_601' title='bbox 1866 1892 1993 1946; x_wconf 70' lang='lat' dir='ltr'><strong>vitre</strong></span> <span class='ocrx_word' id='word_1_602' title='bbox 2032 1892 2184 1948; x_wconf 88' lang='lat' dir='ltr'><strong>bibit.</strong></span> <span class='ocrx_word' id='word_1_603' title='bbox 2215 1890 2286 1965; x_wconf 81' lang='grc' dir='ltr'><strong>(ε)</strong></span> <span class='ocrx_word' id='word_1_604' title='bbox 2318 1893 2563 1962; x_wconf 84' lang='lat' dir='ltr'><strong>Propone</strong></span> <span class='ocrx_word' id='word_1_605' title='bbox 2592 1891 2707 1946; x_wconf 71' lang='lat' dir='ltr'><strong>hmc</strong></span> <span class='ocrx_word' id='word_1_606' title='bbox 2744 1891 2836 1946; x_wconf 89' lang='lat' dir='ltr'><strong>tibi</strong></span> <span class='ocrx_word' id='word_1_607' title='bbox 2868 1902 2993 1946; x_wconf 87' lang='lat' dir='ltr'><strong>ante</strong></span> <span class='ocrx_word' id='word_1_608' title='bbox 3021 1891 3244 1956; x_wconf 91' lang='lat' dir='ltr'><strong>oculos,</strong></span> <span class='ocrx_word' id='word_1_609' title='bbox 3275 1893 3446 1947; x_wconf 88' lang='lat' dir='ltr'><strong>amice</strong></span> 
     </span>
    </p>
   </div>
   <div class='ocr_carea' id='block_1_82' title="bbox 1864 1983 3448 2053">
    <p class='ocr_par' dir='ltr' id='par_1_82' title="bbox 1864 1983 3448 2053">
     <span class='ocr_line' id='line_1_83' title="bbox 1864 1983 3448 2053; baseline -0.001 -13"><span class='ocrx_word' id='word_1_610' title='bbox 1864 1984 2206 2048; x_wconf 80' lang='lat' dir='ltr'><strong>dulcissime,</strong></span> <span class='ocrx_word' id='word_1_611' title='bbox 2261 1995 2316 2039; x_wconf 91' lang='lat' dir='ltr'><strong>ct</strong></span> <span class='ocrx_word' id='word_1_612' title='bbox 2370 1985 2419 2038; x_wconf 92' lang='lat' dir='ltr'><strong>in</strong></span> <span class='ocrx_word' id='word_1_613' title='bbox 2471 1983 2809 2053; x_wconf 68' lang='lat' dir='ltr'><strong>praesentiam</strong></span> <span class='ocrx_word' id='word_1_614' title='bbox 2853 1984 2931 2038; x_wconf 89' lang='lat' dir='ltr'><strong>rei</strong></span> <span class='ocrx_word' id='word_1_615' title='bbox 2978 1993 3118 2038; x_wconf 91' lang='lat' dir='ltr'><strong>totus</strong></span> <span class='ocrx_word' id='word_1_616' title='bbox 3163 1985 3341 2038; x_wconf 89' lang='lat' dir='ltr'><strong>animo</strong></span> <span class='ocrx_word' id='word_1_617' title='bbox 3384 1999 3448 2039; x_wconf 86' lang='lat' dir='ltr'><strong>ac</strong></span> 
     </span>
    </p>
   </div>
   <div class='ocr_carea' id='block_1_83' title="bbox 1864 2074 3445 2144">
    <p class='ocr_par' dir='ltr' id='par_1_83' title="bbox 1864 2074 3445 2144">
     <span class='ocr_line' id='line_1_84' title="bbox 1864 2074 3445 2144; baseline -0.001 -14"><span class='ocrx_word' id='word_1_618' title='bbox 1864 2085 2043 2130; x_wconf 87' lang='lat' dir='ltr'><strong>mente</strong></span> <span class='ocrx_word' id='word_1_619' title='bbox 2085 2087 2418 2130; x_wconf 78' lang='lat' dir='ltr'><strong>convertere.</strong></span> <span class='ocrx_word' id='word_1_620' title='bbox 2467 2075 2618 2130; x_wconf 82' lang='lat' dir='ltr'><strong>Tunc</strong></span> <span class='ocrx_word' id='word_1_621' title='bbox 2661 2076 2864 2144; x_wconf 84' lang='lat' dir='ltr'><strong>poteris</strong></span> <span class='ocrx_word' id='word_1_622' title='bbox 2901 2074 3120 2130; x_wconf 88' lang='lat' dir='ltr'><strong>laudare</strong></span> <span class='ocrx_word' id='word_1_623' title='bbox 3147 2075 3445 2140; x_wconf 84' lang='lat' dir='ltr'><strong>victoriam,</strong></span> 
     </span>
    </p>
   </div>
   <div class='ocr_carea' id='block_1_84' title="bbox 1864 2165 3448 2235">
    <p class='ocr_par' dir='ltr' id='par_1_84' title="bbox 1864 2165 3448 2235">
     <span class='ocr_line' id='line_1_85' title="bbox 1864 2165 3448 2235; baseline -0.001 -14"><span class='ocrx_word' id='word_1_624' title='bbox 1864 2181 1985 2221; x_wconf 86' lang='lat' dir='ltr'><strong>eum</strong></span> <span class='ocrx_word' id='word_1_625' title='bbox 2037 2166 2274 2221; x_wconf 86' lang='lat' dir='ltr'><strong>laborem</strong></span> <span class='ocrx_word' id='word_1_626' title='bbox 2323 2167 2613 2235; x_wconf 66' lang='lat' dir='ltr'><strong>prwliantis</strong></span> <span class='ocrx_word' id='word_1_627' title='bbox 2639 2166 2941 2235; x_wconf 83' lang='lat' dir='ltr'><strong>agnoveris.</strong></span> <span class='ocrx_word' id='word_1_628' title='bbox 2973 2165 3162 2220; x_wconf 81' lang='lat' dir='ltr'><strong>Totam</strong></span> <span class='ocrx_word' id='word_1_629' title='bbox 3191 2168 3334 2220; x_wconf 92' lang='lat' dir='ltr'><strong>circa</strong></span> <span class='ocrx_word' id='word_1_630' title='bbox 3366 2166 3448 2220; x_wconf 83' lang='lat' dir='ltr'><strong>in.—</strong></span> 
     </span>
    </p>
   </div>
   <div class='ocr_carea' id='block_1_85' title="bbox 1865 2255 3444 2323">
    <p class='ocr_par' dir='ltr' id='par_1_85' title="bbox 1865 2255 3444 2323">
     <span class='ocr_line' id='line_1_86' title="bbox 1865 2255 3444 2323; baseline -0.001 -12"><span class='ocrx_word' id='word_1_631' title='bbox 1865 2257 2037 2311; x_wconf 87' lang='lat' dir='ltr'><strong>sulam</strong></span> <span class='ocrx_word' id='word_1_632' title='bbox 2081 2255 2263 2310; x_wconf 87' lang='lat' dir='ltr'><strong>fretnit</strong></span> <span class='ocrx_word' id='word_1_633' title='bbox 2302 2257 2547 2311; x_wconf 89' lang='lat' dir='ltr'><strong>insanum</strong></span> <span class='ocrx_word' id='word_1_634' title='bbox 2578 2271 2762 2323; x_wconf 90' lang='lat' dir='ltr'><strong>mare,</strong></span> <span class='ocrx_word' id='word_1_635' title='bbox 2813 2267 2867 2312; x_wconf 90' lang='lat' dir='ltr'><strong>et</strong></span> <span class='ocrx_word' id='word_1_636' title='bbox 2908 2257 3138 2311; x_wconf 76' lang='lat' dir='ltr'><strong>sinuosis</strong></span> <span class='ocrx_word' id='word_1_637' title='bbox 3182 2258 3444 2311; x_wconf 86' lang='lat' dir='ltr'><strong>montium</strong></span> 
     </span>
    </p>
   </div>
   <div class='ocr_carea' id='block_1_86' title="bbox 1866 2347 3447 2420">
    <p class='ocr_par' dir='ltr' id='par_1_86' title="bbox 1866 2347 3447 2420">
     <span class='ocr_line' id='line_1_87' title="bbox 1866 2347 3447 2420; baseline 0.002 -18"><span class='ocrx_word' id='word_1_638' title='bbox 1866 2348 2064 2404; x_wconf 89' lang='lat' dir='ltr'><strong>illisum</strong></span> <span class='ocrx_word' id='word_1_639' title='bbox 2091 2349 2326 2419; x_wconf 81' lang='lat' dir='ltr'><strong>scapulis</strong></span> <span class='ocrx_word' id='word_1_640' title='bbox 2349 2363 2531 2418; x_wconf 75' lang='lat' dir='ltr'><strong>aequor</strong></span> <span class='ocrx_word' id='word_1_641' title='bbox 2550 2348 2824 2403; x_wconf 72' lang='lat' dir='ltr'><strong>recLamat.</strong></span> <span class='ocrx_word' id='word_1_642' title='bbox 2849 2347 3008 2403; x_wconf 86' lang='lat' dir='ltr'><strong>Nullo</strong></span> <span class='ocrx_word' id='word_1_643' title='bbox 3035 2356 3177 2404; x_wconf 90' lang='lat' dir='ltr'><strong>terra</strong></span> <span class='ocrx_word' id='word_1_644' title='bbox 3206 2350 3447 2420; x_wconf 78' lang='lat' dir='ltr'><strong>gramine</strong></span> 
     </span>
    </p>
   </div>
   <div class='ocr_carea' id='block_1_87' title="bbox 1865 2441 3448 2513">
    <p class='ocr_par' dir='ltr' id='par_1_87' title="bbox 1865 2441 3448 2513">
     <span class='ocr_line' id='line_1_88' title="bbox 1865 2441 3448 2513; baseline 0.003 -19"><span class='ocrx_word' id='word_1_645' title='bbox 1865 2443 2026 2509; x_wconf 89' lang='lat' dir='ltr'><strong>viret,</strong></span> <span class='ocrx_word' id='word_1_646' title='bbox 2058 2443 2217 2496; x_wconf 90' lang='lat' dir='ltr'><strong>nullis</strong></span> <span class='ocrx_word' id='word_1_647' title='bbox 2293 2444 2398 2513; x_wconf 73' lang='grc'><strong>12</strong></span> <span class='ocrx_word' id='word_1_648' title='bbox 2467 2456 2696 2497; x_wconf 88' lang='lat' dir='ltr'><strong>vernans</strong></span> <span class='ocrx_word' id='word_1_649' title='bbox 2716 2456 2938 2512; x_wconf 84' lang='lat' dir='ltr'><strong>campus</strong></span> <span class='ocrx_word' id='word_1_650' title='bbox 2957 2441 3213 2498; x_wconf 89' lang='lat' dir='ltr'><strong>densatur</strong></span> <span class='ocrx_word' id='word_1_651' title='bbox 3234 2444 3448 2498; x_wconf 86' lang='lat' dir='ltr'><strong>umbra-</strong></span> 
     </span>
    </p>
   </div>
   <div class='ocr_carea' id='block_1_88' title="bbox 1865 2532 3450 2606">
    <p class='ocr_par' dir='ltr' id='par_1_88' title="bbox 1865 2532 3450 2606">
     <span class='ocr_line' id='line_1_89' title="bbox 1865 2532 3450 2606; baseline -0.001 -18"><span class='ocrx_word' id='word_1_652' title='bbox 1865 2533 2017 2588; x_wconf 90' lang='lat' dir='ltr'><strong>culis.</strong></span> <span class='ocrx_word' id='word_1_653' title='bbox 2045 2533 2296 2602; x_wconf 75' lang='lat' dir='ltr'><strong>Abruptaa</strong></span> <span class='ocrx_word' id='word_1_654' title='bbox 2312 2547 2494 2602; x_wconf 91' lang='lat' dir='ltr'><strong>rupes,</strong></span> <span class='ocrx_word' id='word_1_655' title='bbox 2515 2532 2665 2602; x_wconf 91' lang='lat' dir='ltr'><strong>quasi</strong></span> <span class='ocrx_word' id='word_1_656' title='bbox 2686 2533 2965 2603; x_wconf 90' lang='lat' dir='ltr'><strong>quemdam</strong></span> <span class='ocrx_word' id='word_1_657' title='bbox 2979 2532 3199 2589; x_wconf 91' lang='lat' dir='ltr'><strong>horrore</strong></span> <span class='ocrx_word' id='word_1_658' title='bbox 3217 2533 3310 2606; x_wconf 85' lang='lat' dir='ltr'><strong>[aL</strong></span> <span class='ocrx_word' id='word_1_659' title='bbox 3329 2534 3450 2588; x_wconf 79' lang='lat' dir='ltr'><strong>hor-</strong></span> 
     </span>
    </p>
   </div>
   <div class='ocr_carea' id='block_1_89' title="bbox 1865 2621 3448 2695">
    <p class='ocr_par' dir='ltr' id='par_1_89' title="bbox 1865 2621 3448 2695">
     <span class='ocr_line' id='line_1_90' title="bbox 1865 2621 3448 2695; baseline 0.003 -19"><span class='ocrx_word' id='word_1_660' title='bbox 1865 2621 2017 2694; x_wconf 78' lang='lat' dir='ltr'><strong>roris]</strong></span> <span class='ocrx_word' id='word_1_661' title='bbox 2038 2637 2305 2678; x_wconf 88' lang='lat' dir='ltr'><strong>carcerem</strong></span> <span class='ocrx_word' id='word_1_662' title='bbox 2331 2622 2606 2678; x_wconf 89' lang='lat' dir='ltr'><strong>claudunt.</strong></span> <span class='ocrx_word' id='word_1_663' title='bbox 2638 2621 2732 2678; x_wconf 85' lang='lat' dir='ltr'><strong>Ille</strong></span> <span class='ocrx_word' id='word_1_664' title='bbox 2758 2637 3014 2690; x_wconf 89' lang='lat' dir='ltr'><strong>securus,</strong></span> <span class='ocrx_word' id='word_1_665' title='bbox 3044 2624 3360 2695; x_wconf 86' lang='lat' dir='ltr'><strong>intrepidus,</strong></span> <span class='ocrx_word' id='word_1_666' title='bbox 3392 2635 3448 2680; x_wconf 87' lang='lat' dir='ltr'><strong>et</strong></span> 
     </span>
    </p>
   </div>
   <div class='ocr_carea' id='block_1_90' title="bbox 1867 2713 3445 2788">
    <p class='ocr_par' dir='ltr' id='par_1_90' title="bbox 1867 2713 3445 2788">
     <span class='ocr_line' id='line_1_91' title="bbox 1867 2713 3445 2788; baseline 0.004 -19"><span class='ocrx_word' id='word_1_667' title='bbox 1867 2724 2010 2770; x_wconf 91' lang='lat' dir='ltr'><strong>totus</strong></span> <span class='ocrx_word' id='word_1_668' title='bbox 2024 2713 2092 2769; x_wconf 90' lang='lat' dir='ltr'><strong>de</strong></span> <span class='ocrx_word' id='word_1_669' title='bbox 2119 2714 2376 2784; x_wconf 87' lang='lat' dir='ltr'><strong>Apostolo</strong></span> <span class='ocrx_word' id='word_1_670' title='bbox 2403 2723 2638 2770; x_wconf 89' lang='lat' dir='ltr'><strong>armatus</strong></span> <span class='ocrx_word' id='word_1_671' title='bbox 2657 2713 2874 2788; x_wconf 80' lang='lat' dir='ltr'><strong>(Ephes.</strong></span> <span class='ocrx_word' id='word_1_672' title='bbox 2899 2715 2951 2770; x_wconf 85' lang='lat'><strong>6.</strong></span> <span class='ocrx_word' id='word_1_673' title='bbox 2985 2715 3098 2782; x_wconf 81' lang='grc'><strong>16),</strong></span> <span class='ocrx_word' id='word_1_674' title='bbox 3119 2732 3259 2772; x_wconf 82' lang='grc' dir='ltr'><strong>ιιιιηο</strong></span> <span class='ocrx_word' id='word_1_675' title='bbox 3280 2717 3445 2775; x_wconf 88' lang='lat' dir='ltr'><strong>Deum</strong></span> 
     </span>
    </p>
   </div>
   <div class='ocr_carea' id='block_1_91' title="bbox 1863 2806 3442 2878">
    <p class='ocr_par' dir='ltr' id='par_1_91' title="bbox 1863 2806 3442 2878">
     <span class='ocr_line' id='line_1_92' title="bbox 1863 2806 3442 2878; baseline 0.001 -18"><span class='ocrx_word' id='word_1_676' title='bbox 1863 2807 2050 2874; x_wconf 87' lang='lat' dir='ltr'><strong>audit,</strong></span> <span class='ocrx_word' id='word_1_677' title='bbox 2078 2806 2204 2862; x_wconf 93' lang='lat' dir='ltr'><strong>dum</strong></span> <span class='ocrx_word' id='word_1_678' title='bbox 2243 2807 2420 2862; x_wconf 89' lang='lat' dir='ltr'><strong>divina</strong></span> <span class='ocrx_word' id='word_1_679' title='bbox 2449 2807 2670 2878; x_wconf 88' lang='lat' dir='ltr'><strong>relegit,</strong></span> <span class='ocrx_word' id='word_1_680' title='bbox 2703 2823 2843 2863; x_wconf 91' lang='lat' dir='ltr'><strong>nunc</strong></span> <span class='ocrx_word' id='word_1_681' title='bbox 2869 2823 2990 2863; x_wconf 93' lang='lat' dir='ltr'><strong>cum</strong></span> <span class='ocrx_word' id='word_1_682' title='bbox 3035 2807 3148 2865; x_wconf 88' lang='lat' dir='ltr'><strong>Deo</strong></span> <span class='ocrx_word' id='word_1_683' title='bbox 3193 2809 3442 2877; x_wconf 89' lang='lat' dir='ltr'><strong>loquitur,</strong></span> 
     </span>
    </p>
   </div>
   <div class='ocr_carea' id='block_1_92' title="bbox 1865 2896 3441 2968">
    <p class='ocr_par' dir='ltr' id='par_1_92' title="bbox 1865 2896 3441 2968">
     <span class='ocr_line' id='line_1_93' title="bbox 1865 2896 3441 2968; baseline -0.001 -16"><span class='ocrx_word' id='word_1_684' title='bbox 1865 2913 1989 2953; x_wconf 89' lang='lat' dir='ltr'><strong>cum</strong></span> <span class='ocrx_word' id='word_1_685' title='bbox 2037 2898 2316 2954; x_wconf 90' lang='lat' dir='ltr'><strong>Dominum</strong></span> <span class='ocrx_word' id='word_1_686' title='bbox 2362 2906 2513 2968; x_wconf 88' lang='lat' dir='ltr'><strong>rogat</strong></span> <span class='ocrx_word' id='word_1_687' title='bbox 2560 2915 2575 2953; x_wconf 88' lang='lat'><strong>:</strong></span> <span class='ocrx_word' id='word_1_688' title='bbox 2626 2906 2680 2950; x_wconf 90' lang='lat' dir='ltr'><strong>et</strong></span> <span class='ocrx_word' id='word_1_689' title='bbox 2727 2896 2953 2953; x_wconf 79' lang='lat' dir='ltr'><strong>fortasse</strong></span> <span class='ocrx_word' id='word_1_690' title='bbox 3020 2896 3088 2951; x_wconf 89' lang='lat' dir='ltr'><strong>ad</strong></span> <span class='ocrx_word' id='word_1_691' title='bbox 3139 2898 3441 2966; x_wconf 74' lang='lat' dir='ltr'><strong>exemplum</strong></span> 
     </span>
    </p>
   </div>
   <div class='ocr_carea' id='block_1_93' title="bbox 1865 2986 3444 3060">
    <p class='ocr_par' dir='ltr' id='par_1_93' title="bbox 1865 2986 3444 3060">
     <span class='ocr_line' id='line_1_94' title="bbox 1865 2986 3444 3060; baseline -0.001 -16"><span class='ocrx_word' id='word_1_692' title='bbox 1865 2988 2086 3044; x_wconf 74' lang='lat' dir='ltr'><strong>Joannis</strong></span> <span class='ocrx_word' id='word_1_693' title='bbox 2129 2988 2316 3060; x_wconf 81' lang='lat' dir='ltr'><strong>(Apoc.</strong></span> <span class='ocrx_word' id='word_1_694' title='bbox 2373 2991 2425 3044; x_wconf 82' lang='lat' dir='ltr'><strong>l.</strong></span> <span class='ocrx_word' id='word_1_695' title='bbox 2469 2986 2524 3059; x_wconf 87' lang='lat'><strong>9)</strong></span> <span class='ocrx_word' id='word_1_696' title='bbox 2555 2988 2748 3059; x_wconf 89' lang='lat' dir='ltr'><strong>aliquid</strong></span> <span class='ocrx_word' id='word_1_697' title='bbox 2794 2988 2972 3055; x_wconf 87' lang='lat' dir='ltr'><strong>videt,</strong></span> <span class='ocrx_word' id='word_1_698' title='bbox 3017 2988 3140 3043; x_wconf 92' lang='lat' dir='ltr'><strong>dum</strong></span> <span class='ocrx_word' id='word_1_699' title='bbox 3173 2989 3225 3044; x_wconf 92' lang='lat' dir='ltr'><strong>in</strong></span> <span class='ocrx_word' id='word_1_700' title='bbox 3276 2989 3444 3043; x_wconf 90' lang='lat' dir='ltr'><strong>insula</strong></span> 
     </span>
    </p>
   </div>
   <div class='ocr_carea' id='block_1_94' title="bbox 1866 3087 2248 3134">
    <p class='ocr_par' dir='ltr' id='par_1_94' title="bbox 1866 3087 2248 3134">
     <span class='ocr_line' id='line_1_95' title="bbox 1866 3087 2248 3134; baseline -0.008 0"><span class='ocrx_word' id='word_1_701' title='bbox 1866 3087 2248 3134; x_wconf 88' lang='lat' dir='ltr'><strong>commoratur.</strong></span> 
     </span>
    </p>
   </div>
   <div class='ocr_carea' id='block_1_95' title="bbox 1939 3169 3445 3240">
    <p class='ocr_par' dir='ltr' id='par_1_95' title="bbox 1939 3169 3445 3240">
     <span class='ocr_line' id='line_1_96' title="bbox 1939 3169 3445 3240; baseline -0.001 -14"><span class='ocrx_word' id='word_1_702' title='bbox 1939 3171 1994 3226; x_wconf 85' lang='lat'><strong>5.</strong></span> <span class='ocrx_word' id='word_1_703' title='bbox 2015 3169 2158 3238; x_wconf 85' lang='lat' dir='ltr'><strong>Quas</strong></span> <span class='ocrx_word' id='word_1_704' title='bbox 2187 3184 2329 3224; x_wconf 91' lang='lat' dir='ltr'><strong>nunc</strong></span> <span class='ocrx_word' id='word_1_705' title='bbox 2354 3170 2620 3224; x_wconf 85' lang='lat' dir='ltr'><strong>diabolum</strong></span> <span class='ocrx_word' id='word_1_706' title='bbox 2646 3178 2858 3225; x_wconf 89' lang='lat' dir='ltr'><strong>nectere</strong></span> <span class='ocrx_word' id='word_1_707' title='bbox 2887 3169 3064 3225; x_wconf 91' lang='lat' dir='ltr'><strong>credis</strong></span> <span class='ocrx_word' id='word_1_708' title='bbox 3090 3170 3294 3226; x_wconf 84' lang='lat' dir='ltr'><strong>tricas?</strong></span> <span class='ocrx_word' id='word_1_709' title='bbox 3314 3187 3445 3240; x_wconf 83' lang='lat' dir='ltr'><strong>quas</strong></span> 
     </span>
    </p>
   </div>
   <div class='ocr_carea' id='block_1_96' title="bbox 1868 3261 3448 3333">
    <p class='ocr_par' dir='ltr' id='par_1_96' title="bbox 1868 3261 3448 3333">
     <span class='ocr_line' id='line_1_97' title="bbox 1868 3261 3448 3333; baseline 0 -16"><span class='ocrx_word' id='word_1_710' title='bbox 1868 3277 2058 3333; x_wconf 89' lang='lat' dir='ltr'><strong>parare</strong></span> <span class='ocrx_word' id='word_1_711' title='bbox 2087 3261 2362 3317; x_wconf 89' lang='lat' dir='ltr'><strong>arbitraris</strong></span> <span class='ocrx_word' id='word_1_712' title='bbox 2412 3261 2674 3316; x_wconf 87' lang='lat' dir='ltr'><strong>insidias?</strong></span> <span class='ocrx_word' id='word_1_713' title='bbox 2723 3261 2924 3315; x_wconf 85' lang='lat' dir='ltr'><strong>Forsan</strong></span> <span class='ocrx_word' id='word_1_714' title='bbox 2967 3262 3200 3332; x_wconf 77' lang='lat' dir='ltr'><strong>antiqua:</strong></span> <span class='ocrx_word' id='word_1_715' title='bbox 3247 3262 3448 3318; x_wconf 86' lang='lat' dir='ltr'><strong>fraudis</strong></span> 
     </span>
    </p>
   </div>
   <div class='ocr_carea' id='block_1_97' title="bbox 1869 3351 3450 3423">
    <p class='ocr_par' dir='ltr' id='par_1_97' title="bbox 1869 3351 3450 3423">
     <span class='ocr_line' id='line_1_98' title="bbox 1869 3351 3450 3423; baseline -0.001 -13"><span class='ocrx_word' id='word_1_716' title='bbox 1869 3369 2098 3421; x_wconf 90' lang='lat' dir='ltr'><strong>memor,</strong></span> <span class='ocrx_word' id='word_1_717' title='bbox 2129 3354 2321 3409; x_wconf 90' lang='lat' dir='ltr'><strong>famem</strong></span> <span class='ocrx_word' id='word_1_718' title='bbox 2346 3355 2572 3409; x_wconf 89' lang='lat' dir='ltr'><strong>suadere</strong></span> <span class='ocrx_word' id='word_1_719' title='bbox 2596 3352 2836 3408; x_wconf 89' lang='lat' dir='ltr'><strong>tentabit.</strong></span> <span class='ocrx_word' id='word_1_720' title='bbox 2867 3351 2972 3408; x_wconf 90' lang='lat' dir='ltr'><strong>Sed</strong></span> <span class='ocrx_word' id='word_1_721' title='bbox 2991 3353 3100 3422; x_wconf 87' lang='lat' dir='ltr'><strong>jam</strong></span> <span class='ocrx_word' id='word_1_722' title='bbox 3123 3354 3196 3408; x_wconf 87' lang='lat' dir='ltr'><strong>illi</strong></span> <span class='ocrx_word' id='word_1_723' title='bbox 3227 3369 3450 3423; x_wconf 84' lang='lat' dir='ltr'><strong>respon-</strong></span> 
     </span>
    </p>
   </div>
   <div class='ocr_carea' id='block_1_98' title="bbox 1869 3443 3446 3515">
    <p class='ocr_par' dir='ltr' id='par_1_98' title="bbox 1869 3443 3446 3515">
     <span class='ocr_line' id='line_1_99' title="bbox 1869 3443 3446 3515; baseline -0.001 -13"><span class='ocrx_word' id='word_1_724' title='bbox 1869 3461 1987 3503; x_wconf 88' lang='lat' dir='ltr'><strong>sum</strong></span> <span class='ocrx_word' id='word_1_725' title='bbox 2029 3454 2156 3501; x_wconf 87' lang='lat' dir='ltr'><strong>est:</strong></span> <span class='ocrx_word' id='word_1_726' title='bbox 2199 3443 2323 3499; x_wconf 83' lang='lat' dir='ltr'><strong>Non</strong></span> <span class='ocrx_word' id='word_1_727' title='bbox 2367 3445 2420 3498; x_wconf 87' lang='lat' dir='ltr'><strong>in</strong></span> <span class='ocrx_word' id='word_1_728' title='bbox 2461 3443 2572 3498; x_wconf 83' lang='lat' dir='ltr'><strong>solo</strong></span> <span class='ocrx_word' id='word_1_729' title='bbox 2615 3459 2746 3514; x_wconf 84' lang='lat' dir='ltr'><strong>pane</strong></span> <span class='ocrx_word' id='word_1_730' title='bbox 2782 3444 2898 3498; x_wconf 80' lang='lat' dir='ltr'><strong>vivit</strong></span> <span class='ocrx_word' id='word_1_731' title='bbox 2939 3443 3090 3498; x_wconf 88' lang='lat' dir='ltr'><strong>homo</strong></span> <span class='ocrx_word' id='word_1_732' title='bbox 3123 3443 3336 3514; x_wconf 77' lang='lat' dir='ltr'><strong>(Matth.</strong></span> <span class='ocrx_word' id='word_1_733' title='bbox 3365 3446 3446 3515; x_wconf 65' lang='grc'><strong>4).</strong></span> 
     </span>
    </p>
   </div>
   <div class='ocr_carea' id='block_1_99' title="bbox 1869 3534 3446 3607">
    <p class='ocr_par' dir='ltr' id='par_1_99' title="bbox 1869 3534 3446 3607">
     <span class='ocr_line' id='line_1_100' title="bbox 1869 3534 3446 3607; baseline -0.001 -14"><span class='ocrx_word' id='word_1_734' title='bbox 1869 3537 2010 3607; x_wconf 89' lang='lat' dir='ltr'><strong>Opes</strong></span> <span class='ocrx_word' id='word_1_735' title='bbox 2034 3535 2258 3591; x_wconf 86' lang='lat' dir='ltr'><strong>forsitan</strong></span> <span class='ocrx_word' id='word_1_736' title='bbox 2277 3535 2609 3605; x_wconf 87' lang='lat' dir='ltr'><strong>gloriamque</strong></span> <span class='ocrx_word' id='word_1_737' title='bbox 2635 3542 2919 3605; x_wconf 88' lang='lat' dir='ltr'><strong>proponet.</strong></span> <span class='ocrx_word' id='word_1_738' title='bbox 2942 3534 3048 3590; x_wconf 89' lang='lat' dir='ltr'><strong>Sed</strong></span> <span class='ocrx_word' id='word_1_739' title='bbox 3075 3535 3285 3591; x_wconf 86' lang='lat' dir='ltr'><strong>dicetur</strong></span> <span class='ocrx_word' id='word_1_740' title='bbox 3327 3536 3406 3591; x_wconf 93' lang='lat' dir='ltr'><strong>illi</strong></span> <span class='ocrx_word' id='word_1_741' title='bbox 3429 3553 3446 3592; x_wconf 91' lang='lat'><strong>:</strong></span> 
     </span>
    </p>
   </div>
   <div class='ocr_carea' id='block_1_100' title="bbox 1872 3626 3451 3698">
    <p class='ocr_par' dir='ltr' id='par_1_100' title="bbox 1872 3626 3451 3698">
     <span class='ocr_line' id='line_1_101' title="bbox 1872 3626 3451 3698; baseline 0 -17"><span class='ocrx_word' id='word_1_742' title='bbox 1872 3629 1974 3696; x_wconf 84' lang='lat' dir='ltr'><strong>Qui</strong></span> <span class='ocrx_word' id='word_1_743' title='bbox 2005 3629 2214 3698; x_wconf 82' lang='lat' dir='ltr'><strong>cupiunt</strong></span> <span class='ocrx_word' id='word_1_744' title='bbox 2241 3627 2418 3680; x_wconf 79' lang='lat' dir='ltr'><strong>divites</strong></span> <span class='ocrx_word' id='word_1_745' title='bbox 2459 3626 2598 3694; x_wconf 79' lang='lat' dir='ltr'><strong>ﬁeri,</strong></span> <span class='ocrx_word' id='word_1_746' title='bbox 2631 3626 2862 3680; x_wconf 75' lang='lat' dir='ltr'><strong>incidunt</strong></span> <span class='ocrx_word' id='word_1_747' title='bbox 2905 3627 2960 3680; x_wconf 80' lang='lat' dir='ltr'><strong>iu</strong></span> <span class='ocrx_word' id='word_1_748' title='bbox 3003 3627 3370 3696; x_wconf 76' lang='lat' dir='ltr'><strong>muscipulam,</strong></span> <span class='ocrx_word' id='word_1_749' title='bbox 3400 3637 3451 3681; x_wconf 81' lang='lat' dir='ltr'><strong>et</strong></span> 
     </span>
    </p>
   </div>
   <div class='ocr_carea' id='block_1_101' title="bbox 1871 3714 3449 3790">
    <p class='ocr_par' dir='ltr' id='par_1_101' title="bbox 1871 3714 3449 3790">
     <span class='ocr_line' id='line_1_102' title="bbox 1871 3714 3449 3790; baseline -0.002 -16"><span class='ocrx_word' id='word_1_750' title='bbox 1871 3721 2168 3775; x_wconf 80' lang='lat' dir='ltr'><strong>tentationes</strong></span> <span class='ocrx_word' id='word_1_751' title='bbox 2216 3718 2292 3790; x_wconf 90' lang='grc'><strong>(1.</strong></span> <span class='ocrx_word' id='word_1_752' title='bbox 2339 3716 2478 3772; x_wconf 88' lang='lat' dir='ltr'><strong>Tim.</strong></span> <span class='ocrx_word' id='word_1_753' title='bbox 2531 3714 2608 3788; x_wconf 81' lang='lat'><strong>6).</strong></span> <span class='ocrx_word' id='word_1_754' title='bbox 2642 3715 2710 3770; x_wconf 84' lang='lat' dir='ltr'><strong>Et</strong></span> <span class='ocrx_word' id='word_1_755' title='bbox 2751 3715 2884 3770; x_wconf 67' lang='lat' dir='ltr'><strong>ﬂihi</strong></span> <span class='ocrx_word' id='word_1_756' title='bbox 2931 3716 3168 3786; x_wconf 77' lang='lat' dir='ltr'><strong>gloriatio</strong></span> <span class='ocrx_word' id='word_1_757' title='bbox 3209 3719 3371 3773; x_wconf 84' lang='lat' dir='ltr'><strong>omnis</strong></span> <span class='ocrx_word' id='word_1_758' title='bbox 3395 3719 3449 3771; x_wconf 85' lang='lat' dir='ltr'><strong>in</strong></span> 
     </span>
    </p>
   </div>
   <div class='ocr_carea' id='block_1_102' title="bbox 1869 3806 3450 3880">
    <p class='ocr_par' dir='ltr' id='par_1_102' title="bbox 1869 3806 3450 3880">
     <span class='ocr_line' id='line_1_103' title="bbox 1869 3806 3450 3880; baseline -0.004 -12"><span class='ocrx_word' id='word_1_759' title='bbox 1869 3808 2068 3868; x_wconf 76' lang='lat' dir='ltr'><strong>Christo</strong></span> <span class='ocrx_word' id='word_1_760' title='bbox 2096 3818 2169 3864; x_wconf 77' lang='lat' dir='ltr'><strong>est</strong></span> <span class='ocrx_word' id='word_1_761' title='bbox 2198 3807 2342 3880; x_wconf 85' lang='lat' dir='ltr'><strong>(Gal.</strong></span> <span class='ocrx_word' id='word_1_762' title='bbox 2385 3808 2461 3879; x_wconf 86' lang='lat'><strong>6).</strong></span> <span class='ocrx_word' id='word_1_763' title='bbox 2487 3806 2652 3862; x_wconf 58' lang='lat' dir='ltr'><strong>Ferrea</strong></span> <span class='ocrx_word' id='word_1_764' title='bbox 2698 3806 2934 3861; x_wconf 89' lang='lat' dir='ltr'><strong>membra</strong></span> <span class='ocrx_word' id='word_1_765' title='bbox 2959 3807 3208 3874; x_wconf 86' lang='lat' dir='ltr'><strong>jejuniis,</strong></span> <span class='ocrx_word' id='word_1_766' title='bbox 3258 3807 3450 3862; x_wconf 84' lang='lat' dir='ltr'><strong>morbo</strong></span> 
     </span>
    </p>
   </div>
   <div class='ocr_carea' id='block_1_103' title="bbox 1870 3896 3452 3972">
    <p class='ocr_par' dir='ltr' id='par_1_103' title="bbox 1870 3896 3452 3972">
     <span class='ocr_line' id='line_1_104' title="bbox 1870 3896 3452 3972; baseline -0.004 -15"><span class='ocrx_word' id='word_1_767' title='bbox 1870 3911 2121 3972; x_wconf 86' lang='lat' dir='ltr'><strong>gravante</strong></span> <span class='ocrx_word' id='word_1_768' title='bbox 2159 3900 2466 3964; x_wconf 85' lang='lat' dir='ltr'><strong>concutiet;</strong></span> <span class='ocrx_word' id='word_1_769' title='bbox 2513 3898 2608 3952; x_wconf 88' lang='lat' dir='ltr'><strong>sed</strong></span> <span class='ocrx_word' id='word_1_770' title='bbox 2657 3897 2896 3966; x_wconf 75' lang='lat' dir='ltr'><strong>Apostoli</strong></span> <span class='ocrx_word' id='word_1_771' title='bbox 2927 3896 3312 3965; x_wconf 85' lang='lat' dir='ltr'><strong>repercutietur</strong></span> <span class='ocrx_word' id='word_1_772' title='bbox 3339 3897 3452 3952; x_wconf 86' lang='lat' dir='ltr'><strong>elo-</strong></span> 
     </span>
    </p>
   </div>
   <div class='ocr_carea' id='block_1_104' title="bbox 1870 3987 3448 4062">
    <p class='ocr_par' dir='ltr' id='par_1_104' title="bbox 1870 3987 3448 4062">
     <span class='ocr_line' id='line_1_105' title="bbox 1870 3987 3448 4062; baseline -0.002 -18"><span class='ocrx_word' id='word_1_773' title='bbox 1870 3994 2037 4062; x_wconf 82' lang='lat' dir='ltr'><strong>quio:</strong></span> <span class='ocrx_word' id='word_1_774' title='bbox 2068 3991 2286 4058; x_wconf 84' lang='lat' dir='ltr'><strong>Quando</strong></span> <span class='ocrx_word' id='word_1_775' title='bbox 2326 3990 2457 4044; x_wconf 83' lang='lat' dir='ltr'><strong>enim</strong></span> <span class='ocrx_word' id='word_1_776' title='bbox 2499 3988 2768 4057; x_wconf 77' lang='lat' dir='ltr'><strong>iuﬁrmor,</strong></span> <span class='ocrx_word' id='word_1_777' title='bbox 2828 3997 2944 4041; x_wconf 87' lang='lat' dir='ltr'><strong>tunc</strong></span> <span class='ocrx_word' id='word_1_778' title='bbox 2986 3987 3168 4057; x_wconf 79' lang='lat' dir='ltr'><strong>fortior</strong></span> <span class='ocrx_word' id='word_1_779' title='bbox 3214 4003 3326 4041; x_wconf 83' lang='lat' dir='ltr'><strong>sum</strong></span> <span class='ocrx_word' id='word_1_780' title='bbox 3370 3987 3448 4057; x_wconf 72' lang='lat'><strong>(2.</strong></span> 
     </span>
    </p>
   </div>
   <div class='ocr_carea' id='block_1_105' title="bbox 1872 4077 3448 4151">
    <p class='ocr_par' dir='ltr' id='par_1_105' title="bbox 1872 4077 3448 4151">
     <span class='ocr_line' id='line_1_106' title="bbox 1872 4077 3448 4151; baseline -0.003 -13"><span class='ocrx_word' id='word_1_781' title='bbox 1872 4085 1990 4138; x_wconf 89' lang='lat' dir='ltr'><strong>Cor.</strong></span> <span class='ocrx_word' id='word_1_782' title='bbox 2035 4082 2149 4151; x_wconf 76' lang='grc'><strong>12).</strong></span> <span class='ocrx_word' id='word_1_783' title='bbox 2183 4081 2248 4135; x_wconf 87' lang='lat' dir='ltr'><strong>Et</strong></span> <span class='ocrx_word' id='word_1_784' title='bbox 2272 4082 2433 4135; x_wconf 77' lang='lat' dir='ltr'><strong>uirtus</strong></span> <span class='ocrx_word' id='word_1_785' title='bbox 2475 4081 2529 4134; x_wconf 84' lang='lat' dir='ltr'><strong>in</strong></span> <span class='ocrx_word' id='word_1_786' title='bbox 2558 4080 2852 4148; x_wconf 81' lang='lat' dir='ltr'><strong>inﬁrmitate</strong></span> <span class='ocrx_word' id='word_1_787' title='bbox 2892 4079 3152 4147; x_wconf 79' lang='lat' dir='ltr'><strong>perﬁcitur</strong></span> <span class='ocrx_word' id='word_1_788' title='bbox 3176 4077 3448 4150; x_wconf 74' lang='lat' dir='ltr'><strong>(Ibidem).</strong></span> 
     </span>
    </p>
   </div>
   <div class='ocr_carea' id='block_1_106' title="bbox 1871 4170 3453 4242">
    <p class='ocr_par' dir='ltr' id='par_1_106' title="bbox 1871 4170 3453 4242">
     <span class='ocr_line' id='line_1_107' title="bbox 1871 4170 3453 4242; baseline -0.001 -12"><span class='ocrx_word' id='word_1_789' title='bbox 1871 4175 2155 4230; x_wconf 81' lang='lat' dir='ltr'><strong>Minabitur</strong></span> <span class='ocrx_word' id='word_1_790' title='bbox 2178 4183 2443 4237; x_wconf 91' lang='lat' dir='ltr'><strong>mortem;</strong></span> <span class='ocrx_word' id='word_1_791' title='bbox 2472 4172 2566 4227; x_wconf 89' lang='lat' dir='ltr'><strong>sed</strong></span> <span class='ocrx_word' id='word_1_792' title='bbox 2588 4170 2766 4226; x_wconf 90' lang='lat' dir='ltr'><strong>audiet</strong></span> <span class='ocrx_word' id='word_1_793' title='bbox 2791 4189 2806 4226; x_wconf 87' lang='lat'><strong>:</strong></span> <span class='ocrx_word' id='word_1_794' title='bbox 2835 4170 2996 4242; x_wconf 83' lang='lat' dir='ltr'><strong>Cupio</strong></span> <span class='ocrx_word' id='word_1_795' title='bbox 3017 4173 3244 4240; x_wconf 72' lang='lat' dir='ltr'><strong>dissolvi,</strong></span> <span class='ocrx_word' id='word_1_796' title='bbox 3274 4183 3321 4227; x_wconf 80' lang='lat' dir='ltr'><strong>at</strong></span> <span class='ocrx_word' id='word_1_797' title='bbox 3346 4189 3453 4229; x_wconf 78' lang='lat' dir='ltr'><strong>esse</strong></span> 
     </span>
    </p>
   </div>
   <div class='ocr_carea' id='block_1_107' title="bbox 1871 4261 3458 4336">
    <p class='ocr_par' dir='ltr' id='par_1_107' title="bbox 1871 4261 3458 4336">
     <span class='ocr_line' id='line_1_108' title="bbox 1871 4261 3458 4336; baseline -0.001 -16"><span class='ocrx_word' id='word_1_798' title='bbox 1871 4282 1988 4320; x_wconf 86' lang='lat' dir='ltr'><strong>cum</strong></span> <span class='ocrx_word' id='word_1_799' title='bbox 2021 4263 2219 4319; x_wconf 83' lang='lat' dir='ltr'><strong>Christo</strong></span> <span class='ocrx_word' id='word_1_800' title='bbox 2249 4262 2506 4336; x_wconf 81' lang='lat' dir='ltr'><strong>(Philipp.</strong></span> <span class='ocrx_word' id='word_1_801' title='bbox 2535 4263 2614 4331; x_wconf 83' lang='grc'><strong>1).</strong></span> <span class='ocrx_word' id='word_1_802' title='bbox 2661 4261 2824 4332; x_wconf 90' lang='lat' dir='ltr'><strong>lgnita</strong></span> <span class='ocrx_word' id='word_1_803' title='bbox 2850 4261 3025 4332; x_wconf 88' lang='lat' dir='ltr'><strong>jacula</strong></span> <span class='ocrx_word' id='word_1_804' title='bbox 3047 4262 3274 4318; x_wconf 87' lang='lat' dir='ltr'><strong>vibrabit</strong></span> <span class='ocrx_word' id='word_1_805' title='bbox 3293 4303 3308 4325; x_wconf 90' lang='lat'><strong>,</strong></span> <span class='ocrx_word' id='word_1_806' title='bbox 3355 4264 3458 4319; x_wconf 84' lang='lat' dir='ltr'><strong>scd-</strong></span> 
     </span>
    </p>
   </div>
   <div class='ocr_carea' id='block_1_108' title="bbox 1873 4350 3454 4428">
    <p class='ocr_par' dir='ltr' id='par_1_108' title="bbox 1873 4350 3454 4428">
     <span class='ocr_line' id='line_1_109' title="bbox 1873 4350 3454 4428; baseline -0.002 -15"><span class='ocrx_word' id='word_1_807' title='bbox 1873 4357 2205 4428; x_wconf 81' lang='lat' dir='ltr'><strong>excipientur</strong></span> <span class='ocrx_word' id='word_1_808' title='bbox 2217 4353 2312 4428; x_wconf 82' lang='lat' dir='ltr'><strong>[aL</strong></span> <span class='ocrx_word' id='word_1_809' title='bbox 2330 4350 2664 4424; x_wconf 60' lang='lat' dir='ltr'><strong>excutientur]</strong></span> <span class='ocrx_word' id='word_1_810' title='bbox 2685 4363 2838 4408; x_wconf 89' lang='lat' dir='ltr'><strong>scuto</strong></span> <span class='ocrx_word' id='word_1_811' title='bbox 2855 4352 2997 4408; x_wconf 87' lang='lat' dir='ltr'><strong>fidei.</strong></span> <span class='ocrx_word' id='word_1_812' title='bbox 3020 4352 3085 4407; x_wconf 89' lang='lat' dir='ltr'><strong>Et</strong></span> <span class='ocrx_word' id='word_1_813' title='bbox 3102 4368 3170 4408; x_wconf 89' lang='lat' dir='ltr'><strong>ne</strong></span> <span class='ocrx_word' id='word_1_814' title='bbox 3188 4353 3350 4410; x_wconf 89' lang='lat' dir='ltr'><strong>multa</strong></span> <span class='ocrx_word' id='word_1_815' title='bbox 3368 4372 3454 4410; x_wconf 87' lang='lat' dir='ltr'><strong>rc-</strong></span> 
     </span>
    </p>
   </div>
   <div class='ocr_carea' id='block_1_109' title="bbox 1874 4443 3454 4521">
    <p class='ocr_par' dir='ltr' id='par_1_109' title="bbox 1874 4443 3454 4521">
     <span class='ocr_line' id='line_1_110' title="bbox 1874 4443 3454 4521; baseline 0 -19"><span class='ocrx_word' id='word_1_816' title='bbox 1874 4450 2067 4521; x_wconf 91' lang='lat' dir='ltr'><strong>plicem</strong></span> <span class='ocrx_word' id='word_1_817' title='bbox 2098 4446 2314 4520; x_wconf 78' lang='lat' dir='ltr'><strong>(Ephes.</strong></span> <span class='ocrx_word' id='word_1_818' title='bbox 2359 4445 2416 4516; x_wconf 90' lang='lat'><strong>6)</strong></span> <span class='ocrx_word' id='word_1_819' title='bbox 2451 4464 2465 4501; x_wconf 88' lang='lat'>:</span> <span class='ocrx_word' id='word_1_820' title='bbox 2497 4443 2830 4516; x_wconf 88' lang='lat' dir='ltr'><strong>impugnabit</strong></span> <span class='ocrx_word' id='word_1_821' title='bbox 2856 4444 3102 4512; x_wconf 85' lang='lat' dir='ltr'><strong>Satanas,</strong></span> <span class='ocrx_word' id='word_1_822' title='bbox 3131 4444 3226 4501; x_wconf 87' lang='lat' dir='ltr'><strong>sed</strong></span> <span class='ocrx_word' id='word_1_823' title='bbox 3257 4447 3454 4502; x_wconf 50' lang='lat' dir='ltr'><strong>tutabis</strong></span> 
     </span>
    </p>
   </div>
   <div class='ocr_carea' id='block_1_110' title="bbox 1875 4535 3461 4607">
    <p class='ocr_par' dir='ltr' id='par_1_110' title="bbox 1875 4535 3461 4607">
     <span class='ocr_line' id='line_1_111' title="bbox 1875 4535 3461 4607; baseline -0.003 -12"><span class='ocrx_word' id='word_1_824' title='bbox 1875 4551 1961 4596; x_wconf 94' lang='lat' dir='ltr'><strong>tur</strong></span> <span class='ocrx_word' id='word_1_825' title='bbox 1987 4537 2248 4594; x_wconf 86' lang='lat' dir='ltr'><strong>Christus.</strong></span> <span class='ocrx_word' id='word_1_826' title='bbox 2279 4537 2460 4594; x_wconf 84' lang='lat' dir='ltr'><strong>Gratia</strong></span> <span class='ocrx_word' id='word_1_827' title='bbox 2502 4537 2592 4593; x_wconf 88' lang='lat' dir='ltr'><strong>tibi</strong></span> <span class='ocrx_word' id='word_1_828' title='bbox 2615 4577 2636 4605; x_wconf 14' lang='grc' dir='ltr'><strong>,Α</strong></span> <span class='ocrx_word' id='word_1_829' title='bbox 2675 4535 2898 4592; x_wconf 88' lang='lat' dir='ltr'><strong>Domine</strong></span> <span class='ocrx_word' id='word_1_830' title='bbox 2922 4535 3086 4602; x_wconf 80' lang='lat' dir='ltr'><strong>Jesu,</strong></span> <span class='ocrx_word' id='word_1_831' title='bbox 3113 4537 3255 4607; x_wconf 92' lang='lat' dir='ltr'><strong>quod</strong></span> <span class='ocrx_word' id='word_1_832' title='bbox 3282 4537 3334 4591; x_wconf 91' lang='lat' dir='ltr'><strong>in</strong></span> <span class='ocrx_word' id='word_1_833' title='bbox 3361 4537 3461 4592; x_wconf 84' lang='lat' dir='ltr'><strong>die</strong></span> 
     </span>
    </p>
   </div>
   <div class='ocr_carea' id='block_1_111' title="bbox 1877 4627 3454 4700">
    <p class='ocr_par' dir='ltr' id='par_1_111' title="bbox 1877 4627 3454 4700">
     <span class='ocr_line' id='line_1_112' title="bbox 1877 4627 3454 4700; baseline -0.003 -14"><span class='ocrx_word' id='word_1_834' title='bbox 1877 4640 1962 4686; x_wconf 91' lang='lat' dir='ltr'><strong>tua</strong></span> <span class='ocrx_word' id='word_1_835' title='bbox 2008 4630 2214 4696; x_wconf 90' lang='lat' dir='ltr'><strong>habeo,</strong></span> <span class='ocrx_word' id='word_1_836' title='bbox 2245 4628 2334 4700; x_wconf 89' lang='lat' dir='ltr'><strong>qui</strong></span> <span class='ocrx_word' id='word_1_837' title='bbox 2381 4642 2476 4698; x_wconf 92' lang='lat' dir='ltr'><strong>pro</strong></span> <span class='ocrx_word' id='word_1_838' title='bbox 2518 4643 2604 4683; x_wconf 91' lang='lat' dir='ltr'><strong>me</strong></span> <span class='ocrx_word' id='word_1_839' title='bbox 2647 4635 2698 4684; x_wconf 86' lang='lat' dir='ltr'><strong>te</strong></span> <span class='ocrx_word' id='word_1_840' title='bbox 2740 4627 2909 4698; x_wconf 89' lang='lat' dir='ltr'><strong>possit</strong></span> <span class='ocrx_word' id='word_1_841' title='bbox 2945 4642 3154 4697; x_wconf 89' lang='lat' dir='ltr'><strong>rogare.</strong></span> <span class='ocrx_word' id='word_1_842' title='bbox 3185 4627 3302 4682; x_wconf 88' lang='lat' dir='ltr'><strong>Scis</strong></span> <span class='ocrx_word' id='word_1_843' title='bbox 3340 4627 3454 4696; x_wconf 84' lang='lat' dir='ltr'><strong>ipse</strong></span> 
     </span>
    </p>
   </div>
   <div class='ocr_carea' id='block_1_112' title="bbox 1876 4714 3453 4789">
    <p class='ocr_par' dir='ltr' id='par_1_112' title="bbox 1876 4714 3453 4789">
     <span class='ocr_line' id='line_1_113' title="bbox 1876 4714 3453 4789; baseline -0.004 -15"><span class='ocrx_word' id='word_1_844' title='bbox 1876 4721 1994 4789; x_wconf 87' lang='lat' dir='ltr'><strong>(tibi</strong></span> <span class='ocrx_word' id='word_1_845' title='bbox 2037 4719 2179 4774; x_wconf 91' lang='lat' dir='ltr'><strong>enim</strong></span> <span class='ocrx_word' id='word_1_846' title='bbox 2228 4727 2410 4788; x_wconf 89' lang='lat' dir='ltr'><strong>patent</strong></span> <span class='ocrx_word' id='word_1_847' title='bbox 2461 4725 2677 4786; x_wconf 86' lang='lat' dir='ltr'><strong>pectora</strong></span> <span class='ocrx_word' id='word_1_848' title='bbox 2726 4717 3086 4786; x_wconf 88' lang='lat' dir='ltr'><strong>singulorum,</strong></span> <span class='ocrx_word' id='word_1_849' title='bbox 3135 4715 3225 4784; x_wconf 89' lang='lat' dir='ltr'><strong>qui</strong></span> <span class='ocrx_word' id='word_1_850' title='bbox 3274 4714 3453 4770; x_wconf 87' lang='lat' dir='ltr'><strong>cordis</strong></span> 
     </span>
    </p>
   </div>
   <div class='ocr_carea' id='block_1_113' title="bbox 1875 4805 3456 4880">
    <p class='ocr_par' dir='ltr' id='par_1_113' title="bbox 1875 4805 3456 4880">
     <span class='ocr_line' id='line_1_114' title="bbox 1875 4805 3456 4880; baseline -0.004 -14"><span class='ocrx_word' id='word_1_851' title='bbox 1875 4826 2066 4868; x_wconf 88' lang='lat' dir='ltr'><strong>arcana</strong></span> <span class='ocrx_word' id='word_1_852' title='bbox 2096 4811 2326 4875; x_wconf 90' lang='lat' dir='ltr'><strong>rimaris,</strong></span> <span class='ocrx_word' id='word_1_853' title='bbox 2357 4810 2446 4880; x_wconf 92' lang='lat' dir='ltr'><strong>qui</strong></span> <span class='ocrx_word' id='word_1_854' title='bbox 2473 4817 2632 4864; x_wconf 62' lang='lat' dir='ltr'><strong>tanta;</strong></span> <span class='ocrx_word' id='word_1_855' title='bbox 2673 4809 2857 4864; x_wconf 74' lang='lat' dir='ltr'><strong>bestia:</strong></span> <span class='ocrx_word' id='word_1_856' title='bbox 2884 4807 3004 4861; x_wconf 90' lang='lat' dir='ltr'><strong>alvo</strong></span> <span class='ocrx_word' id='word_1_857' title='bbox 3030 4806 3291 4862; x_wconf 88' lang='lat' dir='ltr'><strong>inclusum</strong></span> <span class='ocrx_word' id='word_1_858' title='bbox 3323 4805 3456 4860; x_wconf 70' lang='lat' dir='ltr'><strong>Pro-</strong></span> 
     </span>
    </p>
   </div>
   <div class='ocr_carea' id='block_1_114' title="bbox 1877 4893 3454 4972">
    <p class='ocr_par' dir='ltr' id='par_1_114' title="bbox 1877 4893 3454 4972">
     <span class='ocr_line' id='line_1_115' title="bbox 1877 4893 3454 4972; baseline -0.004 -17"><span class='ocrx_word' id='word_1_859' title='bbox 1877 4902 2088 4972; x_wconf 86' lang='lat' dir='ltr'><strong>phetam</strong></span> <span class='ocrx_word' id='word_1_860' title='bbox 2117 4902 2174 4956; x_wconf 85' lang='lat' dir='ltr'><strong>in</strong></span> <span class='ocrx_word' id='word_1_861' title='bbox 2216 4899 2480 4970; x_wconf 92' lang='lat' dir='ltr'><strong>profundo</strong></span> <span class='ocrx_word' id='word_1_862' title='bbox 2506 4898 2681 4967; x_wconf 88' lang='lat' dir='ltr'><strong>vides)</strong></span> <span class='ocrx_word' id='word_1_863' title='bbox 2725 4907 2782 4951; x_wconf 92' lang='lat' dir='ltr'><strong>ut</strong></span> <span class='ocrx_word' id='word_1_864' title='bbox 2820 4911 2951 4966; x_wconf 83' lang='lat' dir='ltr'><strong>ego,</strong></span> <span class='ocrx_word' id='word_1_865' title='bbox 2985 4904 3040 4950; x_wconf 92' lang='lat' dir='ltr'><strong>et</strong></span> <span class='ocrx_word' id='word_1_866' title='bbox 3068 4894 3158 4948; x_wconf 88' lang='lat' dir='ltr'><strong>ille</strong></span> <span class='ocrx_word' id='word_1_867' title='bbox 3186 4893 3382 4962; x_wconf 89' lang='lat' dir='ltr'><strong>pariter</strong></span> <span class='ocrx_word' id='word_1_868' title='bbox 3421 4909 3454 4948; x_wconf 91' lang='lat' dir='ltr'><strong>a</strong></span> 
     </span>
    </p>
   </div>
   <div class='ocr_carea' id='block_1_115' title="bbox 1877 4983 3456 5054">
    <p class='ocr_par' dir='ltr' id='par_1_115' title="bbox 1877 4983 3456 5054">
     <span class='ocr_line' id='line_1_116' title="bbox 1877 4983 3456 5054; baseline -0.006 -8"><span class='ocrx_word' id='word_1_869' title='bbox 1877 5001 2060 5046; x_wconf 86' lang='lat' dir='ltr'><strong>tenera</strong></span> <span class='ocrx_word' id='word_1_870' title='bbox 2121 4991 2341 5046; x_wconf 87' lang='lat' dir='ltr'><strong>infantia</strong></span> <span class='ocrx_word' id='word_1_871' title='bbox 2391 4987 2458 5043; x_wconf 90' lang='lat' dir='ltr'><strong>ad</strong></span> <span class='ocrx_word' id='word_1_872' title='bbox 2517 4987 2794 5043; x_wconf 83' lang='lat' dir='ltr'><strong>ﬂorentem</strong></span> <span class='ocrx_word' id='word_1_873' title='bbox 2843 4999 3011 5054; x_wconf 89' lang='lat' dir='ltr'><strong>usque</strong></span> <span class='ocrx_word' id='word_1_874' title='bbox 3064 4983 3456 5043; x_wconf 84' lang='lat' dir='ltr'><strong>adoleverimus</strong></span> 
     </span>
    </p>
   </div>
   <div class='ocr_carea' id='block_1_116' title="bbox 1875 5073 3457 5145">
    <p class='ocr_par' dir='ltr' id='par_1_116' title="bbox 1875 5073 3457 5145">
     <span class='ocr_line' id='line_1_117' title="bbox 1875 5073 3457 5145; baseline -0.005 -9"><span class='ocrx_word' id='word_1_875' title='bbox 1875 5089 2124 5145; x_wconf 65' lang='lat' dir='ltr'><strong>aetatem,</strong></span> <span class='ocrx_word' id='word_1_876' title='bbox 2170 5089 2228 5133; x_wconf 91' lang='lat' dir='ltr'><strong>ut</strong></span> <span class='ocrx_word' id='word_1_877' title='bbox 2275 5077 2434 5134; x_wconf 88' lang='lat' dir='ltr'><strong>iidem</strong></span> <span class='ocrx_word' id='word_1_878' title='bbox 2478 5093 2577 5132; x_wconf 89' lang='lat' dir='ltr'><strong>nos</strong></span> <span class='ocrx_word' id='word_1_879' title='bbox 2607 5076 2867 5130; x_wconf 87' lang='lat' dir='ltr'><strong>nutricum</strong></span> <span class='ocrx_word' id='word_1_880' title='bbox 2897 5073 3084 5140; x_wconf 85' lang='lat' dir='ltr'><strong>sinus,</strong></span> <span class='ocrx_word' id='word_1_881' title='bbox 3115 5073 3276 5129; x_wconf 87' lang='lat' dir='ltr'><strong>iidem</strong></span> <span class='ocrx_word' id='word_1_882' title='bbox 3323 5089 3457 5129; x_wconf 78' lang='lat' dir='ltr'><strong>am-</strong></span> 
     </span>
    </p>
   </div>
   <div class='ocr_carea' id='block_1_117' title="bbox 1876 5164 3457 5240">
    <p class='ocr_par' dir='ltr' id='par_1_117' title="bbox 1876 5164 3457 5240">
     <span class='ocr_line' id='line_1_118' title="bbox 1876 5164 3457 5240; baseline -0.001 -17"><span class='ocrx_word' id='word_1_883' title='bbox 1876 5171 2068 5240; x_wconf 79' lang='lat' dir='ltr'><strong>plexus</strong></span> <span class='ocrx_word' id='word_1_884' title='bbox 2110 5168 2342 5224; x_wconf 89' lang='lat' dir='ltr'><strong>foverint</strong></span> <span class='ocrx_word' id='word_1_885' title='bbox 2380 5167 2680 5236; x_wconf 74' lang='lat' dir='ltr'><strong>baiulorum</strong></span> <span class='ocrx_word' id='word_1_886' title='bbox 2721 5183 2736 5218; x_wconf 75' lang='grc' dir='ltr'>ε</span> <span class='ocrx_word' id='word_1_887' title='bbox 2769 5174 2824 5220; x_wconf 89' lang='lat' dir='ltr'><strong>et</strong></span> <span class='ocrx_word' id='word_1_888' title='bbox 2858 5179 2978 5221; x_wconf 90' lang='lat' dir='ltr'><strong>cum</strong></span> <span class='ocrx_word' id='word_1_889' title='bbox 3039 5173 3162 5236; x_wconf 88' lang='lat' dir='ltr'><strong>post</strong></span> <span class='ocrx_word' id='word_1_890' title='bbox 3213 5164 3457 5221; x_wconf 78' lang='lat' dir='ltr'><strong>Romana</strong></span> 
     </span>
    </p>
   </div>
   <div class='ocr_carea' id='block_1_118' title="bbox 1875 5255 3454 5325">
    <p class='ocr_par' dir='ltr' id='par_1_118' title="bbox 1875 5255 3454 5325">
     <span class='ocr_line' id='line_1_119' title="bbox 1875 5255 3454 5325; baseline -0.002 -11"><span class='ocrx_word' id='word_1_891' title='bbox 1875 5259 2048 5314; x_wconf 88' lang='lat' dir='ltr'><strong>studia</strong></span> <span class='ocrx_word' id='word_1_892' title='bbox 2074 5259 2140 5313; x_wconf 89' lang='lat' dir='ltr'><strong>ad</strong></span> <span class='ocrx_word' id='word_1_893' title='bbox 2165 5258 2338 5311; x_wconf 84' lang='lat' dir='ltr'><strong>Rheni</strong></span> <span class='ocrx_word' id='word_1_894' title='bbox 2363 5257 2754 5311; x_wconf 89' lang='lat' dir='ltr'><strong>semibarbaras</strong></span> <span class='ocrx_word' id='word_1_895' title='bbox 2776 5255 2940 5324; x_wconf 88' lang='lat' dir='ltr'><strong>ripas,</strong></span> <span class='ocrx_word' id='word_1_896' title='bbox 2970 5255 3158 5310; x_wconf 90' lang='lat' dir='ltr'><strong>eodem</strong></span> <span class='ocrx_word' id='word_1_897' title='bbox 3174 5255 3316 5322; x_wconf 90' lang='lat' dir='ltr'><strong>cibo,</strong></span> <span class='ocrx_word' id='word_1_898' title='bbox 3341 5257 3454 5325; x_wconf 87' lang='lat' dir='ltr'><strong>pari</strong></span> 
     </span>
    </p>
   </div>
   <div class='ocr_carea' id='block_1_119' title="bbox 1877 5344 3456 5415">
    <p class='ocr_par' dir='ltr' id='par_1_119' title="bbox 1877 5344 3456 5415">
     <span class='ocr_line' id='line_1_120' title="bbox 1877 5344 3456 5415; baseline 0 -11"><span class='ocrx_word' id='word_1_899' title='bbox 1877 5350 2177 5404; x_wconf 89' lang='lat' dir='ltr'><strong>frueremur</strong></span> <span class='ocrx_word' id='word_1_900' title='bbox 2216 5347 2479 5415; x_wconf 79' lang='lat' dir='ltr'><strong>hOSpitio,</strong></span> <span class='ocrx_word' id='word_1_901' title='bbox 2507 5356 2565 5401; x_wconf 91' lang='lat' dir='ltr'><strong>ut</strong></span> <span class='ocrx_word' id='word_1_902' title='bbox 2590 5361 2690 5415; x_wconf 84' lang='lat' dir='ltr'><strong>ego</strong></span> <span class='ocrx_word' id='word_1_903' title='bbox 2720 5344 2922 5415; x_wconf 90' lang='lat' dir='ltr'><strong>primus</strong></span> <span class='ocrx_word' id='word_1_904' title='bbox 2948 5346 3201 5415; x_wconf 68' lang='lat' dir='ltr'><strong>creperim</strong></span> <span class='ocrx_word' id='word_1_905' title='bbox 3229 5346 3372 5402; x_wconf 90' lang='lat' dir='ltr'><strong>velle</strong></span> <span class='ocrx_word' id='word_1_906' title='bbox 3401 5356 3456 5404; x_wconf 87' lang='lat' dir='ltr'><strong>te</strong></span> 
     </span>
    </p>
   </div>
   <div class='ocr_carea' id='block_1_120' title="bbox 1876 5436 3454 5507">
    <p class='ocr_par' dir='ltr' id='par_1_120' title="bbox 1876 5436 3454 5507">
     <span class='ocr_line' id='line_1_121' title="bbox 1876 5436 3454 5507; baseline -0.002 -11"><span class='ocrx_word' id='word_1_907' title='bbox 1876 5439 2075 5496; x_wconf 86' lang='lat' dir='ltr'><strong>colere.</strong></span> <span class='ocrx_word' id='word_1_908' title='bbox 2091 5439 2358 5495; x_wconf 80' lang='lat' dir='ltr'><strong>Memento</strong></span> <span class='ocrx_word' id='word_1_909' title='bbox 2377 5451 2560 5507; x_wconf 59' lang='lat' dir='ltr'><strong>quasso</strong></span> <span class='ocrx_word' id='word_1_910' title='bbox 2581 5436 2720 5492; x_wconf 84' lang='lat' dir='ltr'><strong>hunc</strong></span> <span class='ocrx_word' id='word_1_911' title='bbox 2741 5436 3054 5493; x_wconf 89' lang='lat' dir='ltr'><strong>bellatorem</strong></span> <span class='ocrx_word' id='word_1_912' title='bbox 3078 5446 3226 5493; x_wconf 92' lang='lat' dir='ltr'><strong>tuum</strong></span> <span class='ocrx_word' id='word_1_913' title='bbox 3249 5453 3454 5494; x_wconf 90' lang='lat' dir='ltr'><strong>mecum</strong></span> 
     </span>
    </p>
   </div>
   <div class='ocr_carea' id='block_1_121' title="bbox 1969 5630 2963 5697">
    <p class='ocr_par' dir='ltr' id='par_1_121' title="bbox 1969 5630 2963 5697">
     <span class='ocr_line' id='line_1_122' title="bbox 1969 5630 2963 5697; baseline 0 -18"><span class='ocrx_word' id='word_1_914' title='bbox 1969 5632 2017 5697; x_wconf 73' lang='grc' dir='ltr'><strong>(Ι)</strong></span> <span class='ocrx_word' id='word_1_915' title='bbox 2058 5633 2381 5697; x_wconf 78' lang='lat' dir='ltr'><strong>Veronensis,</strong></span> <span class='ocrx_word' id='word_1_916' title='bbox 2408 5632 2532 5682; x_wconf 85' lang='lat' dir='ltr'><strong>liber</strong></span> <span class='ocrx_word' id='word_1_917' title='bbox 2557 5630 2770 5697; x_wconf 72' lang='lat' dir='ltr'><strong>dignitas</strong></span> <span class='ocrx_word' id='word_1_918' title='bbox 2789 5631 2963 5697; x_wconf 74' lang='lat' dir='ltr'><strong>prima.</strong></span> 
     </span>
    </p>
   </div>
   <div class='ocr_carea' id='block_1_122' title="bbox 1965 5693 3460 5759">
    <p class='ocr_par' dir='ltr' id='par_1_122' title="bbox 1965 5693 3460 5759">
     <span class='ocr_line' id='line_1_123' title="bbox 1965 5693 3460 5759; baseline 0.001 -17"><span class='ocrx_word' id='word_1_919' title='bbox 1965 5693 2014 5759; x_wconf 64' lang='grc' dir='ltr'><strong>η’</strong></span> <span class='ocrx_word' id='word_1_920' title='bbox 2046 5696 2204 5759; x_wconf 68' lang='lat' dir='ltr'><strong>Antea</strong></span> <span class='ocrx_word' id='word_1_921' title='bbox 2227 5700 2349 5759; x_wconf 77' lang='lat' dir='ltr'><strong>erat,</strong></span> <span class='ocrx_word' id='word_1_922' title='bbox 2377 5693 2672 5759; x_wconf 66' lang='lat' dir='ltr'><strong>Propoytatur</strong></span> <span class='ocrx_word' id='word_1_923' title='bbox 2687 5693 2797 5759; x_wconf 67' lang='lat' dir='ltr'><strong>tibi,</strong></span> <span class='ocrx_word' id='word_1_924' title='bbox 2814 5694 2892 5759; x_wconf 80' lang='lat' dir='ltr'><strong>vel</strong></span> <span class='ocrx_word' id='word_1_925' title='bbox 2917 5708 3123 5758; x_wconf 83' lang='lat' dir='ltr'><strong>propone</strong></span> <span class='ocrx_word' id='word_1_926' title='bbox 3154 5694 3258 5744; x_wconf 77' lang='lat' dir='ltr'><strong>tibi.</strong></span> <span class='ocrx_word' id='word_1_927' title='bbox 3283 5693 3460 5742; x_wconf 77' lang='lat' dir='ltr'><strong>Postea</strong></span> 
     </span>
    </p>
   </div>
   <div class='ocr_carea' id='block_1_123' title="bbox 1881 5755 3336 5822">
    <p class='ocr_par' dir='ltr' id='par_1_123' title="bbox 1881 5755 3336 5822">
     <span class='ocr_line' id='line_1_124' title="bbox 1881 5755 3336 5822; baseline -0.004 -15"><span class='ocrx_word' id='word_1_928' title='bbox 1881 5755 2030 5808; x_wconf 78' lang='lat' dir='ltr'><strong>noStri</strong></span> <span class='ocrx_word' id='word_1_929' title='bbox 2053 5758 2168 5808; x_wconf 84' lang='lat' dir='ltr'><strong>Mss.</strong></span> <span class='ocrx_word' id='word_1_930' title='bbox 2197 5755 2607 5822; x_wconf 50' lang='lat' dir='ltr'><strong>epithetum&#39;illud</strong></span> <span class='ocrx_word' id='word_1_931' title='bbox 2632 5755 3025 5810; x_wconf 62' lang='lat' dir='ltr'><strong>dulcissimam]</strong></span> <span class='ocrx_word' id='word_1_932' title='bbox 3049 5761 3336 5818; x_wconf 76' lang='lat' dir='ltr'><strong>agnoscunt.</strong></span> 
     </span>
    </p>
   </div>
  </div>
