  <div class='ocr_page' id='page_1' title='image "/cluster/home/n/w/nwhite01/storage/ocr_20150623/22/uva.x000826587/235.png"; bbox 0 0 4048 6186; ppageno 0'>
   <div class='ocr_carea' id='block_1_1' title="bbox 610 420 2187 505">
    <p class='ocr_par' dir='ltr' id='par_1_1' title="bbox 610 420 2187 505">
     <span class='ocr_line' id='line_1_1' title="bbox 610 420 2187 505; baseline -0.02 -15"><span class='ocrx_word' id='word_1_1' title='bbox 610 434 882 505; x_wconf 60' lang='lat' dir='ltr'><strong>quautam</strong></span> <span class='ocrx_word' id='word_1_2' title='bbox 920 431 1084 487; x_wconf 69' lang='lat' dir='ltr'><strong>fuisse</strong></span> <span class='ocrx_word' id='word_1_3' title='bbox 1122 437 1382 496; x_wconf 74' lang='lat' dir='ltr'><strong>tyronem.</strong></span> <span class='ocrx_word' id='word_1_4' title='bbox 1435 422 1614 477; x_wconf 83' lang='lat' dir='ltr'><strong>Habeo</strong></span> <span class='ocrx_word' id='word_1_5' title='bbox 1658 420 1977 490; x_wconf 87' lang='lat' dir='ltr'><strong>promissum</strong></span> <span class='ocrx_word' id='word_1_6' title='bbox 2020 420 2187 488; x_wconf 55' lang='grc' dir='ltr'><strong>ηυδε-</strong></span> 
     </span>
    </p>
   </div>
   <div class='ocr_carea' id='block_1_2' title="bbox 612 514 2187 588">
    <p class='ocr_par' dir='ltr' id='par_1_2' title="bbox 612 514 2187 588">
     <span class='ocr_line' id='line_1_2' title="bbox 612 514 2187 588; baseline -0.011 -8"><span class='ocrx_word' id='word_1_7' title='bbox 612 530 770 580; x_wconf 84' lang='lat' dir='ltr'><strong>statis</strong></span> <span class='ocrx_word' id='word_1_8' title='bbox 799 535 924 588; x_wconf 71' lang='lat' dir='ltr'><strong>tum,</strong></span> <span class='ocrx_word' id='word_1_9' title='bbox 953 521 1052 588; x_wconf 82' lang='lat' dir='ltr'><strong>Qui</strong></span> <span class='ocrx_word' id='word_1_10' title='bbox 1077 516 1323 580; x_wconf 78' lang='lat' dir='ltr'><strong>docuerit,</strong></span> <span class='ocrx_word' id='word_1_11' title='bbox 1351 524 1400 568; x_wconf 93' lang='lat' dir='ltr'><strong>et</strong></span> <span class='ocrx_word' id='word_1_12' title='bbox 1426 531 1529 567; x_wconf 85' lang='lat' dir='ltr'><strong>non</strong></span> <span class='ocrx_word' id='word_1_13' title='bbox 1558 514 1752 583; x_wconf 79' lang='lat' dir='ltr'><strong>fecerit,</strong></span> <span class='ocrx_word' id='word_1_14' title='bbox 1776 514 2012 564; x_wconf 85' lang='lat' dir='ltr'><strong>minimus</strong></span> <span class='ocrx_word' id='word_1_15' title='bbox 2038 527 2187 564; x_wconf 74' lang='lat' dir='ltr'><strong>voca-</strong></span> 
     </span>
    </p>
   </div>
   <div class='ocr_carea' id='block_1_3' title="bbox 610 603 2185 681">
    <p class='ocr_par' dir='ltr' id='par_1_3' title="bbox 610 603 2185 681">
     <span class='ocr_line' id='line_1_3' title="bbox 610 603 2185 681; baseline -0.01 -9"><span class='ocrx_word' id='word_1_16' title='bbox 610 619 744 671; x_wconf 80' lang='lat' dir='ltr'><strong>bitur</strong></span> <span class='ocrx_word' id='word_1_17' title='bbox 781 618 836 669; x_wconf 73' lang='lat' dir='ltr'><strong>iu</strong></span> <span class='ocrx_word' id='word_1_18' title='bbox 881 625 1032 681; x_wconf 83' lang='lat' dir='ltr'><strong>regno</strong></span> <span class='ocrx_word' id='word_1_19' title='bbox 1069 608 1310 662; x_wconf 71' lang='lat' dir='ltr'><strong>calorum</strong></span> <span class='ocrx_word' id='word_1_20' title='bbox 1351 604 1570 675; x_wconf 69' lang='lat' dir='ltr'><strong>(Matth.</strong></span> <span class='ocrx_word' id='word_1_21' title='bbox 1614 605 1696 675; x_wconf 88' lang='lat'><strong>5).</strong></span> <span class='ocrx_word' id='word_1_22' title='bbox 1731 605 1812 674; x_wconf 92' lang='lat' dir='ltr'><strong>(a)</strong></span> <span class='ocrx_word' id='word_1_23' title='bbox 1841 603 2069 658; x_wconf 80' lang='lat' dir='ltr'><strong>Fruatur</strong></span> <span class='ocrx_word' id='word_1_24' title='bbox 2098 603 2185 657; x_wconf 89' lang='lat' dir='ltr'><strong>ille</strong></span> 
     </span>
    </p>
   </div>
   <div class='ocr_carea' id='block_1_4' title="bbox 607 694 2185 768">
    <p class='ocr_par' dir='ltr' id='par_1_4' title="bbox 607 694 2185 768">
     <span class='ocr_line' id='line_1_4' title="bbox 607 694 2185 768; baseline -0.009 -7"><span class='ocrx_word' id='word_1_25' title='bbox 607 707 816 761; x_wconf 82' lang='lat' dir='ltr'><strong>virtutis</strong></span> <span class='ocrx_word' id='word_1_26' title='bbox 857 715 1091 764; x_wconf 92' lang='lat' dir='ltr'><strong>corona,</strong></span> <span class='ocrx_word' id='word_1_27' title='bbox 1120 707 1174 753; x_wconf 92' lang='lat' dir='ltr'><strong>et</strong></span> <span class='ocrx_word' id='word_1_28' title='bbox 1213 699 1284 753; x_wconf 93' lang='lat' dir='ltr'><strong>ob</strong></span> <span class='ocrx_word' id='word_1_29' title='bbox 1311 697 1616 768; x_wconf 79' lang='lat' dir='ltr'><strong>quotidiana</strong></span> <span class='ocrx_word' id='word_1_30' title='bbox 1660 695 1911 766; x_wconf 77' lang='lat' dir='ltr'><strong>martyris</strong></span> <span class='ocrx_word' id='word_1_31' title='bbox 1960 694 2185 748; x_wconf 84' lang='lat' dir='ltr'><strong>stolatas</strong></span> 
     </span>
    </p>
   </div>
   <div class='ocr_carea' id='block_1_5' title="bbox 604 785 2181 864">
    <p class='ocr_par' dir='ltr' id='par_1_5' title="bbox 604 785 2181 864">
     <span class='ocr_line' id='line_1_5' title="bbox 604 785 2181 864; baseline -0.009 -13"><span class='ocrx_word' id='word_1_32' title='bbox 604 809 797 864; x_wconf 72' lang='lat' dir='ltr'><strong>agnum</strong></span> <span class='ocrx_word' id='word_1_33' title='bbox 841 800 1097 860; x_wconf 85' lang='lat' dir='ltr'><strong>sequatur</strong></span> <span class='ocrx_word' id='word_1_34' title='bbox 1138 789 1322 857; x_wconf 76' lang='lat' dir='ltr'><strong>(Apoc.</strong></span> <span class='ocrx_word' id='word_1_35' title='bbox 1367 788 1454 855; x_wconf 68' lang='grc'><strong>14)</strong></span> <span class='ocrx_word' id='word_1_36' title='bbox 1485 804 1499 838; x_wconf 87' lang='lat'><strong>:</strong></span> <span class='ocrx_word' id='word_1_37' title='bbox 1527 785 1710 839; x_wconf 74' lang='lat' dir='ltr'><strong>liniue</strong></span> <span class='ocrx_word' id='word_1_38' title='bbox 1733 787 1865 838; x_wconf 87' lang='lat' dir='ltr'><strong>enim</strong></span> <span class='ocrx_word' id='word_1_39' title='bbox 1891 794 2008 839; x_wconf 86' lang='lat' dir='ltr'><strong>sunt</strong></span> <span class='ocrx_word' id='word_1_40' title='bbox 2032 801 2181 837; x_wconf 85' lang='lat' dir='ltr'><strong>man-</strong></span> 
     </span>
    </p>
   </div>
   <div class='ocr_carea' id='block_1_6' title="bbox 600 875 2186 950">
    <p class='ocr_par' dir='ltr' id='par_1_6' title="bbox 600 875 2186 950">
     <span class='ocr_line' id='line_1_6' title="bbox 600 875 2186 950; baseline -0.009 -10"><span class='ocrx_word' id='word_1_41' title='bbox 600 887 768 940; x_wconf 84' lang='lat' dir='ltr'><strong>siones</strong></span> <span class='ocrx_word' id='word_1_42' title='bbox 786 883 923 950; x_wconf 83' lang='lat' dir='ltr'><strong>apud</strong></span> <span class='ocrx_word' id='word_1_43' title='bbox 950 879 1161 934; x_wconf 80' lang='lat' dir='ltr'><strong>Patrem</strong></span> <span class='ocrx_word' id='word_1_44' title='bbox 1190 877 1369 950; x_wconf 78' lang='lat' dir='ltr'><strong>(Joan.</strong></span> <span class='ocrx_word' id='word_1_45' title='bbox 1394 879 1505 946; x_wconf 74' lang='grc'><strong>14).</strong></span> <span class='ocrx_word' id='word_1_46' title='bbox 1532 877 1598 931; x_wconf 76' lang='lat' dir='ltr'><strong>Et</strong></span> <span class='ocrx_word' id='word_1_47' title='bbox 1617 877 1782 932; x_wconf 82' lang='lat' dir='ltr'><strong>Stella</strong></span> <span class='ocrx_word' id='word_1_48' title='bbox 1813 877 1878 930; x_wconf 71' lang='lat' dir='ltr'><strong>ab</strong></span> <span class='ocrx_word' id='word_1_49' title='bbox 1906 875 2052 930; x_wconf 76' lang='lat' dir='ltr'><strong>stella</strong></span> <span class='ocrx_word' id='word_1_50' title='bbox 2081 875 2186 945; x_wconf 81' lang='lat' dir='ltr'><strong>dif-</strong></span> 
     </span>
    </p>
   </div>
   <div class='ocr_carea' id='block_1_7' title="bbox 600 966 2185 1046">
    <p class='ocr_par' dir='ltr' id='par_1_7' title="bbox 600 966 2185 1046">
     <span class='ocr_line' id='line_1_7' title="bbox 600 966 2185 1046; baseline -0.008 -14"><span class='ocrx_word' id='word_1_51' title='bbox 600 977 702 1046; x_wconf 81' lang='lat' dir='ltr'><strong>fert</strong></span> <span class='ocrx_word' id='word_1_52' title='bbox 726 978 778 1028; x_wconf 88' lang='lat' dir='ltr'><strong>in</strong></span> <span class='ocrx_word' id='word_1_53' title='bbox 806 973 1036 1028; x_wconf 80' lang='lat' dir='ltr'><strong>claritate</strong></span> <span class='ocrx_word' id='word_1_54' title='bbox 1055 972 1132 1044; x_wconf 92' lang='grc'><strong>(1.</strong></span> <span class='ocrx_word' id='word_1_55' title='bbox 1156 971 1274 1026; x_wconf 81' lang='lat' dir='ltr'><strong>Cor.</strong></span> <span class='ocrx_word' id='word_1_56' title='bbox 1295 971 1406 1038; x_wconf 82' lang='grc'><strong>15).</strong></span> <span class='ocrx_word' id='word_1_57' title='bbox 1433 968 1556 1022; x_wconf 73' lang='lat' dir='ltr'><strong>Mihi</strong></span> <span class='ocrx_word' id='word_1_58' title='bbox 1586 967 1822 1022; x_wconf 83' lang='lat' dir='ltr'><strong>concede</strong></span> <span class='ocrx_word' id='word_1_59' title='bbox 1840 967 1941 1038; x_wconf 91' lang='lat' dir='ltr'><strong>(l),</strong></span> <span class='ocrx_word' id='word_1_60' title='bbox 1963 976 2019 1019; x_wconf 89' lang='lat' dir='ltr'><strong>ut</strong></span> <span class='ocrx_word' id='word_1_61' title='bbox 2044 966 2185 1020; x_wconf 90' lang='lat' dir='ltr'><strong>inter</strong></span> 
     </span>
    </p>
   </div>
   <div class='ocr_carea' id='block_1_8' title="bbox 599 1059 2184 1136">
    <p class='ocr_par' dir='ltr' id='par_1_8' title="bbox 599 1059 2184 1136">
     <span class='ocr_line' id='line_1_8' title="bbox 599 1059 2184 1136; baseline -0.009 -12"><span class='ocrx_word' id='word_1_62' title='bbox 599 1069 917 1124; x_wconf 79' lang='lat' dir='ltr'><strong>Sanctorum</strong></span> <span class='ocrx_word' id='word_1_63' title='bbox 944 1064 1192 1119; x_wconf 75' lang='lat' dir='ltr'><strong>ealcanea</strong></span> <span class='ocrx_word' id='word_1_64' title='bbox 1272 1060 1373 1136; x_wconf 74' lang='lat'><strong>13</strong></span> <span class='ocrx_word' id='word_1_65' title='bbox 1444 1068 1603 1129; x_wconf 80' lang='lat' dir='ltr'><strong>caput</strong></span> <span class='ocrx_word' id='word_1_66' title='bbox 1640 1059 1838 1127; x_wconf 88' lang='lat' dir='ltr'><strong>possim</strong></span> <span class='ocrx_word' id='word_1_67' title='bbox 1876 1059 2052 1112; x_wconf 83' lang='lat' dir='ltr'><strong>levare</strong></span> <span class='ocrx_word' id='word_1_68' title='bbox 2083 1075 2096 1112; x_wconf 92' lang='lat'>:</span> <span class='ocrx_word' id='word_1_69' title='bbox 2128 1065 2184 1110; x_wconf 91' lang='lat' dir='ltr'><strong>ut</strong></span> 
     </span>
    </p>
   </div>
   <div class='ocr_carea' id='block_1_9' title="bbox 597 1150 2177 1230">
    <p class='ocr_par' dir='ltr' id='par_1_9' title="bbox 597 1150 2177 1230">
     <span class='ocr_line' id='line_1_9' title="bbox 597 1150 2177 1230; baseline -0.009 -13"><span class='ocrx_word' id='word_1_70' title='bbox 597 1178 722 1217; x_wconf 91' lang='lat' dir='ltr'><strong>cum</strong></span> <span class='ocrx_word' id='word_1_71' title='bbox 746 1176 847 1229; x_wconf 78' lang='lat' dir='ltr'><strong>ego</strong></span> <span class='ocrx_word' id='word_1_72' title='bbox 873 1159 948 1230; x_wconf 73' lang='grc' dir='ltr'><strong>(ὁ)</strong></span> <span class='ocrx_word' id='word_1_73' title='bbox 969 1156 1249 1220; x_wconf 78' lang='lat' dir='ltr'><strong>voluerim,</strong></span> <span class='ocrx_word' id='word_1_74' title='bbox 1279 1156 1367 1207; x_wconf 89' lang='lat' dir='ltr'><strong>ille</strong></span> <span class='ocrx_word' id='word_1_75' title='bbox 1393 1151 1696 1222; x_wconf 82' lang='lat' dir='ltr'><strong>perfecerit,</strong></span> <span class='ocrx_word' id='word_1_76' title='bbox 1743 1151 1872 1204; x_wconf 86' lang='lat' dir='ltr'><strong>mihi</strong></span> <span class='ocrx_word' id='word_1_77' title='bbox 1913 1150 2177 1220; x_wconf 76' lang='lat' dir='ltr'><strong>ignoscas,</strong></span> 
     </span>
    </p>
   </div>
   <div class='ocr_carea' id='block_1_10' title="bbox 598 1242 2182 1324">
    <p class='ocr_par' dir='ltr' id='par_1_10' title="bbox 598 1242 2182 1324">
     <span class='ocr_line' id='line_1_10' title="bbox 598 1242 2182 1324; baseline -0.006 -18"><span class='ocrx_word' id='word_1_78' title='bbox 598 1255 723 1324; x_wconf 83' lang='lat' dir='ltr'><strong>quia</strong></span> <span class='ocrx_word' id='word_1_79' title='bbox 768 1252 992 1322; x_wconf 89' lang='lat' dir='ltr'><strong>implere</strong></span> <span class='ocrx_word' id='word_1_80' title='bbox 1027 1265 1132 1304; x_wconf 90' lang='lat' dir='ltr'><strong>non</strong></span> <span class='ocrx_word' id='word_1_81' title='bbox 1163 1249 1332 1316; x_wconf 84' lang='lat' dir='ltr'><strong>potui,</strong></span> <span class='ocrx_word' id='word_1_82' title='bbox 1366 1247 1438 1300; x_wconf 90' lang='lat' dir='ltr'><strong>illi</strong></span> <span class='ocrx_word' id='word_1_83' title='bbox 1486 1245 1689 1299; x_wconf 85' lang='lat' dir='ltr'><strong>tribuas</strong></span> <span class='ocrx_word' id='word_1_84' title='bbox 1734 1245 2011 1314; x_wconf 68' lang='lat' dir='ltr'><strong>prtemium</strong></span> <span class='ocrx_word' id='word_1_85' title='bbox 2035 1242 2182 1312; x_wconf 87' lang='lat' dir='ltr'><strong>quod</strong></span> 
     </span>
    </p>
   </div>
   <div class='ocr_carea' id='block_1_11' title="bbox 597 1336 2179 1408">
    <p class='ocr_par' dir='ltr' id='par_1_11' title="bbox 597 1336 2179 1408">
     <span class='ocr_line' id='line_1_11' title="bbox 597 1336 2179 1408; baseline -0.008 -7"><span class='ocrx_word' id='word_1_86' title='bbox 597 1354 855 1401; x_wconf 87' lang='lat' dir='ltr'><strong>meretur.</strong></span> <span class='ocrx_word' id='word_1_87' title='bbox 888 1343 1045 1398; x_wconf 84' lang='lat' dir='ltr'><strong>Plura</strong></span> <span class='ocrx_word' id='word_1_88' title='bbox 1087 1340 1314 1398; x_wconf 86' lang='lat' dir='ltr'><strong>fortasse</strong></span> <span class='ocrx_word' id='word_1_89' title='bbox 1341 1353 1498 1408; x_wconf 89' lang='lat' dir='ltr'><strong>quam</strong></span> <span class='ocrx_word' id='word_1_90' title='bbox 1543 1338 1795 1407; x_wconf 72' lang='lat' dir='ltr'><strong>Epistolaz</strong></span> <span class='ocrx_word' id='word_1_91' title='bbox 1823 1336 2058 1392; x_wconf 80' lang='lat' dir='ltr'><strong>brevitas</strong></span> <span class='ocrx_word' id='word_1_92' title='bbox 2083 1351 2179 1406; x_wconf 82' lang='lat' dir='ltr'><strong>pa-</strong></span> 
     </span>
    </p>
   </div>
   <div class='ocr_carea' id='block_1_12' title="bbox 597 1428 2180 1503">
    <p class='ocr_par' dir='ltr' id='par_1_12' title="bbox 597 1428 2180 1503">
     <span class='ocr_line' id='line_1_12' title="bbox 597 1428 2180 1503; baseline -0.006 -11"><span class='ocrx_word' id='word_1_93' title='bbox 597 1437 857 1500; x_wconf 87' lang='lat' dir='ltr'><strong>tiebatur,</strong></span> <span class='ocrx_word' id='word_1_94' title='bbox 914 1435 1073 1503; x_wconf 83' lang='lat' dir='ltr'><strong>longo</strong></span> <span class='ocrx_word' id='word_1_95' title='bbox 1117 1446 1367 1487; x_wconf 85' lang='lat' dir='ltr'><strong>sermone</strong></span> <span class='ocrx_word' id='word_1_96' title='bbox 1416 1429 1807 1499; x_wconf 89' lang='lat' dir='ltr'><strong>protraxerim,</strong></span> <span class='ocrx_word' id='word_1_97' title='bbox 1857 1428 2002 1503; x_wconf 85' lang='lat' dir='ltr'><strong>quod</strong></span> <span class='ocrx_word' id='word_1_98' title='bbox 2048 1429 2180 1483; x_wconf 87' lang='lat' dir='ltr'><strong>mihi</strong></span> 
     </span>
    </p>
   </div>
   <div class='ocr_carea' id='block_1_13' title="bbox 596 1520 2180 1597">
    <p class='ocr_par' dir='ltr' id='par_1_13' title="bbox 596 1520 2180 1597">
     <span class='ocr_line' id='line_1_13' title="bbox 596 1520 2180 1597; baseline -0.004 -16"><span class='ocrx_word' id='word_1_99' title='bbox 596 1543 810 1597; x_wconf 83' lang='lat' dir='ltr'><strong>semper</strong></span> <span class='ocrx_word' id='word_1_100' title='bbox 833 1527 1076 1581; x_wconf 89' lang='lat' dir='ltr'><strong>accidere</strong></span> <span class='ocrx_word' id='word_1_101' title='bbox 1105 1523 1401 1584; x_wconf 80' lang='lat' dir='ltr'><strong>consuevit,</strong></span> <span class='ocrx_word' id='word_1_102' title='bbox 1424 1521 1637 1592; x_wconf 86' lang='lat' dir='ltr'><strong>quando</strong></span> <span class='ocrx_word' id='word_1_103' title='bbox 1656 1521 1855 1591; x_wconf 89' lang='lat' dir='ltr'><strong>aliquid</strong></span> <span class='ocrx_word' id='word_1_104' title='bbox 1885 1521 1952 1576; x_wconf 90' lang='lat' dir='ltr'><strong>de</strong></span> <span class='ocrx_word' id='word_1_105' title='bbox 1982 1520 2180 1576; x_wconf 86' lang='lat' dir='ltr'><strong>Bonosi</strong></span> 
     </span>
    </p>
   </div>
   <div class='ocr_carea' id='block_1_14' title="bbox 598 1615 1398 1674">
    <p class='ocr_par' dir='ltr' id='par_1_14' title="bbox 598 1615 1398 1674">
     <span class='ocr_line' id='line_1_14' title="bbox 598 1615 1398 1674; baseline -0.003 -2"><span class='ocrx_word' id='word_1_106' title='bbox 598 1620 767 1674; x_wconf 85' lang='lat' dir='ltr'><strong>nostri</strong></span> <span class='ocrx_word' id='word_1_107' title='bbox 800 1617 956 1672; x_wconf 90' lang='lat' dir='ltr'><strong>laude</strong></span> <span class='ocrx_word' id='word_1_108' title='bbox 981 1615 1268 1672; x_wconf 85' lang='lat' dir='ltr'><strong>dicendum</strong></span> <span class='ocrx_word' id='word_1_109' title='bbox 1296 1622 1398 1670; x_wconf 86' lang='lat' dir='ltr'><strong>est.</strong></span> 
     </span>
    </p>
   </div>
   <div class='ocr_carea' id='block_1_15' title="bbox 670 1702 2178 1771">
    <p class='ocr_par' dir='ltr' id='par_1_15' title="bbox 670 1702 2178 1771">
     <span class='ocr_line' id='line_1_15' title="bbox 670 1702 2178 1771; baseline -0.005 -6"><span class='ocrx_word' id='word_1_110' title='bbox 670 1711 724 1765; x_wconf 86' lang='lat'><strong>6.</strong></span> <span class='ocrx_word' id='word_1_111' title='bbox 756 1708 861 1764; x_wconf 85' lang='lat' dir='ltr'><strong>Sed</strong></span> <span class='ocrx_word' id='word_1_112' title='bbox 902 1718 961 1762; x_wconf 91' lang='lat' dir='ltr'><strong>ut</strong></span> <span class='ocrx_word' id='word_1_113' title='bbox 988 1707 1055 1761; x_wconf 88' lang='lat' dir='ltr'><strong>ad</strong></span> <span class='ocrx_word' id='word_1_114' title='bbox 1085 1705 1214 1760; x_wconf 90' lang='lat' dir='ltr'><strong>illud</strong></span> <span class='ocrx_word' id='word_1_115' title='bbox 1242 1704 1478 1771; x_wconf 80' lang='lat' dir='ltr'><strong>redeam,</strong></span> <span class='ocrx_word' id='word_1_116' title='bbox 1510 1702 1650 1758; x_wconf 83' lang='lat' dir='ltr'><strong>unde</strong></span> <span class='ocrx_word' id='word_1_117' title='bbox 1671 1703 2045 1769; x_wconf 80' lang='lat' dir='ltr'><strong>discesseram,</strong></span> <span class='ocrx_word' id='word_1_118' title='bbox 2077 1702 2178 1758; x_wconf 78' lang='lat' dir='ltr'><strong>ob-</strong></span> 
     </span>
    </p>
   </div>
   <div class='ocr_carea' id='block_1_16' title="bbox 596 1793 2176 1863">
    <p class='ocr_par' dir='ltr' id='par_1_16' title="bbox 596 1793 2176 1863">
     <span class='ocr_line' id='line_1_16' title="bbox 596 1793 2176 1863; baseline -0.005 -8"><span class='ocrx_word' id='word_1_119' title='bbox 596 1815 749 1856; x_wconf 84' lang='lat' dir='ltr'><strong>secro</strong></span> <span class='ocrx_word' id='word_1_120' title='bbox 779 1808 850 1863; x_wconf 90' lang='lat' dir='ltr'><strong>te,</strong></span> <span class='ocrx_word' id='word_1_121' title='bbox 877 1813 946 1852; x_wconf 92' lang='lat' dir='ltr'><strong>ne</strong></span> <span class='ocrx_word' id='word_1_122' title='bbox 973 1797 1223 1860; x_wconf 89' lang='lat' dir='ltr'><strong>amicum,</strong></span> <span class='ocrx_word' id='word_1_123' title='bbox 1241 1795 1329 1863; x_wconf 91' lang='lat' dir='ltr'><strong>qui</strong></span> <span class='ocrx_word' id='word_1_124' title='bbox 1357 1793 1448 1853; x_wconf 86' lang='lat' dir='ltr'><strong>diu</strong></span> <span class='ocrx_word' id='word_1_125' title='bbox 1473 1793 1854 1862; x_wconf 71' lang='lat' dir='ltr'><strong>qumritur,vix</strong></span> <span class='ocrx_word' id='word_1_126' title='bbox 1889 1795 2176 1862; x_wconf 83' lang='lat' dir='ltr'><strong>invenitur,</strong></span> 
     </span>
    </p>
   </div>
   <div class='ocr_carea' id='block_1_17' title="bbox 597 1886 2174 1957">
    <p class='ocr_par' dir='ltr' id='par_1_17' title="bbox 597 1886 2174 1957">
     <span class='ocr_line' id='line_1_17' title="bbox 597 1886 2174 1957; baseline -0.004 -11"><span class='ocrx_word' id='word_1_127' title='bbox 597 1893 817 1948; x_wconf 81' lang='lat' dir='ltr'><strong>difficile</strong></span> <span class='ocrx_word' id='word_1_128' title='bbox 852 1898 1098 1945; x_wconf 77' lang='lat' dir='ltr'><strong>senatur</strong></span> <span class='ocrx_word' id='word_1_129' title='bbox 1121 1929 1136 1954; x_wconf 91' lang='lat'><strong>,</strong></span> <span class='ocrx_word' id='word_1_130' title='bbox 1165 1889 1365 1957; x_wconf 90' lang='lat' dir='ltr'><strong>pariter</strong></span> <span class='ocrx_word' id='word_1_131' title='bbox 1400 1900 1521 1940; x_wconf 91' lang='lat' dir='ltr'><strong>cum</strong></span> <span class='ocrx_word' id='word_1_132' title='bbox 1551 1886 1719 1940; x_wconf 87' lang='lat' dir='ltr'><strong>oculis</strong></span> <span class='ocrx_word' id='word_1_133' title='bbox 1764 1902 1916 1940; x_wconf 90' lang='lat' dir='ltr'><strong>mens</strong></span> <span class='ocrx_word' id='word_1_134' title='bbox 1947 1886 2174 1940; x_wconf 86' lang='lat' dir='ltr'><strong>amittat.</strong></span> 
     </span>
    </p>
   </div>
   <div class='ocr_carea' id='block_1_18' title="bbox 597 1975 2176 2055">
    <p class='ocr_par' dir='ltr' id='par_1_18' title="bbox 597 1975 2176 2055">
     <span class='ocr_line' id='line_1_18' title="bbox 597 1975 2176 2055; baseline -0.004 -19"><span class='ocrx_word' id='word_1_135' title='bbox 597 1984 668 2055; x_wconf 78' lang='grc' dir='ltr'><strong>(ε)</strong></span> <span class='ocrx_word' id='word_1_136' title='bbox 697 1983 916 2053; x_wconf 72' lang='lat' dir='ltr'><strong>Fulgeat</strong></span> <span class='ocrx_word' id='word_1_137' title='bbox 951 1979 1360 2041; x_wconf 87' lang='lat' dir='ltr'><strong>cuilibetanro;</strong></span> <span class='ocrx_word' id='word_1_138' title='bbox 1405 1985 1459 2031; x_wconf 90' lang='lat' dir='ltr'><strong>et</strong></span> <span class='ocrx_word' id='word_1_139' title='bbox 1491 1976 1806 2046; x_wconf 84' lang='lat' dir='ltr'><strong>pompaticis</strong></span> <span class='ocrx_word' id='word_1_140' title='bbox 1841 1975 2057 2032; x_wconf 83' lang='lat' dir='ltr'><strong>ferculis</strong></span> <span class='ocrx_word' id='word_1_141' title='bbox 2081 1991 2176 2031; x_wconf 85' lang='lat' dir='ltr'><strong>co-</strong></span> 
     </span>
    </p>
   </div>
   <div class='ocr_carea' id='block_1_19' title="bbox 593 2066 2178 2137">
    <p class='ocr_par' dir='ltr' id='par_1_19' title="bbox 593 2066 2178 2137">
     <span class='ocr_line' id='line_1_19' title="bbox 593 2066 2178 2137; baseline -0.005 -7"><span class='ocrx_word' id='word_1_142' title='bbox 593 2090 748 2130; x_wconf 88' lang='lat' dir='ltr'><strong>rusca</strong></span> <span class='ocrx_word' id='word_1_143' title='bbox 774 2089 838 2128; x_wconf 86' lang='lat' dir='ltr'><strong>cx</strong></span> <span class='ocrx_word' id='word_1_144' title='bbox 861 2072 1086 2127; x_wconf 82' lang='lat' dir='ltr'><strong>sarcinis</strong></span> <span class='ocrx_word' id='word_1_145' title='bbox 1112 2069 1324 2125; x_wconf 88' lang='lat' dir='ltr'><strong>metalla</strong></span> <span class='ocrx_word' id='word_1_146' title='bbox 1357 2067 1582 2123; x_wconf 89' lang='lat' dir='ltr'><strong>radient.</strong></span> <span class='ocrx_word' id='word_1_147' title='bbox 1615 2066 1820 2122; x_wconf 86' lang='lat' dir='ltr'><strong>Caritas</strong></span> <span class='ocrx_word' id='word_1_148' title='bbox 1855 2082 1959 2122; x_wconf 88' lang='lat' dir='ltr'><strong>non</strong></span> <span class='ocrx_word' id='word_1_149' title='bbox 2003 2077 2178 2137; x_wconf 86' lang='lat' dir='ltr'><strong>potest</strong></span> 
     </span>
    </p>
   </div>
   <div class='ocr_carea' id='block_1_20' title="bbox 593 2159 2173 2236">
    <p class='ocr_par' dir='ltr' id='par_1_20' title="bbox 593 2159 2173 2236">
     <span class='ocr_line' id='line_1_20' title="bbox 593 2159 2173 2236; baseline -0.004 -16"><span class='ocrx_word' id='word_1_150' title='bbox 593 2164 909 2236; x_wconf 88' lang='lat' dir='ltr'><strong>comparari.</strong></span> <span class='ocrx_word' id='word_1_151' title='bbox 971 2161 1192 2222; x_wconf 88' lang='lat' dir='ltr'><strong>Dilectio</strong></span> <span class='ocrx_word' id='word_1_152' title='bbox 1247 2159 1473 2229; x_wconf 89' lang='lat' dir='ltr'><strong>pretium</strong></span> <span class='ocrx_word' id='word_1_153' title='bbox 1523 2173 1629 2213; x_wconf 90' lang='lat' dir='ltr'><strong>non</strong></span> <span class='ocrx_word' id='word_1_154' title='bbox 1687 2159 1868 2214; x_wconf 86' lang='lat' dir='ltr'><strong>habet.</strong></span> <span class='ocrx_word' id='word_1_155' title='bbox 1926 2159 2173 2213; x_wconf 81' lang='lat' dir='ltr'><strong>Amicitia</strong></span> 
     </span>
    </p>
   </div>
   <div class='ocr_carea' id='block_1_21' title="bbox 591 2249 2172 2326">
    <p class='ocr_par' dir='ltr' id='par_1_21' title="bbox 591 2249 2172 2326">
     <span class='ocr_line' id='line_1_21' title="bbox 591 2249 2172 2326; baseline -0.003 -16"><span class='ocrx_word' id='word_1_156' title='bbox 591 2273 710 2326; x_wconf 67' lang='lat' dir='ltr'><strong>qtae</strong></span> <span class='ocrx_word' id='word_1_157' title='bbox 750 2256 998 2314; x_wconf 79' lang='lat' dir='ltr'><strong>desinere</strong></span> <span class='ocrx_word' id='word_1_158' title='bbox 1041 2261 1255 2326; x_wconf 85' lang='lat' dir='ltr'><strong>potest,</strong></span> <span class='ocrx_word' id='word_1_159' title='bbox 1304 2267 1429 2308; x_wconf 87' lang='lat' dir='ltr'><strong>vera</strong></span> <span class='ocrx_word' id='word_1_160' title='bbox 1480 2265 1750 2322; x_wconf 86' lang='lat' dir='ltr'><strong>nunquam</strong></span> <span class='ocrx_word' id='word_1_161' title='bbox 1796 2249 1916 2312; x_wconf 89' lang='lat' dir='ltr'><strong>fuit.</strong></span> <span class='ocrx_word' id='word_1_162' title='bbox 1945 2250 2077 2306; x_wconf 77' lang='lat' dir='ltr'><strong>Vale</strong></span> <span class='ocrx_word' id='word_1_163' title='bbox 2119 2251 2172 2306; x_wconf 89' lang='lat' dir='ltr'><strong>in</strong></span> 
     </span>
    </p>
   </div>
   <div class='ocr_carea' id='block_1_22' title="bbox 589 2349 822 2412">
    <p class='ocr_par' dir='ltr' id='par_1_22' title="bbox 589 2349 822 2412">
     <span class='ocr_line' id='line_1_22' title="bbox 589 2349 822 2412; baseline -0.013 -7"><span class='ocrx_word' id='word_1_164' title='bbox 589 2349 822 2412; x_wconf 83' lang='lat' dir='ltr'><strong>Christo.</strong></span> 
     </span>
    </p>
   </div>
   <div class='ocr_carea' id='block_1_23' title="bbox 1128 2477 1686 2548">
    <p class='ocr_par' dir='ltr' id='par_1_23' title="bbox 1128 2477 1686 2548">
     <span class='ocr_line' id='line_1_23' title="bbox 1128 2477 1686 2548; baseline -0.014 -12"><span class='ocrx_word' id='word_1_165' title='bbox 1128 2477 1455 2536; x_wconf 73' lang='lat' dir='ltr'><strong>EPISTOLA</strong></span> <span class='ocrx_word' id='word_1_166' title='bbox 1498 2477 1563 2531; x_wconf 84' lang='lat' dir='ltr'><strong>tv</strong></span> <span class='ocrx_word' id='word_1_167' title='bbox 1589 2477 1686 2548; x_wconf 52' lang='lat' dir='ltr'><strong>(et</strong></span> 
     </span>
    </p>
   </div>
   <div class='ocr_carea' id='block_1_24' title="bbox 1130 2607 1673 2679">
    <p class='ocr_par' dir='ltr' id='par_1_24' title="bbox 1130 2607 1673 2679">
     <span class='ocr_line' id='line_1_24' title="bbox 1130 2607 1673 2679; baseline -0.004 -15"><span class='ocrx_word' id='word_1_168' title='bbox 1130 2626 1196 2664; x_wconf 78' lang='lat' dir='ltr'><strong>ita</strong></span> <span class='ocrx_word' id='word_1_169' title='bbox 1224 2623 1556 2665; x_wconf 72' lang='lat' dir='ltr'><strong>rLoncsruzu</strong></span> <span class='ocrx_word' id='word_1_170' title='bbox 1583 2607 1673 2679; x_wconf 89' lang='lat' dir='ltr'><strong>(e).</strong></span> 
     </span>
    </p>
   </div>
   <div class='ocr_carea' id='block_1_25' title="bbox 589 2741 2169 2818">
    <p class='ocr_par' dir='ltr' id='par_1_25' title="bbox 589 2741 2169 2818">
     <span class='ocr_line' id='line_1_25' title="bbox 589 2741 2169 2818; baseline -0.004 -18"><span class='ocrx_word' id='word_1_171' title='bbox 589 2746 918 2817; x_wconf 75' lang='lat' dir='ltr'><strong>Superiorem</strong></span> <span class='ocrx_word' id='word_1_172' title='bbox 947 2743 1228 2812; x_wconf 80' lang='lat' dir='ltr'><strong>Epistolnm</strong></span> <span class='ocrx_word' id='word_1_173' title='bbox 1259 2741 1457 2818; x_wconf 55' lang='lat' dir='ltr'><strong>Ruﬁno</strong></span> <span class='ocrx_word' id='word_1_174' title='bbox 1495 2742 1803 2794; x_wconf 84' lang='lat' dir='ltr'><strong>reddendam</strong></span> <span class='ocrx_word' id='word_1_175' title='bbox 1828 2741 1912 2795; x_wconf 82' lang='lat' dir='ltr'><strong>isti</strong></span> <span class='ocrx_word' id='word_1_176' title='bbox 1944 2741 2012 2794; x_wconf 83' lang='lat' dir='ltr'><strong>ad</strong></span> <span class='ocrx_word' id='word_1_177' title='bbox 2038 2741 2169 2800; x_wconf 74' lang='lat' dir='ltr'><strong>Flo-</strong></span> 
     </span>
    </p>
   </div>
   <div class='ocr_carea' id='block_1_26' title="bbox 660 2829 2171 2908">
    <p class='ocr_par' dir='ltr' id='par_1_26' title="bbox 660 2829 2171 2908">
     <span class='ocr_line' id='line_1_26' title="bbox 660 2829 2171 2908; baseline -0.003 -19"><span class='ocrx_word' id='word_1_178' title='bbox 660 2836 873 2889; x_wconf 87' lang='lat' dir='ltr'><strong>rentium</strong></span> <span class='ocrx_word' id='word_1_179' title='bbox 895 2833 1088 2904; x_wconf 75' lang='lat' dir='ltr'><strong>jungit,</strong></span> <span class='ocrx_word' id='word_1_180' title='bbox 1113 2848 1322 2901; x_wconf 83' lang='lat' dir='ltr'><strong>eumque</strong></span> <span class='ocrx_word' id='word_1_181' title='bbox 1342 2831 1676 2908; x_wconf 72' lang='lat' dir='ltr'><strong>Jerosolymw</strong></span> <span class='ocrx_word' id='word_1_182' title='bbox 1710 2829 1969 2900; x_wconf 73' lang='lat' dir='ltr'><strong>degentem</strong></span> <span class='ocrx_word' id='word_1_183' title='bbox 1987 2869 2002 2895; x_wconf 90' lang='lat'><strong>,</strong></span> <span class='ocrx_word' id='word_1_184' title='bbox 2033 2830 2171 2900; x_wconf 75' lang='lat' dir='ltr'><strong>quod</strong></span> 
     </span>
    </p>
   </div>
   <div class='ocr_carea' id='block_1_27' title="bbox 657 2921 2166 2994">
    <p class='ocr_par' dir='ltr' id='par_1_27' title="bbox 657 2921 2166 2994">
     <span class='ocr_line' id='line_1_27' title="bbox 657 2921 2166 2994; baseline -0.003 -15"><span class='ocrx_word' id='word_1_185' title='bbox 657 2927 932 2980; x_wconf 81' lang='lat' dir='ltr'><strong>multorum</strong></span> <span class='ocrx_word' id='word_1_186' title='bbox 957 2939 1236 2994; x_wconf 80' lang='lat' dir='ltr'><strong>pauperum</strong></span> <span class='ocrx_word' id='word_1_187' title='bbox 1263 2922 1634 2976; x_wconf 84' lang='lat' dir='ltr'><strong>necessitatibus</strong></span> <span class='ocrx_word' id='word_1_188' title='bbox 1672 2921 1968 2984; x_wconf 82' lang='lat' dir='ltr'><strong>subveniret,</strong></span> <span class='ocrx_word' id='word_1_189' title='bbox 1998 2921 2166 2991; x_wconf 86' lang='lat' dir='ltr'><strong>pluri-</strong></span> 
     </span>
    </p>
   </div>
   <div class='ocr_carea' id='block_1_28' title="bbox 657 3012 2056 3084">
    <p class='ocr_par' dir='ltr' id='par_1_28' title="bbox 657 3012 2056 3084">
     <span class='ocr_line' id='line_1_28' title="bbox 657 3012 2056 3084; baseline -0.004 -11"><span class='ocrx_word' id='word_1_190' title='bbox 657 3035 795 3073; x_wconf 86' lang='lat' dir='ltr'><strong>mum</strong></span> <span class='ocrx_word' id='word_1_191' title='bbox 821 3017 998 3072; x_wconf 81' lang='lat' dir='ltr'><strong>laudat</strong></span> <span class='ocrx_word' id='word_1_192' title='bbox 1028 3032 1046 3068; x_wconf 91' lang='lat'><strong><em>:</em></strong></span> <span class='ocrx_word' id='word_1_193' title='bbox 1078 3025 1183 3068; x_wconf 90' lang='lat' dir='ltr'><strong>tum</strong></span> <span class='ocrx_word' id='word_1_194' title='bbox 1212 3012 1401 3084; x_wconf 69' lang='lat' dir='ltr'><strong>lin/fini</strong></span> <span class='ocrx_word' id='word_1_195' title='bbox 1427 3016 1576 3066; x_wconf 89' lang='lat' dir='ltr'><strong>etiam</strong></span> <span class='ocrx_word' id='word_1_196' title='bbox 1597 3013 1773 3067; x_wconf 86' lang='lat' dir='ltr'><strong>laudes</strong></span> <span class='ocrx_word' id='word_1_197' title='bbox 1797 3014 2056 3068; x_wconf 76' lang='lat' dir='ltr'><strong>admiscet.</strong></span> 
     </span>
    </p>
   </div>
   <div class='ocr_carea' id='block_1_29' title="bbox 656 3148 2165 3223">
    <p class='ocr_par' dir='ltr' id='par_1_29' title="bbox 656 3148 2165 3223">
     <span class='ocr_line' id='line_1_29' title="bbox 656 3148 2165 3223; baseline -0.013 -12"><span class='ocrx_word' id='word_1_198' title='bbox 656 3157 711 3214; x_wconf 87' lang='grc'><strong>1.</strong></span> <span class='ocrx_word' id='word_1_199' title='bbox 753 3156 998 3223; x_wconf 85' lang='lat' dir='ltr'><strong>Quantus</strong></span> <span class='ocrx_word' id='word_1_200' title='bbox 1018 3150 1374 3212; x_wconf 81' lang='lat' dir='ltr'><strong>Beatitudiuis,</strong></span> <span class='ocrx_word' id='word_1_201' title='bbox 1397 3160 1500 3203; x_wconf 81' lang='lat' dir='ltr'><strong>tuac</strong></span> <span class='ocrx_word' id='word_1_202' title='bbox 1541 3164 1725 3203; x_wconf 91' lang='lat' dir='ltr'><strong>rumor</strong></span> <span class='ocrx_word' id='word_1_203' title='bbox 1753 3148 1964 3207; x_wconf 88' lang='lat' dir='ltr'><strong>diversa</strong></span> <span class='ocrx_word' id='word_1_204' title='bbox 1996 3163 2165 3219; x_wconf 82' lang='lat' dir='ltr'><strong>popu.</strong></span> 
     </span>
    </p>
   </div>
   <div class='ocr_carea' id='block_1_30' title="bbox 585 3239 2164 3314">
    <p class='ocr_par' dir='ltr' id='par_1_30' title="bbox 585 3239 2164 3314">
     <span class='ocr_line' id='line_1_30' title="bbox 585 3239 2164 3314; baseline -0.008 -11"><span class='ocrx_word' id='word_1_205' title='bbox 585 3249 760 3303; x_wconf 85' lang='lat' dir='ltr'><strong>lorum</strong></span> <span class='ocrx_word' id='word_1_206' title='bbox 789 3261 882 3302; x_wconf 81' lang='lat' dir='ltr'><strong>ora</strong></span> <span class='ocrx_word' id='word_1_207' title='bbox 907 3243 1284 3314; x_wconf 67' lang='lat' dir='ltr'><strong>comttleverit,</strong></span> <span class='ocrx_word' id='word_1_208' title='bbox 1315 3241 1437 3295; x_wconf 89' lang='lat' dir='ltr'><strong>hinc</strong></span> <span class='ocrx_word' id='word_1_209' title='bbox 1462 3239 1662 3308; x_wconf 82' lang='lat' dir='ltr'><strong>poteris</strong></span> <span class='ocrx_word' id='word_1_210' title='bbox 1680 3240 1951 3294; x_wconf 82' lang='lat' dir='ltr'><strong>:cstimare</strong></span> <span class='ocrx_word' id='word_1_211' title='bbox 1974 3281 1990 3306; x_wconf 92' lang='lat'><strong>,</strong></span> <span class='ocrx_word' id='word_1_212' title='bbox 2022 3239 2164 3309; x_wconf 78' lang='lat' dir='ltr'><strong>quod</strong></span> 
     </span>
    </p>
   </div>
   <div class='ocr_carea' id='block_1_31' title="bbox 585 3329 2166 3414">
    <p class='ocr_par' dir='ltr' id='par_1_31' title="bbox 585 3329 2166 3414">
     <span class='ocr_line' id='line_1_31' title="bbox 585 3329 2166 3414; baseline -0.004 -25"><span class='ocrx_word' id='word_1_213' title='bbox 585 3353 686 3407; x_wconf 74' lang='lat' dir='ltr'><strong>ego</strong></span> <span class='ocrx_word' id='word_1_214' title='bbox 718 3345 771 3390; x_wconf 88' lang='lat' dir='ltr'><strong>te</strong></span> <span class='ocrx_word' id='word_1_215' title='bbox 799 3344 923 3390; x_wconf 86' lang='lat' dir='ltr'><strong>ante</strong></span> <span class='ocrx_word' id='word_1_216' title='bbox 953 3333 1150 3401; x_wconf 88' lang='lat' dir='ltr'><strong>incipio</strong></span> <span class='ocrx_word' id='word_1_217' title='bbox 1173 3346 1377 3414; x_wconf 80' lang='lat' dir='ltr'><strong>amare,</strong></span> <span class='ocrx_word' id='word_1_218' title='bbox 1400 3345 1561 3399; x_wconf 88' lang='lat' dir='ltr'><strong>quam</strong></span> <span class='ocrx_word' id='word_1_219' title='bbox 1590 3344 1766 3383; x_wconf 80' lang='lat' dir='ltr'><strong>nos-e.</strong></span> <span class='ocrx_word' id='word_1_220' title='bbox 1807 3329 1875 3384; x_wconf 78' lang='lat' dir='ltr'><strong>Ut</strong></span> <span class='ocrx_word' id='word_1_221' title='bbox 1917 3331 2058 3387; x_wconf 86' lang='lat' dir='ltr'><strong>enim</strong></span> <span class='ocrx_word' id='word_1_222' title='bbox 2089 3330 2166 3386; x_wconf 89' lang='lat' dir='ltr'><strong>ait</strong></span> 
     </span>
    </p>
   </div>
   <div class='ocr_carea' id='block_1_32' title="bbox 587 3421 2162 3495">
    <p class='ocr_par' dir='ltr' id='par_1_32' title="bbox 587 3421 2162 3495">
     <span class='ocr_line' id='line_1_32' title="bbox 587 3421 2162 3495; baseline -0.006 -14"><span class='ocrx_word' id='word_1_223' title='bbox 587 3429 627 3481; x_wconf 79' lang='grc' dir='ltr'><strong>Α</strong></span> <span class='ocrx_word' id='word_1_224' title='bbox 639 3425 892 3495; x_wconf 83' lang='lat' dir='ltr'><strong>postulus,</strong></span> <span class='ocrx_word' id='word_1_225' title='bbox 909 3421 1243 3492; x_wconf 82' lang='lat' dir='ltr'><strong>quorumdam</strong></span> <span class='ocrx_word' id='word_1_226' title='bbox 1259 3421 1514 3472; x_wconf 83' lang='lat' dir='ltr'><strong>hominum</strong></span> <span class='ocrx_word' id='word_1_227' title='bbox 1531 3429 1729 3486; x_wconf 83' lang='lat' dir='ltr'><strong>peccata</strong></span> <span class='ocrx_word' id='word_1_228' title='bbox 1744 3421 2009 3490; x_wconf 78' lang='lat' dir='ltr'><strong>manifesta</strong></span> <span class='ocrx_word' id='word_1_229' title='bbox 2025 3429 2162 3486; x_wconf 87' lang='lat' dir='ltr'><strong>sunt,</strong></span> 
     </span>
    </p>
   </div>
   <div class='ocr_carea' id='block_1_33' title="bbox 587 3507 2166 3584">
    <p class='ocr_par' dir='ltr' id='par_1_33' title="bbox 587 3507 2166 3584">
     <span class='ocr_line' id='line_1_33' title="bbox 587 3507 2166 3584; baseline -0.003 -16"><span class='ocrx_word' id='word_1_230' title='bbox 587 3514 922 3584; x_wconf 63' lang='lat' dir='ltr'><strong>precedentia</strong></span> <span class='ocrx_word' id='word_1_231' title='bbox 947 3517 1012 3565; x_wconf 84' lang='lat' dir='ltr'><strong>ad</strong></span> <span class='ocrx_word' id='word_1_232' title='bbox 1024 3511 1276 3582; x_wconf 86' lang='lat' dir='ltr'><strong>judicium</strong></span> <span class='ocrx_word' id='word_1_233' title='bbox 1308 3511 1379 3578; x_wconf 90' lang='lat' dir='ltr'><strong>(l.</strong></span> <span class='ocrx_word' id='word_1_234' title='bbox 1411 3507 1544 3562; x_wconf 81' lang='lat' dir='ltr'><strong>Tim:</strong></span> <span class='ocrx_word' id='word_1_235' title='bbox 1569 3510 1626 3579; x_wconf 76' lang='grc' dir='ltr'><strong>ὃ)</strong></span> <span class='ocrx_word' id='word_1_236' title='bbox 1662 3526 1674 3562; x_wconf 91' lang='lat'><strong>:</strong></span> <span class='ocrx_word' id='word_1_237' title='bbox 1710 3509 1777 3562; x_wconf 89' lang='lat' dir='ltr'><strong>ita</strong></span> <span class='ocrx_word' id='word_1_238' title='bbox 1818 3525 1848 3564; x_wconf 90' lang='lat' dir='ltr'><strong>e</strong></span> <span class='ocrx_word' id='word_1_239' title='bbox 1894 3510 2166 3564; x_wconf 90' lang='lat' dir='ltr'><strong>contrario</strong></span> 
     </span>
    </p>
   </div>
   <div class='ocr_carea' id='block_1_34' title="bbox 587 3601 2168 3670">
    <p class='ocr_par' dir='ltr' id='par_1_34' title="bbox 587 3601 2168 3670">
     <span class='ocr_line' id='line_1_34' title="bbox 587 3601 2168 3670; baseline -0.006 -7"><span class='ocrx_word' id='word_1_240' title='bbox 587 3619 692 3663; x_wconf 68' lang='lat' dir='ltr'><strong>ttae</strong></span> <span class='ocrx_word' id='word_1_241' title='bbox 709 3604 1007 3662; x_wconf 83' lang='lat' dir='ltr'><strong>dilectionis</strong></span> <span class='ocrx_word' id='word_1_242' title='bbox 1028 3601 1163 3663; x_wconf 80' lang='lat' dir='ltr'><strong>fama</strong></span> <span class='ocrx_word' id='word_1_243' title='bbox 1193 3601 1532 3670; x_wconf 81' lang='lat' dir='ltr'><strong>dispergitur,</strong></span> <span class='ocrx_word' id='word_1_244' title='bbox 1550 3610 1606 3654; x_wconf 81' lang='grc' dir='ltr'><strong>ιιι</strong></span> <span class='ocrx_word' id='word_1_245' title='bbox 1623 3615 1724 3654; x_wconf 84' lang='lat' dir='ltr'><strong>non</strong></span> <span class='ocrx_word' id='word_1_246' title='bbox 1746 3609 1850 3654; x_wconf 88' lang='lat' dir='ltr'><strong>tam</strong></span> <span class='ocrx_word' id='word_1_247' title='bbox 1873 3601 2168 3658; x_wconf 89' lang='lat' dir='ltr'><strong>laudandus</strong></span> 
     </span>
    </p>
   </div>
   <div class='ocr_carea' id='block_1_35' title="bbox 585 3691 2165 3765">
    <p class='ocr_par' dir='ltr' id='par_1_35' title="bbox 585 3691 2165 3765">
     <span class='ocr_line' id='line_1_35' title="bbox 585 3691 2165 3765; baseline -0.002 -13"><span class='ocrx_word' id='word_1_248' title='bbox 585 3699 654 3752; x_wconf 86' lang='lat' dir='ltr'><strong>sit</strong></span> <span class='ocrx_word' id='word_1_249' title='bbox 682 3698 772 3752; x_wconf 88' lang='lat' dir='ltr'><strong>ille</strong></span> <span class='ocrx_word' id='word_1_250' title='bbox 804 3696 892 3765; x_wconf 85' lang='lat' dir='ltr'><strong>qui</strong></span> <span class='ocrx_word' id='word_1_251' title='bbox 922 3705 973 3748; x_wconf 92' lang='lat' dir='ltr'><strong>te</strong></span> <span class='ocrx_word' id='word_1_252' title='bbox 997 3702 1173 3757; x_wconf 89' lang='lat' dir='ltr'><strong>amat,</strong></span> <span class='ocrx_word' id='word_1_253' title='bbox 1201 3707 1360 3762; x_wconf 87' lang='lat' dir='ltr'><strong>quam</strong></span> <span class='ocrx_word' id='word_1_254' title='bbox 1403 3691 1581 3746; x_wconf 89' lang='lat' dir='ltr'><strong>scelus</strong></span> <span class='ocrx_word' id='word_1_255' title='bbox 1629 3700 1842 3761; x_wconf 86' lang='lat' dir='ltr'><strong>putetur</strong></span> <span class='ocrx_word' id='word_1_256' title='bbox 1875 3691 2047 3747; x_wconf 80' lang='lat' dir='ltr'><strong>facere</strong></span> <span class='ocrx_word' id='word_1_257' title='bbox 2073 3693 2165 3749; x_wconf 91' lang='lat' dir='ltr'><strong>ille</strong></span> 
     </span>
    </p>
   </div>
   <div class='ocr_carea' id='block_1_36' title="bbox 583 3781 2165 3857">
    <p class='ocr_par' dir='ltr' id='par_1_36' title="bbox 583 3781 2165 3857">
     <span class='ocr_line' id='line_1_36' title="bbox 583 3781 2165 3857; baseline -0.001 -15"><span class='ocrx_word' id='word_1_258' title='bbox 583 3789 672 3857; x_wconf 84' lang='lat' dir='ltr'><strong>qui</strong></span> <span class='ocrx_word' id='word_1_259' title='bbox 697 3803 800 3842; x_wconf 89' lang='lat' dir='ltr'><strong>non</strong></span> <span class='ocrx_word' id='word_1_260' title='bbox 831 3794 992 3842; x_wconf 89' lang='lat' dir='ltr'><strong>amat.</strong></span> <span class='ocrx_word' id='word_1_261' title='bbox 1033 3783 1392 3839; x_wconf 72' lang='lat' dir='ltr'><strong>Przetermitto</strong></span> <span class='ocrx_word' id='word_1_262' title='bbox 1417 3781 1860 3849; x_wconf 89' lang='lat' dir='ltr'><strong>innumerabiles,</strong></span> <span class='ocrx_word' id='word_1_263' title='bbox 1891 3783 1943 3838; x_wconf 88' lang='lat' dir='ltr'><strong>in</strong></span> <span class='ocrx_word' id='word_1_264' title='bbox 1974 3784 2165 3853; x_wconf 85' lang='lat' dir='ltr'><strong>quibus</strong></span> 
     </span>
    </p>
   </div>
   <div class='ocr_carea' id='block_1_37' title="bbox 582 3875 2164 3944">
    <p class='ocr_par' dir='ltr' id='par_1_37' title="bbox 582 3875 2164 3944">
     <span class='ocr_line' id='line_1_37' title="bbox 582 3875 2164 3944; baseline -0.006 -7"><span class='ocrx_word' id='word_1_265' title='bbox 582 3881 852 3937; x_wconf 71' lang='lat' dir='ltr'><strong>Christum</strong></span> <span class='ocrx_word' id='word_1_266' title='bbox 875 3875 1206 3943; x_wconf 89' lang='lat' dir='ltr'><strong>sustentasti,</strong></span> <span class='ocrx_word' id='word_1_267' title='bbox 1231 3875 1439 3944; x_wconf 83' lang='lat' dir='ltr'><strong>pavisti,</strong></span> <span class='ocrx_word' id='word_1_268' title='bbox 1462 3875 1690 3942; x_wconf 82' lang='lat' dir='ltr'><strong>vestisti,</strong></span> <span class='ocrx_word' id='word_1_269' title='bbox 1714 3875 1960 3932; x_wconf 85' lang='lat' dir='ltr'><strong>visitasti.</strong></span> <span class='ocrx_word' id='word_1_270' title='bbox 1986 3875 2164 3931; x_wconf 47' lang='lat' dir='ltr'><strong>Helio.</strong></span> 
     </span>
    </p>
   </div>
   <div class='ocr_carea' id='block_1_38' title="bbox 581 3965 2161 4036">
    <p class='ocr_par' dir='ltr' id='par_1_38' title="bbox 581 3965 2161 4036">
     <span class='ocr_line' id='line_1_38' title="bbox 581 3965 2161 4036; baseline -0.003 -9"><span class='ocrx_word' id='word_1_271' title='bbox 581 3973 700 4036; x_wconf 78' lang='lat' dir='ltr'><strong>dori</strong></span> <span class='ocrx_word' id='word_1_272' title='bbox 751 3970 930 4025; x_wconf 81' lang='lat' dir='ltr'><strong>fratris</strong></span> <span class='ocrx_word' id='word_1_273' title='bbox 963 3984 993 4022; x_wconf 94' lang='lat' dir='ltr'><strong>a</strong></span> <span class='ocrx_word' id='word_1_274' title='bbox 1035 3975 1086 4022; x_wconf 88' lang='lat' dir='ltr'><strong>te</strong></span> <span class='ocrx_word' id='word_1_275' title='bbox 1125 3966 1305 4036; x_wconf 90' lang='lat' dir='ltr'><strong>adjuta</strong></span> <span class='ocrx_word' id='word_1_276' title='bbox 1347 3965 1639 4020; x_wconf 83' lang='lat' dir='ltr'><strong>necessitas</strong></span> <span class='ocrx_word' id='word_1_277' title='bbox 1691 3974 1960 4021; x_wconf 88' lang='lat' dir='ltr'><strong>tnutorum</strong></span> <span class='ocrx_word' id='word_1_278' title='bbox 1999 3967 2161 4022; x_wconf 88' lang='lat' dir='ltr'><strong>etiam</strong></span> 
     </span>
    </p>
   </div>
   <div class='ocr_carea' id='block_1_39' title="bbox 585 4057 2161 4133">
    <p class='ocr_par' dir='ltr' id='par_1_39' title="bbox 585 4057 2161 4133">
     <span class='ocr_line' id='line_1_39' title="bbox 585 4057 2161 4133; baseline -0.003 -15"><span class='ocrx_word' id='word_1_279' title='bbox 585 4071 764 4133; x_wconf 84' lang='lat' dir='ltr'><strong>potest</strong></span> <span class='ocrx_word' id='word_1_280' title='bbox 788 4077 879 4116; x_wconf 89' lang='lat' dir='ltr'><strong>ora</strong></span> <span class='ocrx_word' id='word_1_281' title='bbox 905 4061 1083 4115; x_wconf 89' lang='lat' dir='ltr'><strong>laxare</strong></span> <span class='ocrx_word' id='word_1_282' title='bbox 1109 4099 1124 4123; x_wconf 94' lang='lat'><strong>,</strong></span> <span class='ocrx_word' id='word_1_283' title='bbox 1151 4059 1344 4128; x_wconf 87' lang='lat' dir='ltr'><strong>quibus</strong></span> <span class='ocrx_word' id='word_1_284' title='bbox 1393 4057 1576 4126; x_wconf 78' lang='lat' dir='ltr'><strong>gratiis</strong></span> <span class='ocrx_word' id='word_1_285' title='bbox 1595 4098 1611 4122; x_wconf 93' lang='lat'><strong>,</strong></span> <span class='ocrx_word' id='word_1_286' title='bbox 1638 4073 1744 4123; x_wconf 90' lang='lat' dir='ltr'><strong>quo</strong></span> <span class='ocrx_word' id='word_1_287' title='bbox 1770 4059 1859 4115; x_wconf 92' lang='lat' dir='ltr'><strong>ille</strong></span> <span class='ocrx_word' id='word_1_288' title='bbox 1889 4061 2161 4128; x_wconf 64' lang='lat' dir='ltr'><strong>praeconio</strong></span> 
     </span>
    </p>
   </div>
   <div class='ocr_carea' id='block_1_40' title="bbox 581 4148 2158 4224">
    <p class='ocr_par' dir='ltr' id='par_1_40' title="bbox 581 4148 2158 4224">
     <span class='ocr_line' id='line_1_40' title="bbox 581 4148 2158 4224; baseline 0 -18"><span class='ocrx_word' id='word_1_289' title='bbox 581 4151 1027 4224; x_wconf 74' lang='lat' dir='ltr'><strong>peregrinationis</strong></span> <span class='ocrx_word' id='word_1_290' title='bbox 1079 4149 1412 4206; x_wconf 87' lang='lat' dir='ltr'><strong>incommoda</strong></span> <span class='ocrx_word' id='word_1_291' title='bbox 1449 4165 1478 4201; x_wconf 90' lang='lat' dir='ltr'><strong>a</strong></span> <span class='ocrx_word' id='word_1_292' title='bbox 1503 4157 1554 4206; x_wconf 88' lang='lat' dir='ltr'><strong>te</strong></span> <span class='ocrx_word' id='word_1_293' title='bbox 1593 4148 1700 4204; x_wconf 88' lang='lat' dir='ltr'><strong>fota</strong></span> <span class='ocrx_word' id='word_1_294' title='bbox 1739 4149 2049 4206; x_wconf 73' lang='lat' dir='ltr'><strong>referebat?</strong></span> <span class='ocrx_word' id='word_1_295' title='bbox 2083 4151 2158 4214; x_wconf 85' lang='lat' dir='ltr'><strong>Ita</strong></span> 
     </span>
    </p>
   </div>
   <div class='ocr_carea' id='block_1_41' title="bbox 580 4239 2160 4316">
    <p class='ocr_par' dir='ltr' id='par_1_41' title="bbox 580 4239 2160 4316">
     <span class='ocr_line' id='line_1_41' title="bbox 580 4239 2160 4316; baseline -0.002 -15"><span class='ocrx_word' id='word_1_296' title='bbox 580 4256 639 4301; x_wconf 88' lang='lat' dir='ltr'><strong>ut</strong></span> <span class='ocrx_word' id='word_1_297' title='bbox 662 4258 762 4316; x_wconf 75' lang='lat' dir='ltr'><strong>ego</strong></span> <span class='ocrx_word' id='word_1_298' title='bbox 781 4243 870 4302; x_wconf 89' lang='lat' dir='ltr'><strong>ille</strong></span> <span class='ocrx_word' id='word_1_299' title='bbox 891 4240 960 4315; x_wconf 80' lang='lat' dir='ltr'><strong>(f)</strong></span> <span class='ocrx_word' id='word_1_300' title='bbox 992 4241 1350 4308; x_wconf 80' lang='lat' dir='ltr'><strong>tardissimus,</strong></span> <span class='ocrx_word' id='word_1_301' title='bbox 1368 4255 1526 4310; x_wconf 90' lang='lat' dir='ltr'><strong>quem</strong></span> <span class='ocrx_word' id='word_1_302' title='bbox 1555 4239 1911 4296; x_wconf 87' lang='lat' dir='ltr'><strong>intolerabilis.</strong></span> <span class='ocrx_word' id='word_1_303' title='bbox 1935 4241 2160 4311; x_wconf 80' lang='lat' dir='ltr'><strong>languor</strong></span> 
     </span>
    </p>
   </div>
   <div class='ocr_carea' id='block_1_42' title="bbox 647 4392 2156 4464">
    <p class='ocr_par' dir='ltr' id='par_1_42' title="bbox 647 4392 2156 4464">
     <span class='ocr_line' id='line_1_42' title="bbox 647 4392 2156 4464; baseline -0.002 -18"><span class='ocrx_word' id='word_1_304' title='bbox 647 4397 711 4462; x_wconf 73' lang='lat' dir='ltr'><strong>la)</strong></span> <span class='ocrx_word' id='word_1_305' title='bbox 749 4396 970 4464; x_wconf 77' lang='lat' dir='ltr'><strong>Subdunt</strong></span> <span class='ocrx_word' id='word_1_306' title='bbox 989 4400 1189 4464; x_wconf 71' lang='lat' dir='ltr'><strong>veteres</strong></span> <span class='ocrx_word' id='word_1_307' title='bbox 1213 4394 1326 4464; x_wconf 81' lang='lat' dir='ltr'><strong>editi</strong></span> <span class='ocrx_word' id='word_1_308' title='bbox 1351 4392 1569 4464; x_wconf 76' lang='lat' dir='ltr'><strong>aliamex</strong></span> <span class='ocrx_word' id='word_1_309' title='bbox 1590 4393 2156 4464; x_wconf 70' lang='lat' dir='ltr'><strong>Matthteosententiam,</strong></span> 
     </span>
    </p>
   </div>
   <div class='ocr_carea' id='block_1_43' title="bbox 578 4454 2155 4522">
    <p class='ocr_par' dir='ltr' id='par_1_43' title="bbox 578 4454 2155 4522">
     <span class='ocr_line' id='line_1_43' title="bbox 578 4454 2155 4522; baseline -0.004 -14"><span class='ocrx_word' id='word_1_310' title='bbox 578 4454 714 4522; x_wconf 65' lang='lat' dir='ltr'><strong>qufe&#39;_</strong></span> <span class='ocrx_word' id='word_1_311' title='bbox 726 4460 879 4519; x_wconf 82' lang='lat' dir='ltr'><strong>magis</strong></span> <span class='ocrx_word' id='word_1_312' title='bbox 909 4457 1110 4522; x_wconf 73' lang='lat' dir='ltr'><strong>adt-em</strong></span> <span class='ocrx_word' id='word_1_313' title='bbox 1133 4455 1276 4522; x_wconf 67' lang='lat' dir='ltr'><strong>facit,</strong></span> <span class='ocrx_word' id='word_1_314' title='bbox 1314 4454 1396 4515; x_wconf 89' lang='lat' dir='ltr'><strong>qui</strong></span> <span class='ocrx_word' id='word_1_315' title='bbox 1425 4461 1581 4522; x_wconf 80' lang='lat' dir='ltr'><strong>autem</strong></span> <span class='ocrx_word' id='word_1_316' title='bbox 1618 4454 1850 4522; x_wconf 72' lang='lat' dir='ltr'><strong>docuerit,</strong></span> <span class='ocrx_word' id='word_1_317' title='bbox 1875 4460 1918 4501; x_wconf 89' lang='lat' dir='ltr'><strong>et</strong></span> <span class='ocrx_word' id='word_1_318' title='bbox 1957 4454 2155 4522; x_wconf 58' lang='lat' dir='ltr'><strong>fecerit,</strong></span> 
     </span>
    </p>
   </div>
   <div class='ocr_carea' id='block_1_44' title="bbox 481 4514 2160 4576">
    <p class='ocr_par' dir='ltr' id='par_1_44' title="bbox 481 4514 2160 4576">
     <span class='ocr_line' id='line_1_44' title="bbox 481 4514 2160 4576; baseline -0.003 -5"><span class='ocrx_word' id='word_1_319' title='bbox 481 4532 496 4541; x_wconf 84' lang='lat'><strong>&#39;</strong></span> <span class='ocrx_word' id='word_1_320' title='bbox 577 4514 829 4570; x_wconf 65' lang='lat' dir='ltr'><strong>maximni</strong></span> <span class='ocrx_word' id='word_1_321' title='bbox 856 4517 1097 4573; x_wconf 82' lang='lat' dir='ltr'><strong>vocabitur</strong></span> <span class='ocrx_word' id='word_1_322' title='bbox 1125 4515 1177 4574; x_wconf 83' lang='lat' dir='ltr'><strong>in</strong></span> <span class='ocrx_word' id='word_1_323' title='bbox 1214 4514 1360 4576; x_wconf 78' lang='lat' dir='ltr'><strong>regno</strong></span> <span class='ocrx_word' id='word_1_324' title='bbox 1391 4514 1634 4563; x_wconf 77' lang='lat' dir='ltr'><strong>carlornm.</strong></span> <span class='ocrx_word' id='word_1_325' title='bbox 1663 4514 1968 4564; x_wconf 74' lang='lat' dir='ltr'><strong>Martianzeus</strong></span> <span class='ocrx_word' id='word_1_326' title='bbox 2007 4517 2160 4566; x_wconf 80' lang='lat' dir='ltr'><strong>inscio</strong></span> 
     </span>
    </p>
   </div>
   <div class='ocr_carea' id='block_1_45' title="bbox 578 4576 2155 4638">
    <p class='ocr_par' dir='ltr' id='par_1_45' title="bbox 578 4576 2155 4638">
     <span class='ocr_line' id='line_1_45' title="bbox 578 4576 2155 4638; baseline -0.004 -4"><span class='ocrx_word' id='word_1_327' title='bbox 578 4583 766 4634; x_wconf 83' lang='lat' dir='ltr'><strong>lectore</strong></span> <span class='ocrx_word' id='word_1_328' title='bbox 792 4581 1059 4638; x_wconf 85' lang='lat' dir='ltr'><strong>expunxit;</strong></span> <span class='ocrx_word' id='word_1_329' title='bbox 1085 4591 1172 4625; x_wconf 84' lang='lat' dir='ltr'><strong>nos</strong></span> <span class='ocrx_word' id='word_1_330' title='bbox 1193 4576 1320 4638; x_wconf 83' lang='lat' dir='ltr'><strong>quod</strong></span> <span class='ocrx_word' id='word_1_331' title='bbox 1345 4577 1392 4624; x_wconf 91' lang='lat' dir='ltr'><strong>in</strong></span> <span class='ocrx_word' id='word_1_332' title='bbox 1417 4576 1528 4624; x_wconf 79' lang='lat' dir='ltr'><strong>Mss.</strong></span> <span class='ocrx_word' id='word_1_333' title='bbox 1543 4588 1638 4623; x_wconf 91' lang='lat' dir='ltr'><strong>non</strong></span> <span class='ocrx_word' id='word_1_334' title='bbox 1663 4576 2007 4637; x_wconf 85' lang='lat' dir='ltr'><strong>invenerimus,</strong></span> <span class='ocrx_word' id='word_1_335' title='bbox 2027 4577 2155 4631; x_wconf 80' lang='lat' dir='ltr'><strong>illam</strong></span> 
     </span>
    </p>
   </div>
   <div class='ocr_carea' id='block_1_46' title="bbox 578 4638 1356 4694">
    <p class='ocr_par' dir='ltr' id='par_1_46' title="bbox 578 4638 1356 4694">
     <span class='ocr_line' id='line_1_46' title="bbox 578 4638 1356 4694; baseline -0.014 0"><span class='ocrx_word' id='word_1_336' title='bbox 578 4652 762 4694; x_wconf 89' lang='lat' dir='ltr'><strong>tantum</strong></span> <span class='ocrx_word' id='word_1_337' title='bbox 785 4638 967 4694; x_wconf 77' lang='lat' dir='ltr'><strong>addere</strong></span> <span class='ocrx_word' id='word_1_338' title='bbox 992 4652 1085 4687; x_wconf 91' lang='lat' dir='ltr'><strong>non</strong></span> <span class='ocrx_word' id='word_1_339' title='bbox 1107 4638 1356 4685; x_wconf 83' lang='lat' dir='ltr'><strong>audemus.</strong></span> 
     </span>
    </p>
   </div>
   <div class='ocr_carea' id='block_1_47' title="bbox 663 4695 2153 4758">
    <p class='ocr_par' dir='ltr' id='par_1_47' title="bbox 663 4695 2153 4758">
     <span class='ocr_line' id='line_1_47' title="bbox 663 4695 2153 4758; baseline -0.005 -6"><span class='ocrx_word' id='word_1_340' title='bbox 663 4703 708 4758; x_wconf 74' lang='lat' dir='ltr'><strong>bl</strong></span> <span class='ocrx_word' id='word_1_341' title='bbox 750 4703 886 4754; x_wconf 86' lang='lat' dir='ltr'><strong>Haud</strong></span> <span class='ocrx_word' id='word_1_342' title='bbox 923 4703 1082 4750; x_wconf 88' lang='lat' dir='ltr'><strong>minus</strong></span> <span class='ocrx_word' id='word_1_343' title='bbox 1103 4700 1233 4757; x_wconf 84' lang='lat' dir='ltr'><strong>bene</strong></span> <span class='ocrx_word' id='word_1_344' title='bbox 1256 4697 1530 4746; x_wconf 77' lang='lat' dir='ltr'><strong>Veronens.</strong></span> <span class='ocrx_word' id='word_1_345' title='bbox 1558 4695 1668 4754; x_wconf 79' lang='lat' dir='ltr'><strong>Ms.,</strong></span> <span class='ocrx_word' id='word_1_346' title='bbox 1695 4707 1804 4744; x_wconf 87' lang='lat' dir='ltr'><strong>cum</strong></span> <span class='ocrx_word' id='word_1_347' title='bbox 1825 4708 1911 4758; x_wconf 84' lang='lat' dir='ltr'><strong>ego</strong></span> <span class='ocrx_word' id='word_1_348' title='bbox 1933 4700 2153 4750; x_wconf 69' lang='lat' dir='ltr'><strong>noverim.</strong></span> 
     </span>
    </p>
   </div>
   <div class='ocr_carea' id='block_1_48' title="bbox 663 4758 2156 4821">
    <p class='ocr_par' dir='ltr' id='par_1_48' title="bbox 663 4758 2156 4821">
     <span class='ocr_line' id='line_1_48' title="bbox 663 4758 2156 4821; baseline -0.007 -7"><span class='ocrx_word' id='word_1_349' title='bbox 663 4758 709 4821; x_wconf 71' lang='lat' dir='ltr'><strong>ci</strong></span> <span class='ocrx_word' id='word_1_350' title='bbox 747 4765 897 4814; x_wconf 80' lang='lat' dir='ltr'><strong>Mutat</strong></span> <span class='ocrx_word' id='word_1_351' title='bbox 913 4759 1441 4821; x_wconf 75' lang='lat' dir='ltr'><strong>EditorBeuedietinus</strong></span> <span class='ocrx_word' id='word_1_352' title='bbox 1457 4758 1516 4821; x_wconf 82' lang='lat' dir='ltr'><strong>ad</strong></span> <span class='ocrx_word' id='word_1_353' title='bbox 1530 4758 1655 4815; x_wconf 86' lang='lat' dir='ltr'><strong>hunc</strong></span> <span class='ocrx_word' id='word_1_354' title='bbox 1681 4758 1888 4816; x_wconf 81' lang='lat' dir='ltr'><strong>nuxlum,</strong></span> <span class='ocrx_word' id='word_1_355' title='bbox 1911 4777 1931 4802; x_wconf 75' lang='grc' dir='ltr'>«ι</span> <span class='ocrx_word' id='word_1_356' title='bbox 1951 4758 2156 4821; x_wconf 64' lang='lat' dir='ltr'><strong>l’ulgcat</strong></span> 
     </span>
    </p>
   </div>
   <div class='ocr_carea' id='block_1_49' title="bbox 577 4817 2156 4891">
    <p class='ocr_par' dir='ltr' id='par_1_49' title="bbox 577 4817 2156 4891">
     <span class='ocr_line' id='line_1_49' title="bbox 577 4817 2156 4891; baseline -0.003 -16"><span class='ocrx_word' id='word_1_357' title='bbox 577 4817 784 4891; x_wconf 77' lang='lat' dir='ltr'><strong>quilibet</strong></span> <span class='ocrx_word' id='word_1_358' title='bbox 807 4839 943 4891; x_wconf 77' lang='lat' dir='ltr'><strong>auro,</strong></span> <span class='ocrx_word' id='word_1_359' title='bbox 971 4829 1023 4873; x_wconf 90' lang='lat' dir='ltr'><strong>et</strong></span> <span class='ocrx_word' id='word_1_360' title='bbox 1047 4820 1329 4891; x_wconf 72' lang='lat' dir='ltr'><strong>potttjtaticis</strong></span> <span class='ocrx_word' id='word_1_361' title='bbox 1351 4817 1549 4891; x_wconf 71' lang='lat' dir='ltr'><strong>ferculis</strong></span> <span class='ocrx_word' id='word_1_362' title='bbox 1569 4826 1821 4889; x_wconf 76' lang='lat' dir='ltr'><strong>coruscet,</strong></span> <span class='ocrx_word' id='word_1_363' title='bbox 1863 4826 1914 4867; x_wconf 85' lang='lat' dir='ltr'><strong>et</strong></span> <span class='ocrx_word' id='word_1_364' title='bbox 1953 4817 2156 4871; x_wconf 67' lang='lat' dir='ltr'><strong>sarcinis</strong></span> 
     </span>
    </p>
   </div>
   <div class='ocr_carea' id='block_1_50' title="bbox 577 4879 2156 4951">
    <p class='ocr_par' dir='ltr' id='par_1_50' title="bbox 577 4879 2156 4951">
     <span class='ocr_line' id='line_1_50' title="bbox 577 4879 2156 4951; baseline -0.004 -13"><span class='ocrx_word' id='word_1_365' title='bbox 577 4879 774 4938; x_wconf 73' lang='lat' dir='ltr'><strong>metalla</strong></span> <span class='ocrx_word' id='word_1_366' title='bbox 797 4879 1005 4942; x_wconf 66' lang='lat' dir='ltr'><strong>radiant.</strong></span> <span class='ocrx_word' id='word_1_367' title='bbox 1031 4879 1057 4928; x_wconf 69' lang='lat' dir='ltr'><strong>ti</strong></span> <span class='ocrx_word' id='word_1_368' title='bbox 1083 4879 1460 4951; x_wconf 65' lang='lat' dir='ltr'><strong>NUS_ullllt|U8tll</strong></span> <span class='ocrx_word' id='word_1_369' title='bbox 1499 4879 1924 4951; x_wconf 36' lang='lat' dir='ltr'><strong>ltuctionetnhquze</strong></span> <span class='ocrx_word' id='word_1_370' title='bbox 1966 4895 2156 4951; x_wconf 68' lang='lat' dir='ltr'><strong>gerula-</strong></span> 
     </span>
    </p>
   </div>
   <div class='ocr_carea' id='block_1_51' title="bbox 575 4942 2156 5008">
    <p class='ocr_par' dir='ltr' id='par_1_51' title="bbox 575 4942 2156 5008">
     <span class='ocr_line' id='line_1_51' title="bbox 575 4942 2156 5008; baseline -0.003 -9"><span class='ocrx_word' id='word_1_371' title='bbox 575 4953 800 5005; x_wconf 77' lang='lat' dir='ltr'><strong>niorest,</strong></span> <span class='ocrx_word' id='word_1_372' title='bbox 830 4955 881 4996; x_wconf 86' lang='lat' dir='ltr'><strong>et</strong></span> <span class='ocrx_word' id='word_1_373' title='bbox 905 4947 1051 5008; x_wconf 78' lang='lat' dir='ltr'><strong>longe</strong></span> <span class='ocrx_word' id='word_1_374' title='bbox 1075 4943 1372 5008; x_wconf 73' lang='lat' dir='ltr'><strong>concinnior,</strong></span> <span class='ocrx_word' id='word_1_375' title='bbox 1397 4943 1768 5008; x_wconf 32' lang='lat' dir='ltr'><strong>rejoniumspx.</strong></span> <span class='ocrx_word' id='word_1_376' title='bbox 1787 4942 1897 5008; x_wconf 73' lang='lat' dir='ltr'><strong>Mss.</strong></span> <span class='ocrx_word' id='word_1_377' title='bbox 1927 4956 1954 5008; x_wconf 64' lang='grc' dir='ltr'><em>ᾳ</em></span> <span class='ocrx_word' id='word_1_378' title='bbox 1977 4944 2156 5005; x_wconf 81' lang='lat' dir='ltr'><strong>quibus</strong></span> 
     </span>
    </p>
   </div>
   <div class='ocr_carea' id='block_1_52' title="bbox 576 5001 2026 5065">
    <p class='ocr_par' dir='ltr' id='par_1_52' title="bbox 576 5001 2026 5065">
     <span class='ocr_line' id='line_1_52' title="bbox 576 5001 2026 5065; baseline -0.006 -5"><span class='ocrx_word' id='word_1_379' title='bbox 576 5013 694 5060; x_wconf 88' lang='lat' dir='ltr'><strong>item</strong></span> <span class='ocrx_word' id='word_1_380' title='bbox 719 5001 876 5065; x_wconf 84' lang='lat' dir='ltr'><strong>abest.</strong></span> <span class='ocrx_word' id='word_1_381' title='bbox 897 5001 1014 5065; x_wconf 63' lang='lat' dir='ltr'><strong>qua?</strong></span> <span class='ocrx_word' id='word_1_382' title='bbox 1031 5007 1079 5054; x_wconf 91' lang='lat' dir='ltr'><strong>in</strong></span> <span class='ocrx_word' id='word_1_383' title='bbox 1105 5005 1200 5061; x_wconf 72' lang='lat' dir='ltr'><strong>(itte</strong></span> <span class='ocrx_word' id='word_1_384' title='bbox 1227 5010 1318 5057; x_wconf 82' lang='lat' dir='ltr'><strong>est,</strong></span> <span class='ocrx_word' id='word_1_385' title='bbox 1346 5001 1587 5061; x_wconf 81' lang='lat' dir='ltr'><strong>salutatio,</strong></span> <span class='ocrx_word' id='word_1_386' title='bbox 1618 5001 1730 5052; x_wconf 77' lang='lat' dir='ltr'><strong>Vale</strong></span> <span class='ocrx_word' id='word_1_387' title='bbox 1753 5002 1800 5052; x_wconf 88' lang='lat' dir='ltr'><strong>in</strong></span> <span class='ocrx_word' id='word_1_388' title='bbox 1823 5001 2026 5065; x_wconf 53' lang='lat' dir='ltr'><strong>«tum.</strong></span> 
     </span>
    </p>
   </div>
   <div class='ocr_carea' id='block_1_53' title="bbox 659 5022 2151 5134">
    <p class='ocr_par' dir='ltr' id='par_1_53' title="bbox 659 5022 2151 5134">
     <span class='ocr_line' id='line_1_53' title="bbox 659 5022 2026 5065; baseline -0.006 -5"><span class='ocrx_word' id='word_1_389' title='bbox 659 5025 694 5060; x_wconf 61' lang='grc' dir='ltr'>τι</span> <span class='ocrx_word' id='word_1_390' title='bbox 719 5022 876 5065; x_wconf 83' lang='lat' dir='ltr'><strong>abest.</strong></span> <span class='ocrx_word' id='word_1_391' title='bbox 933 5022 1007 5056; x_wconf 70' lang='grc' dir='ltr'><strong>υω</strong></span> <span class='ocrx_word' id='word_1_392' title='bbox 1031 5022 1079 5054; x_wconf 91' lang='lat' dir='ltr'><strong>In</strong></span> <span class='ocrx_word' id='word_1_393' title='bbox 1105 5022 1200 5061; x_wconf 75' lang='lat' dir='ltr'><strong>une</strong></span> <span class='ocrx_word' id='word_1_394' title='bbox 1227 5022 1318 5057; x_wconf 76' lang='lat' dir='ltr'><strong>(&#39;St,</strong></span> <span class='ocrx_word' id='word_1_395' title='bbox 1346 5022 1587 5061; x_wconf 68' lang='lat' dir='ltr'><strong>autumno,</strong></span> <span class='ocrx_word' id='word_1_396' title='bbox 1618 5022 1730 5052; x_wconf 76' lang='lat' dir='ltr'><strong>rure</strong></span> <span class='ocrx_word' id='word_1_397' title='bbox 1753 5022 1800 5052; x_wconf 83' lang='lat' dir='ltr'><strong>tu</strong></span> <span class='ocrx_word' id='word_1_398' title='bbox 1823 5022 2026 5052; x_wconf 69' lang='lat' dir='ltr'><strong>t&#39;urtsw.</strong></span> 
     </span>
     <span class='ocr_line' id='line_1_54' title="bbox 659 5022 2151 5134; baseline -0.003 -13"><span class='ocrx_word' id='word_1_399' title='bbox 659 5073 716 5134; x_wconf 91' lang='lat' dir='ltr'><strong>d)</strong></span> <span class='ocrx_word' id='word_1_400' title='bbox 744 5070 878 5134; x_wconf 42' lang='lat' dir='ltr'><strong>filias</strong></span> <span class='ocrx_word' id='word_1_401' title='bbox 977 5073 1162 5134; x_wconf 77' lang='lat' dir='ltr'><strong>scripta</strong></span> <span class='ocrx_word' id='word_1_402' title='bbox 1185 5065 1353 5134; x_wconf 66' lang='lat' dir='ltr'><strong>eodem</strong></span> <span class='ocrx_word' id='word_1_403' title='bbox 1372 5068 1599 5134; x_wconf 65' lang='lat' dir='ltr'><strong>tenuiore,</strong></span> <span class='ocrx_word' id='word_1_404' title='bbox 1622 5077 1681 5113; x_wconf 85' lang='lat' dir='ltr'><strong>ac</strong></span> <span class='ocrx_word' id='word_1_405' title='bbox 1703 5064 1940 5134; x_wconf 72' lang='lat' dir='ltr'><strong>superiori</strong></span> <span class='ocrx_word' id='word_1_406' title='bbox 1962 5065 2151 5117; x_wconf 87' lang='lat' dir='ltr'><strong>addita.</strong></span> 
     </span>
    </p>
   </div>
   <div class='ocr_carea' id='block_1_54' title="bbox 659 5125 2153 5198">
    <p class='ocr_par' dir='ltr' id='par_1_54' title="bbox 659 5125 2153 5198">
     <span class='ocr_line' id='line_1_55' title="bbox 659 5125 2153 5198; baseline -0.005 -15"><span class='ocrx_word' id='word_1_407' title='bbox 659 5125 710 5198; x_wconf 61' lang='grc' dir='ltr'><strong>ρι’</strong></span> <span class='ocrx_word' id='word_1_408' title='bbox 743 5131 797 5198; x_wconf 80' lang='lat' dir='ltr'><strong>In</strong></span> <span class='ocrx_word' id='word_1_409' title='bbox 815 5131 1050 5198; x_wconf 68' lang='lat' dir='ltr'><strong>Chronico</strong></span> <span class='ocrx_word' id='word_1_410' title='bbox 1071 5125 1127 5198; x_wconf 74' lang='lat' dir='ltr'><strong>ad</strong></span> <span class='ocrx_word' id='word_1_411' title='bbox 1149 5141 1227 5176; x_wconf 90' lang='lat' dir='ltr'><strong>an.</strong></span> <span class='ocrx_word' id='word_1_412' title='bbox 1242 5127 1324 5198; x_wconf 62' lang='grc' dir='ltr'><strong>ᾷδι</strong></span> <span class='ocrx_word' id='word_1_413' title='bbox 1341 5162 1359 5198; x_wconf 80' lang='lat'><strong>._</strong></span> <span class='ocrx_word' id='word_1_414' title='bbox 1374 5125 1671 5198; x_wconf 75' lang='lat' dir='ltr'><strong>Florentinus</strong></span> <span class='ocrx_word' id='word_1_415' title='bbox 1683 5125 1971 5197; x_wconf 72' lang='lat' dir='ltr'><strong>appellatur,</strong></span> <span class='ocrx_word' id='word_1_416' title='bbox 1983 5135 2038 5198; x_wconf 72' lang='lat' dir='ltr'><strong>et</strong></span> <span class='ocrx_word' id='word_1_417' title='bbox 2055 5137 2153 5198; x_wconf 65' lang='grc' dir='ltr'><strong>Μοτ</strong></span> 
     </span>
    </p>
   </div>
   <div class='ocr_carea' id='block_1_55' title="bbox 573 5187 2153 5257">
    <p class='ocr_par' dir='ltr' id='par_1_55' title="bbox 573 5187 2153 5257">
     <span class='ocr_line' id='line_1_56' title="bbox 573 5187 2153 5257; baseline -0.005 -13"><span class='ocrx_word' id='word_1_418' title='bbox 573 5187 756 5257; x_wconf 61' lang='lat' dir='ltr'><strong>melius</strong></span> <span class='ocrx_word' id='word_1_419' title='bbox 779 5189 981 5257; x_wconf 76' lang='lat' dir='ltr'><strong>insignis</strong></span> <span class='ocrx_word' id='word_1_420' title='bbox 1001 5190 1192 5246; x_wconf 90' lang='lat' dir='ltr'><strong>dicitur,</strong></span> <span class='ocrx_word' id='word_1_421' title='bbox 1221 5196 1271 5236; x_wconf 90' lang='lat' dir='ltr'><strong>et</strong></span> <span class='ocrx_word' id='word_1_422' title='bbox 1303 5206 1334 5257; x_wconf 45' lang='grc' dir='ltr'><strong>α.</strong></span> <span class='ocrx_word' id='word_1_423' title='bbox 1349 5194 1444 5240; x_wconf 86' lang='lat' dir='ltr'><strong>tam</strong></span> <span class='ocrx_word' id='word_1_424' title='bbox 1478 5187 1755 5257; x_wconf 77' lang='lat' dir='ltr'><strong>misericors</strong></span> <span class='ocrx_word' id='word_1_425' title='bbox 1777 5189 1823 5257; x_wconf 75' lang='lat' dir='ltr'><strong>in</strong></span> <span class='ocrx_word' id='word_1_426' title='bbox 1849 5193 2153 5257; x_wconf 36' lang='lat' dir='ltr'><strong>egentestut</strong></span> 
     </span>
    </p>
   </div>
   <div class='ocr_carea' id='block_1_56' title="bbox 577 5247 2153 5318">
    <p class='ocr_par' dir='ltr' id='par_1_56' title="bbox 577 5247 2153 5318">
     <span class='ocr_line' id='line_1_57' title="bbox 577 5247 2153 5318; baseline -0.002 -16"><span class='ocrx_word' id='word_1_427' title='bbox 577 5256 722 5318; x_wconf 76' lang='lat' dir='ltr'><strong>vulgo</strong></span> <span class='ocrx_word' id='word_1_428' title='bbox 758 5247 896 5318; x_wconf 59' lang='lat' dir='ltr'><strong>pate?</strong></span> <span class='ocrx_word' id='word_1_429' title='bbox 914 5263 1186 5318; x_wconf 67' lang='lat' dir='ltr'><strong>pauperum</strong></span> <span class='ocrx_word' id='word_1_430' title='bbox 1210 5250 1481 5318; x_wconf 80' lang='lat' dir='ltr'><strong>nominatus</strong></span> <span class='ocrx_word' id='word_1_431' title='bbox 1503 5250 1578 5318; x_wconf 72' lang='lat' dir='ltr'><strong>sit.</strong></span> <span class='ocrx_word' id='word_1_432' title='bbox 1607 5263 1629 5291; x_wconf 73' lang='grc' dir='ltr'><strong>ι</strong></span> <span class='ocrx_word' id='word_1_433' title='bbox 1660 5247 1725 5318; x_wconf 74' lang='lat' dir='ltr'><strong>At</strong></span> <span class='ocrx_word' id='word_1_434' title='bbox 1750 5247 2038 5318; x_wconf 55' lang='lat' dir='ltr'><strong>[florentium</strong></span> <span class='ocrx_word' id='word_1_435' title='bbox 2077 5251 2153 5299; x_wconf 82' lang='lat' dir='ltr'><strong>le-</strong></span> 
     </span>
    </p>
   </div>
   <div class='ocr_carea' id='block_1_57' title="bbox 574 5308 2154 5424">
    <p class='ocr_par' dir='ltr' id='par_1_57' title="bbox 574 5308 2154 5424">
     <span class='ocr_line' id='line_1_58' title="bbox 574 5308 2154 5424; baseline 0.005 -69"><span class='ocrx_word' id='word_1_436' title='bbox 574 5308 798 5424; x_wconf 47' lang='lat' dir='ltr'><strong>flitvipg&#39;g</strong></span> <span class='ocrx_word' id='word_1_437' title='bbox 831 5308 1078 5373; x_wconf 58' lang='lat' dir='ltr'><strong>ttulimus,</strong></span> <span class='ocrx_word' id='word_1_438' title='bbox 1119 5311 1248 5359; x_wconf 88' lang='lat' dir='ltr'><strong>hunc</strong></span> <span class='ocrx_word' id='word_1_439' title='bbox 1287 5310 1444 5358; x_wconf 79' lang='lat' dir='ltr'><strong>locum</strong></span> <span class='ocrx_word' id='word_1_440' title='bbox 1483 5310 1566 5360; x_wconf 88' lang='lat' dir='ltr'><strong>ubi</strong></span> <span class='ocrx_word' id='word_1_441' title='bbox 1610 5310 1783 5358; x_wconf 81' lang='lat' dir='ltr'><strong>reeitat</strong></span> <span class='ocrx_word' id='word_1_442' title='bbox 1807 5308 1892 5361; x_wconf 84' lang='lat' dir='ltr'><strong>lib.</strong></span> <span class='ocrx_word' id='word_1_443' title='bbox 1917 5309 1961 5358; x_wconf 75' lang='lat'><strong>2.</strong></span> <span class='ocrx_word' id='word_1_444' title='bbox 1986 5319 2154 5362; x_wconf 87' lang='lat' dir='ltr'><strong>contra</strong></span> 
     </span>
     <span class='ocr_line' id='line_1_59' title="bbox 643 5391 714 5423; baseline 0.014 -1"><span class='ocrx_word' id='word_1_445' title='bbox 643 5391 714 5423; x_wconf 84' lang='lat' dir='ltr'><strong>ur.</strong></span> 
     </span>
    </p>
   </div>
   <div class='ocr_carea' id='block_1_58' title="bbox 601 5375 714 5424">
    <p class='ocr_par' dir='ltr' id='par_1_58' title="bbox 601 5375 714 5424">
     <span class='ocr_line' id='line_1_60' title="bbox 601 5375 714 5424; baseline -0.009 0"><span class='ocrx_word' id='word_1_446' title='bbox 601 5375 714 5424; x_wconf 49' lang='lat' dir='ltr'><strong>&quot;ut&quot;;</strong></span> 
     </span>
    </p>
   </div>
   <div class='ocr_carea' id='block_1_59' title="bbox 643 5431 2152 5498">
    <p class='ocr_par' dir='ltr' id='par_1_59' title="bbox 643 5431 2152 5498">
     <span class='ocr_line' id='line_1_61' title="bbox 643 5431 2152 5498; baseline -0.006 -13"><span class='ocrx_word' id='word_1_447' title='bbox 643 5436 702 5498; x_wconf 76' lang='grc' dir='ltr'><strong>(Π</strong></span> <span class='ocrx_word' id='word_1_448' title='bbox 741 5435 901 5485; x_wconf 81' lang='lat' dir='ltr'><strong>Vetus</strong></span> <span class='ocrx_word' id='word_1_449' title='bbox 922 5433 1070 5498; x_wconf 79' lang='lat' dir='ltr'><strong>editio</strong></span> <span class='ocrx_word' id='word_1_450' title='bbox 1092 5445 1171 5480; x_wconf 88' lang='lat' dir='ltr'><strong>an.</strong></span> <span class='ocrx_word' id='word_1_451' title='bbox 1199 5431 1341 5498; x_wconf 50' lang='lat' dir='ltr'><strong>Hild,</strong></span> <span class='ocrx_word' id='word_1_452' title='bbox 1362 5433 1440 5480; x_wconf 91' lang='lat' dir='ltr'><strong>cui</strong></span> <span class='ocrx_word' id='word_1_453' title='bbox 1463 5433 1609 5498; x_wconf 82' lang='lat' dir='ltr'><strong>etiam</strong></span> <span class='ocrx_word' id='word_1_454' title='bbox 1629 5431 1822 5498; x_wconf 74' lang='lat' dir='ltr'><strong>quidam</strong></span> <span class='ocrx_word' id='word_1_455' title='bbox 1842 5431 1954 5498; x_wconf 58' lang='lat' dir='ltr'><strong>Mss,</strong></span> <span class='ocrx_word' id='word_1_456' title='bbox 1980 5431 2152 5498; x_wconf 65' lang='lat' dir='ltr'><strong>sunttra-</strong></span> 
     </span>
    </p>
   </div>
   <div class='ocr_carea' id='block_1_60' title="bbox 577 5492 2152 5558">
    <p class='ocr_par' dir='ltr' id='par_1_60' title="bbox 577 5492 2152 5558">
     <span class='ocr_line' id='line_1_62' title="bbox 577 5492 2152 5558; baseline -0.002 -13"><span class='ocrx_word' id='word_1_457' title='bbox 577 5492 774 5558; x_wconf 76' lang='lat' dir='ltr'><strong>gantur,</strong></span> <span class='ocrx_word' id='word_1_458' title='bbox 799 5497 1040 5558; x_wconf 70' lang='lat' dir='ltr'><strong>contrario</strong></span> <span class='ocrx_word' id='word_1_459' title='bbox 1071 5507 1219 5558; x_wconf 66' lang='lat' dir='ltr'><strong>sensu</strong></span> <span class='ocrx_word' id='word_1_460' title='bbox 1240 5492 1398 5558; x_wconf 79' lang='lat' dir='ltr'><strong>legit,</strong></span> <span class='ocrx_word' id='word_1_461' title='bbox 1430 5511 1451 5538; x_wconf 74' lang='grc' dir='ltr'>α</span> <span class='ocrx_word' id='word_1_462' title='bbox 1478 5494 1541 5558; x_wconf 79' lang='lat' dir='ltr'><strong>it_a</strong></span> <span class='ocrx_word' id='word_1_463' title='bbox 1564 5498 1629 5558; x_wconf 71' lang='lat' dir='ltr'><strong>ut</strong></span> <span class='ocrx_word' id='word_1_464' title='bbox 1641 5492 1735 5552; x_wconf 83' lang='lat' dir='ltr'><strong>ego</strong></span> <span class='ocrx_word' id='word_1_465' title='bbox 1759 5492 1845 5558; x_wconf 77' lang='lat' dir='ltr'><strong>ille</strong></span> <span class='ocrx_word' id='word_1_466' title='bbox 1867 5493 2152 5546; x_wconf 84' lang='lat' dir='ltr'><strong>ardentissi-</strong></span> 
     </span>
    </p>
   </div>
   <div class='ocr_carea' id='block_1_61' title="bbox 574 5550 2150 5613">
    <p class='ocr_par' dir='ltr' id='par_1_61' title="bbox 574 5550 2150 5613">
     <span class='ocr_line' id='line_1_63' title="bbox 574 5550 2150 5613; baseline -0.001 -9"><span class='ocrx_word' id='word_1_467' title='bbox 574 5550 700 5613; x_wconf 70' lang='grc' dir='ltr'>ὗιιιει.</span> <span class='ocrx_word' id='word_1_468' title='bbox 725 5550 877 5613; x_wconf 84' lang='lat' dir='ltr'><strong>quem</strong></span> <span class='ocrx_word' id='word_1_469' title='bbox 899 5552 1217 5613; x_wconf 82' lang='lat' dir='ltr'><strong>intolerabilis</strong></span> <span class='ocrx_word' id='word_1_470' title='bbox 1240 5550 1438 5613; x_wconf 76' lang='lat' dir='ltr'><strong>languor</strong></span> <span class='ocrx_word' id='word_1_471' title='bbox 1462 5550 1719 5609; x_wconf 71' lang='lat' dir='ltr'><strong>adiciebat,</strong></span> <span class='ocrx_word' id='word_1_472' title='bbox 1737 5569 1759 5597; x_wconf 64' lang='grc' dir='ltr'><strong>ι</strong></span> <span class='ocrx_word' id='word_1_473' title='bbox 1796 5555 1970 5602; x_wconf 77' lang='lat' dir='ltr'><strong>Victor.</strong></span> <span class='ocrx_word' id='word_1_474' title='bbox 1992 5559 2150 5603; x_wconf 74' lang='lat' dir='ltr'><strong>vexat.</strong></span> 
     </span>
    </p>
   </div>
   <div class='ocr_carea' id='block_1_62' title="bbox 667 5569 2152 5686">
    <p class='ocr_par' dir='ltr' id='par_1_62' title="bbox 667 5569 2152 5686">
     <span class='ocr_line' id='line_1_64' title="bbox 667 5569 2150 5612; baseline -0.001 -8"><span class='ocrx_word' id='word_1_475' title='bbox 667 5570 700 5610; x_wconf 64' lang='grc' dir='ltr'><strong>ι.</strong></span> <span class='ocrx_word' id='word_1_476' title='bbox 760 5569 877 5610; x_wconf 85' lang='lat' dir='ltr'><strong>uem</strong></span> <span class='ocrx_word' id='word_1_477' title='bbox 899 5569 1217 5601; x_wconf 68' lang='lat' dir='ltr'><strong>IIllOIel&#39;ilDIIIS</strong></span> <span class='ocrx_word' id='word_1_478' title='bbox 1241 5569 1438 5612; x_wconf 79' lang='lat' dir='ltr'><strong>languor</strong></span> <span class='ocrx_word' id='word_1_479' title='bbox 1462 5569 1719 5609; x_wconf 67' lang='lat' dir='ltr'><strong>aIIICIBMI,</strong></span> <span class='ocrx_word' id='word_1_480' title='bbox 1737 5569 1759 5597; x_wconf 60' lang='grc' dir='ltr'><em>Ὠ</em></span> <span class='ocrx_word' id='word_1_481' title='bbox 1798 5569 1970 5602; x_wconf 73' lang='grc' dir='ltr'><strong>νιοιον.</strong></span> <span class='ocrx_word' id='word_1_482' title='bbox 1992 5569 2150 5603; x_wconf 73' lang='lat' dir='ltr'><strong>vexat.</strong></span> 
     </span>
     <span class='ocr_line' id='line_1_65' title="bbox 667 5569 2152 5686; baseline -0.001 -20"><span class='ocrx_word' id='word_1_483' title='bbox 667 5569 809 5676; x_wconf 56' lang='lat' dir='ltr'><strong>U15:</strong></span> <span class='ocrx_word' id='word_1_484' title='bbox 831 5611 1132 5681; x_wconf 57' lang='lat' dir='ltr'><strong>Tertulliani)</strong></span> <span class='ocrx_word' id='word_1_485' title='bbox 1151 5613 1214 5659; x_wconf 89' lang='lat' dir='ltr'><strong>de</strong></span> <span class='ocrx_word' id='word_1_486' title='bbox 1230 5612 1367 5682; x_wconf 74' lang='lat' dir='ltr'><strong>cultu</strong></span> <span class='ocrx_word' id='word_1_487' title='bbox 1399 5613 1684 5686; x_wconf 65' lang='lat' dir='ltr'><strong>feminarum</strong></span> <span class='ocrx_word' id='word_1_488' title='bbox 1701 5647 1717 5670; x_wconf 87' lang='lat'><strong>,</strong></span> <span class='ocrx_word' id='word_1_489' title='bbox 1740 5621 1936 5686; x_wconf 71' lang='lat' dir='ltr'><strong>notante</strong></span> <span class='ocrx_word' id='word_1_490' title='bbox 1960 5614 2152 5686; x_wconf 61' lang='lat' dir='ltr'><strong>Gravio,</strong></span> 
     </span>
    </p>
   </div>
   <div class='ocr_carea' id='block_1_63' title="bbox 583 5673 2154 5739">
    <p class='ocr_par' dir='ltr' id='par_1_63' title="bbox 583 5673 2154 5739">
     <span class='ocr_line' id='line_1_66' title="bbox 583 5673 2154 5739; baseline -0.001 -13"><span class='ocrx_word' id='word_1_491' title='bbox 583 5695 604 5725; x_wconf 81' lang='grc' dir='ltr'><strong>ι</strong></span> <span class='ocrx_word' id='word_1_492' title='bbox 630 5673 794 5739; x_wconf 57' lang='lat' dir='ltr'><strong>Itque</strong></span> <span class='ocrx_word' id='word_1_493' title='bbox 832 5673 1352 5739; x_wconf 68' lang='lat' dir='ltr'><strong>uttnatnmiserrinms</strong></span> <span class='ocrx_word' id='word_1_494' title='bbox 1396 5687 1491 5734; x_wconf 80' lang='lat' dir='ltr'><strong>ego</strong></span> <span class='ocrx_word' id='word_1_495' title='bbox 1525 5675 1573 5720; x_wconf 91' lang='lat' dir='ltr'><strong>in</strong></span> <span class='ocrx_word' id='word_1_496' title='bbox 1618 5673 1702 5720; x_wconf 81' lang='lat' dir='ltr'><strong>Illo</strong></span> <span class='ocrx_word' id='word_1_497' title='bbox 1741 5674 1823 5739; x_wconf 74' lang='lat' dir='ltr'><strong>die</strong></span> <span class='ocrx_word' id='word_1_498' title='bbox 1867 5673 2154 5731; x_wconf 66' lang='lat' dir='ltr'><strong>Christiana:</strong></span> 
     </span>
    </p>
   </div>
   <div class='ocr_carea' id='block_1_64' title="bbox 579 5732 2031 5794">
    <p class='ocr_par' dir='ltr' id='par_1_64' title="bbox 579 5732 2031 5794">
     <span class='ocr_line' id='line_1_67' title="bbox 579 5732 2031 5794; baseline -0.003 -10"><span class='ocrx_word' id='word_1_499' title='bbox 579 5732 899 5794; x_wconf 61' lang='lat' dir='ltr'><strong>exultationis</strong></span> <span class='ocrx_word' id='word_1_500' title='bbox 924 5732 1002 5790; x_wconf 87' lang='lat' dir='ltr'><strong>vel</strong></span> <span class='ocrx_word' id='word_1_501' title='bbox 1027 5733 1152 5782; x_wconf 70' lang='lat' dir='ltr'><strong>inter</strong></span> <span class='ocrx_word' id='word_1_502' title='bbox 1179 5732 1402 5784; x_wconf 58' lang='lat' dir='ltr'><strong>cumaea</strong></span> <span class='ocrx_word' id='word_1_503' title='bbox 1424 5732 1585 5784; x_wconf 64' lang='lat' dir='ltr'><strong>iestra</strong></span> <span class='ocrx_word' id='word_1_504' title='bbox 1609 5742 1750 5794; x_wconf 59' lang='lat' dir='ltr'><strong>caput</strong></span> <span class='ocrx_word' id='word_1_505' title='bbox 1773 5734 1982 5784; x_wconf 87' lang='lat' dir='ltr'><strong>elevem.</strong></span> <span class='ocrx_word' id='word_1_506' title='bbox 2009 5749 2031 5779; x_wconf 70' lang='grc' dir='ltr'><strong><em>ι</em></strong></span> 
     </span>
    </p>
   </div>
   <div class='ocr_carea' id='block_1_65' title="bbox 1900 302 2561 363">
    <p class='ocr_par' dir='ltr' id='par_1_65' title="bbox 1900 302 2561 363">
     <span class='ocr_line' id='line_1_68' title="bbox 1900 302 2561 363; baseline -0.006 -1"><span class='ocrx_word' id='word_1_507' title='bbox 1900 303 2142 363; x_wconf 67' lang='grc' dir='ltr'><strong>ΒΛΝΟΪΙ</strong></span> <span class='ocrx_word' id='word_1_508' title='bbox 2186 302 2561 358; x_wconf 69' lang='lat' dir='ltr'><strong>lllEllONYlll</strong></span> 
     </span>
    </p>
   </div>
   <div class='ocr_carea' id='block_1_66' title="bbox 3762 318 3858 376">
    <p class='ocr_par' dir='ltr' id='par_1_66' title="bbox 3762 318 3858 376">
     <span class='ocr_line' id='line_1_69' title="bbox 3762 318 3858 376; baseline -0.01 0"><span class='ocrx_word' id='word_1_509' title='bbox 3762 318 3858 376; x_wconf 76' lang='lat'><strong>3&#39;56</strong></span> 
     </span>
    </p>
   </div>
   <div class='ocr_carea' id='block_1_67' title="bbox 2294 419 3860 498">
    <p class='ocr_par' dir='ltr' id='par_1_67' title="bbox 2294 419 3860 498">
     <span class='ocr_line' id='line_1_70' title="bbox 2294 419 3860 498; baseline 0.011 -26"><span class='ocrx_word' id='word_1_510' title='bbox 2294 419 2492 484; x_wconf 86' lang='lat' dir='ltr'><strong>exedit,</strong></span> <span class='ocrx_word' id='word_1_511' title='bbox 2526 420 2792 488; x_wconf 83' lang='lat' dir='ltr'><strong>pennatis,</strong></span> <span class='ocrx_word' id='word_1_512' title='bbox 2827 430 2884 475; x_wconf 90' lang='lat' dir='ltr'><strong>ut</strong></span> <span class='ocrx_word' id='word_1_513' title='bbox 2912 421 3083 488; x_wconf 87' lang='lat' dir='ltr'><strong>aiunt,</strong></span> <span class='ocrx_word' id='word_1_514' title='bbox 3113 422 3360 491; x_wconf 81' lang='lat' dir='ltr'><strong>pedibus,</strong></span> <span class='ocrx_word' id='word_1_515' title='bbox 3393 427 3472 496; x_wconf 86' lang='lat' dir='ltr'><strong>(g)</strong></span> <span class='ocrx_word' id='word_1_516' title='bbox 3498 439 3649 498; x_wconf 81' lang='lat' dir='ltr'><strong>gestu</strong></span> <span class='ocrx_word' id='word_1_517' title='bbox 3677 437 3860 490; x_wconf 75' lang='lat' dir='ltr'><strong>Carita-</strong></span> 
     </span>
    </p>
   </div>
   <div class='ocr_carea' id='block_1_68' title="bbox 2294 510 3862 595">
    <p class='ocr_par' dir='ltr' id='par_1_68' title="bbox 2294 510 3862 595">
     <span class='ocr_line' id='line_1_71' title="bbox 2294 510 3862 595; baseline 0.015 -33"><span class='ocrx_word' id='word_1_518' title='bbox 2294 510 2366 562; x_wconf 66' lang='lat' dir='ltr'><strong>tis,</strong></span> <span class='ocrx_word' id='word_1_519' title='bbox 2388 520 2442 564; x_wconf 87' lang='lat' dir='ltr'><strong>et</strong></span> <span class='ocrx_word' id='word_1_520' title='bbox 2465 520 2586 564; x_wconf 77' lang='lat' dir='ltr'><strong>voto</strong></span> <span class='ocrx_word' id='word_1_521' title='bbox 2667 511 2770 583; x_wconf 56' lang='grc' dir='ltr'><strong>ιι</strong></span> <span class='ocrx_word' id='word_1_522' title='bbox 2842 522 2894 566; x_wconf 88' lang='lat' dir='ltr'><strong>te</strong></span> <span class='ocrx_word' id='word_1_523' title='bbox 2921 515 3284 580; x_wconf 81' lang='lat' dir='ltr'><strong>salutaverim,</strong></span> <span class='ocrx_word' id='word_1_524' title='bbox 3304 529 3357 570; x_wconf 91' lang='lat' dir='ltr'><strong>et</strong></span> <span class='ocrx_word' id='word_1_525' title='bbox 3382 520 3541 573; x_wconf 85' lang='lat' dir='ltr'><strong>etiam</strong></span> <span class='ocrx_word' id='word_1_526' title='bbox 3562 526 3862 595; x_wconf 78' lang='lat' dir='ltr'><strong>complexus</strong></span> 
     </span>
    </p>
   </div>
   <div class='ocr_carea' id='block_1_69' title="bbox 2290 601 3859 684">
    <p class='ocr_par' dir='ltr' id='par_1_69' title="bbox 2290 601 3859 684">
     <span class='ocr_line' id='line_1_72' title="bbox 2290 601 3859 684; baseline 0.014 -32"><span class='ocrx_word' id='word_1_527' title='bbox 2290 604 2414 653; x_wconf 88' lang='lat' dir='ltr'><strong>situ.</strong></span> <span class='ocrx_word' id='word_1_528' title='bbox 2443 601 2694 656; x_wconf 77' lang='lat' dir='ltr'><strong>Gratulor</strong></span> <span class='ocrx_word' id='word_1_529' title='bbox 2719 606 2896 672; x_wconf 79' lang='lat' dir='ltr'><strong>itaque</strong></span> <span class='ocrx_word' id='word_1_530' title='bbox 2927 604 3042 670; x_wconf 85' lang='lat' dir='ltr'><strong>tibi,</strong></span> <span class='ocrx_word' id='word_1_531' title='bbox 3072 616 3125 660; x_wconf 91' lang='lat' dir='ltr'><strong>et</strong></span> <span class='ocrx_word' id='word_1_532' title='bbox 3155 618 3461 663; x_wconf 81' lang='lat' dir='ltr'><strong>nascentem</strong></span> <span class='ocrx_word' id='word_1_533' title='bbox 3486 613 3786 684; x_wconf 86' lang='lat' dir='ltr'><strong>amicitiam,</strong></span> <span class='ocrx_word' id='word_1_534' title='bbox 3807 631 3859 675; x_wconf 90' lang='lat' dir='ltr'><strong>ut</strong></span> 
     </span>
    </p>
   </div>
   <div class='ocr_carea' id='block_1_70' title="bbox 2293 690 3466 770">
    <p class='ocr_par' dir='ltr' id='par_1_70' title="bbox 2293 690 3466 770">
     <span class='ocr_line' id='line_1_73' title="bbox 2293 690 3466 770; baseline 0.009 -26"><span class='ocrx_word' id='word_1_535' title='bbox 2293 690 2552 746; x_wconf 79' lang='lat' dir='ltr'><strong>Dominus</strong></span> <span class='ocrx_word' id='word_1_536' title='bbox 2569 695 2942 750; x_wconf 72' lang='lat' dir='ltr'><strong>oonfmderare</strong></span> <span class='ocrx_word' id='word_1_537' title='bbox 2967 697 3233 766; x_wconf 78' lang='lat' dir='ltr'><strong>dignetur,</strong></span> <span class='ocrx_word' id='word_1_538' title='bbox 3256 715 3466 770; x_wconf 82' lang='lat' dir='ltr'><strong>precor.</strong></span> 
     </span>
    </p>
   </div>
   <div class='ocr_carea' id='block_1_71' title="bbox 2359 783 3858 871">
    <p class='ocr_par' dir='ltr' id='par_1_71' title="bbox 2359 783 3858 871">
     <span class='ocr_line' id='line_1_74' title="bbox 2359 783 3858 871; baseline 0.013 -35"><span class='ocrx_word' id='word_1_539' title='bbox 2359 783 2414 836; x_wconf 79' lang='grc'><strong>2.</strong></span> <span class='ocrx_word' id='word_1_540' title='bbox 2447 783 2679 855; x_wconf 56' lang='lat' dir='ltr'><strong>Ruﬁnus</strong></span> <span class='ocrx_word' id='word_1_541' title='bbox 2703 796 2750 839; x_wconf 88' lang='lat' dir='ltr'><strong>et</strong></span> <span class='ocrx_word' id='word_1_542' title='bbox 2795 787 3039 842; x_wconf 74' lang='lat' dir='ltr'><strong>Melania.</strong></span> <span class='ocrx_word' id='word_1_543' title='bbox 3063 821 3133 830; x_wconf 93' lang='lat'><strong>—-</strong></span> <span class='ocrx_word' id='word_1_544' title='bbox 3158 791 3223 845; x_wconf 85' lang='lat' dir='ltr'><strong>Et</strong></span> <span class='ocrx_word' id='word_1_545' title='bbox 3251 793 3371 860; x_wconf 85' lang='lat' dir='ltr'><strong>quia</strong></span> <span class='ocrx_word' id='word_1_546' title='bbox 3413 794 3575 848; x_wconf 81' lang='lat' dir='ltr'><strong>frater</strong></span> <span class='ocrx_word' id='word_1_547' title='bbox 3602 797 3858 871; x_wconf 75' lang='lat' dir='ltr'><strong>Bullinus,</strong></span> 
     </span>
    </p>
   </div>
   <div class='ocr_carea' id='block_1_72' title="bbox 2289 875 3859 957">
    <p class='ocr_par' dir='ltr' id='par_1_72' title="bbox 2289 875 3859 957">
     <span class='ocr_line' id='line_1_75' title="bbox 2289 875 3859 957; baseline 0.013 -30"><span class='ocrx_word' id='word_1_548' title='bbox 2289 875 2379 944; x_wconf 86' lang='lat' dir='ltr'><strong>qui</strong></span> <span class='ocrx_word' id='word_1_549' title='bbox 2404 890 2527 930; x_wconf 88' lang='lat' dir='ltr'><strong>cum</strong></span> <span class='ocrx_word' id='word_1_550' title='bbox 2548 887 2729 931; x_wconf 87' lang='lat' dir='ltr'><strong>sancta</strong></span> <span class='ocrx_word' id='word_1_551' title='bbox 2756 879 2980 934; x_wconf 72' lang='lat' dir='ltr'><strong>Melania</strong></span> <span class='ocrx_word' id='word_1_552' title='bbox 3013 882 3081 936; x_wconf 89' lang='lat' dir='ltr'><strong>ab</strong></span> <span class='ocrx_word' id='word_1_553' title='bbox 3106 881 3339 953; x_wconf 58' lang='lat' dir='ltr'><strong>Egypto</strong></span> <span class='ocrx_word' id='word_1_554' title='bbox 3363 884 3742 957; x_wconf 78' lang='lat' dir='ltr'><strong>ierosolymam</strong></span> <span class='ocrx_word' id='word_1_555' title='bbox 3769 908 3859 948; x_wconf 84' lang='lat' dir='ltr'><strong>ve-</strong></span> 
     </span>
    </p>
   </div>
   <div class='ocr_carea' id='block_1_73' title="bbox 2288 968 3859 1044">
    <p class='ocr_par' dir='ltr' id='par_1_73' title="bbox 2288 968 3859 1044">
     <span class='ocr_line' id='line_1_76' title="bbox 2288 968 3859 1044; baseline 0.011 -23"><span class='ocrx_word' id='word_1_556' title='bbox 2288 968 2435 1022; x_wconf 88' lang='lat' dir='ltr'><strong>nisse</strong></span> <span class='ocrx_word' id='word_1_557' title='bbox 2478 981 2743 1035; x_wconf 90' lang='lat' dir='ltr'><strong>narratur,</strong></span> <span class='ocrx_word' id='word_1_558' title='bbox 2775 971 3044 1026; x_wconf 87' lang='lat' dir='ltr'><strong>individua</strong></span> <span class='ocrx_word' id='word_1_559' title='bbox 3090 976 3222 1028; x_wconf 91' lang='lat' dir='ltr'><strong>mihi</strong></span> <span class='ocrx_word' id='word_1_560' title='bbox 3251 977 3619 1044; x_wconf 78' lang='lat' dir='ltr'><strong>germanitatis</strong></span> <span class='ocrx_word' id='word_1_561' title='bbox 3642 983 3859 1040; x_wconf 90' lang='lat' dir='ltr'><strong>caritate</strong></span> 
     </span>
    </p>
   </div>
   <div class='ocr_carea' id='block_1_74' title="bbox 2288 1067 3856 1144">
    <p class='ocr_par' dir='ltr' id='par_1_74' title="bbox 2288 1067 3856 1144">
     <span class='ocr_line' id='line_1_77' title="bbox 2288 1067 3856 1144; baseline 0.01 -30"><span class='ocrx_word' id='word_1_562' title='bbox 2288 1075 2567 1118; x_wconf 87' lang='lat' dir='ltr'><strong>connexus</strong></span> <span class='ocrx_word' id='word_1_563' title='bbox 2591 1074 2704 1129; x_wconf 87' lang='lat' dir='ltr'><strong>est,</strong></span> <span class='ocrx_word' id='word_1_564' title='bbox 2742 1080 2926 1134; x_wconf 61' lang='lat' dir='ltr'><strong>quasso</strong></span> <span class='ocrx_word' id='word_1_565' title='bbox 2978 1074 3035 1120; x_wconf 92' lang='lat' dir='ltr'><strong>ut</strong></span> <span class='ocrx_word' id='word_1_566' title='bbox 3062 1067 3352 1137; x_wconf 81' lang='lat' dir='ltr'><strong>Epistulam</strong></span> <span class='ocrx_word' id='word_1_567' title='bbox 3382 1085 3558 1124; x_wconf 83' lang='lat' dir='ltr'><strong>meam</strong></span> <span class='ocrx_word' id='word_1_568' title='bbox 3589 1071 3708 1128; x_wconf 88' lang='lat' dir='ltr'><strong>huic</strong></span> <span class='ocrx_word' id='word_1_569' title='bbox 3733 1075 3856 1144; x_wconf 81' lang='lat' dir='ltr'><strong>Epi-</strong></span> 
     </span>
    </p>
   </div>
   <div class='ocr_carea' id='block_1_75' title="bbox 2287 1154 3864 1233">
    <p class='ocr_par' dir='ltr' id='par_1_75' title="bbox 2287 1154 3864 1233">
     <span class='ocr_line' id='line_1_78' title="bbox 2287 1154 3864 1233; baseline 0.01 -25"><span class='ocrx_word' id='word_1_570' title='bbox 2287 1154 2441 1208; x_wconf 71' lang='lat' dir='ltr'><strong>stolae</strong></span> <span class='ocrx_word' id='word_1_571' title='bbox 2485 1164 2588 1210; x_wconf 72' lang='lat' dir='ltr'><strong>tute</strong></span> <span class='ocrx_word' id='word_1_572' title='bbox 2615 1157 2943 1226; x_wconf 86' lang='lat' dir='ltr'><strong>copulatam,</strong></span> <span class='ocrx_word' id='word_1_573' title='bbox 2972 1160 3020 1214; x_wconf 92' lang='lat' dir='ltr'><strong>ei</strong></span> <span class='ocrx_word' id='word_1_574' title='bbox 3053 1160 3280 1216; x_wconf 89' lang='lat' dir='ltr'><strong>reddere</strong></span> <span class='ocrx_word' id='word_1_575' title='bbox 3324 1177 3432 1216; x_wconf 82' lang='lat' dir='ltr'><strong>non</strong></span> <span class='ocrx_word' id='word_1_576' title='bbox 3458 1166 3714 1233; x_wconf 62' lang='lat' dir='ltr'><strong>gravatis.</strong></span> <span class='ocrx_word' id='word_1_577' title='bbox 3745 1167 3864 1223; x_wconf 73' lang='lat' dir='ltr'><strong>Noli</strong></span> 
     </span>
    </p>
   </div>
   <div class='ocr_carea' id='block_1_76' title="bbox 2291 1247 3860 1326">
    <p class='ocr_par' dir='ltr' id='par_1_76' title="bbox 2291 1247 3860 1326">
     <span class='ocr_line' id='line_1_79' title="bbox 2291 1247 3860 1326; baseline 0.011 -29"><span class='ocrx_word' id='word_1_578' title='bbox 2291 1258 2390 1297; x_wconf 85' lang='lat' dir='ltr'><strong>nos</strong></span> <span class='ocrx_word' id='word_1_579' title='bbox 2436 1247 2553 1314; x_wconf 90' lang='lat' dir='ltr'><strong>ejus</strong></span> <span class='ocrx_word' id='word_1_580' title='bbox 2583 1248 2851 1304; x_wconf 69' lang='lat' dir='ltr'><strong>aestimare</strong></span> <span class='ocrx_word' id='word_1_581' title='bbox 2876 1251 3202 1316; x_wconf 76' lang='lat' dir='ltr'><strong>virtutibus;</strong></span> <span class='ocrx_word' id='word_1_582' title='bbox 3232 1252 3283 1306; x_wconf 93' lang='lat' dir='ltr'><strong>in</strong></span> <span class='ocrx_word' id='word_1_583' title='bbox 3334 1254 3426 1308; x_wconf 91' lang='lat' dir='ltr'><strong>illo</strong></span> <span class='ocrx_word' id='word_1_584' title='bbox 3449 1257 3742 1326; x_wconf 89' lang='lat' dir='ltr'><strong>conspicies</strong></span> <span class='ocrx_word' id='word_1_585' title='bbox 3771 1274 3860 1313; x_wconf 85' lang='lat' dir='ltr'><strong>ex-</strong></span> 
     </span>
    </p>
   </div>
   <div class='ocr_carea' id='block_1_77' title="bbox 2288 1339 3859 1414">
    <p class='ocr_par' dir='ltr' id='par_1_77' title="bbox 2288 1339 3859 1414">
     <span class='ocr_line' id='line_1_80' title="bbox 2288 1339 3859 1414; baseline 0.01 -25"><span class='ocrx_word' id='word_1_586' title='bbox 2288 1349 2469 1404; x_wconf 86' lang='lat' dir='ltr'><strong>pressa</strong></span> <span class='ocrx_word' id='word_1_587' title='bbox 2511 1339 2808 1393; x_wconf 88' lang='lat' dir='ltr'><strong>sanctitatis</strong></span> <span class='ocrx_word' id='word_1_588' title='bbox 2836 1340 2917 1412; x_wconf 78' lang='lat' dir='ltr'><strong>(It)</strong></span> <span class='ocrx_word' id='word_1_589' title='bbox 2945 1342 3168 1412; x_wconf 81' lang='lat' dir='ltr'><strong>insignia</strong></span> <span class='ocrx_word' id='word_1_590' title='bbox 3199 1358 3215 1396; x_wconf 90' lang='lat'><strong>:</strong></span> <span class='ocrx_word' id='word_1_591' title='bbox 3246 1353 3300 1398; x_wconf 90' lang='lat' dir='ltr'><strong>et</strong></span> <span class='ocrx_word' id='word_1_592' title='bbox 3323 1359 3425 1414; x_wconf 75' lang='lat' dir='ltr'><strong>ego</strong></span> <span class='ocrx_word' id='word_1_593' title='bbox 3448 1346 3583 1400; x_wconf 86' lang='lat' dir='ltr'><strong>cinis</strong></span> <span class='ocrx_word' id='word_1_594' title='bbox 3600 1355 3653 1401; x_wconf 86' lang='lat' dir='ltr'><strong>et</strong></span> <span class='ocrx_word' id='word_1_595' title='bbox 3673 1347 3859 1404; x_wconf 86' lang='lat' dir='ltr'><strong>vilissi-</strong></span> 
     </span>
    </p>
   </div>
   <div class='ocr_carea' id='block_1_78' title="bbox 2285 1429 3858 1504">
    <p class='ocr_par' dir='ltr' id='par_1_78' title="bbox 2285 1429 3858 1504">
     <span class='ocr_line' id='line_1_81' title="bbox 2285 1429 3858 1504; baseline 0.011 -26"><span class='ocrx_word' id='word_1_596' title='bbox 2285 1440 2371 1479; x_wconf 86' lang='lat' dir='ltr'><strong>ma</strong></span> <span class='ocrx_word' id='word_1_597' title='bbox 2390 1429 2640 1496; x_wconf 86' lang='lat' dir='ltr'><strong>parsluti,</strong></span> <span class='ocrx_word' id='word_1_598' title='bbox 2659 1431 2834 1499; x_wconf 87' lang='lat' dir='ltr'><strong>etjam</strong></span> <span class='ocrx_word' id='word_1_599' title='bbox 2856 1431 3035 1489; x_wconf 77' lang='lat' dir='ltr'><strong>favilla</strong></span> <span class='ocrx_word' id='word_1_600' title='bbox 3055 1433 3183 1489; x_wconf 86' lang='lat' dir='ltr'><strong>dum</strong></span> <span class='ocrx_word' id='word_1_601' title='bbox 3195 1445 3375 1491; x_wconf 77' lang='lat' dir='ltr'><strong>vertor</strong></span> <span class='ocrx_word' id='word_1_602' title='bbox 3398 1435 3573 1504; x_wconf 84' lang='lat' dir='ltr'><strong>(Clun.</strong></span> <span class='ocrx_word' id='word_1_603' title='bbox 3593 1439 3726 1494; x_wconf 79' lang='lat' dir='ltr'><strong>Cod.</strong></span> <span class='ocrx_word' id='word_1_604' title='bbox 3743 1441 3858 1496; x_wconf 86' lang='lat' dir='ltr'><strong>dum</strong></span> 
     </span>
    </p>
   </div>
   <div class='ocr_carea' id='block_1_79' title="bbox 2283 1518 3857 1594">
    <p class='ocr_par' dir='ltr' id='par_1_79' title="bbox 2283 1518 3857 1594">
     <span class='ocr_line' id='line_1_82' title="bbox 2283 1518 3857 1594; baseline 0.011 -27"><span class='ocrx_word' id='word_1_605' title='bbox 2283 1526 2484 1585; x_wconf 68' lang='lat' dir='ltr'><strong>regetur</strong></span> <span class='ocrx_word' id='word_1_606' title='bbox 2504 1518 2524 1587; x_wconf 91' lang='lat'>)</span> <span class='ocrx_word' id='word_1_607' title='bbox 2548 1558 2564 1583; x_wconf 95' lang='lat'><strong>,</strong></span> <span class='ocrx_word' id='word_1_608' title='bbox 2593 1519 2724 1573; x_wconf 82' lang='lat' dir='ltr'><strong>satis</strong></span> <span class='ocrx_word' id='word_1_609' title='bbox 2763 1520 2936 1576; x_wconf 86' lang='lat' dir='ltr'><strong>habeo</strong></span> <span class='ocrx_word' id='word_1_610' title='bbox 2958 1562 2975 1589; x_wconf 89' lang='lat'><strong>,</strong></span> <span class='ocrx_word' id='word_1_611' title='bbox 3015 1523 3060 1576; x_wconf 91' lang='lat' dir='ltr'><strong>si</strong></span> <span class='ocrx_word' id='word_1_612' title='bbox 3096 1524 3438 1594; x_wconf 86' lang='lat' dir='ltr'><strong>splendorem</strong></span> <span class='ocrx_word' id='word_1_613' title='bbox 3467 1543 3675 1582; x_wconf 88' lang='lat' dir='ltr'><strong>morum</strong></span> <span class='ocrx_word' id='word_1_614' title='bbox 3722 1530 3857 1586; x_wconf 89' lang='lat' dir='ltr'><strong>illius</strong></span> 
     </span>
    </p>
   </div>
   <div class='ocr_carea' id='block_1_80' title="bbox 2284 1607 3860 1679">
    <p class='ocr_par' dir='ltr' id='par_1_80' title="bbox 2284 1607 3860 1679">
     <span class='ocr_line' id='line_1_83' title="bbox 2284 1607 3860 1679; baseline 0.012 -19"><span class='ocrx_word' id='word_1_615' title='bbox 2284 1607 2628 1666; x_wconf 86' lang='lat' dir='ltr'><strong>imbecillitas</strong></span> <span class='ocrx_word' id='word_1_616' title='bbox 2673 1613 2951 1668; x_wconf 89' lang='lat' dir='ltr'><strong>oculorum</strong></span> <span class='ocrx_word' id='word_1_617' title='bbox 2999 1630 3240 1670; x_wconf 90' lang='lat' dir='ltr'><strong>meorum</strong></span> <span class='ocrx_word' id='word_1_618' title='bbox 3287 1617 3427 1673; x_wconf 88' lang='lat' dir='ltr'><strong>ferre</strong></span> <span class='ocrx_word' id='word_1_619' title='bbox 3461 1621 3740 1675; x_wconf 87' lang='lat' dir='ltr'><strong>sustineat.</strong></span> <span class='ocrx_word' id='word_1_620' title='bbox 3771 1623 3860 1679; x_wconf 86' lang='lat' dir='ltr'><strong>Ille</strong></span> 
     </span>
    </p>
   </div>
   <div class='ocr_carea' id='block_1_81' title="bbox 2283 1702 3856 1781">
    <p class='ocr_par' dir='ltr' id='par_1_81' title="bbox 2283 1702 3856 1781">
     <span class='ocr_line' id='line_1_84' title="bbox 2283 1702 3856 1781; baseline 0.01 -26"><span class='ocrx_word' id='word_1_621' title='bbox 2283 1702 2446 1759; x_wconf 80' lang='lat' dir='ltr'><strong>modo</strong></span> <span class='ocrx_word' id='word_1_622' title='bbox 2473 1719 2532 1758; x_wconf 89' lang='lat' dir='ltr'><strong>se</strong></span> <span class='ocrx_word' id='word_1_623' title='bbox 2559 1705 2706 1771; x_wconf 80' lang='lat' dir='ltr'><strong>lavit,</strong></span> <span class='ocrx_word' id='word_1_624' title='bbox 2740 1716 2794 1761; x_wconf 92' lang='lat' dir='ltr'><strong>et</strong></span> <span class='ocrx_word' id='word_1_625' title='bbox 2820 1707 3051 1767; x_wconf 86' lang='lat' dir='ltr'><strong>mundus</strong></span> <span class='ocrx_word' id='word_1_626' title='bbox 3077 1718 3180 1774; x_wconf 90' lang='lat' dir='ltr'><strong>est,</strong></span> <span class='ocrx_word' id='word_1_627' title='bbox 3218 1719 3273 1765; x_wconf 92' lang='lat' dir='ltr'><strong>et</strong></span> <span class='ocrx_word' id='word_1_628' title='bbox 3300 1722 3550 1781; x_wconf 82' lang='lat' dir='ltr'><strong>tanquam</strong></span> <span class='ocrx_word' id='word_1_629' title='bbox 3593 1715 3678 1768; x_wconf 84' lang='lat' dir='ltr'><strong>nis</strong></span> <span class='ocrx_word' id='word_1_630' title='bbox 3709 1715 3856 1770; x_wconf 82' lang='lat' dir='ltr'><strong>deal-</strong></span> 
     </span>
    </p>
   </div>
   <div class='ocr_carea' id='block_1_82' title="bbox 2285 1794 3853 1875">
    <p class='ocr_par' dir='ltr' id='par_1_82' title="bbox 2285 1794 3853 1875">
     <span class='ocr_line' id='line_1_85' title="bbox 2285 1794 3853 1875; baseline 0.008 -26"><span class='ocrx_word' id='word_1_631' title='bbox 2285 1794 2440 1850; x_wconf 88' lang='lat' dir='ltr'><strong>batus</strong></span> <span class='ocrx_word' id='word_1_632' title='bbox 2470 1812 2606 1867; x_wconf 77' lang='lat' dir='ltr'><strong>:ego</strong></span> <span class='ocrx_word' id='word_1_633' title='bbox 2627 1803 2835 1854; x_wconf 87' lang='lat' dir='ltr'><strong>cunctis</strong></span> <span class='ocrx_word' id='word_1_634' title='bbox 2867 1811 3204 1870; x_wconf 89' lang='lat' dir='ltr'><strong>peccatorum</strong></span> <span class='ocrx_word' id='word_1_635' title='bbox 3248 1803 3496 1859; x_wconf 86' lang='lat' dir='ltr'><strong>sordibus</strong></span> <span class='ocrx_word' id='word_1_636' title='bbox 3524 1805 3853 1875; x_wconf 87' lang='lat' dir='ltr'><strong>inquinatus,</strong></span> 
     </span>
    </p>
   </div>
   <div class='ocr_carea' id='block_1_83' title="bbox 2282 1884 3864 1961">
    <p class='ocr_par' dir='ltr' id='par_1_83' title="bbox 2282 1884 3864 1961">
     <span class='ocr_line' id='line_1_86' title="bbox 2282 1884 3864 1961; baseline 0.008 -22"><span class='ocrx_word' id='word_1_637' title='bbox 2282 1884 2472 1941; x_wconf 88' lang='lat' dir='ltr'><strong>diebus</strong></span> <span class='ocrx_word' id='word_1_638' title='bbox 2508 1903 2573 1942; x_wconf 92' lang='lat' dir='ltr'><strong>ac</strong></span> <span class='ocrx_word' id='word_1_639' title='bbox 2614 1889 2858 1944; x_wconf 90' lang='lat' dir='ltr'><strong>noctibus</strong></span> <span class='ocrx_word' id='word_1_640' title='bbox 2899 1893 3150 1961; x_wconf 88' lang='lat' dir='ltr'><strong>opperior</strong></span> <span class='ocrx_word' id='word_1_641' title='bbox 3191 1907 3313 1948; x_wconf 79' lang='lat' dir='ltr'><strong>cum</strong></span> <span class='ocrx_word' id='word_1_642' title='bbox 3368 1904 3603 1950; x_wconf 90' lang='lat' dir='ltr'><strong>tremore</strong></span> <span class='ocrx_word' id='word_1_643' title='bbox 3643 1896 3864 1952; x_wconf 87' lang='lat' dir='ltr'><strong>reddere</strong></span> 
     </span>
    </p>
   </div>
   <div class='ocr_carea' id='block_1_84' title="bbox 2283 1979 3858 2051">
    <p class='ocr_par' dir='ltr' id='par_1_84' title="bbox 2283 1979 3858 2051">
     <span class='ocr_line' id='line_1_87' title="bbox 2283 1979 3858 2051; baseline 0.006 -20"><span class='ocrx_word' id='word_1_644' title='bbox 2283 1979 2633 2036; x_wconf 82' lang='lat' dir='ltr'><strong>novissimum</strong></span> <span class='ocrx_word' id='word_1_645' title='bbox 2672 1981 3047 2049; x_wconf 86' lang='lat' dir='ltr'><strong>quadrantem.</strong></span> <span class='ocrx_word' id='word_1_646' title='bbox 3090 1984 3194 2039; x_wconf 85' lang='lat' dir='ltr'><strong>Sed</strong></span> <span class='ocrx_word' id='word_1_647' title='bbox 3237 1994 3413 2040; x_wconf 88' lang='lat' dir='ltr'><strong>tamen</strong></span> <span class='ocrx_word' id='word_1_648' title='bbox 3459 1987 3586 2051; x_wconf 86' lang='lat' dir='ltr'><strong>quia</strong></span> <span class='ocrx_word' id='word_1_649' title='bbox 3615 1985 3858 2041; x_wconf 80' lang='lat' dir='ltr'><strong>Dominus</strong></span> 
     </span>
    </p>
   </div>
   <div class='ocr_carea' id='block_1_85' title="bbox 2280 2071 3859 2147">
    <p class='ocr_par' dir='ltr' id='par_1_85' title="bbox 2280 2071 3859 2147">
     <span class='ocr_line' id='line_1_88' title="bbox 2280 2071 3859 2147; baseline 0.006 -23"><span class='ocrx_word' id='word_1_650' title='bbox 2280 2071 2426 2124; x_wconf 73' lang='lat' dir='ltr'><strong>solvit</strong></span> <span class='ocrx_word' id='word_1_651' title='bbox 2455 2074 2762 2142; x_wconf 82' lang='lat' dir='ltr'><strong>compeditos</strong></span> <span class='ocrx_word' id='word_1_652' title='bbox 2796 2072 2963 2143; x_wconf 85' lang='lat' dir='ltr'><strong>(Psal.</strong></span> <span class='ocrx_word' id='word_1_653' title='bbox 2996 2076 3088 2130; x_wconf 74' lang='grc'><strong>45.</strong></span> <span class='ocrx_word' id='word_1_654' title='bbox 3111 2075 3239 2130; x_wconf 87' lang='lat' dir='ltr'><strong>Isai.</strong></span> <span class='ocrx_word' id='word_1_655' title='bbox 3266 2076 3388 2146; x_wconf 84' lang='lat'><strong>66),</strong></span> <span class='ocrx_word' id='word_1_656' title='bbox 3417 2086 3471 2133; x_wconf 89' lang='lat' dir='ltr'><strong>et</strong></span> <span class='ocrx_word' id='word_1_657' title='bbox 3499 2092 3665 2147; x_wconf 91' lang='lat' dir='ltr'><strong>super</strong></span> <span class='ocrx_word' id='word_1_658' title='bbox 3689 2078 3859 2133; x_wconf 82' lang='lat' dir='ltr'><strong>humi-</strong></span> 
     </span>
    </p>
   </div>
   <div class='ocr_carea' id='block_1_86' title="bbox 2281 2161 3859 2238">
    <p class='ocr_par' dir='ltr' id='par_1_86' title="bbox 2281 2161 3859 2238">
     <span class='ocr_line' id='line_1_89' title="bbox 2281 2161 3859 2238; baseline 0.007 -22"><span class='ocrx_word' id='word_1_659' title='bbox 2281 2161 2387 2217; x_wconf 90' lang='lat' dir='ltr'><strong>lem</strong></span> <span class='ocrx_word' id='word_1_660' title='bbox 2431 2172 2486 2216; x_wconf 92' lang='lat' dir='ltr'><strong>et</strong></span> <span class='ocrx_word' id='word_1_661' title='bbox 2523 2172 2838 2219; x_wconf 88' lang='lat' dir='ltr'><strong>trementem</strong></span> <span class='ocrx_word' id='word_1_662' title='bbox 2871 2167 3030 2221; x_wconf 76' lang='lat' dir='ltr'><strong>verba</strong></span> <span class='ocrx_word' id='word_1_663' title='bbox 3062 2183 3157 2221; x_wconf 89' lang='lat' dir='ltr'><strong>sua</strong></span> <span class='ocrx_word' id='word_1_664' title='bbox 3207 2169 3533 2238; x_wconf 85' lang='lat' dir='ltr'><strong>requiescit,</strong></span> <span class='ocrx_word' id='word_1_665' title='bbox 3564 2169 3782 2224; x_wconf 88' lang='lat' dir='ltr'><strong>forsitan</strong></span> <span class='ocrx_word' id='word_1_666' title='bbox 3806 2179 3859 2228; x_wconf 89' lang='lat' dir='ltr'><strong>et</strong></span> 
     </span>
    </p>
   </div>
   <div class='ocr_carea' id='block_1_87' title="bbox 2278 2255 3858 2332">
    <p class='ocr_par' dir='ltr' id='par_1_87' title="bbox 2278 2255 3858 2332">
     <span class='ocr_line' id='line_1_90' title="bbox 2278 2255 3858 2332; baseline 0.004 -22"><span class='ocrx_word' id='word_1_667' title='bbox 2278 2255 2407 2310; x_wconf 88' lang='lat' dir='ltr'><strong>mihi</strong></span> <span class='ocrx_word' id='word_1_668' title='bbox 2431 2256 2483 2310; x_wconf 91' lang='lat' dir='ltr'><strong>in</strong></span> <span class='ocrx_word' id='word_1_669' title='bbox 2513 2256 2762 2326; x_wconf 89' lang='lat' dir='ltr'><strong>sepulcro</strong></span> <span class='ocrx_word' id='word_1_670' title='bbox 2787 2258 3054 2316; x_wconf 87' lang='lat' dir='ltr'><strong>scelerum</strong></span> <span class='ocrx_word' id='word_1_671' title='bbox 3071 2258 3483 2328; x_wconf 72' lang='lat' dir='ltr'><strong>jacenti,dicat;</strong></span> <span class='ocrx_word' id='word_1_672' title='bbox 3514 2260 3858 2332; x_wconf 76' lang='lat' dir='ltr'><strong>Hieronyme,</strong></span> 
     </span>
    </p>
   </div>
   <div class='ocr_carea' id='block_1_88' title="bbox 2279 2344 3858 2422">
    <p class='ocr_par' dir='ltr' id='par_1_88' title="bbox 2279 2344 3858 2422">
     <span class='ocr_line' id='line_1_91' title="bbox 2279 2344 3858 2422; baseline 0.007 -25"><span class='ocrx_word' id='word_1_673' title='bbox 2279 2346 2402 2401; x_wconf 84' lang='lat' dir='ltr'><strong>veni</strong></span> <span class='ocrx_word' id='word_1_674' title='bbox 2428 2344 2590 2400; x_wconf 88' lang='lat' dir='ltr'><strong>foras.</strong></span> <span class='ocrx_word' id='word_1_675' title='bbox 2619 2348 2848 2406; x_wconf 87' lang='lat' dir='ltr'><strong>Sanctus</strong></span> <span class='ocrx_word' id='word_1_676' title='bbox 2880 2348 3166 2421; x_wconf 86' lang='lat' dir='ltr'><strong>Presbyter</strong></span> <span class='ocrx_word' id='word_1_677' title='bbox 3195 2351 3458 2421; x_wconf 75' lang='lat' dir='ltr'><strong>Evagrius</strong></span> <span class='ocrx_word' id='word_1_678' title='bbox 3483 2353 3774 2422; x_wconf 85' lang='lat' dir='ltr'><strong>plurimum</strong></span> <span class='ocrx_word' id='word_1_679' title='bbox 3800 2361 3858 2408; x_wconf 80' lang='lat' dir='ltr'><strong>te</strong></span> 
     </span>
    </p>
   </div>
   <div class='ocr_carea' id='block_1_89' title="bbox 2277 2435 3857 2512">
    <p class='ocr_par' dir='ltr' id='par_1_89' title="bbox 2277 2435 3857 2512">
     <span class='ocr_line' id='line_1_92' title="bbox 2277 2435 3857 2512; baseline 0.006 -22"><span class='ocrx_word' id='word_1_680' title='bbox 2277 2435 2474 2491; x_wconf 85' lang='lat' dir='ltr'><strong>salutat</strong></span> <span class='ocrx_word' id='word_1_681' title='bbox 2501 2454 2514 2490; x_wconf 87' lang='lat'><strong>:</strong></span> <span class='ocrx_word' id='word_1_682' title='bbox 2545 2447 2599 2492; x_wconf 94' lang='lat' dir='ltr'><strong>et</strong></span> <span class='ocrx_word' id='word_1_683' title='bbox 2626 2436 2693 2508; x_wconf 90' lang='lat' dir='ltr'><strong>(i)</strong></span> <span class='ocrx_word' id='word_1_684' title='bbox 2745 2438 3120 2496; x_wconf 80' lang='lat' dir='ltr'><strong>Martinianum</strong></span> <span class='ocrx_word' id='word_1_685' title='bbox 3165 2441 3382 2501; x_wconf 83' lang='lat' dir='ltr'><strong>fratrem</strong></span> <span class='ocrx_word' id='word_1_686' title='bbox 3427 2444 3619 2512; x_wconf 86' lang='lat' dir='ltr'><strong>juncto</strong></span> <span class='ocrx_word' id='word_1_687' title='bbox 3666 2443 3857 2499; x_wconf 81' lang='lat' dir='ltr'><strong>saluta-</strong></span> 
     </span>
    </p>
   </div>
   <div class='ocr_carea' id='block_1_90' title="bbox 2278 2527 3859 2605">
    <p class='ocr_par' dir='ltr' id='par_1_90' title="bbox 2278 2527 3859 2605">
     <span class='ocr_line' id='line_1_93' title="bbox 2278 2527 3859 2605; baseline 0.009 -24"><span class='ocrx_word' id='word_1_688' title='bbox 2278 2542 2397 2582; x_wconf 88' lang='lat' dir='ltr'><strong>mus</strong></span> <span class='ocrx_word' id='word_1_689' title='bbox 2422 2527 2682 2599; x_wconf 90' lang='lat' dir='ltr'><strong>obsequio</strong></span> <span class='ocrx_word' id='word_1_690' title='bbox 2705 2572 2720 2597; x_wconf 91' lang='lat'><strong>,</strong></span> <span class='ocrx_word' id='word_1_691' title='bbox 2753 2546 2911 2601; x_wconf 90' lang='lat' dir='ltr'><strong>quem</strong></span> <span class='ocrx_word' id='word_1_692' title='bbox 2956 2547 3056 2602; x_wconf 80' lang='lat' dir='ltr'><strong>ego</strong></span> <span class='ocrx_word' id='word_1_693' title='bbox 3090 2533 3270 2589; x_wconf 89' lang='lat' dir='ltr'><strong>videre</strong></span> <span class='ocrx_word' id='word_1_694' title='bbox 3296 2535 3646 2605; x_wconf 77' lang='lat' dir='ltr'><strong>desiderans,</strong></span> <span class='ocrx_word' id='word_1_695' title='bbox 3674 2545 3859 2596; x_wconf 70' lang='lat' dir='ltr'><strong>catena</strong></span> 
     </span>
    </p>
   </div>
   <div class='ocr_carea' id='block_1_91' title="bbox 2275 2618 3326 2693">
    <p class='ocr_par' dir='ltr' id='par_1_91' title="bbox 2275 2618 3326 2693">
     <span class='ocr_line' id='line_1_94' title="bbox 2275 2618 3326 2693; baseline 0.006 -19"><span class='ocrx_word' id='word_1_696' title='bbox 2275 2618 2544 2693; x_wconf 71' lang='lat' dir='ltr'><strong>languoris</strong></span> <span class='ocrx_word' id='word_1_697' title='bbox 2566 2621 2830 2679; x_wconf 92' lang='lat' dir='ltr'><strong>innector.</strong></span> <span class='ocrx_word' id='word_1_698' title='bbox 2857 2623 2989 2680; x_wconf 76' lang='lat' dir='ltr'><strong>Vale</strong></span> <span class='ocrx_word' id='word_1_699' title='bbox 3019 2625 3072 2684; x_wconf 84' lang='lat' dir='ltr'><strong>in</strong></span> <span class='ocrx_word' id='word_1_700' title='bbox 3093 2624 3326 2681; x_wconf 87' lang='lat' dir='ltr'><strong>Christo.</strong></span> 
     </span>
    </p>
   </div>
   <div class='ocr_carea' id='block_1_92' title="bbox 2819 2757 3322 2833">
    <p class='ocr_par' dir='ltr' id='par_1_92' title="bbox 2819 2757 3322 2833">
     <span class='ocr_line' id='line_1_95' title="bbox 2819 2757 3322 2833; baseline 0.008 -21"><span class='ocrx_word' id='word_1_701' title='bbox 2819 2757 3141 2814; x_wconf 73' lang='lat' dir='ltr'><strong>EPISTULA</strong></span> <span class='ocrx_word' id='word_1_702' title='bbox 3184 2759 3225 2816; x_wconf 90' lang='lat' dir='ltr'><strong>v</strong></span> <span class='ocrx_word' id='word_1_703' title='bbox 3256 2762 3322 2833; x_wconf 82' lang='lat' dir='ltr'><strong>(j)</strong></span> 
     </span>
    </p>
   </div>
   <div class='ocr_carea' id='block_1_93' title="bbox 2838 2887 3289 2935">
    <p class='ocr_par' dir='ltr' id='par_1_93' title="bbox 2838 2887 3289 2935">
     <span class='ocr_line' id='line_1_96' title="bbox 2838 2887 3289 2935; baseline 0.018 -10"><span class='ocrx_word' id='word_1_704' title='bbox 2838 2887 2907 2935; x_wconf 61' lang='lat' dir='ltr'><strong>so</strong></span> <span class='ocrx_word' id='word_1_705' title='bbox 2930 2887 3289 2934; x_wconf 66' lang='lat' dir='ltr'><strong>muscarium</strong></span> 
     </span>
    </p>
   </div>
   <div class='ocr_carea' id='block_1_94' title="bbox 2273 2976 3858 3056">
    <p class='ocr_par' dir='ltr' id='par_1_94' title="bbox 2273 2976 3858 3056">
     <span class='ocr_line' id='line_1_97' title="bbox 2273 2976 3858 3056; baseline 0.004 -24"><span class='ocrx_word' id='word_1_706' title='bbox 2273 2976 2564 3048; x_wconf 84' lang='lat' dir='ltr'><strong>Respondet</strong></span> <span class='ocrx_word' id='word_1_707' title='bbox 2613 2979 3143 3054; x_wconf 80' lang='lat' dir='ltr'><strong>Florentio,eumque</strong></span> <span class='ocrx_word' id='word_1_708' title='bbox 3189 2985 3450 3039; x_wconf 86' lang='lat' dir='ltr'><strong>certiorem</strong></span> <span class='ocrx_word' id='word_1_709' title='bbox 3493 2987 3625 3056; x_wconf 76' lang='lat' dir='ltr'><strong>facit</strong></span> <span class='ocrx_word' id='word_1_710' title='bbox 3653 3003 3707 3042; x_wconf 91' lang='lat' dir='ltr'><strong>se</strong></span> <span class='ocrx_word' id='word_1_711' title='bbox 3743 2987 3858 3056; x_wconf 81' lang='lat' dir='ltr'><strong>jam</strong></span> 
     </span>
    </p>
   </div>
   <div class='ocr_carea' id='block_1_95' title="bbox 2341 3069 3855 3147">
    <p class='ocr_par' dir='ltr' id='par_1_95' title="bbox 2341 3069 3855 3147">
     <span class='ocr_line' id='line_1_98' title="bbox 2341 3069 3855 3147; baseline 0.005 -25"><span class='ocrx_word' id='word_1_712' title='bbox 2341 3069 2665 3123; x_wconf 85' lang='lat' dir='ltr'><strong>solitudinem</strong></span> <span class='ocrx_word' id='word_1_713' title='bbox 2695 3073 2971 3143; x_wconf 79' lang='lat' dir='ltr'><strong>qntejuxta</strong></span> <span class='ocrx_word' id='word_1_714' title='bbox 3019 3075 3229 3144; x_wconf 80' lang='lat' dir='ltr'><strong>Syriam</strong></span> <span class='ocrx_word' id='word_1_715' title='bbox 3269 3075 3560 3131; x_wconf 88' lang='lat' dir='ltr'><strong>Saracenis</strong></span> <span class='ocrx_word' id='word_1_716' title='bbox 3598 3078 3855 3147; x_wconf 71' lang='lat' dir='ltr'><strong>jungitur,</strong></span> 
     </span>
    </p>
   </div>
   <div class='ocr_carea' id='block_1_96' title="bbox 2341 3161 3856 3237">
    <p class='ocr_par' dir='ltr' id='par_1_96' title="bbox 2341 3161 3856 3237">
     <span class='ocr_line' id='line_1_99' title="bbox 2341 3161 3856 3237; baseline 0.005 -25"><span class='ocrx_word' id='word_1_717' title='bbox 2341 3161 2636 3228; x_wconf 85' lang='lat' dir='ltr'><strong>arripuisse.</strong></span> <span class='ocrx_word' id='word_1_718' title='bbox 2674 3161 2802 3215; x_wconf 90' lang='lat' dir='ltr'><strong>Tum</strong></span> <span class='ocrx_word' id='word_1_719' title='bbox 2830 3165 2951 3232; x_wconf 87' lang='lat' dir='ltr'><strong>petit</strong></span> <span class='ocrx_word' id='word_1_720' title='bbox 2975 3165 3036 3216; x_wconf 83' lang='lat' dir='ltr'><strong>ab</strong></span> <span class='ocrx_word' id='word_1_721' title='bbox 3059 3181 3116 3218; x_wconf 86' lang='lat' dir='ltr'><strong>eo</strong></span> <span class='ocrx_word' id='word_1_722' title='bbox 3148 3167 3298 3221; x_wconf 87' lang='lat' dir='ltr'><strong>libros</strong></span> <span class='ocrx_word' id='word_1_723' title='bbox 3319 3167 3570 3237; x_wconf 81' lang='lat' dir='ltr'><strong>quosdam</strong></span> <span class='ocrx_word' id='word_1_724' title='bbox 3593 3210 3608 3234; x_wconf 89' lang='lat'><strong>,</strong></span> <span class='ocrx_word' id='word_1_725' title='bbox 3638 3169 3856 3237; x_wconf 83' lang='lat' dir='ltr'><strong>aliosque</strong></span> 
     </span>
    </p>
   </div>
   <div class='ocr_carea' id='block_1_97' title="bbox 2341 3249 3155 3323">
    <p class='ocr_par' dir='ltr' id='par_1_97' title="bbox 2341 3249 3155 3323">
     <span class='ocr_line' id='line_1_100' title="bbox 2341 3249 3155 3323; baseline 0.009 -20"><span class='ocrx_word' id='word_1_726' title='bbox 2341 3250 2421 3304; x_wconf 87' lang='lat' dir='ltr'><strong>illi</strong></span> <span class='ocrx_word' id='word_1_727' title='bbox 2444 3249 2611 3319; x_wconf 74' lang='lat' dir='ltr'><strong>o/fert,</strong></span> <span class='ocrx_word' id='word_1_728' title='bbox 2643 3254 2821 3323; x_wconf 84' lang='lat' dir='ltr'><strong>quibus</strong></span> <span class='ocrx_word' id='word_1_729' title='bbox 2849 3253 3155 3316; x_wconf 82' lang='lat' dir='ltr'><strong>abundabat.</strong></span> 
     </span>
    </p>
   </div>
   <div class='ocr_carea' id='block_1_98' title="bbox 2350 3385 3859 3463">
    <p class='ocr_par' dir='ltr' id='par_1_98' title="bbox 2350 3385 3859 3463">
     <span class='ocr_line' id='line_1_101' title="bbox 2350 3385 3859 3463; baseline 0.004 -23"><span class='ocrx_word' id='word_1_730' title='bbox 2350 3385 2403 3440; x_wconf 87' lang='grc'><strong>1.</strong></span> <span class='ocrx_word' id='word_1_731' title='bbox 2433 3386 2488 3440; x_wconf 92' lang='lat' dir='ltr'><strong>ln</strong></span> <span class='ocrx_word' id='word_1_732' title='bbox 2519 3401 2582 3442; x_wconf 88' lang='lat' dir='ltr'><strong>ea</strong></span> <span class='ocrx_word' id='word_1_733' title='bbox 2613 3387 2742 3442; x_wconf 86' lang='lat' dir='ltr'><strong>mihi</strong></span> <span class='ocrx_word' id='word_1_734' title='bbox 2769 3397 2919 3458; x_wconf 87' lang='lat' dir='ltr'><strong>parte</strong></span> <span class='ocrx_word' id='word_1_735' title='bbox 2941 3389 3108 3444; x_wconf 88' lang='lat' dir='ltr'><strong>eremi</strong></span> <span class='ocrx_word' id='word_1_736' title='bbox 3133 3399 3484 3445; x_wconf 83' lang='lat' dir='ltr'><strong>commorantl</strong></span> <span class='ocrx_word' id='word_1_737' title='bbox 3509 3432 3528 3456; x_wconf 93' lang='lat'><strong>,</strong></span> <span class='ocrx_word' id='word_1_738' title='bbox 3560 3407 3682 3463; x_wconf 82' lang='lat' dir='ltr'><strong>qua:</strong></span> <span class='ocrx_word' id='word_1_739' title='bbox 3711 3390 3859 3462; x_wconf 85' lang='lat' dir='ltr'><strong>juxta</strong></span> 
     </span>
    </p>
   </div>
   <div class='ocr_carea' id='block_1_99' title="bbox 2273 3480 3856 3554">
    <p class='ocr_par' dir='ltr' id='par_1_99' title="bbox 2273 3480 3856 3554">
     <span class='ocr_line' id='line_1_102' title="bbox 2273 3480 3856 3554; baseline 0 -18"><span class='ocrx_word' id='word_1_740' title='bbox 2273 3480 2483 3554; x_wconf 83' lang='lat' dir='ltr'><strong>Syriam</strong></span> <span class='ocrx_word' id='word_1_741' title='bbox 2511 3481 2790 3537; x_wconf 87' lang='lat' dir='ltr'><strong>Saracenis</strong></span> <span class='ocrx_word' id='word_1_742' title='bbox 2829 3481 3106 3550; x_wconf 81' lang='lat' dir='ltr'><strong>jungitur,</strong></span> <span class='ocrx_word' id='word_1_743' title='bbox 3154 3480 3454 3536; x_wconf 89' lang='lat' dir='ltr'><strong>dilectionis</strong></span> <span class='ocrx_word' id='word_1_744' title='bbox 3515 3493 3623 3538; x_wconf 71' lang='lat' dir='ltr'><strong>tuae</strong></span> <span class='ocrx_word' id='word_1_745' title='bbox 3663 3483 3856 3552; x_wconf 85' lang='lat' dir='ltr'><strong>scripta</strong></span> 
     </span>
    </p>
   </div>
   <div class='ocr_carea' id='block_1_100' title="bbox 2269 3571 3858 3642">
    <p class='ocr_par' dir='ltr' id='par_1_100' title="bbox 2269 3571 3858 3642">
     <span class='ocr_line' id='line_1_103' title="bbox 2269 3571 3858 3642; baseline 0 -17"><span class='ocrx_word' id='word_1_746' title='bbox 2269 3572 2470 3642; x_wconf 86' lang='lat' dir='ltr'><strong>perlata</strong></span> <span class='ocrx_word' id='word_1_747' title='bbox 2496 3581 2640 3626; x_wconf 84' lang='lat' dir='ltr'><strong>sunt.</strong></span> <span class='ocrx_word' id='word_1_748' title='bbox 2671 3571 2874 3642; x_wconf 86' lang='lat' dir='ltr'><strong>Quibus</strong></span> <span class='ocrx_word' id='word_1_749' title='bbox 2897 3572 3070 3637; x_wconf 83' lang='lat' dir='ltr'><strong>lectis,</strong></span> <span class='ocrx_word' id='word_1_750' title='bbox 3089 3572 3158 3640; x_wconf 89' lang='lat' dir='ltr'><strong>ita</strong></span> <span class='ocrx_word' id='word_1_751' title='bbox 3186 3587 3504 3628; x_wconf 78' lang='lat' dir='ltr'><strong>reacecnstts</strong></span> <span class='ocrx_word' id='word_1_752' title='bbox 3536 3585 3620 3630; x_wconf 90' lang='lat' dir='ltr'><strong>est</strong></span> <span class='ocrx_word' id='word_1_753' title='bbox 3650 3574 3858 3628; x_wconf 90' lang='lat' dir='ltr'><strong>animus</strong></span> 
     </span>
    </p>
   </div>
   <div class='ocr_carea' id='block_1_101' title="bbox 2268 3663 3854 3736">
    <p class='ocr_par' dir='ltr' id='par_1_101' title="bbox 2268 3663 3854 3736">
     <span class='ocr_line' id='line_1_104' title="bbox 2268 3663 3854 3736; baseline 0.001 -17"><span class='ocrx_word' id='word_1_754' title='bbox 2268 3663 2655 3735; x_wconf 83' lang='lat' dir='ltr'><strong>Jcrosolymam</strong></span> <span class='ocrx_word' id='word_1_755' title='bbox 2689 3663 3079 3732; x_wconf 81' lang='lat' dir='ltr'><strong>proficiscendi,</strong></span> <span class='ocrx_word' id='word_1_756' title='bbox 3113 3673 3174 3718; x_wconf 91' lang='lat' dir='ltr'><strong>ut</strong></span> <span class='ocrx_word' id='word_1_757' title='bbox 3215 3680 3348 3733; x_wconf 86' lang='lat' dir='ltr'><strong>pene</strong></span> <span class='ocrx_word' id='word_1_758' title='bbox 3386 3667 3636 3723; x_wconf 86' lang='lat' dir='ltr'><strong>nocuerit</strong></span> <span class='ocrx_word' id='word_1_759' title='bbox 3661 3680 3854 3736; x_wconf 85' lang='lat' dir='ltr'><strong>propo-</strong></span> 
     </span>
    </p>
   </div>
   <div class='ocr_carea' id='block_1_102' title="bbox 2269 3746 3860 3828">
    <p class='ocr_par' dir='ltr' id='par_1_102' title="bbox 2269 3746 3860 3828">
     <span class='ocr_line' id='line_1_105' title="bbox 2269 3746 3860 3828; baseline 0.003 -20"><span class='ocrx_word' id='word_1_760' title='bbox 2269 3755 2395 3820; x_wconf 87' lang='lat' dir='ltr'><strong>sito,</strong></span> <span class='ocrx_word' id='word_1_761' title='bbox 2436 3753 2576 3824; x_wconf 88' lang='lat' dir='ltr'><strong>quod</strong></span> <span class='ocrx_word' id='word_1_762' title='bbox 2626 3755 2882 3823; x_wconf 85' lang='lat' dir='ltr'><strong>profuerit</strong></span> <span class='ocrx_word' id='word_1_763' title='bbox 2911 3756 3139 3811; x_wconf 89' lang='lat' dir='ltr'><strong>caritati.</strong></span> <span class='ocrx_word' id='word_1_764' title='bbox 3187 3756 3338 3811; x_wconf 89' lang='lat' dir='ltr'><strong>Nunc</strong></span> <span class='ocrx_word' id='word_1_765' title='bbox 3378 3758 3542 3827; x_wconf 81' lang='lat' dir='ltr'><strong>igitur</strong></span> <span class='ocrx_word' id='word_1_766' title='bbox 3587 3746 3860 3828; x_wconf 74' lang='lat' dir='ltr'><strong>quoumdu</strong></span> 
     </span>
    </p>
   </div>
   <div class='ocr_carea' id='block_1_103' title="bbox 2268 3845 3862 3919">
    <p class='ocr_par' dir='ltr' id='par_1_103' title="bbox 2268 3845 3862 3919">
     <span class='ocr_line' id='line_1_106' title="bbox 2268 3845 3862 3919; baseline 0.002 -21"><span class='ocrx_word' id='word_1_767' title='bbox 2268 3845 2442 3911; x_wconf 85' lang='lat' dir='ltr'><strong>valeo,</strong></span> <span class='ocrx_word' id='word_1_768' title='bbox 2473 3859 2568 3914; x_wconf 89' lang='lat' dir='ltr'><strong>pro</strong></span> <span class='ocrx_word' id='word_1_769' title='bbox 2599 3860 2683 3899; x_wconf 90' lang='lat' dir='ltr'><strong>me</strong></span> <span class='ocrx_word' id='word_1_770' title='bbox 2711 3846 2804 3901; x_wconf 87' lang='lat' dir='ltr'><strong>tibi</strong></span> <span class='ocrx_word' id='word_1_771' title='bbox 2833 3846 3036 3902; x_wconf 84' lang='lat' dir='ltr'><strong>litteras</strong></span> <span class='ocrx_word' id='word_1_772' title='bbox 3062 3855 3396 3916; x_wconf 73' lang='lat' dir='ltr'><strong>reprcesento</strong></span> <span class='ocrx_word' id='word_1_773' title='bbox 3423 3865 3436 3901; x_wconf 89' lang='lat'><strong>:</strong></span> <span class='ocrx_word' id='word_1_774' title='bbox 3466 3857 3526 3903; x_wconf 88' lang='lat' dir='ltr'><strong>et</strong></span> <span class='ocrx_word' id='word_1_775' title='bbox 3559 3850 3606 3904; x_wconf 90' lang='lat' dir='ltr'><strong>si</strong></span> <span class='ocrx_word' id='word_1_776' title='bbox 3632 3862 3862 3919; x_wconf 80' lang='lat' dir='ltr'><strong>corpore</strong></span> 
     </span>
    </p>
   </div>
   <div class='ocr_carea' id='block_1_104' title="bbox 2268 3937 3855 4010">
    <p class='ocr_par' dir='ltr' id='par_1_104' title="bbox 2268 3937 3855 4010">
     <span class='ocr_line' id='line_1_107' title="bbox 2268 3937 3855 4010; baseline 0 -20"><span class='ocrx_word' id='word_1_777' title='bbox 2268 3937 2482 4002; x_wconf 88' lang='lat' dir='ltr'><strong>absens,</strong></span> <span class='ocrx_word' id='word_1_778' title='bbox 2503 3951 2686 3992; x_wconf 86' lang='lat' dir='ltr'><strong>amore</strong></span> <span class='ocrx_word' id='word_1_779' title='bbox 2718 3947 2892 3990; x_wconf 88' lang='lat' dir='ltr'><strong>tamen</strong></span> <span class='ocrx_word' id='word_1_780' title='bbox 2934 3946 2988 3990; x_wconf 90' lang='lat' dir='ltr'><strong>et</strong></span> <span class='ocrx_word' id='word_1_781' title='bbox 3012 3937 3200 4004; x_wconf 77' lang='lat' dir='ltr'><strong>spiritu</strong></span> <span class='ocrx_word' id='word_1_782' title='bbox 3280 3937 3380 4010; x_wconf 79' lang='lat'><strong>15</strong></span> <span class='ocrx_word' id='word_1_783' title='bbox 3454 3941 3617 3995; x_wconf 88' lang='lat' dir='ltr'><strong>venio</strong></span> <span class='ocrx_word' id='word_1_784' title='bbox 3645 3959 3657 3994; x_wconf 91' lang='lat'><strong>:</strong></span> <span class='ocrx_word' id='word_1_785' title='bbox 3688 3941 3855 4008; x_wconf 82' lang='lat' dir='ltr'><strong>impe-</strong></span> 
     </span>
    </p>
   </div>
   <div class='ocr_carea' id='block_1_105' title="bbox 2266 4025 3854 4101">
    <p class='ocr_par' dir='ltr' id='par_1_105' title="bbox 2266 4025 3854 4101">
     <span class='ocr_line' id='line_1_108' title="bbox 2266 4025 3854 4101; baseline 0 -20"><span class='ocrx_word' id='word_1_786' title='bbox 2266 4025 2356 4081; x_wconf 87' lang='lat' dir='ltr'><strong>dio</strong></span> <span class='ocrx_word' id='word_1_787' title='bbox 2388 4042 2704 4096; x_wconf 80' lang='lat' dir='ltr'><strong>exposcens,</strong></span> <span class='ocrx_word' id='word_1_788' title='bbox 2731 4043 2798 4082; x_wconf 84' lang='lat' dir='ltr'><strong>lle</strong></span> <span class='ocrx_word' id='word_1_789' title='bbox 2851 4037 3129 4083; x_wconf 83' lang='lat' dir='ltr'><strong>nascentes</strong></span> <span class='ocrx_word' id='word_1_790' title='bbox 3163 4030 3420 4083; x_wconf 74' lang='lat' dir='ltr'><strong>amicitias</strong></span> <span class='ocrx_word' id='word_1_791' title='bbox 3440 4071 3459 4096; x_wconf 88' lang='lat'><strong>,</strong></span> <span class='ocrx_word' id='word_1_792' title='bbox 3499 4046 3627 4101; x_wconf 65' lang='lat' dir='ltr'><strong>quae</strong></span> <span class='ocrx_word' id='word_1_793' title='bbox 3656 4029 3854 4085; x_wconf 72' lang='lat' dir='ltr'><strong>Clu-isti</strong></span> 
     </span>
    </p>
   </div>
   <div class='ocr_carea' id='block_1_106' title="bbox 2265 4117 3858 4191">
    <p class='ocr_par' dir='ltr' id='par_1_106' title="bbox 2265 4117 3858 4191">
     <span class='ocr_line' id='line_1_109' title="bbox 2265 4117 3858 4191; baseline 0.003 -21"><span class='ocrx_word' id='word_1_794' title='bbox 2265 4117 2472 4186; x_wconf 68' lang='lat' dir='ltr'><strong>glutino</strong></span> <span class='ocrx_word' id='word_1_795' title='bbox 2495 4117 2848 4184; x_wconf 60' lang='lat' dir='ltr'><strong>cohaeserunt,</strong></span> <span class='ocrx_word' id='word_1_796' title='bbox 2867 4130 2958 4173; x_wconf 87' lang='lat' dir='ltr'><strong>aut</strong></span> <span class='ocrx_word' id='word_1_797' title='bbox 2977 4121 3254 4188; x_wconf 87' lang='lat' dir='ltr'><strong>temporis,</strong></span> <span class='ocrx_word' id='word_1_798' title='bbox 3273 4130 3362 4174; x_wconf 87' lang='lat' dir='ltr'><strong>aut</strong></span> <span class='ocrx_word' id='word_1_799' title='bbox 3389 4123 3632 4178; x_wconf 86' lang='lat' dir='ltr'><strong>locorum</strong></span> <span class='ocrx_word' id='word_1_800' title='bbox 3654 4121 3858 4191; x_wconf 45' lang='lat' dir='ltr'><strong>magnis</strong></span> 
     </span>
    </p>
   </div>
   <div class='ocr_carea' id='block_1_107' title="bbox 2266 4207 3858 4285">
    <p class='ocr_par' dir='ltr' id='par_1_107' title="bbox 2266 4207 3858 4285">
     <span class='ocr_line' id='line_1_110' title="bbox 2266 4207 3858 4285; baseline 0.003 -23"><span class='ocrx_word' id='word_1_801' title='bbox 2266 4207 2394 4262; x_wconf 84' lang='lat' dir='ltr'><strong>tudo</strong></span> <span class='ocrx_word' id='word_1_802' title='bbox 2424 4207 2678 4272; x_wconf 73' lang='lat' dir='ltr'><strong>divellat;</strong></span> <span class='ocrx_word' id='word_1_803' title='bbox 2715 4209 2841 4278; x_wconf 87' lang='lat' dir='ltr'><strong>quin</strong></span> <span class='ocrx_word' id='word_1_804' title='bbox 2871 4210 3050 4278; x_wconf 88' lang='lat' dir='ltr'><strong>potius</strong></span> <span class='ocrx_word' id='word_1_805' title='bbox 3080 4210 3404 4276; x_wconf 79' lang='lat' dir='ltr'><strong>fmdercmus</strong></span> <span class='ocrx_word' id='word_1_806' title='bbox 3439 4228 3533 4268; x_wconf 88' lang='lat' dir='ltr'><strong>eas</strong></span> <span class='ocrx_word' id='word_1_807' title='bbox 3563 4213 3858 4285; x_wconf 86' lang='lat' dir='ltr'><strong>reciprocis</strong></span> 
     </span>
    </p>
   </div>
   <div class='ocr_carea' id='block_1_108' title="bbox 2263 4299 3852 4371">
    <p class='ocr_par' dir='ltr' id='par_1_108' title="bbox 2263 4299 3852 4371">
     <span class='ocr_line' id='line_1_111' title="bbox 2263 4299 3852 4371; baseline 0.003 -16"><span class='ocrx_word' id='word_1_808' title='bbox 2263 4299 2526 4369; x_wconf 88' lang='lat' dir='ltr'><strong>epistolis.</strong></span> <span class='ocrx_word' id='word_1_809' title='bbox 2573 4300 2680 4355; x_wconf 77' lang='lat' dir='ltr'><strong>Illa:</strong></span> <span class='ocrx_word' id='word_1_810' title='bbox 2715 4301 2853 4356; x_wconf 85' lang='lat' dir='ltr'><strong>inter</strong></span> <span class='ocrx_word' id='word_1_811' title='bbox 2883 4317 2981 4357; x_wconf 88' lang='lat' dir='ltr'><strong>nos</strong></span> <span class='ocrx_word' id='word_1_812' title='bbox 3012 4313 3251 4370; x_wconf 88' lang='lat' dir='ltr'><strong>currant,</strong></span> <span class='ocrx_word' id='word_1_813' title='bbox 3307 4305 3414 4360; x_wconf 79' lang='lat' dir='ltr'><strong>illa:</strong></span> <span class='ocrx_word' id='word_1_814' title='bbox 3459 4307 3563 4362; x_wconf 87' lang='lat' dir='ltr'><strong>sibi</strong></span> <span class='ocrx_word' id='word_1_815' title='bbox 3602 4307 3852 4371; x_wconf 88' lang='lat' dir='ltr'><strong>obvient,</strong></span> 
     </span>
    </p>
   </div>
   <div class='ocr_carea' id='block_1_109' title="bbox 2264 4391 3858 4467">
    <p class='ocr_par' dir='ltr' id='par_1_109' title="bbox 2264 4391 3858 4467">
     <span class='ocr_line' id='line_1_112' title="bbox 2264 4391 3858 4467; baseline 0.004 -21"><span class='ocrx_word' id='word_1_816' title='bbox 2264 4391 2369 4451; x_wconf 71' lang='lat' dir='ltr'><strong>illa:</strong></span> <span class='ocrx_word' id='word_1_817' title='bbox 2400 4392 2674 4446; x_wconf 88' lang='lat' dir='ltr'><strong>nobiscum</strong></span> <span class='ocrx_word' id='word_1_818' title='bbox 2714 4392 3018 4461; x_wconf 83' lang='lat' dir='ltr'><strong>loquantur.</strong></span> <span class='ocrx_word' id='word_1_819' title='bbox 3045 4395 3157 4449; x_wconf 79' lang='lat' dir='ltr'><strong>Non</strong></span> <span class='ocrx_word' id='word_1_820' title='bbox 3185 4397 3407 4450; x_wconf 90' lang='lat' dir='ltr'><strong>multum</strong></span> <span class='ocrx_word' id='word_1_821' title='bbox 3450 4400 3731 4467; x_wconf 85' lang='lat' dir='ltr'><strong>perditura</strong></span> <span class='ocrx_word' id='word_1_822' title='bbox 3755 4400 3858 4454; x_wconf 83' lang='lat' dir='ltr'><strong>erit</strong></span> 
     </span>
    </p>
   </div>
   <div class='ocr_carea' id='block_1_110' title="bbox 2263 4483 3483 4546">
    <p class='ocr_par' dir='ltr' id='par_1_110' title="bbox 2263 4483 3483 4546">
     <span class='ocr_line' id='line_1_113' title="bbox 2263 4483 3483 4546; baseline 0.003 -8"><span class='ocrx_word' id='word_1_823' title='bbox 2263 4484 2479 4546; x_wconf 84' lang='lat' dir='ltr'><strong>caritas,</strong></span> <span class='ocrx_word' id='word_1_824' title='bbox 2511 4484 2554 4536; x_wconf 89' lang='lat' dir='ltr'><strong>si</strong></span> <span class='ocrx_word' id='word_1_825' title='bbox 2590 4483 2678 4537; x_wconf 88' lang='lat' dir='ltr'><strong>tali</strong></span> <span class='ocrx_word' id='word_1_826' title='bbox 2708 4499 2886 4538; x_wconf 86' lang='lat' dir='ltr'><strong>secum</strong></span> <span class='ocrx_word' id='word_1_827' title='bbox 2919 4499 3175 4540; x_wconf 88' lang='lat' dir='ltr'><strong>sermone</strong></span> <span class='ocrx_word' id='word_1_828' title='bbox 3199 4485 3483 4542; x_wconf 81' lang='lat' dir='ltr'><strong>fabuletur.</strong></span> 
     </span>
    </p>
   </div>
   <div class='ocr_carea' id='block_1_111' title="bbox 2329 4574 3856 4642">
    <p class='ocr_par' dir='ltr' id='par_1_111' title="bbox 2329 4574 3856 4642">
     <span class='ocr_line' id='line_1_114' title="bbox 2329 4574 3856 4642; baseline -0.001 -12"><span class='ocrx_word' id='word_1_829' title='bbox 2329 4575 2384 4630; x_wconf 76' lang='lat'><strong>2.</strong></span> <span class='ocrx_word' id='word_1_830' title='bbox 2417 4574 2666 4636; x_wconf 83' lang='lat' dir='ltr'><strong>Ruffinus</strong></span> <span class='ocrx_word' id='word_1_831' title='bbox 2688 4584 2864 4629; x_wconf 90' lang='lat' dir='ltr'><strong>autem</strong></span> <span class='ocrx_word' id='word_1_832' title='bbox 2887 4574 3070 4640; x_wconf 87' lang='lat' dir='ltr'><strong>frater,</strong></span> <span class='ocrx_word' id='word_1_833' title='bbox 3105 4587 3158 4630; x_wconf 93' lang='lat' dir='ltr'><strong>ut</strong></span> <span class='ocrx_word' id='word_1_834' title='bbox 3182 4578 3391 4640; x_wconf 74' lang='lat' dir='ltr'><strong>scribis,</strong></span> <span class='ocrx_word' id='word_1_835' title='bbox 3418 4577 3653 4633; x_wconf 88' lang='lat' dir='ltr'><strong>necdum</strong></span> <span class='ocrx_word' id='word_1_836' title='bbox 3673 4579 3856 4642; x_wconf 83' lang='lat' dir='ltr'><strong>venit;</strong></span> 
     </span>
    </p>
   </div>
   <div class='ocr_carea' id='block_1_112' title="bbox 2261 4667 3860 4738">
    <p class='ocr_par' dir='ltr' id='par_1_112' title="bbox 2261 4667 3860 4738">
     <span class='ocr_line' id='line_1_115' title="bbox 2261 4667 3860 4738; baseline 0.003 -17"><span class='ocrx_word' id='word_1_837' title='bbox 2261 4675 2315 4724; x_wconf 87' lang='lat' dir='ltr'><strong>ct</strong></span> <span class='ocrx_word' id='word_1_838' title='bbox 2342 4667 2386 4723; x_wconf 86' lang='lat' dir='ltr'><strong>si</strong></span> <span class='ocrx_word' id='word_1_839' title='bbox 2433 4667 2669 4731; x_wconf 86' lang='lat' dir='ltr'><strong>venerit,</strong></span> <span class='ocrx_word' id='word_1_840' title='bbox 2700 4681 2806 4720; x_wconf 92' lang='lat' dir='ltr'><strong>non</strong></span> <span class='ocrx_word' id='word_1_841' title='bbox 2836 4667 3063 4728; x_wconf 84' lang='lat' dir='ltr'><strong>multum</strong></span> <span class='ocrx_word' id='word_1_842' title='bbox 3091 4668 3326 4736; x_wconf 79' lang='lat' dir='ltr'><strong>proderit</strong></span> <span class='ocrx_word' id='word_1_843' title='bbox 3364 4668 3642 4724; x_wconf 67' lang='lat' dir='ltr'><strong>desiderio</strong></span> <span class='ocrx_word' id='word_1_844' title='bbox 3692 4684 3860 4738; x_wconf 57' lang='lat' dir='ltr'><strong>meo...</strong></span> 
     </span>
    </p>
   </div>
   <div class='ocr_carea' id='block_1_113' title="bbox 2259 4756 3861 4828">
    <p class='ocr_par' dir='ltr' id='par_1_113' title="bbox 2259 4756 3861 4828">
     <span class='ocr_line' id='line_1_116' title="bbox 2259 4756 3861 4828; baseline -0.001 -16"><span class='ocrx_word' id='word_1_845' title='bbox 2259 4774 2380 4812; x_wconf 89' lang='lat' dir='ltr'><strong>cum</strong></span> <span class='ocrx_word' id='word_1_846' title='bbox 2419 4771 2539 4811; x_wconf 83' lang='lat' dir='ltr'><strong>eum</strong></span> <span class='ocrx_word' id='word_1_847' title='bbox 2570 4757 2681 4826; x_wconf 86' lang='lat' dir='ltr'><strong>jam</strong></span> <span class='ocrx_word' id='word_1_848' title='bbox 2706 4756 2916 4813; x_wconf 81' lang='lat' dir='ltr'><strong>visurus</strong></span> <span class='ocrx_word' id='word_1_849' title='bbox 2943 4773 3047 4812; x_wconf 88' lang='lat' dir='ltr'><strong>non</strong></span> <span class='ocrx_word' id='word_1_850' title='bbox 3089 4758 3208 4816; x_wconf 83' lang='lat' dir='ltr'><strong>sim.</strong></span> <span class='ocrx_word' id='word_1_851' title='bbox 3240 4757 3311 4811; x_wconf 89' lang='lat' dir='ltr'><strong>Ita</strong></span> <span class='ocrx_word' id='word_1_852' title='bbox 3329 4761 3469 4813; x_wconf 86' lang='lat' dir='ltr'><strong>enim</strong></span> <span class='ocrx_word' id='word_1_853' title='bbox 3500 4768 3557 4814; x_wconf 90' lang='lat' dir='ltr'><strong>et</strong></span> <span class='ocrx_word' id='word_1_854' title='bbox 3582 4761 3674 4813; x_wconf 93' lang='lat' dir='ltr'><strong>ille</strong></span> <span class='ocrx_word' id='word_1_855' title='bbox 3698 4760 3861 4828; x_wconf 79' lang='lat' dir='ltr'><strong>longo</strong></span> 
     </span>
    </p>
   </div>
   <div class='ocr_carea' id='block_1_114' title="bbox 2261 4847 3857 4919">
    <p class='ocr_par' dir='ltr' id='par_1_114' title="bbox 2261 4847 3857 4919">
     <span class='ocr_line' id='line_1_117' title="bbox 2261 4847 3857 4919; baseline 0.003 -17"><span class='ocrx_word' id='word_1_856' title='bbox 2261 4847 2550 4906; x_wconf 81' lang='lat' dir='ltr'><strong>intervallo</strong></span> <span class='ocrx_word' id='word_1_857' title='bbox 2575 4863 2605 4901; x_wconf 90' lang='lat' dir='ltr'><strong>a</strong></span> <span class='ocrx_word' id='word_1_858' title='bbox 2633 4863 2716 4902; x_wconf 91' lang='lat' dir='ltr'><strong>me</strong></span> <span class='ocrx_word' id='word_1_859' title='bbox 2742 4858 3019 4918; x_wconf 81' lang='lat' dir='ltr'><strong>separatus</strong></span> <span class='ocrx_word' id='word_1_860' title='bbox 3044 4859 3126 4903; x_wconf 87' lang='lat' dir='ltr'><strong>est</strong></span> <span class='ocrx_word' id='word_1_861' title='bbox 3145 4889 3159 4913; x_wconf 92' lang='lat'><strong>,</strong></span> <span class='ocrx_word' id='word_1_862' title='bbox 3186 4860 3240 4903; x_wconf 90' lang='lat' dir='ltr'><strong>ut</strong></span> <span class='ocrx_word' id='word_1_863' title='bbox 3269 4850 3372 4906; x_wconf 87' lang='lat' dir='ltr'><strong>huc</strong></span> <span class='ocrx_word' id='word_1_864' title='bbox 3413 4866 3521 4906; x_wconf 87' lang='lat' dir='ltr'><strong>non</strong></span> <span class='ocrx_word' id='word_1_865' title='bbox 3559 4851 3735 4919; x_wconf 80' lang='lat' dir='ltr'><strong>possit</strong></span> <span class='ocrx_word' id='word_1_866' title='bbox 3763 4865 3857 4910; x_wconf 69' lang='lat' dir='ltr'><strong>ex-</strong></span> 
     </span>
    </p>
   </div>
   <div class='ocr_carea' id='block_1_115' title="bbox 2329 5001 3863 5070">
    <p class='ocr_par' dir='ltr' id='par_1_115' title="bbox 2329 5001 3863 5070">
     <span class='ocr_line' id='line_1_118' title="bbox 2329 5001 3863 5070; baseline 0.002 -18"><span class='ocrx_word' id='word_1_867' title='bbox 2329 5001 2394 5070; x_wconf 82' lang='lat' dir='ltr'><strong>(q)</strong></span> <span class='ocrx_word' id='word_1_868' title='bbox 2421 5003 2600 5053; x_wconf 85' lang='lat' dir='ltr'><strong>Victor.</strong></span> <span class='ocrx_word' id='word_1_869' title='bbox 2617 5003 2791 5053; x_wconf 87' lang='lat' dir='ltr'><strong>eodem</strong></span> <span class='ocrx_word' id='word_1_870' title='bbox 2810 5017 2959 5054; x_wconf 86' lang='lat' dir='ltr'><strong>sensu</strong></span> <span class='ocrx_word' id='word_1_871' title='bbox 2979 5010 3108 5070; x_wconf 70' lang='lat' dir='ltr'><strong>certe</strong></span> <span class='ocrx_word' id='word_1_872' title='bbox 3121 5006 3338 5057; x_wconf 75' lang='lat' dir='ltr'><strong>caritatis</strong></span> <span class='ocrx_word' id='word_1_873' title='bbox 3356 5005 3692 5069; x_wconf 74' lang='lat' dir='ltr'><strong>t&#39;oto.Nempe</strong></span> <span class='ocrx_word' id='word_1_874' title='bbox 3717 5009 3863 5070; x_wconf 57' lang='lat' dir='ltr'><strong>agri-</strong></span> 
     </span>
    </p>
   </div>
   <div class='ocr_carea' id='block_1_116' title="bbox 2260 5065 3868 5130">
    <p class='ocr_par' dir='ltr' id='par_1_116' title="bbox 2260 5065 3868 5130">
     <span class='ocr_line' id='line_1_119' title="bbox 2260 5065 3868 5130; baseline 0.001 -17"><span class='ocrx_word' id='word_1_875' title='bbox 2260 5065 2482 5130; x_wconf 66' lang='lat' dir='ltr'><strong>tudinem</strong></span> <span class='ocrx_word' id='word_1_876' title='bbox 2515 5078 2650 5130; x_wconf 80' lang='lat' dir='ltr'><strong>suam</strong></span> <span class='ocrx_word' id='word_1_877' title='bbox 2689 5073 2934 5130; x_wconf 75' lang='lat' dir='ltr'><strong>causatur,</strong></span> <span class='ocrx_word' id='word_1_878' title='bbox 2955 5065 3088 5129; x_wconf 80' lang='lat' dir='ltr'><strong>quod</strong></span> <span class='ocrx_word' id='word_1_879' title='bbox 3122 5082 3216 5130; x_wconf 73' lang='lat' dir='ltr'><strong>non</strong></span> <span class='ocrx_word' id='word_1_880' title='bbox 3251 5070 3464 5130; x_wconf 85' lang='lat' dir='ltr'><strong>potuerit</strong></span> <span class='ocrx_word' id='word_1_881' title='bbox 3509 5070 3606 5130; x_wconf 78' lang='lat' dir='ltr'><strong>nisi</strong></span> <span class='ocrx_word' id='word_1_882' title='bbox 3629 5065 3868 5130; x_wconf 64' lang='lat' dir='ltr'><strong>caritatis</strong></span> 
     </span>
    </p>
   </div>
   <div class='ocr_carea' id='block_1_117' title="bbox 2261 5124 3868 5190">
    <p class='ocr_par' dir='ltr' id='par_1_117' title="bbox 2261 5124 3868 5190">
     <span class='ocr_line' id='line_1_120' title="bbox 2261 5124 3868 5190; baseline 0.001 -16"><span class='ocrx_word' id='word_1_883' title='bbox 2261 5135 2384 5190; x_wconf 89' lang='lat' dir='ltr'><strong>voto_</strong></span> <span class='ocrx_word' id='word_1_884' title='bbox 2395 5125 2697 5190; x_wconf 65' lang='lat' dir='ltr'><strong>Florentium</strong></span> <span class='ocrx_word' id='word_1_885' title='bbox 2721 5124 2952 5190; x_wconf 76' lang='lat' dir='ltr'><strong>salutare,</strong></span> <span class='ocrx_word' id='word_1_886' title='bbox 2972 5124 3031 5190; x_wconf 70' lang='lat' dir='ltr'><strong>et</strong></span> <span class='ocrx_word' id='word_1_887' title='bbox 3052 5124 3327 5190; x_wconf 78' lang='lat' dir='ltr'><strong>complecti,</strong></span> <span class='ocrx_word' id='word_1_888' title='bbox 3351 5143 3459 5178; x_wconf 91' lang='lat' dir='ltr'><strong>cum</strong></span> <span class='ocrx_word' id='word_1_889' title='bbox 3507 5129 3582 5190; x_wconf 80' lang='lat' dir='ltr'><strong>ad</strong></span> <span class='ocrx_word' id='word_1_890' title='bbox 3616 5141 3737 5177; x_wconf 87' lang='lat' dir='ltr'><strong>eum</strong></span> <span class='ocrx_word' id='word_1_891' title='bbox 3776 5127 3868 5176; x_wconf 85' lang='lat' dir='ltr'><strong>Je-</strong></span> 
     </span>
    </p>
   </div>
   <div class='ocr_carea' id='block_1_118' title="bbox 2259 5186 3870 5251">
    <p class='ocr_par' dir='ltr' id='par_1_118' title="bbox 2259 5186 3870 5251">
     <span class='ocr_line' id='line_1_121' title="bbox 2259 5186 3870 5251; baseline 0.001 -16"><span class='ocrx_word' id='word_1_892' title='bbox 2259 5187 2548 5251; x_wconf 78' lang='lat' dir='ltr'><strong>rosolymam</strong></span> <span class='ocrx_word' id='word_1_893' title='bbox 2570 5186 2866 5251; x_wconf 63' lang='lat' dir='ltr'><strong>Heliodorus</strong></span> <span class='ocrx_word' id='word_1_894' title='bbox 2895 5186 3293 5251; x_wconf 76' lang='lat' dir='ltr'><strong>proﬁcisceretur</strong></span> <span class='ocrx_word' id='word_1_895' title='bbox 3315 5186 3524 5251; x_wconf 51' lang='lat' dir='ltr'><strong>{quem</strong></span> <span class='ocrx_word' id='word_1_896' title='bbox 3571 5187 3736 5238; x_wconf 86' lang='lat' dir='ltr'><strong>locum</strong></span> <span class='ocrx_word' id='word_1_897' title='bbox 3771 5201 3870 5238; x_wconf 87' lang='lat' dir='ltr'><strong>non</strong></span> 
     </span>
    </p>
   </div>
   <div class='ocr_carea' id='block_1_119' title="bbox 2257 5202 3869 5309">
    <p class='ocr_par' dir='ltr' id='par_1_119' title="bbox 2257 5202 3869 5309">
     <span class='ocr_line' id='line_1_122' title="bbox 2259 5202 3869 5296; baseline 0.001 -61"><span class='ocrx_word' id='word_1_898' title='bbox 2259 5202 2548 5250; x_wconf 81' lang='lat' dir='ltr'><strong>rosmymam</strong></span> <span class='ocrx_word' id='word_1_899' title='bbox 2571 5202 3330 5296; x_wconf 60' lang='lat' dir='ltr'><strong>neuouorus(pronctsceretur:</strong></span> <span class='ocrx_word' id='word_1_900' title='bbox 3364 5203 3524 5251; x_wconf 84' lang='lat' dir='ltr'><strong>quem</strong></span> <span class='ocrx_word' id='word_1_901' title='bbox 3571 5202 3736 5238; x_wconf 83' lang='lat' dir='ltr'><strong>locum</strong></span> <span class='ocrx_word' id='word_1_902' title='bbox 3771 5202 3869 5238; x_wconf 87' lang='lat' dir='ltr'><strong>non</strong></span> 
     </span>
     <span class='ocr_line' id='line_1_123' title="bbox 2257 5247 3869 5309; baseline 0.002 -13"><span class='ocrx_word' id='word_1_903' title='bbox 2257 5249 2376 5296; x_wconf 88' lang='lat' dir='ltr'><strong>satis</strong></span> <span class='ocrx_word' id='word_1_904' title='bbox 2414 5247 2855 5309; x_wconf 8' lang='lat' dir='ltr'><strong>attendentesjviri</strong></span> <span class='ocrx_word' id='word_1_905' title='bbox 2911 5251 3159 5309; x_wconf 86' lang='lat' dir='ltr'><strong>octissimi,</strong></span> <span class='ocrx_word' id='word_1_906' title='bbox 3183 5251 3304 5305; x_wconf 87' lang='lat' dir='ltr'><strong>duos</strong></span> <span class='ocrx_word' id='word_1_907' title='bbox 3324 5249 3640 5300; x_wconf 78' lang='lat' dir='ltr'><strong>Heliodorus</strong></span> <span class='ocrx_word' id='word_1_908' title='bbox 3673 5263 3742 5300; x_wconf 85' lang='lat' dir='ltr'><strong>ex</strong></span> <span class='ocrx_word' id='word_1_909' title='bbox 3783 5261 3869 5299; x_wconf 84' lang='lat' dir='ltr'><strong>su-</strong></span> 
     </span>
    </p>
   </div>
   <div class='ocr_carea' id='block_1_120' title="bbox 2259 5306 3246 5371">
    <p class='ocr_par' dir='ltr' id='par_1_120' title="bbox 2259 5306 3246 5371">
     <span class='ocr_line' id='line_1_124' title="bbox 2259 5306 3246 5371; baseline 0.008 -19"><span class='ocrx_word' id='word_1_910' title='bbox 2259 5308 2441 5371; x_wconf 79' lang='lat' dir='ltr'><strong>periori</strong></span> <span class='ocrx_word' id='word_1_911' title='bbox 2459 5306 2675 5371; x_wconf 60' lang='lat' dir='ltr'><strong>epistola</strong></span> <span class='ocrx_word' id='word_1_912' title='bbox 2698 5307 2815 5371; x_wconf 68' lang='lat' dir='ltr'><strong>falso</strong></span> <span class='ocrx_word' id='word_1_913' title='bbox 2835 5313 3094 5371; x_wconf 83' lang='lat' dir='ltr'><strong>commenti</strong></span> <span class='ocrx_word' id='word_1_914' title='bbox 3118 5306 3246 5360; x_wconf 83' lang='lat' dir='ltr'><strong>sunt.</strong></span> 
     </span>
    </p>
   </div>
   <div class='ocr_carea' id='block_1_121' title="bbox 2327 5365 3870 5437">
    <p class='ocr_par' dir='ltr' id='par_1_121' title="bbox 2327 5365 3870 5437">
     <span class='ocr_line' id='line_1_125' title="bbox 2327 5365 3870 5437; baseline 0.001 -20"><span class='ocrx_word' id='word_1_915' title='bbox 2327 5365 2394 5434; x_wconf 83' lang='lat' dir='ltr'><strong>(lt)</strong></span> <span class='ocrx_word' id='word_1_916' title='bbox 2417 5365 2552 5437; x_wconf 84' lang='lat' dir='ltr'><strong>_l_de_in</strong></span> <span class='ocrx_word' id='word_1_917' title='bbox 2567 5367 2810 5437; x_wconf 80' lang='lat' dir='ltr'><strong>Victorius</strong></span> <span class='ocrx_word' id='word_1_918' title='bbox 2823 5369 3224 5437; x_wconf 83' lang='lat' dir='ltr'><strong>maluit_vestigia.</strong></span> <span class='ocrx_word' id='word_1_919' title='bbox 3237 5371 3335 5437; x_wconf 75' lang='lat' dir='ltr'><strong>Sed</strong></span> <span class='ocrx_word' id='word_1_920' title='bbox 3359 5384 3469 5420; x_wconf 78' lang='lat' dir='ltr'><strong>mox</strong></span> <span class='ocrx_word' id='word_1_921' title='bbox 3501 5370 3870 5437; x_wconf 74' lang='lat' dir='ltr'><strong>vitioseEditor</strong></span> 
     </span>
    </p>
   </div>
   <div class='ocr_carea' id='block_1_122' title="bbox 2256 5428 3862 5495">
    <p class='ocr_par' dir='ltr' id='par_1_122' title="bbox 2256 5428 3862 5495">
     <span class='ocr_line' id='line_1_126' title="bbox 2256 5428 3862 5495; baseline 0.002 -19"><span class='ocrx_word' id='word_1_922' title='bbox 2256 5428 2610 5495; x_wconf 58' lang='lat' dir='ltr'><strong>ltencdictinus</strong></span> <span class='ocrx_word' id='word_1_923' title='bbox 2629 5428 2774 5480; x_wconf 76' lang='lat' dir='ltr'><strong>etiam</strong></span> <span class='ocrx_word' id='word_1_924' title='bbox 2796 5443 2892 5479; x_wconf 86' lang='lat' dir='ltr'><strong>uno</strong></span> <span class='ocrx_word' id='word_1_925' title='bbox 2906 5433 3059 5482; x_wconf 86' lang='lat' dir='ltr'><strong>verbo</strong></span> <span class='ocrx_word' id='word_1_926' title='bbox 3083 5428 3170 5495; x_wconf 65' lang='lat' dir='ltr'><strong>pr&#39;o</strong></span> <span class='ocrx_word' id='word_1_927' title='bbox 3182 5441 3227 5483; x_wconf 87' lang='lat' dir='ltr'><strong>et</strong></span> <span class='ocrx_word' id='word_1_928' title='bbox 3239 5432 3367 5495; x_wconf 84' lang='lat' dir='ltr'><strong>jam,</strong></span> <span class='ocrx_word' id='word_1_929' title='bbox 3377 5441 3432 5482; x_wconf 89' lang='lat' dir='ltr'><strong>ut</strong></span> <span class='ocrx_word' id='word_1_930' title='bbox 3454 5434 3862 5490; x_wconf 85' lang='lat' dir='ltr'><strong>emendavimus,</strong></span> 
     </span>
    </p>
   </div>
   <div class='ocr_carea' id='block_1_123' title="bbox 2260 5490 2468 5541">
    <p class='ocr_par' dir='ltr' id='par_1_123' title="bbox 2260 5490 2468 5541">
     <span class='ocr_line' id='line_1_127' title="bbox 2260 5490 2468 5541; baseline -0.014 0"><span class='ocrx_word' id='word_1_931' title='bbox 2260 5490 2468 5541; x_wconf 67' lang='lat' dir='ltr'><strong>legerat.</strong></span> 
     </span>
    </p>
   </div>
   <div class='ocr_carea' id='block_1_124' title="bbox 2281 5505 3862 5616">
    <p class='ocr_par' dir='ltr' id='par_1_124' title="bbox 2281 5505 3862 5616">
     <span class='ocr_line' id='line_1_128' title="bbox 2281 5505 3862 5616; baseline 0.004 -17"><span class='ocrx_word' id='word_1_932' title='bbox 2281 5505 2571 5616; x_wconf 47' lang='grc' dir='ltr'><strong>θῆῧωιῖζὸηα</strong></span> <span class='ocrx_word' id='word_1_933' title='bbox 2597 5559 2674 5602; x_wconf 91' lang='lat' dir='ltr'><strong>est</strong></span> <span class='ocrx_word' id='word_1_934' title='bbox 2696 5551 3027 5616; x_wconf 75' lang='lat' dir='ltr'><strong>celebrisillc</strong></span> <span class='ocrx_word' id='word_1_935' title='bbox 3056 5556 3182 5604; x_wconf 85' lang='lat' dir='ltr'><strong>inter</strong></span> <span class='ocrx_word' id='word_1_936' title='bbox 3206 5554 3400 5616; x_wconf 59' lang='lat' dir='ltr'><strong>Graecos</strong></span> <span class='ocrx_word' id='word_1_937' title='bbox 3421 5554 3750 5616; x_wconf 74' lang='lat' dir='ltr'><strong>anachoreta,</strong></span> <span class='ocrx_word' id='word_1_938' title='bbox 3775 5554 3862 5616; x_wconf 71' lang='lat' dir='ltr'><strong>qui</strong></span> 
     </span>
    </p>
   </div>
   <div class='ocr_carea' id='block_1_125' title="bbox 2259 5610 3861 5677">
    <p class='ocr_par' dir='ltr' id='par_1_125' title="bbox 2259 5610 3861 5677">
     <span class='ocr_line' id='line_1_129' title="bbox 2259 5610 3861 5677; baseline 0 -14"><span class='ocrx_word' id='word_1_939' title='bbox 2259 5614 2309 5663; x_wconf 86' lang='lat' dir='ltr'><strong>in</strong></span> <span class='ocrx_word' id='word_1_940' title='bbox 2331 5610 2540 5677; x_wconf 74' lang='lat' dir='ltr'><strong>quodam</strong></span> <span class='ocrx_word' id='word_1_941' title='bbox 2561 5621 2728 5677; x_wconf 85' lang='lat' dir='ltr'><strong>monte</strong></span> <span class='ocrx_word' id='word_1_942' title='bbox 2751 5613 2875 5677; x_wconf 84' lang='lat' dir='ltr'><strong>apud</strong></span> <span class='ocrx_word' id='word_1_943' title='bbox 2899 5613 3167 5677; x_wconf 75' lang='lat' dir='ltr'><strong>Ctesaream</strong></span> <span class='ocrx_word' id='word_1_944' title='bbox 3189 5615 3459 5664; x_wconf 59' lang='lat' dir='ltr'><strong>Palestina:</strong></span> <span class='ocrx_word' id='word_1_945' title='bbox 3479 5610 3764 5666; x_wconf 79' lang='lat' dir='ltr'><strong>solitariam</strong></span> <span class='ocrx_word' id='word_1_946' title='bbox 3789 5610 3861 5664; x_wconf 57' lang='grc' dir='ltr'><strong>ἐί-</strong></span> 
     </span>
    </p>
   </div>
   <div class='ocr_carea' id='block_1_126' title="bbox 2261 5674 3205 5735">
    <p class='ocr_par' dir='ltr' id='par_1_126' title="bbox 2261 5674 3205 5735">
     <span class='ocr_line' id='line_1_130' title="bbox 2261 5674 3205 5735; baseline -0.003 -9"><span class='ocrx_word' id='word_1_947' title='bbox 2261 5674 2485 5735; x_wconf 67' lang='lat' dir='ltr'><strong>unitum</strong></span> <span class='ocrx_word' id='word_1_948' title='bbox 2507 5674 2741 5735; x_wconf 84' lang='lat' dir='ltr'><strong>temporis</strong></span> <span class='ocrx_word' id='word_1_949' title='bbox 2761 5674 3205 5735; x_wconf 80' lang='lat' dir='ltr'><strong>degissetraditur.</strong></span> 
     </span>
    </p>
   </div>
   <div class='ocr_carea' id='block_1_127' title="bbox 2334 5732 3856 5798">
    <p class='ocr_par' dir='ltr' id='par_1_127' title="bbox 2334 5732 3856 5798">
     <span class='ocr_line' id='line_1_131' title="bbox 2334 5732 3856 5798; baseline 0.007 -18"><span class='ocrx_word' id='word_1_950' title='bbox 2334 5733 2387 5798; x_wconf 76' lang='grc' dir='ltr'><strong>υ]</strong></span> <span class='ocrx_word' id='word_1_951' title='bbox 2414 5732 2541 5783; x_wconf 66' lang='lat' dir='ltr'><strong>Alias</strong></span> <span class='ocrx_word' id='word_1_952' title='bbox 2550 5735 2598 5784; x_wconf 84' lang='lat'><strong>6.</strong></span> <span class='ocrx_word' id='word_1_953' title='bbox 2612 5733 2797 5797; x_wconf 79' lang='lat' dir='ltr'><strong>scripta</strong></span> <span class='ocrx_word' id='word_1_954' title='bbox 2811 5732 2912 5798; x_wconf 61' lang='lat' dir='ltr'><strong>p&#39;ost</strong></span> <span class='ocrx_word' id='word_1_955' title='bbox 2929 5734 3106 5798; x_wconf 80' lang='lat' dir='ltr'><strong>aliquot</strong></span> <span class='ocrx_word' id='word_1_956' title='bbox 3123 5747 3344 5786; x_wconf 73' lang='lat' dir='ltr'><strong>mensem</strong></span> <span class='ocrx_word' id='word_1_957' title='bbox 3358 5733 3634 5798; x_wconf 83' lang='lat' dir='ltr'><strong>superiore,</strong></span> <span class='ocrx_word' id='word_1_958' title='bbox 3649 5751 3732 5788; x_wconf 82' lang='grc' dir='ltr'>ιιη.</span> <span class='ocrx_word' id='word_1_959' title='bbox 3748 5739 3856 5790; x_wconf 63' lang='grc' dir='ltr'><strong>δτι</strong></span> 
     </span>
    </p>
   </div>
  </div>
