4048 6186
187 243 291 300 557

183 377 402 419 currere
435 380 448 416 :
473 372 526 419 et
550 379 648 436 ego
677 352 903 435 arreptre'
934 365 1238 421 solitudinis
1267 368 1507 422 terminis
1535 381 1755 431 arceor,

185 463 247 508 ut
276 457 497 522 cmperit
523 455 631 524 jam
654 457 783 510 mihi
815 473 921 511 non
949 457 1108 511 licere
1137 457 1278 528 quod
1299 458 1460 512 volui.
1479 457 1561 512 0b
1590 457 1690 512 hoc
1709 465 1762 510 et

184 561 284 617 ego
307 547 554 612 obsecro,
584 557 637 604 et
665 560 718 604 tu
736 591 752 613 ,
785 559 841 604 ιιι
867 559 1034 618 petas,
1059 553 1340 618 plurimum
1359 567 1561 620 qttzcso.
1584 559 1641 603 ιιι
1668 549 1761 604 libi

185 637 324 691 beati
353 638 566 692 ltltctitii
595 640 1098 709 Augustodttnensis
1139 641 1384 710 Episcopi
1423 640 1764 696 Commenta-

183 729 294 782 rios
321 729 386 782 ad
429 729 838 786 describendum
871 733 1156 803 largiatur,
1187 734 1238 786 in
1268 733 1458 801 quibus
1486 730 1762 787 Canticum

181 819 522 875 Canticorum
581 823 794 878 sublimi
840 839 933 878 ore
971 823 1241 878 disseruit.
1284 825 1508 892 Scripsit
1537 832 1590 878 et
1633 823 1762 877 mihi

178 913 394 982 quidam
434 914 502 969 de
544 916 713 983 patria
760 916 1047 985 supradicti
1097 914 1276 969 fratris
1303 915 1498 969 Rnffini
1525 957 1538 976 ,
1569 915 1764 970 Paulus

175 1019 367 1070 senex,
393 1005 703 1062 Tertulliani
754 1023 906 1062 suum
960 1008 1198 1062 codicem
1248 1008 1387 1078 apud
1433 1024 1555 1063 eum
1608 1023 1760 1072 esse,

172 1111 336 1166 quem
364 1097 716 1154 vehementer
747 1101 994 1168 reposcit.
1027 1100 1092 1154 Et
1123 1116 1188 1155 ex
1217 1101 1317 1155 hoc
1341 1116 1522 1169 qumso
1541 1144 1554 1166 ,
1580 1111 1636 1156 ιιι
1669 1116 1762 1155 eos

170 1189 368 1254 libros,
397 1206 532 1262 quos
558 1209 644 1245 me
664 1209 769 1245 non
798 1193 994 1248 habere
1014 1193 1198 1247 Brevis
1223 1194 1467 1248 subditus
1494 1194 1760 1258 edocebit,

163 1281 380 1338 librarii
411 1300 568 1338 manu
592 1285 643 1337 in
664 1285 848 1339 charta
868 1285 1243 1354 scribijubeas.
1269 1285 1761 1353 Interpretationem

162 1388 394 1442 quoque
421 1375 754 1429 Psalniornm
789 1375 1180 1442 DavidiCorntn,
1211 1386 1264 1430 et
1303 1377 1566 1446 prolixum
1610 1376 1764 1432 valde

164 1463 239 1517 de
269 1464 507 1534 Synodis
528 1466 722 1520 librum
746 1469 916 1522 sancti
942 1468 1144 1532 llilarii,
1174 1484 1333 1539 quem
1364 1470 1414 1524 ei
1450 1469 1588 1538 apud
1628 1470 1762 1523 Tre-

166 1555 324 1612 viros
354 1571 515 1609 manu
545 1574 659 1611 mea
687 1561 798 1628 ipse
823 1560 1210 1628 descripseram
1236 1601 1251 1624 ,
1277 1570 1335 1615 ut
1364 1563 1492 1616 mihi
1535 1564 1763 1618 transfe-

167 1662 260 1700 ras
290 1655 434 1716 peto.
465 1646 614 1702 Nosti
643 1648 742 1703 hoc
771 1665 892 1704 esse
929 1652 1118 1705 anima:
1144 1650 1458 1706 Christiana:
1486 1652 1763 1720 pabulum,

167 1739 211 1790 si
248 1736 302 1790 in
325 1737 439 1806 lege.
471 1736 679 1790 Domini
725 1739 1013 1794 meditetur
1036 1740 1122 1794 die
1147 1755 1208 1794 ac
1251 1750 1408 1795 nocte
1439 1741 1459 1813 (
1487 1740 1630 1795 Psal.
1668 1741 1754 1808 t).

167 1828 412 1881 (Imteros
425 1827 654 1896 hospitio
668 1831 1076 1898 recipis,sol.itio
1095 1830 1566 1900 foves,sitmptihus
1578 1831 1632 1900 ju
1643 1847 1753 1884 vas.

170 1919 298 1972 Mihi
323 1919 367 1973 si
398 1929 574 1989 rogata
610 1921 939 1986 przestiteris,
972 1931 1160 1975 cuncta
1186 1922 1403 1991 largitus
1431 1938 1509 1975 es.
1542 1923 1759 1992 thno-

171 2012 338 2071 niam,
366 2009 622 2079 largiente
647 2011 895 2072 Domino,
913 2011 1094 2065 multis
1113 2027 1280 2066 sacra:
1302 2013 1648 2068 Bibliotheca;
1679 2013 1755 2084 (a)

170 2100 827 2165 codicibusabundamus,
853 2102 1053 2172 impera
1092 2103 1346 2170 vicissim,
1386 2104 1764 2175 quodcumque

170 2193 251 2245 vis
278 2194 503 2247 mittam.
527 2192 634 2248 Nec
657 2203 808 2263 putes
836 2193 962 2248 mihi
985 2210 1145 2266 grave
1161 2209 1281 2251 esse
1298 2237 1316 2259 ,
1345 2195 1390 2250 si
1411 2196 1621 2267 iubeas.
1647 2197 1754 2250 lla-

168 2284 273 2339 beo
295 2285 558 2346 alumnos,
585 2285 658 2355 (b)
685 2286 773 2356 qui
804 2287 1129 2356 Antiquaer
1157 2288 1257 2342 arti
1285 2289 1543 2342 serviant.
1574 2287 1756 2358 Neque

169 2389 302 2430 vero
327 2375 643 2430 benelicium
685 2390 780 2444 pro
809 2391 874 2431 eo
909 2377 1050 2446 quod
1092 2378 1322 2446 postulo,
1347 2377 1622 2447 polliceor.
1655 2379 1758 2433 Ile-

170 2467 416 2522 liodorus
443 2466 607 2523 frater
633 2468 764 2522 mihi
794 2468 1065 2534 indicavit,
1097 2477 1150 2524 te
1179 2469 1342 2523 multa
1372 2469 1439 2524 de
1465 2471 1757 2540 Scripturis

167 2573 435 2627 quznrere,
455 2572 554 2612 nec
576 2559 856 2624 invenire;
886 2569 979 2614 aut
994 2559 1036 2613 si
1065 2560 1244 2614 omnia
1273 2560 1542 2632 habes,(c)
1573 2562 1756 2633 incipit

167 2652 268 2707 sibi
303 2652 418 2719 plus
446 2652 638 2706 caritas
663 2651 952 2717 vindicare,
979 2653 1096 2722 plus
1118 2662 1316 2722 petere.

239 2742 352 2814 ιθ
422 2744 475 2796 5.
508 2743 812 2813 Magismim
839 2751 1018 2796 autem
1046 2743 1193 2812 pueri
1225 2745 1319 2807 tui,
1348 2741 1414 2795 de
1441 2757 1547 2812 quo
1567 2741 1752 2812 digna-

168 2844 250 2889 tus
288 2851 346 2890 es
377 2835 612 2888 scribere
639 2835 816 2904 (quem
848 2835 1194 2904 plagiatorem
1225 2833 1344 2901 ejus
1367 2848 1486 2886 esse
1515 2849 1618 2887 non
1649 2833 1747 2888 du-

166 2927 316 2981 bium
350 2927 477 2995 ρει),
502 2941 645 2994 εαξνρ
676 2925 932 2995 Evagrius
965 2925 1270 2996 Presbyter,
1297 2925 1420 2976 dum
1444 2925 1616 2978 adhuc
1645 2929 1751 2980 An-

168 3020 386 3075 tiochia:
407 3035 606 3086 essem,
623 3035 706 3074 me
729 3028 990 3088 prceseutc
1008 3019 1285 3086 corripuit.
1307 3017 1399 3072 Cui
1422 3019 1510 3071 ille
1535 3035 1752 3087 respon-

166 3113 238 3166 dit
270 3128 286 3165 :
314 3113 424 3180 Ego
454 3111 581 3164 nihil
613 3112 794 3164 timeo.
827 3110 960 3163 Dicit
999 3123 1058 3164 se
1098 3123 1128 3162 ιι
1177 3109 1400 3162 Domino
1446 3124 1545 3164 sno
1592 3109 1753 3164 fuisse

168 3202 484 3258 dimissum:
513 3210 565 3254 et
587 3201 796 3256 sivobis
826 3201 1161 3270 plaeet,ecce
1186 3197 1384 3260 hiem,
1411 3200 1754 3255 transmitlile

169 3313 277 3366 quo
304 3295 485 3348 vultis.
517 3294 571 3348 ln
595 3294 694 3348 hoc
719 3293 949 3347 arbitror
982 3307 1068 3345 me
1097 3307 1198 3344 non
1229 3305 1470 3359 peccare,
1507 3291 1548 3344 si
1582 3290 1754 3346 homi-

172 3405 296 3445 nem
326 3403 460 3458 vagit
486 3405 515 3440 u
561 3402 664 3442 non
705 3387 873 3440 sinam
918 3383 1128 3453 longius
1173 3382 1375 3452 fugere.
1423 3383 1755 3452 Quapmptcr

171 3482 291 3548 quia
319 3494 419 3548 ego
450 3478 500 3532 in
540 3476 637 3531 hac
666 3477 949 3531 Solitudine
997 3475 1316 3530 constitutus
1341 3515 1357 3533 ,
1382 3490 1486 3526 non
1541 3489 1752 3543 possunt

170 3589 330 3644 agerc
344 3571 725 3642 quodjussisti,
744 3572 921 3639 rogavi
938 3568 1273 3624 carissimum
1298 3567 1424 3620 mihi
1446 3565 1751 3639 Evagriutn,

173 3674 222 3717 ut
247 3676 360 3718 tam
393 3664 466 3717 tui
493 3678 652 3733 quam
684 3662 786 3715 moi
841 3673 998 3714 causa
1044 3661 1305 3714 instanter
1330 3661 1598 3730 negotium
1628 3677 1752 3731 pro-

173 3766 444 3827 setluatur.
471 3754 639 3825 Cupio
671 3763 722 3809 te
751 3753 927 3807 valere
953 3753 1004 3807 in
1030 3752 1258 3807 Christo.

672 3883 998 3941 EPISTOLA
1054 3883 1115 3936 vi
1159 3884 1256 3953 (tt).

456 4015 524 4054 an
550 4014 808 4056 JULIANUI
839 3996 907 4069 (e)
936 4013 1192 4061 Αρωιει.ε
1221 4013 1484 4053 υιιεοκυι

176 4113 399 4172 Excttsal
423 4113 626 4182 seapud
648 4112 914 4165 lulianum
934 4113 994 4164 de
1015 4111 1212 4164 silentio
1235 4113 1534 4178 litterarum,
1554 4122 1750 4177 etcum,

237 4225 299 4262 eo
326 4206 549 4277 primum
579 4207 860 4268 nuntiante,
891 4203 1211 4256 intellexisset
1235 4243 1250 4268 ,
1278 4218 1500 4256 sororem
1536 4219 1680 4255 suam
1702 4205 1754 4257 in

237 4314 297 4352 eo
323 4310 620 4366 permanere
644 4293 780 4364 quod
799 4303 1010 4362 ceperat
1035 4333 1050 4356 ,
1077 4301 1219 4362 rogat
1263 4300 1317 4344 ut
1345 4291 1407 4344 de
1429 4293 1539 4363 ejus
1570 4309 1755 4362 propo-

239 4392 336 4445 sito
359 4389 547 4443 crebris
574 4386 641 4438 ad
682 4403 735 4440 se
774 4385 946 4439 litteris
984 4384 1221 4438 (tutiorem
1253 4382 1450 4453 faciat;
1478 4383 1668 4438 addens
1699 4401 1752 4440 se

241 4483 616 4538 obtrectatorem
639 4495 783 4532 suum
807 4479 993 4530 interea
1017 4475 1291 4546 despicere.

243 4597 508 4665 Antiquus
537 4607 716 4646 sermo
736 4599 819 4646 est
850 4591 916 4658 (f)
945 4607 956 4642 :
987 4588 1268 4644 Mendaces
1322 4588 1538 4654 faciunt,
1572 4599 1627 4644 ut
1654 4605 1753 4646 nec

181 4688 269 4742 sibi
315 4702 442 4742 vera
485 4683 788 4740 dicentibus
830 4680 1116 4737 credatur:
1151 4680 1293 4750 quod
1328 4681 1458 4734 inibi
1489 4695 1519 4734 a
1552 4690 1625 4747 te,
1653 4695 1752 4752 ego

234 4802 306 4862 (a)
330 4801 476 4849 Sacra
499 4797 799 4862 Bibliotheca
826 4805 1050 4862 vocantur
1081 4795 1256 4862 ledia.

240 4856 305 4933 (bl
331 4862 642 4933 Yoetustiores
665 4859 800 4917 editi,
840 4861 1095 4933 quibuset
1119 4856 1449 4933 Mssiquidam
1467 4857 1748 4933 concinnat,

211 4918 264 4977 ui
279 4918 486 4981 antiqua:
508 4920 627 4970 artis
650 4933 724 4969 me
745 4918 968 4970 erudiam
990 4921 1182 4975 vitiose,
1203 4918 1373 4981 utnon
1397 4919 1583 4981 dubito.
1600 4918 1752 4981 Porro

223 4979 506 5043 ntiquariam
527 4988 682 5045 artem
699 4982 795 5031 dici
819 4989 1022 5044 eortstat,
1042 4995 1152 5045 qua:
1175 4984 1222 5030 in
1245 4979 1584 5031 describendis
1623 4979 1750 5027 anti-

178 5056 390 5111 quorum
404 5044 628 5111 operibus
652 5049 930 5093 exercetur.

242 5103 301 5169 (ε)
332 5102 410 5174 Al.
435 5099 644 5174 incipiet,
659 5111 760 5174 tum
781 5118 893 5168 quae
915 5105 1065 5168 priori
1090 5103 1194 5154 loco
1216 5103 1426 5152 habetur
1448 5099 1556 5166 plus
1583 5099 1748 5151 vocula
1823 5121 1826 5125 ·

177 5164 327 5226 penes
354 5164 684 5214 Martiauteum
705 5164 896 5215 deerat.

253 5229 307 5287 d)
347 5228 470 5279 .41508
487 5227 565 5288 ’ἴδε
591 5227 778 5288 Scripta
799 5240 923 5277 anno
941 5227 1052 5288 δυ.

253 5283 301 5354 εἶ
324 5289 474 5354 Mune
495 5283 738 5354 Julianujn
757 5288 969 5354 {tquileia
988 5287 1250 5354 Diaconum
1274 5287 1397 5354 miro
1413 5297 1653 5354 consensu
1676 5283 1746 5333 fa-

177 5345 300 5402 ciun't
322 5352 438 5401 Mss.
463 5363 652 5399 omnes.
678 5345 1026 5400 Nullusautem
1047 5347 1250 5403 dubitat,
1274 5348 1391 5406 quin
1414 5345 1543 5394 idem
1565 5347 1644 5404 sit,
1663 5360 1748 5395 cu-

178 5408 244 5466 ius
282 5415 476 5463 monitis
512 5413 695 5461 sororis
737 5423 841 5460 sua:
889 5408 1257 5459 conversionem
1292 5405 1548 5466 acceptam
1592 5405 1748 5455 refert

199 5469 781 5539 lierpnymus_sequent_i
835 5471 893 5520 ad
937 5467 1268 5539 _Chro:ual_iun_i
1332 5465 1579 5539 epistlplaz
1612 5468 1745 5539 unde

177 5545 263 5584 non
284 5525 434 5600 leiige
453 5548 481 5584 a
503 5535 566 5600 S_._
581 5525 805 5600 lioctoris
827 5535 978 5596 patria
1000 5525 1630 5600 curti-abfuissecoﬂigitur:
1648 5529 1746 5600 _At-

175 5606 264 5702 Rue
281 5587 405 5648 adeo
430 5596 658 5658 Aquileia:
681 5587 849 5666 fuisse,
877 5588 1289 5663 verosimilljmum
1314 5593 1408 5657 est,
1429 5587 1660 5655 quid-[uid
1687 5600 1744 5657 ea

207 5673 231 5702 ρ
252 5673 411 5702 causa-
434 5659 562 5702 (mod
599 5659 690 5702 abs
722 5655 1003 5702 Hieronva
1029 5658 1175 5702 patria
1201 5650 1394 5702 longius
1416 5646 1636 5702 Aquileia
1670 5647 1744 5693 dt-

207 5673 231 5702 ιθ
252 5646 412 5719 causa,
434 5646 562 5722 quod
599 5659 693 5722 abs
717 5646 1003 5722 Hieronymi
1029 5651 1175 5722 patria
1201 5650 1394 5722 longius
1416 5646 1744 5722 ᾼμυιιιρία-(ιξ-

177 5728 292 5772 suu'c
317 5711 586 5780 videretur,
613 5717 730 5768 mihi
755 5715 868 5766 oliui
905 5711 1115 5777 scrupuli
1153 5713 1382 5775 injectum
1411 5711 1492 5769 sit,
1519 5714 1569 5756 ut
1607 5711 1736 5770 {qui-

1583 251 1908 306 El‘lSTCL,\
1954 251 2063 306 Vll.

3341 269 3464 326 558’

1868 368 2181 437 objurgatus
2217 369 2285 426 de
2334 373 2547 427 silentio
2595 375 2888 432 litterarum
2916 422 2928 442 ,
2959 383 3214 439 accidisse
3271 387 3446 443 video.

1869 459 2072 524 Dicam,
2100 477 2243 532 δεῦρο
2265 464 2477 534 scripsi,
2503 467 2598 521 sed
2627 469 2946 538 negligentia
2979 473 3279 544 bajuloruni
3307 476 3450 535 fuit?

1868 551 2275 622 Respondebis:
2304 558 2542 612 omnium
2588 574 2694 613 non
2738 562 3084 619 scribentium
3145 579 3294 624 vetus
3348 573 3448 626 ista

1867 646 2147 701 excusatio
2167 657 2268 702 est.
2299 649 2496 714 Dicam,
2529 666 2635 707 non
2667 653 2840 720 reperi
2872 654 2960 721 qni
2988 655 3238 724 epistolas
3255 659 3452 717 ferret?

1867 733 2063 799 Dices,
2094 736 2218 792 hinc
2265 740 2399 794 istuc
2425 739 2448 812 (
2474 741 2546 798 al.
2592 743 2776 811 illinc)
2820 744 2923 800 isse
2957 761 3117 815 quam
3176 750 3457 818 plurimos.

1866 825 2222 894 contendam,
2254 846 2340 886 me
2369 833 2530 886 etiam
2562 831 2645 889 his
2671 833 2926 890 dedisse?
2953 841 3023 891 At
3052 837 3124 892 illi
3151 879 3165 901 ,
3193 841 3314 908 quia
3346 859 3450 898 non

1867 918 2234 998 reddiderunt,
2267 923 2536 992 negabunt
2565 939 2578 974 :
2611 935 2665 980 et
2682 926 2785 980 erit
2810 926 2949 982 inter
2973 928 3222 984 absentes
3253 931 3454 988 incerta

1866 1010 2122 1078 cognitio.
2146 1012 2280 1078 Quid
2307 1013 2466 1083 igitur
2493 1014 2721 1071 faciam?
2749 1015 2876 1073 Sine
2917 1019 3069 1089 culpa
3103 1021 3312 1076 veniam
3352 1038 3455 1092 po-

1866 1100 2099 1167 stulabo,
2134 1105 2333 1158 rectius
2359 1105 2645 1171 arbitrans,
2670 1123 2851 1175 pacem
2881 1109 2998 1164 loco
3016 1121 3218 1165 motum
3249 1123 3450 1182 petere,

1866 1206 2025 1259 qu.un
2057 1208 2212 1260 atquo
2260 1196 2424 1264 gradu
2474 1199 2768 1252 certamina
2803 1201 3077 1257 concitare
3105 1219 3118 1256 :
3147 1219 3451 1274 quanquam

1867 1279 1940 1333 ila
1992 1297 2078 1335 me
2116 1283 2260 1353 jugis
2320 1293 2429 1340 tam
2478 1290 2724 1357 corporis
2764 1293 3082 1359 aegrotatio,
3123 1308 3282 1362 quam
3335 1295 3454 1364 ειη-ἰ-

1867 1388 1968 1429 tua:
2039 1376 2304 1444 :cgritudo
2331 1382 2703 1448 consumpsit,
2751 1391 2808 1435 ut
2839 1390 3011 1438 morte
3084 1384 3399 1439 imminente
3424 1425 3442 1450 ,

1866 1481 1964 1520 nec
1992 1468 2094 1521 mei
2135 1483 2271 1536 pene
2305 1484 2512 1525 memor
2544 1471 2750 1525 fuerim.
2782 1471 2934 1539 Quod
2969 1488 3035 1528 ne
3076 1473 3264 1529 falsum
3349 1477 3456 1547 ιτ

1864 1567 2021 1625 putes
2068 1557 2180 1629 (g),
2224 1561 2462 1613 oratorio
2518 1577 2705 1627 more,
2744 1572 2864 1630 post
2911 1575 3224 1633 argumenta
3281 1575 3449 1621 testes

1866 1647 2088 1701 Vocibo.
2139 1647 2369 1703 Sanctus
2409 1648 2574 1702 frater
2621 1650 2938 1706 lleliodorus
2985 1653 3072 1707 hic
3115 1654 3324 1720 adfuit,
3357 1658 3448 1725 qui

1862 1750 1982 1789 eum
2014 1753 2223 1793 mecum
2248 1755 2489 1794 eremum
2516 1741 2674 1795 vellet
2703 1743 2938 1799 incolere
2956 1783 2973 1808 ,
3004 1746 3136 1800 meis
3157 1747 3464 1802 sceleribus.

1861 1826 2071 1896 fugatus
2118 1829 2399 1885 abscessit.
2450 1831 2644 1887 Verum
2696 1849 2910 1888 omnem
2953 1836 3164 1905 culpam
3206 1854 3451 1907 prmsens

1860 1920 2159 1974 verbositas
2182 1922 2479 1977 excusabit.
2511 1923 2641 1977 Nam
2661 1966 2675 1988 ,
2702 1932 2759 1978 ut
2785 1925 2858 1979 ait
2883 1925 3106 1982 Flaccus
3142 1929 3192 1982 in
3224 1939 3400 2001 satyra
3429 1949 3444 1983 :

1867 2027 1888 2060 s
1918 2008 2179 2065 Omnibus
2209 2009 2310 2065 hoc
2341 2011 2526 2066 vitium
2549 2023 2632 2068 est
2673 2017 2985 2070 cantoribus
3013 2018 3151 2071 inter
3173 2020 3393 2085 anticus,
3423 2039 3446 2073 s

1861 2101 2029 2170 rogati
2072 2111 2129 2154 ut
2159 2118 2427 2170 nunquam
2472 2113 2711 2169 cantent,
2766 2104 2954 2173 lnjussi
2998 2123 3266 2177 nunquam
3302 2109 3446 2164 desi-

1859 2201 2004 2246 stant
2037 2211 2056 2244 s
2085 2190 2314 2260 (Horat.
2346 2193 2435 2246 lib.
2490 2194 2548 2259 l,
2587 2193 2760 2247 Carm.
2818 2196 2937 2249 Sat.
2980 2197 3058 2265 ὅ)
3103 2215 3114 2248 :
3148 2199 3217 2251 ita
3261 2209 3310 2252 te
3355 2200 3450 2254 de-

1859 2286 2044 2355 inceps
2114 2285 2350 2340 fascibus
2415 2285 2640 2342 obruam
2697 2287 3039 2354 litterarum,
3088 2301 3146 2344 ut
3201 2303 3451 2346 econtra-

1859 2381 1942 2434 rio
1991 2377 2216 2448 incipias
2275 2393 2502 2450 rogare,
2546 2395 2614 2444 ne
2641 2380 2892 2435 scribam.
2952 2380 3204 2436 Sororem
3251 2398 3447 2446 meam,

1860 2469 2022 2523 tiliam
2071 2470 2123 2524 in
2171 2467 2386 2524 Christo
2447 2479 2624 2535 tuam,
2667 2470 2906 2538 gaudeo,
2940 2481 2993 2527 te
3037 2471 3265 2542 primum
3320 2489 3453 2527 nun-

1856 2561 2048 2626 tiante,
2087 2561 2138 2614 in
2191 2576 2258 2616 eo
2298 2575 2647 2630 permanere,
2679 2561 2818 2631 quod
2872 2573 3130 2632 cmperat.
3179 2563 3278 2619 llic
3304 2565 3449 2619 enim

1858 2653 1948 2706 ubi
1979 2667 2120 2706 nunc
2139 2667 2282 2718 sum,
2313 2667 2416 2706 non
2439 2651 2612 2705 solum
2649 2653 2774 2720 quid
2815 2666 3004 2722 agatur
3034 2656 3085 2708 in
3118 2655 3282 2724 patria
3304 2695 3322 2719 ,
3351 2656 3446 2711 sed

1855 2759 1922 2796 an
1955 2742 2066 2812 ipsa
2099 2743 2264 2812 patria
2314 2752 2551 2811 perstet,
2576 2744 2782 2813 ignoro.
2832 2745 2894 2797 Et
2935 2745 3060 2799 licet
3098 2761 3183 2799 tne
3230 2745 3448 2798 sinistro

1855 2831 1933 2902 (Ii)
1965 2834 2111 2888 lbera
2143 2843 2354 2888 excetra
2385 2849 2478 2908 ore
2507 2833 2723 2890 dilaniet
2746 2876 2761 2896 ,
2792 2850 2898 2888 non
2932 2835 3128 2890 timebo
3171 2835 3450 2891 hominum

1849 2923 2130 2992 judicium,
2161 2922 2442 2976 habiturus
2465 2922 2701 2992 judicent
2732 2923 2897 2978 Deum
2930 2925 3122 2992 :juxta
3154 2924 3282 2978 illud
3303 2925 3448 2993 quod

1854 3015 2068 3086 quidam
2099 3017 2214 3069 ait:
2250 3034 2268 3067 ι
2306 3017 2360 3071 Si
2392 3015 2588 3070 fractus
2629 3016 2876 3070 illabalur
2919 3017 3085 3080 orbis,
3116 3018 3443 3085 impavidum

1857 3107 2046 3160 ferient
2089 3107 2256 3160 ruina:
2282 3125 2300 3157 ι
2339 3105 2558 3175 (Horat.
2591 3105 2625 3159 ι.
2654 3106 2705 3158 5.
2739 3122 2895 3159 carm.
2931 3105 3031 3159 0d.
3061 3109 3092 3160 3
3114 3107 3154 3178 ).
3201 3108 3445 3176 Quaproo

1859 3208 1978 3268 pter
2006 3212 2190 3268 qumso
2219 3207 2278 3251 ut
2307 3197 2596 3267 Apostolici
2635 3213 2840 3251 metnor
2865 3198 3134 3267 pl‘tCCt‘pli,
3157 3215 3262 3267 quo
3286 3200 3444 3254 docet

1857 3304 1992 3358 opus
2014 3297 2258 3342 nostrum
2286 3303 2600 3358 permanere
2628 3288 2824 3342 debere
2849 3288 2924 3358 (ι.
2958 3289 3074 3342 Cor.
3109 3290 3162 3358 ’5)
3183 3306 3199 3354 ;
3223 3301 3274 3344 et
3301 3292 3445 3345 tibia

1859 3382 2084 3436 Domino
2117 3381 2389 3450 prmtnium
2443 3381 2496 3435 in
2534 3381 2672 3435 illius
2721 3381 2889 3436 salute
2923 3397 3078 3451 pares
3101 3426 3116 3448 ,
3149 3394 3202 3438 ct
3243 3399 3327 3438 me
3377 3383 3445 3438 do

1857 3473 2126 3528 communi
2156 3473 2207 3528 in
2234 3472 2452 3528 Christo
2467 3473 2632 3544 gloria
2660 3473 2866 3528 crebris
2891 3473 3088 3530 reddas
3106 3477 3456 3530 sermonibus-

1859 3565 2143 3620 laetiosem.

2353 3635 2679 3690 Eptsrom
2724 3637 2809 3692 vn
2839 3637 2924 3707 (ε).

2069 3743 2137 3782 Δί)
2173 3741 2539 3791 ειιιιοΙΑτιυι,
2568 3743 2812 3793 ιονιιιυιι,
2845 3744 2912 3782 ΕΤ
2946 3745 3225 3783 ευδεῐιιιιιιι

1857 3838 2205 3895 Chromatium
2230 3849 2279 3893 et
2306 3838 2576 3893 Eusebium
2605 3843 2808 3908 fratres,
2840 3856 2940 3891 una
2961 3856 3074 3890 cum
3100 3839 3286 3892 Iovino
3311 3845 3442 3893 ami-

1929 3947 1988 3985 co
2007 3972 2022 3997 ,
2051 3947 2140 3984 nec
2165 3947 2269 3984 non
2297 3940 2458 3983 matre
2487 3938 2533 3982 ct
2558 3929 2814 3983 sororibus
2839 3928 3116 3998 virginibus
3139 3968 3153 3992 ,
3182 3928 3356 3982 eadem
3387 3931 3446 3982 iis

1927 4021 2079 4073 domo
2103 4029 2273 4073 sancte
2295 4019 2510 4073 viventes
2529 4019 2792 4079 resalutat,
2815 4027 2963 4078 atque
2981 4034 3152 4071 eorum
3175 4019 3440 4071 contuber-

1928 4109 2066 4163 nium
2099 4107 2325 4177 pluribus
2351 4108 2543 4160 laudat.
2583 4107 2724 4160 Tuac
2755 4107 2961 4173 Bonosi,
2994 4107 3057 4160 de
3081 4124 3179 4178 quo
3217 4107 3294 4162 illi
3315 4109 3441 4161 scri-

1929 4209 2153 4273 pserant,
2177 4201 2352 4254 laudes
2378 4199 2636 4263 admiscet,
2664 4216 2724 4251 ac
2750 4200 2948 4266 probat.
2975 4199 3193 4254 Demum
3213 4215 3444 4254 sororem

1927 4309 2094 4358 suam,
2125 4307 2240 4362 qua:
2267 4291 2420 4344 bonos
2446 4291 2497 4343 in
2529 4291 2697 4359 patria
2724 4290 2989 4360 magistros
3015 4291 3129 4344 vita:
3157 4307 3258 4346 non
3283 4291 3440 4346 liabe-

1926 4395 2022 4448 ret,
2044 4385 2148 4439 illis
2177 4382 2512 4438 commendat.

1929 4479 1978 4533 t.
2011 4476 2128 4532 Non
2157 4475 2318 4530 debet
2354 4473 2536 4528 charta
2565 4471 2799 4528 dividere
2819 4515 2838 4540 ,
2862 4487 2997 4544 quos
3036 4488 3186 4528 amor
3223 4483 3441 4530 mutuus

1855 4607 1964 4660 leia:
1991 4607 2151 4670 (quod
2176 4619 2352 4656 nomen
2377 4606 2500 4670 Mss.
2516 4604 2922 4670 omnesaddupl)
2943 4605 3246 4670 reticuerim.
3273 4604 3438 4654 Reve-

1856 4673 1979 4719 ritus
1999 4665 2179 4731 nempe
2193 4681 2300 4731 sum
2322 4669 2658 4731 auctoritatem
2673 4667 2734 4731 1‘.
2743 4667 2812 4731 _de
2831 4665 3030 4731 Ru'bcis,
3056 4668 3131 4731 cui
3157 4668 3203 4714 in
3228 4674 3435 4731 Monum.

1855 4731 2038 4794 Eccles.
2080 4727 2237 4794 ςιᾲιιρι.
2264 4743 2386 4794 pag.
2407 4730 2484 4794 7_8.
2507 4729 2694 4794 dicitur
2707 4727 2784 4776 illa
2807 4728 3035 4794 omnium
3058 4727 3438 4794 Msszhmendosa

1853 4793 2057 4855 fortasse
2081 4784 2236 4855 lectio.
2262 4784 2379 4855 Τίιῶ
2403 4789 2502 4839 alte
2525 4788 2593 4837 illi
2617 4789 2813 4855 inlisum
2853 4794 2931 4855 est
2961 4790 3128 4834 animo
3157 4784 3436 4855 liicronymi

1857 4847 2060 4926 ιοειπίειεη
2087 4851 2305 4926 Aquileia
2329 4847 3271 4926 aberit”,‘llillil‘iS‘E‘TES‘32YEF51‘3?‘
3292 4847 3436 4926 little

1856 4907 2381 4977 iuctnnhere'dulianus
2405 4911 2780 4977 neapotuisset.
2817 4907 3131 4977 Ostendimus
3165 4919 3257 4976 nos
3289 4920 3435 4977 econ-

1855 4977 2020 5033 trario,
2046 4974 2348 5024 commodum
2373 4973 2416 5019 id
2445 4970 2513 5019 illi
2527 4965 3054 5033 'fuimeitiimirumyb
3089 4965 3178 5033 loci
3213 4965 3437 5016 vicinita-

1854 5025 1971 5087 tem.
1993 5025 2200 5086 Consule
2223 5047 2365 5092 quam
2391 5033 2669 5092 scripsimus
2690 5029 2846 5077 Vitam
2872 5029 2923 5074 S.
2950 5025 3195 5076 Doctoris.

1942 5051 1971 5082 ι.
1993 5047 2200 5086 Consule
2259 5047 2365 5080 tiam
2391 5047 2669 5092 scrtpsnnus
2699 5047 2721 5076 ν

1942 5096 1983 5158 f)
2023 5047 2300 5158 Al'iSlQltfllS
2321 5093 2443 5158 apud
2468 5091 2732 5158 Laertium.

1942 5098 1970 5158 f
2023 5096 2300 5144 Aristmelis
2321 5096 2443 5153 apud
2469 5096 2750 5158 Lacrtiumn

1922 5096 1987 5221 ω
2026 5156 2146 5221 Tota
2171 5156 2275 5221 haec
2298 5153 2546 5221 perigipe,
2568 5157 2778 5221 orato‘iyo
2797 5159 2930 5197 more
2952 5151 3348 5213 postarguntenta
3372 5155 3440 5198 tc-

1852 5209 2160 5273 slesvi‘ocabo,
2186 5209 2328 5262 abest
2350 5226 2377 5260 a
2401 5209 2671 5278 Verum-nsi
2692 5209 2781 5257 Ms.
2954 5209 2971 5278 ζ
3123 5209 3152 5278 '_
3325 5263 3342 5278 ι

1939 5267 2268 5340 h}Mss.a_tque
2287 5274 2452 5340 egtcusi
2475 5274 2782 5340 vetustiores,
2805 5267 3001 5340 Hiberia
3014 5267 3438 5340 emcelrarum‘orc,

1921 5278 1985 5387 ιιι)
1997 5278 2268 5336 Mss.atque
2287 5278 2452 5322 excusi
2475 5278 2782 5330 vetustiores,
2805 5278 3001 5340 Ittoerra
3014 5278 3319 5338 eccetrarum
3335 5280 3438 5340 ore,

1854 5355 1915 5392 vc
1958 5350 2105 5388 more.
2131 5337 2284 5398 Porro
2309 5334 2468 5398 lbera:
2492 5337 2706 5398 excetrae
2723 5329 3440 5398 nomiqepessmumbommis
3459 5341 3493 5377 λ

1855 5407 2121 5450 monstrum
2142 5394 2355 5458 sugillat,
2378 5394 2482 5442 sive
2507 5393 2548 5440 is
2568 5391 2831 5452 Lupicinus
2849 5391 3143 5453 Episcopus,
3185 5393 3290 5441 sive
3328 5392 3439 5502 (tuis

1855 5461 1976 5502 alitis
1999 5460 2160 5502 fuerit.
2184 5471 2276 5502 non
2303 5456 2433 5502 enim
2458 5452 2584 5502 quod
2611 5453 2806 5501 Iberum
2829 5459 2978 5502 vocet.
2994 5491 3008 5502 .
3045 5452 3311 5502 Hisranum
3381 5465 3438 5502 o-

1853 5461 1976 5512 alius
1999 5460 2160 5515 luerit,
2184 5452 2276 5504 n'on
2303 5452 2433 5504 enim
2458 5452 2584 5514 quod
2611 5453 2806 5501 Iberum
2829 5452 3008 5510 vocet,
3031 5452 3311 5516 Misianum
3347 5452 3438 5502 bo-

1852 5523 2036 5571 minem
2058 5512 2581 5578 couirniniseineeesse
2607 5520 2700 5570 est,
2728 5521 2812 5564 aut
2833 5512 3307 5578 verosimile.'Paulo
3328 5519 3439 5578 post

1853 5592 2006 5632 Deum
2028 5596 2117 5644 pro
2129 5590 2298 5644 meum
2319 5575 2498 5642 placuit
2521 5573 2698 5637 legere
2731 5576 3024 5625 concinniori
3057 5590 3233 5637 sensu,
3275 5573 3344 5626 ac'
3367 5581 3436 5624 la-

1852 5641 2080 5692 v'entibus
2101 5641 2214 5691 Mss.

1923 5702 1974 5766 (ἰ)
2021 5702 2142 5754 alias
2162 5703 2239 5753 t3.
2267 5699 2451 5764 Scripta
2473 5696 2638 5750 eodem
2661 5711 2800 5761 anno,
2827 5712 2883 5749 ac
2907 5700 3145 5763 superior.
