4048 6186
183 238 281 297 519

181 351 453 407 vernaculi
481 350 626 406 aiunt
656 369 669 404 :
702 350 798 406 Cui
827 364 922 404 nos
948 348 1236 404 servituros
1257 348 1516 419 relinquis
1542 347 1566 402 ?
1605 348 1754 403 Nunc

179 457 234 500 et
252 446 433 514 gerula
461 443 750 512 quondam,
777 443 885 511 jam
911 457 1066 506 anus,
1089 450 1143 496 ct
1171 442 1428 496 nutricius
1450 483 1464 504 ,
1489 441 1756 495 secundus

179 545 297 605 past
321 535 617 589 naturalem
645 533 895 603 pietatem
930 541 1098 602 pater,
1123 537 1201 602 (η)
1229 533 1496 586 clamitat:
1525 531 1751 585 Moritu-

176 640 266 681 ros
301 634 550 695 exspecta
581 624 885 694 paulisper,
917 633 972 678 et
1012 626 1198 692 sepeli.
1233 624 1479 678 Forsitan
1523 631 1577 678 et
1617 624 1752 678 laxis

173 720 396 774 uberum
424 719 647 789 pellibus
675 730 845 773 mater
867 760 883 784 ,
905 729 1051 772 arata
1080 718 1226 788 rugis
1251 717 1440 780 fronte,
1476 720 1752 786 antiquum

174 809 413 865 referens
441 825 685 864 mamma:
717 811 905 864 lallare
925 851 941 875 ,
969 810 1328 878 cengemiuet.
1366 809 1549 861 Dicant
1582 808 1626 862 si
1654 823 1748 862 vo-

171 900 288 953 lunt
313 910 365 954 et
388 900 734 955 Grammatici
759 915 772 952 :
802 899 869 953 In
895 910 942 954 te
966 901 1130 952 omnis
1159 900 1339 952 domus
1381 899 1624 952 inclinata
1659 914 1748 952 re-

167 989 358 1043 cumbit
380 989 618 1060 (ίΕηεὶά.
642 990 756 1059 12).
785 989 965 1045 Facile
993 990 1188 1059 rumpit
1217 989 1332 1044 lucc
1362 989 1571 1044 vincula
1595 1004 1748 1042 amor

166 1080 285 1146 Dei,
319 1090 374 1135 et
397 1082 554 1135 timor
575 1083 858 1150 gehennm.
891 1081 958 1134 At
983 1089 1168 1134 contra
1199 1079 1476 1148 Scriptura
1503 1079 1748 1148 pnecipit

159 1171 483 1240 parentibus
533 1160 936 1238 obsequendum
969 1187 983 1223 :
1013 1169 1108 1223 sed
1154 1170 1473 1238 quicumque
1509 1183 1604 1223 eos
1657 1183 1748 1221 su-

155 1274 257 1328 pra
293 1257 572 1314 Christum
604 1269 786 1322 amat,
824 1259 996 1328 perdit
1021 1259 1254 1313 animam
1295 1274 1466 1314 suam.
1498 1258 1745 1314 Gladium

153 1360 315 1404 tenet
345 1349 540 1416 hostis,
568 1359 627 1404 ut
655 1365 741 1404 me
772 1349 1018 1418 perimat,
1049 1359 1103 1403 et
1129 1364 1229 1419 ego
1254 1348 1324 1403 de
1351 1349 1536 1403 matris
1564 1350 1739 1419 lacry-

151 1439 260 1493 mis
291 1439 584 1507 cogitabo?
615 1438 843 1508 Propter
879 1449 1087 1508 patrem
1129 1438 1372 1492 militiam
1414 1437 1613 1493 Christi
1643 1438 1743 1493 dc-

149 1543 337 1581 seram
372 1568 389 1591 ,
434 1527 518 1580 cui
564 1528 888 1595 sepulturam
928 1527 1127 1582 Christi
1175 1542 1332 1581 causa
1364 1543 1468 1580 non
1521 1528 1694 1581 debeo
1723 1570 1738 1592 ,

149 1632 321 1686 quam
381 1615 543 1669 etiam
593 1614 840 1668 omnibus
883 1615 1000 1683 ejus
1043 1629 1204 1668 causa
1247 1615 1455 1668 debeo?
1512 1615 1740 1670 Domino

148 1723 386 1779 passuro
436 1707 618 1760 timide
673 1706 863 1760 Petrus
929 1708 1220 1761 consulens
1273 1705 1579 1762 scandalum
1639 1706 1738 1762 fuit

149 1797 373 1870 (Matth.
403 1798 512 1867 16).
543 1796 740 1851 Paulus
768 1796 1119 1851 retinentibus
1145 1812 1203 1851 se
1230 1798 1479 1850 fratribus
1503 1837 1518 1862 ,
1548 1813 1614 1852 ne
1641 1789 1734 1852 Je-

151 1890 483 1960 rosolymam
516 1896 779 1957 pergeret,
807 1887 1083 1957 respondit
1117 1903 1131 1938 :1
1167 1878 1302 1952 Quid
1323 1887 1490 1954 facitis
1520 1887 1733 1955 ploran-

151 1989 248 2043 tes,
279 1989 327 2032 et
352 1977 706 2032 conturbantes
725 1994 812 2030 cor
837 1977 1044 2031 meum?
1069 1976 1178 2047 Ego
1201 1978 1332 2030 enim
1359 1994 1459 2031 non
1480 1977 1644 2031 solum
1670 1977 1734 2032 li-

147 2069 289 2138 gari,
318 2069 407 2122 sed
427 2077 473 2121 et
495 2069 624 2120 mori
649 2069 699 2120 in
721 2067 1012 2121 Jerusalem
1039 2079 1248 2138 paratus
1274 2084 1387 2122 sum
1415 2085 1506 2137 pro
1532 2071 1733 2124 nomine

144 2158 366 2213 Domini
382 2157 508 2213 Jesu
529 2157 717 2214 Christi
744 2157 877 2231 (Act.
906 2148 996 2214 21.
1023 2161 1136 2230 15).
1173 2160 1326 2216 Aries
1351 2161 1450 2216 iste
1479 2163 1694 2231 pietatis
1712 2204 1727 2228 ,

144 2267 261 2322 quo
283 2250 416 2306 ﬁdes
444 2252 698 2320 quatitur,
730 2252 1001 2322 Evangelii
1075 2253 1178 2324 ει
1254 2251 1624 2309 retundendus
1649 2259 1732 2310 est

141 2359 328 2398 muro.
361 2343 526 2398 Mater
548 2360 678 2408 mea,
693 2353 738 2397 et
763 2348 947 2414 fratres
977 2346 1073 2398 mei
1099 2345 1149 2398 hi
1162 2354 1299 2412 sunt,
1326 2363 1625 2416 quacumque
1645 2347 1730 2408 fa-

141 2437 288 2488 ciunt
312 2434 615 2489 voluntatem
630 2432 804 2487 Patris
823 2434 936 2499 mei,
952 2435 1100 2505 quiin
1121 2437 1260 2490 caelis
1285 2445 1356 2490 est
1380 2435 1528 2504 (Luc.
1558 2436 1610 2492 ὃ.
1634 2439 1725 2501 2i;

143 2527 344 2582 Matth.
382 2527 464 2582 12.
491 2526 603 2597 50).
631 2525 689 2582 Si
709 2526 934 2582 credunt
961 2529 1010 2580 in
1040 2527 1331 2591 Christum,
1358 2527 1569 2583 faveant
1597 2529 1728 2584 mihi

117 2627 250 2690 'pro
283 2620 402 2687 ejus
431 2620 646 2674 nomine
673 2630 994 2690 pugnaturo.
1028 2617 1083 2673 Si
1116 2634 1221 2672 non
1247 2619 1500 2684 credunt,
1527 2621 1725 2674 mortui

139 2712 413 2781 sepeliant
443 2721 683 2766 mortuos
708 2727 834 2766 suos
867 2710 1079 2782 (Matth.
1106 2712 1162 2766 8.
1191 2709 1302 2782 ‘22).
1333 2709 1439 2766 Sed
1468 2711 1588 2779 hoc,
1621 2713 1722 2780 ais,

136 2806 200 2859 in
229 2805 500 2876 llartyrio.
993 2791 999 2800 ’

217 2899 272 2950 4.
308 2895 490 2958 Erras,
515 2893 695 2960 frater,
724 2907 872 2950 erras
891 2933 907 2960 ,
935 2894 980 2949 si
1014 2903 1172 2964 putas
1196 2907 1430 2964 Unquam
1463 2895 1722 2950 Clnistia‘

133 3005 272 3046 num
317 2990 744 3059 persecutionem
787 3004 893 3044 non
941 2990 1046 3060 pati
1078 3007 1091 3043 :
1123 3006 1190 3044 ετ
1222 3005 1357 3044 τυκο
1389 3005 1592 3044 nutus
1621 3005 1721 3058 op-

133 3085 420 3152 pugnaris,
445 3081 488 3135 si
521 3088 571 3136 te
600 3080 894 3151 Oppugnari
919 3080 1109 3134 nescis.
1135 3079 1486 3134 Adversarius
1515 3089 1718 3147 noster,

135 3182 399 3242 tanquam
429 3172 512 3225 leo
553 3172 806 3242 rugiens,
851 3171 1080 3240 aliquem
1125 3169 1385 3225 devorare
1429 3185 1675 3240 quzrreus
1704 3206 1719 3236 ,

134 3265 237 3338 [aL
268 3263 521 3336 cupiens],
551 3264 790 3318 circumit
821 3263 898 3336 (l.
931 3262 1073 3318 Pctr.
1099 3263 1246 3332 5.8),
1268 3272 1321 3318 et
1341 3275 1392 3316 tu
1417 3277 1597 3333 pacem
1627 3278 1722 3332 pu-

131 3356 269 3410 tas?
299 3355 453 3410 Sedet
477 3355 530 3408 in
551 3354 748 3409 insidiis
763 3371 876 3408 cum
896 3352 1153 3419 divitibus,
1182 3365 1228 3408 et
1256 3356 1306 3407 in
1328 3355 1537 3408 occultis
1561 3355 1719 3408 inter-

133 3449 284 3517 ﬁciat
315 3448 648 3501 innocentem.
683 3445 834 3502 Oculi
878 3447 986 3518 ejus
1019 3447 1070 3501 in
1108 3462 1380 3516 pauperem
1419 3447 1716 3514 respiciunt.

131 3539 432 3594 Insidiatur
471 3541 524 3593 in
558 3540 752 3593 occulto
771 3580 787 3606 ,
816 3541 944 3594 sicut
971 3540 1047 3593 leo
1077 3540 1128 3592 in
1153 3539 1394 3607 spelunca
1420 3556 1512 3592 sua
1541 3555 1560 3593 :
1589 3540 1718 3594 insi-

132 3635 315 3688 diatur
343 3642 394 3686 ut
420 3633 586 3702 rapiat
610 3648 884 3703 pauperem
918 3632 935 3702 (
961 3630 1108 3687 Psal.
1141 3631 1193 3687 9.
1220 3630 1290 3686 50
1315 3633 1333 3700 )
1358 3647 1374 3696 ;
1406 3641 1460 3685 et
1491 3641 1545 3685 tu
1569 3632 1717 3686 fron-

132 3727 287 3780 doszc
325 3724 532 3778 arboris
579 3732 753 3778 tectus
802 3723 1114 3778 umbraculo
1141 3761 1157 3786 ,
1199 3722 1392 3777 molles
1449 3737 1668 3776 somnos
1701 3762 1716 3788 ,

135 3817 319 3872 futura
357 3813 465 3887 [δι.
496 3812 731 3887 futurus]
761 3814 936 3884 praeda
959 3853 974 3880 ,
1017 3813 1235 3883 carpis?
1261 3813 1389 3869 lude
1415 3829 1501 3869 me
1532 3828 1718 3882 perse~

137 3909 326 3978 quitur
380 3907 590 3961 luxuria
624 3923 638 3961 :
671 3905 796 3960 inde
840 3904 1060 3958 avaritia
1106 3913 1329 3959 conatur
1374 3904 1670 3974 irrumpere
1699 3919 1718 3958 :

137 3997 271 4053 inde
299 4003 487 4050 venter
517 4009 670 4050 meus
697 3995 812 4049 vult
857 3994 986 4048 mihi
1024 3995 1166 4049 Deus
1201 4008 1320 4048 esse
1349 4009 1444 4063 pro
1475 3994 1711 4049 Christo.

134 4087 419 4156 compellit
444 4085 630 4151 libido,
664 4095 720 4138 ut
741 4084 1071 4139 habitantem
1103 4084 1156 4137 in
1187 4099 1273 4138 me
1293 4083 1550 4154 Spiritum
1579 4084 1715 4140 San-

134 4187 286 4234 ctum
317 4175 492 4248 fugem
524 4218 539 4243 ,
575 4185 630 4230 ut
659 4174 912 4244 templum
940 4174 1055 4244 ejus
1080 4173 1296 4228 violem.
1326 4174 1668 4243 Persequitur
1701 4216 1716 4239 ,

135 4269 359 4339 inquam
381 4307 395 4330 ,
422 4281 511 4321 me
543 4265 712 4320 hostis
735 4307 750 4330 ,
781 4265 864 4318 cui
890 4266 1095 4318 nomina
1121 4263 1264 4318 mille
1284 4304 1299 4328 ,
1331 4265 1380 4316 Μ
1392 4263 1478 4317 ille
1505 4265 1717 4319 nocendi

135 4371 276 4414 artes
314 4357 570 4430 (ίΕηεὶά.
601 4359 668 4412 lib
707 4356 813 4411 γιι
835 4359 854 4429 )
883 4375 896 4411 :
924 4367 977 4413 ct
1005 4372 1106 4429 ego
1137 4356 1317 4413 infelix
1348 4357 1607 4412 victorem
1634 4373 1718 4414 me

138 4451 360 4520 putabo,
383 4449 510 4502 dum
540 4449 762 4517 capior?

209 4543 266 4597 5.
297 4539 455 4607 Nolo,
485 4539 647 4595 frater
671 4539 966 4605 carissime,
995 4540 1295 4596 examinato
1320 4539 1552 4614 pondere
1581 4541 1718 4596 deii-

144 4642 390 4694 ctormn,
437 4630 642 4684 minora
686 4631 961 4685 arbitreris
1015 4629 1124 4702 [aL
1178 4629 1296 4685 nolo
1344 4641 1392 4684 te
1440 4629 1712 4704 arbitrari]

133 4722 453 4778 idololatria:
484 4718 704 4776 crimine
733 4718 826 4793 [aL
857 4721 1090 4796 crimina]
1117 4737 1240 4778 esse
1263 4765 1277 4786 ,
1304 4739 1424 4793 quae
1451 4723 1704 4780 diximus.

131 4815 254 4871 luto
274 4817 308 4867 Α
319 4815 508 4884 pustoli
527 4814 670 4870 disce
682 4816 1018 4881 sententiam,
1047 4816 1134 4885 qui
1154 4815 1229 4869 ait
1250 4834 1262 4870 :
1283 4819 1377 4869 hoc
1397 4817 1526 4869 enim
1545 4818 1720 4870 scitote

130 4905 499 4973 intelligentes,
521 4907 638 4975 quia
659 4909 821 4960 omnis
842 4906 1140 4974 fornicator,
1173 4917 1258 4958 aut
1286 4907 1574 4960 immundus
1615 4907 1713 4978 (b),

132 5005 232 5051 aut
257 5010 464 5058 avarus,
512 5007 594 5050 aut
629 4998 914 5068 fraudator,
932 4996 1068 5068 quod
1094 5007 1165 5051 est
1194 4997 1443 5051 idolorum
1481 4998 1714 5064 servitus,

206 5127 275 5196 (α)
314 5128 462 5196 Plura
481 5129 728 5196 interserit
743 5139 887 5182 vetus
909 5131 1011 5196 edit
1043 5142 1122 5179 an.
1149 5129 1287 5196 1196.
1304 5129 1450 5196 Etad
1469 5131 1594 5180 hunc
1617 5143 1716 5180 mo-

132 5191 272 5252 dum;
305 5209 328 5239 ι
350 5191 626 5253 clamitant,
651 5193 728 5242 cui
754 5205 842 5241 nos
873 5192 1132 5254 morituros
1169 5191 1443 5254 relinquis,
1483 5199 1718 5252 exsiiecta

199 5251 413 5316 ulisper,
432 5251 694 5316 etisepeli,
735 5268 841 5303 cras
875 5251 1074 5316 forsitan
1107 5251 1381 5316 morituros.
1408 5251 1626 5316 Forsitan
1667 5261 1720 5302 et

199 5269 485 5316 uttsper,et
519 5269 694 5316 sepeu,
735 5269 841 5303 cras
875 5269 1074 5300 Iorsuan
1107 5269 1381 5301 inurituros.
1408 5269 1626 5302 rorsuan
1667 5269 1718 5302 et

133 5269 277 5374 ﬁxis,
299 5325 396 5364 etc.
415 5332 438 5360 ι
469 5315 687 5365 Mammas
719 5323 882 5364 autem
919 5311 1087 5374 lallare
1118 5312 1350 5374 solemnis
1372 5321 1448 5362 est
1477 5314 1718 5362 nutricum

134 5371 307 5428 nenia.
343 5377 586 5428 Cornutus
620 5377 677 5425 ad
721 5377 943 5425 Persium
981 5373 1080 5422 Sat.
1117 5371 1165 5420 3.
1198 5389 1221 5418 αι
1241 5373 1340 5422 Aut
1363 5386 1447 5422 cur
1469 5387 1495 5422 a
1529 5375 1720 5424 nutrice

137 5441 293 5500 iussus
312 5440 554 5498 dormire,
582 5437 741 5500 ploras
761 5450 908 5500 ;_qu:e
943 5434 1234 5500 infantibus,
1267 5440 1320 5500 ut
1350 5434 1723 5500 dormia_nt,_so-

155 5455 293 5490 ltSSltS
312 5455 554 5498 uormtrc,
582 5455 773 5500 ploras;
798 5455 908 5498 qua:
943 5455 1202 5484 tuxuuuuus
1219 5468 1234 5492 ,
1269 5455 1320 5480 ut.
1350 5455 1604 5493 uurtmuttt,
1644 5455 1722 5483 δυ-

131 5455 240 5551 ient
267 5498 906 5568 dicereszeperlalla,_lalla.
930 5514 952 5541 ν
986 5496 1037 5545 lu
1062 5495 1170 5568 aliis
1203 5493 1564 5568 cotidinveuit
1604 5495 1722 5568 (ira-

136 5572 239 5616 vius
254 5568 393 5620 pater
411 5554 626 5612 clamitat
647 5554 906 5609 moriturus
928 5563 1130 5620 expecta
1152 5554 1412 5619 paulisper,
1436 5562 1482 5605 et
1505 5557 1718 5620 sepelies.

201 5618 266 5689 (ei
306 5627 404 5674 Pro
429 5625 621 5673 duobus
638 5623 770 5671 hisce
793 5618 1064 5669 nominibus
1083 5618 1162 5670 aut
1185 5629 1392 5680 avarus,
1415 5624 1493 5668 aut
1516 5619 1547 5681 f
1567 5618 1720 5668 aiata-

1553 235 1877 290 EPISTOL.\
1922 237 1989 293 XI
2001 239 2057 293 ν.

3329 271 3435 330 δῦθ

1865 352 2129 452 non-habet
2152 355 2490 415 htercditatezn
2519 364 2568 418 in
2601 374 2753 437 regno
2775 369 2983 438 Christi,
3005 388 3052 431 et
3083 379 3173 434 Dei
3196 381 3414 452 (Ep/tes.

1861 439 1915 492 5.
1956 442 2032 511 5).
2067 443 2135 498 Et
2174 463 2470 519 quanquam
2502 458 2823 523 generaliter
2854 464 3110 522 adversus
3141 439 3301 527 Deum

1862 530 1991 626 piat,
2020 535 2274 626 quidquid
2301 539 2498 594 diaboli
2526 555 2637 608 est;
2663 551 2878 617 etquod
2902 553 3097 609 diaboli
3126 569 3228 626 est,
3259 563 3422 619 idolo-

1857 619 2009 674 latria
2047 623 2136 688 sit,
2167 628 2250 679 cui
2274 631 2452 683 omnia
2476 631 2615 686 idola
2647 638 3015 706 mancipantur
3043 659 3058 694 :
3088 619 3260 701 tamen
3292 662 3345 705 et
3375 655 3426 708 in

1855 709 1960 802 alio
1979 711 2095 767 loco
2109 718 2834 795 speciatim,n0tniuatimque
2851 729 3193 802 determinat,
3208 739 3388 795 dicens
3410 762 3422 796 :

1856 799 2160 873 Mortiﬁcate
2177 810 2395 862 membra
2419 824 2601 879 vestra,
2619 833 2732 886 qua
2745 827 2860 872 sunt
2878 837 3031 890 super
3050 799 3252 891 terram,
3274 830 3428 896 depo-

1853 904 2022 946 nentes
2093 895 2201 968 32
2271 901 2679 969 fornicationem,
2725 907 3119 978 immunditiam,
3164 926 3210 966 et
3238 932 3426 970 concu-

1851 981 2144 1049 piscentiam
2189 991 2396 1057 malum,
2425 1003 2472 1044 et
2493 995 2820 1062 cupiditatem
2845 1038 2859 1062 ,
2891 1015 3004 1068 quat
3029 1014 3143 1054 sunt
3172 1004 3427 1060 idolorum

1849 1074 2077 1166 seruitus,
2095 1088 2298 1146 prapter
2317 1097 2431 1149 quw
2451 1085 2580 1166 venit
2607 1086 2684 1138 ira
2713 1086 2826 1140 Dei.
2848 1089 2921 1161 (1.
2942 1090 3134 1146 Coloss.
3156 1094 3210 1148 5.
3230 1097 3263 1150 5
3284 1107 3328 1149 et
3345 1097 3421 1166 6).

1921 1158 2151 1218 Servitus
2168 1167 2419 1222 idolorum
2441 1171 2492 1224 in
2519 1165 2653 1227 vitiis
2678 1186 2725 1228 et
2746 1158 3174 1245 peccante-Non
3199 1196 3280 1238 est
3303 1158 3422 1240 tati-

1850 1258 1960 1346 timt
1988 1252 2045 1346 in
2069 1269 2136 1346 eo
2165 1259 2393 1312 servitus
2423 1254 2586 1329 idnl'r,
2616 1256 2660 1318 si
2690 1267 2809 1335 quis
2830 1268 3037 1324 duobus
3061 1261 3315 1342 digitulis,
3346 1277 3417 1346 (c)

1851 1337 2009 1434 thura
2036 1345 2320 1434 iu‘bustum
2347 1365 2454 1404 ara:
2474 1351 2668 1420 jaciat,
2711 1366 2802 1410 aut
2832 1358 3074 1415 haustum
3100 1337 3420 1434 paterae-po,-

1847 1431 1967 1484 culo
1985 1429 2169 1488 fundat
2187 1452 2411 1492 merum.
2430 1439 2594 1511 Neget
2612 1446 2891 1500 avaritiam
2908 1463 3027 1504 esse
3043 1429 3416 1521 idololatriam,

1844 1525 1933 1594 qui
1964 1535 2138 1593 potest
2171 1528 2381 1598 triginta
2411 1535 2681 1601 argenteis
2706 1536 2986 1593 Dominum
3019 1541 3289 1596 venditum
3320 1561 3415 1613 ap-

1845 1615 2040 1681 pellare
2055 1619 2336 1684 justitiam.
2355 1619 2518 1688 Neget
2534 1625 2868 1694 sacrilegium
2895 1629 2947 1682 in
2971 1629 3299 1703 libidine,(d)
3317 1627 3413 1689 sed

1843 1703 1908 1768 is,
1934 1704 2025 1773 qui
2051 1708 2290 1762 membra
2319 1709 2539 1778 Christi,
2569 1724 2626 1767 et
2654 1713 2881 1770 hostiam
2911 1713 3084 1772 vivam
3117 1721 3412 1790 placentem

1843 1794 1952 1848 Deo
1979 1794 2077 1866 (l),
2102 1811 2223 1850 cum
2252 1799 2582 1868 publicarum
2607 1803 2884 1859 libidinmn
2908 1807 3139 1864 victimis
3161 1851 3178 1878 ,
3210 1815 3412 1868 nefaria

1837 1885 2138 1942 colluvione
2177 1888 2412 1948 violavit.
2453 1891 2568 1948 Non
2618 1893 2850 1951 fateatur
2895 1893 3134 1955 fraudem
3186 1903 3412 1958 idolola-

1840 1977 1990 2030 triam
2014 1992 2133 2034 esse
2158 2019 2175 2045 ,
2203 1981 2296 2035 sed
2331 1983 2522 2038 similis
2552 2001 2736 2040 eorum
2767 2028 2781 2052 ,
2815 1990 2906 2058 qui
2933 1991 2988 2045 in
3016 1993 3237 2048 Actibus
3264 1999 3406 2067 Apo-

1836 2067 2096 2122 stolorum
2126 2086 2191 2124 ex
2225 2074 2542 2141 patrimonio
2567 2090 2663 2130 suo
2692 2089 2898 2146 partem
2923 2084 3076 2148 pretii
3119 2099 3407 2140 reservati-

1837 2167 1936 2222 tes,
1971 2161 2216 2228 prmsenti
2242 2163 2448 2231 periere
2478 2165 2706 2220 vindicta
2733 2167 2871 2237 (Act.
2900 2170 2974 2238 5).
3008 2173 3405 2243 Animadverte,

1837 2247 2016 2332 frater,
2049 2266 2154 2303 non
2187 2251 2281 2336 tibi
2311 2253 2471 2309 licere
2507 2253 2616 2326 [ιιι.
2650 2257 2826 2330 licet.]
2860 2255 2928 2314 de
2969 2262 3074 2317 tuis
3113 2265 3400 2336 quidquam

1835 2337 2031 2393 habere
2056 2335 2232 2394 rebus.
2261 2335 2458 2409 Omnis,
2488 2341 2656 2414 inquit
2689 2346 2958 2415 Dominus,
2989 2346 3076 2422 qui
3102 2369 3202 2408 non
3229 2335 3407 2412 renuno

1834 2429 2028 2481 tiacerit
2055 2426 2247 2485 cunctis
2266 2474 2280 2496 ,
2307 2449 2418 2499 qtae
2444 2429 2697 2503 possidet,
2728 2455 2827 2492 non
2850 2450 3010 2509 potest
3036 2461 3176 2501 meus
3195 2465 3300 2502 esse
3319 2447 3400 2503 di-

1829 2509 2060 2666 scipula;
2084 2515 2236 2592 (Luc.
2270 2519 2355 2578 14.
2387 2518 2500 2596 53).
2543 2527 2649 2582 Cur
2697 2531 2881 2586 timido
2928 2535 3106 2591 animo
3142 2534 3404 2596 Christia-

1830 2626 1932 2666 nus
1956 2627 2017 2666 es

1830 2626 1932 2666 nus
1956 2627 2017 2667 es

1899 2704 1952 2757 6.
1992 2699 2220 2773 Respice
2262 2705 2420 2761 Petro
2463 2704 2551 2780 [aL
2580 2725 2695 2762 eam
2725 2704 2904 2786 Petro]
2946 2708 3190 2772 relictum
3235 2729 3351 2776 rete
3386 2732 3400 2778 ἐ

1827 2795 2034 2864 respice
2077 2807 2379 2866 surgentem
2427 2798 2495 2853 de
2546 2800 2744 2855 telonio
2792 2803 3175 2874 Publicanum,
3223 2812 3401 2865 statim

1826 2883 2163 2952 Apostolum.
2188 2884 2354 2941 Filius
2386 2887 2617 2942 hominis
2645 2907 2748 2945 non
2781 2892 2966 2956 habet,
3005 2895 3094 2949 ubi
3122 2907 3278 2966 caput
3308 2915 3393 2954 rc-

1824 2971 1990 3028 ciinct
2019 2992 2034 3028 :
2066 2984 2122 3030 et
2151 2986 2202 3030 tu
2231 2978 2434 3046 amplas
2462 2981 2696 3048 porticus
2723 3022 2736 3044 ,
2783 2991 2838 3036 et
2867 2983 3096 3052 ingentia
3127 2996 3386 3044 tectorum

1825 3068 1993 3134 spatia
2022 3066 2268 3122 metiris?
2291 3070 2358 3140 (ε)
2381 3069 2781 3125 ΙΙέειιευιτΑτεκ
2817 3081 3142 3130 sxsrscrsn's
3168 3079 3344 3134 saeculi
3382 3122 3396 3146 ,

1824 3158 2065 3213 eolizcres
2094 3158 2289 3212 Chri5ti
2321 3174 2444 3215 esse
2472 3177 2577 3214 non
2612 3165 2828 3231 poteris.
2860 3163 3218 3235 Interpretare
3246 3185 3399 3225 voca-

1825 3245 2007 3301 bulum
2036 3244 2298 3312 Mouachi,
2331 3249 2432 3302 huc
2460 3257 2541 3304 est
2569 3266 2761 3305 nomen
2791 3261 2962 3310 tuum.
3008 3255 3142 3320 Quid
3175 3256 3303 3313 facis
3341 3260 3392 3314 in

1825 3340 1976 3392 turba
2002 3340 2091 3409 qui
2114 3339 2258 3394 solus
2287 3355 2345 3394 es
2365 3340 2388 3394 ?
2409 3339 2476 3394 Et
2507 3340 2606 3395 hoc
2626 3355 2743 3414 ego,
2774 3358 2878 3396 non
2912 3344 3130 3416 integris
3157 3358 3290 3416 rate,
3315 3353 3396 3406 vel

1825 3426 2128 3493 mercibus,
2179 3444 2277 3485 nec
2324 3431 2475 3500 quasi
2521 3432 2734 3502 ignarus
2789 3433 3040 3490 fluctuum
3088 3438 3165 3511 (2)
3209 3441 3398 3498 doctus

1823 3529 1983 3575 nauta
2013 3536 2352 3590 prmmoneo;
2383 3522 2477 3576 sed
2512 3523 2660 3592 quasi
2693 3540 2862 3594 nuper
2891 3527 3166 3600 naufragio
3193 3531 3398 3600 ejectus

1823 3613 1876 3666 in
1906 3613 2086 3680 littus,
2119 3612 2300 3667 timida
2343 3613 2669 3684 navigaturis
2718 3631 2848 3670 voce
2893 3616 3169 3674 denuntio.
3207 3621 3260 3676 In
3305 3625 3398 3679 illo

1823 3714 1955 3760 testu
1977 3705 2274 3778 Charybdis
2301 3705 2526 3762 luxuriae
2548 3749 2565 3776 ,
2597 3707 2824 3764 salutem
2856 3720 3026 3766 vorat.
3056 3711 3130 3768 ibi
3157 3729 3250 3769 ore
3286 3717 3397 3770 vin

1821 3932 1912 3987 tor,
1927 3927 2240 3992 unumbabet
2267 3925 2469 3992 Grzeeus
2493 3934 2662 3977 textus
2672 3940 2909 3992 (μονιιηςς
2931 3937 3078 3992 atque
3101 3931 3203 3992 ipsa
3227 3932 3396 3987 Latina

1824 3989 2122 4058 exemplaria
2147 3988 2405 4058 non‘simul
2430 3997 2689 4058 utrumque
2714 3988 2895 4039 habent
2914 4026 2928 4048 ,
2951 3988 3039 4040 scd
3066 3988 3143 4041 Vel
3169 3996 3394 4058 primum,

1821 4047 2151 4120 ut_hodierua,
2184 4047 2266 4120 vel
2297 4047 2503 4120 alierum
2527 4047 2742 4120 lanium,
2767 4058 2822 4100 ut
2852 4047 3018 4101 vetera
3037 4089 3051 4113 ,
3069 4060 3131 4120 _e_t
3163 4047 3271 4117 qua;
3309 4047 3400 4120 cyl-

1821 4112 1974 4220 Κνίδιιί
2001 4110 2298 4169 temporibus
2319 4111 2620 4159 obtinebant.
2648 4111 2852 4161 Videtur
2879 4110 3046 4164 autem
3069 4110 3394 4181 Hieronymus

1857 4186 1913 4220 oc
1937 4171 2040 4220 loco
2060 4169 2201 4218 simul
2239 4177 2498 4220 utrumque
2536 4173 2772 4220 iunxisse.
2799 4179 2853 4220 ut
2883 4174 3125 4220 duulicem
3150 4179 3394 4220 exnrimp-

1857 4171 2040 4239 ocioco
2060 4169 2201 4239 simul
2221 4177 2498 4239 utrumque
2531 4173 2772 4239 jussiisse,
2799 4179 2853 4220 ut
2883 4174 3128 4239 duplicem
3150 4169 3398 4239 exprime?-

1821 4241 1898 4304 r_et
1924 4230 2320 4304 erc'i‘v'ocaliuli
2354 4230 2824 4304 interpretationem,
2855 4230 3012 4304 eaque
3037 4237 3188 4286 vellet
3209 4230 3397 4290 allude-

1821 4294 1945 4343 dere
1975 4291 2266 4359 l._'l‘hessal.
2295 4291 2342 4339 4.
2367 4292 2416 4359 _6.
2456 4291 2515 4359 ne
2537 4294 2642 4354 quis
2665 4291 3063 4357 supergrettiatur
3083 4332 3096 4353 ,
3129 4310 3279 4359 neque
3298 4303 3396 4351 cir-

1823 4354 2086 4418 guntveniat
2126 4353 2178 4403 in
2222 4353 2649 4418 negotio__[ratrem
2687 4353 2830 4418 suum
2853 4391 2869 4414 ,
2909 4371 3020 4418 qua:
3061 4373 3125 4406 ex
3171 4353 3394 4414 veterum

1821 4416 2018 4466 Patrum
2063 4428 2210 4477 sensu
2256 4414 2360 4477 ipse
2402 4414 2542 4464 Hier.
2589 4414 2800 4477 explicat
2844 4418 2892 4465 in
2928 4414 3294 4472 Commentariis
3335 4428 3395 4474 ad

1821 4477 2061 4544 Ephesios
2082 4477 2146 4544 de
2183 4474 2482 4544 lihidinosi_s._
2502 4474 2801 4544 impurisque
2823 4477 3126 4544 hominibus,
3151 4486 3232 4544 qui
3271 4485 3396 4536 dolis

1821 4537 1878 4588 ac
1899 4537 2144 4601 blanditiis
2177 4537 2242 4601 ad
2261 4537 2772 4601 impudicitige’sordes
2803 4538 3004 4601 aliorum
3037 4537 3269 4594 mulieres
3302 4546 3395 4595 illi-

1821 4603 1972 4667 ciunt:
1998 4600 2116 4648 Nam
2143 4606 2196 4649 et
2223 4597 2380 4662 ipsam
2400 4598 2651 4650 avaritiam
2678 4613 2767 4664 pro
2787 4600 3028 4654 adulterio
3065 4603 3267 4667 positam
3301 4608 3390 4656 ibi-

1822 4662 1936 4723 dem
1963 4663 2065 4723 ipse
2086 4667 2310 4723 testatur.

1891 4719 2276 4789 (c)_i&lia§_tltttra
2287 4735 2558 4784 compressa
2566 4722 2619 4789 in
2636 4723 2840 4789 bustum,
2865 4732 2919 4773 ut
2937 4724 3110 4788 legunt
3126 4727 3272 4789 etiam
3289 4729 3394 4788 quia

1822 4782 2070 4834 dam'Mss.
2095 4782 2220 4848 Eine
2235 4783 2377 4848 forte
2393 4782 2734 4848 emendandus
2756 4782 3048 4848 Lactantius,
3073 4789 3155 4848 qui
3177 4786 3210 4834 l.
3236 4799 3284 4834 v.
3305 4782 3388 4838 '19.

1825 4860 1898 4916 ex.
1915 4855 2080 4916 mente
2102 4844 2384 4916 Gentilium,
2417 4863 2439 4890 ι
2463 4845 2599 4916 binm,
2632 4846 2804 4916 inquit,
2827 4847 3047 4901 cruciari,
3066 4844 3219 4916 atque
3242 4848 3394 4916 inter-

1822 4907 1900 4956 ﬁci
1922 4907 2066 4956 malle
2085 4941 2106 4969 ,ν
2133 4919 2274 4969 quam
2299 4907 2438 4969 thura
2478 4907 2630 4953 tribus
2665 4905 2833 4969 digitis
2869 4905 3216 4969 comprehensa
3255 4906 3393 4969 (lege.

1822 4968 2120 5029 compressa)
2150 4965 2204 5015 in
2227 4965 2398 5029 focum
2415 4966 2600 5029 jactare
2621 4999 2637 5022 ,
2679 4965 2776 5014 tam
2801 4965 3019 5029 ineptum
3059 4965 3271 5026 videtur,
3294 4965 3392 5018 etc.

1884 4983 1927 5016 m
1966 4983 2120 5029 ressa)
2158 4983 2204 5015 Ill
2227 4983 2384 5014 10011111
2415 4983 2600 5027 jacure
2621 4999 2637 5022 ο
2679 4983 2776 5014 Lall]
2801 4983 3019 5026 Ineptum
3059 4983 3268 5026 ιἰυθιυν,
3294 4983 3392 5018 etc.

1884 4983 1962 5093 (α)
1983 5030 2289 5095 Cisterctcns.
2304 5026 2533 5076 Cod.esse
2550 5025 2593 5095 is
2611 5026 2810 5095 proused
2821 5025 2868 5095 is
2884 5037 2902 5074 :
2922 5032 3064 5095 vetus
3086 5035 3250 5095 autem
3273 5031 3393 5080 edit.

1823 5085 2308 5200 zizateféwrilegiam
2337 5099 2456 5145 esse,
2490 5087 2573 5149 qui
2603 5085 2654 5136 in
2692 5085 2890 5136 libidine
2925 5085 3079 5148 sedet,
3123 5089 3206 5151 qui
3249 5102 3397 5140 ments

1858 5165 1932 5199 ra.
1959 5158 2054 5198 etc.

1875 5185 1936 5276 ᾧ)
2153 5209 2265 5276 quid
2289 5207 2443 5268 magis
2458 5207 2885 5276 Hieronymianum
2908 5209 3146 5276 sapithaae
3169 5223 3396 5276 quorum-

1824 5268 1934 5322 da'm'
1969 5269 2083 5320 Mss.
2120 5268 2284 5330 lectio,
2321 5268 2661 5318 "nereditatem
2693 5276 2944 5331 exspectas
2967 5268 3142 5320 steculi
3181 5268 3396 5326 conteres

1823 5331 2044 5386 Christi?
2079 5336 2412 5393 Interpretare,
2441 5338 2536 5378 etc.

1889 5396 1960 5457 (1)
1987 5390 2234 5457 Caeterum
2259 5390 2686 5457 expressuslocns
2708 5399 2789 5457 est
2809 5392 3180 5457 exi'l‘ertulliani
3220 5395 3304 5443 lib.
3329 5397 3394 5448 de

1824 5450 2502 5524 culttiieniiuaroui‘dminns
2518 5451 2689 5524 habent
2709 5451 3046 5524 infelicissimis
3068 5453 3167 5506 illa:
3183 5457 3394 5520 publica.

1826 5532 1934 5570 rum
1960 5517 2212 5568 libiduntm
2236 5515 2438 5565 rictima:
2461 5526 2478 5563 :
2504 5521 2703 5565 notante
2727 5515 2916 5566 Gravio.

1891 5578 2144 5644 (2)313ltlil
2164 5576 2364 5628 Gravius
2383 5585 2432 5629 et
2453 5574 2670 5628 indoctus
2691 5585 2852 5641 nauta,
2880 5580 3186 5632 rectissime:
3213 5589 3262 5633 at
3279 5583 3396 5636 Mss.

1825 5640 1920 5694 noz't
1943 5640 2278 5702 sulli'agautur.
2665 5652 2673 5659 ‘
