4048 6186
666 421 857 490 gincc,
885 412 952 473 ad
984 402 1245 487 pudicitiae
1288 407 1639 480 perpetranda
1678 406 1968 476 naufragia,
1997 406 2242 479 (a)Scyl-

666 513 828 570 lmutn
856 508 1106 565 renidens
1133 502 1293 557 libido
1324 500 1610 555 blanditur.
1636 499 1728 553 llic
1759 499 2039 552 barbarum
2068 498 2238 565 littus,

668 603 759 657 hic
775 598 1020 655 diabolus
1043 596 1232 664 pirata,
1256 606 1375 646 cum
1398 589 1558 644 sociis
1583 598 1759 661 portat
1780 588 1991 643 vincula
2020 590 2238 658 capien-

668 696 773 750 dis.
788 691 959 748 Nolitc
981 686 1225 751 credere,
1301 684 1407 755 33
1482 683 1647 736 nolite
1663 697 1782 737 esse
1797 681 1991 736 securi.
2014 681 2160 735 Licet
2185 680 2237 735 in

666 786 881 840 modum
907 778 1077 849 stagni
1106 775 1281 830 fusum
1309 782 1492 843 aequm
1525 773 1756 827 arrident
1785 776 1798 825 :
1831 774 1955 827 licet
1982 766 2070 826 vti
2096 782 2241 825 suur-

665 890 750 930 ma
773 870 998 943 jacentis
1018 868 1265 923 elementi
1293 865 1482 935 spiritu
1510 874 1653 934 terga
1683 865 2000 933 crispentur,
2016 875 2243 932 magnos

667 964 756 1019 hic
785 975 1009 1031 campus
1039 959 1111 1030 (b)
1132 966 1338 1012 montes
1360 956 1541 1012 habet.
1573 954 1718 1009 lntus
1746 955 2007 1008 inclusum
2039 964 2121 1007 est
2144 968 2239 1024 pc-

664 1053 910 1117 riculum,
943 1052 1086 1105 intus
1108 1057 1191 1104 est
1216 1048 1401 1102 hostis.
1427 1044 1687 1116 Expedite
1710 1045 1981 1108 rudentes,
2014 1044 2124 1096 vela
2150 1058 2242 1097 su-

663 1143 930 1213 spendite.
981 1141 1051 1211 (c)
1106 1137 1294 1194 Crucls
1333 1142 1564 1191 antenna
1613 1135 1800 1205 figatur
1845 1133 1896 1187 in
1955 1133 2241 1187 frontibus.

667 1232 1049 1304 Tranquillitas
1073 1230 1172 1286 ista
1204 1237 1493 1297 tempestas
1523 1234 1626 1281 est.
1665 1224 1770 1280 Sed
1812 1215 2036 1279 fersitan
2065 1224 2242 1278 dictu-

666 1341 760 1380 rus
814 1338 874 1378 cs
905 1341 919 1376 :
950 1321 1086 1390 Quid
1121 1320 1294 1390 ergo?
1347 1319 1672 1388 quicumque
1717 1316 1769 1370 in
1817 1316 2032 1369 civitate
2076 1322 2242 1380 sunt,
2290 1346 2295 1350 ι

665 1413 958 1471 Christiani
991 1427 1095 1466 non
1123 1409 1290 1465 sunt?
1317 1420 1422 1462 non
1455 1416 1537 1463 est
1563 1406 1653 1461 tibi
1686 1405 1876 1461 eadem
1921 1418 2083 1459 causa
2125 1404 2245 1473 qua:

668 1506 904 1562 cmleris.
932 1503 1213 1559 Dominum
1243 1497 1484 1553 ausculta
1515 1497 1781 1551 dicentem
1815 1511 1828 1547 :
1865 1494 1926 1550 Si
1964 1496 2035 1548 vis
2080 1493 2246 1562 perfe-

665 1607 773 1651 ctus
799 1611 906 1649 esse
932 1610 951 1648 :
978 1591 1123 1658 vade,
1153 1590 1309 1644 vende
1325 1587 1495 1642 omnia
1521 1598 1627 1650 tua,
1654 1595 1702 1639 et
1733 1585 1798 1638 da
1831 1584 2135 1656 pattperibus
2153 1623 2169 1649 ,
2195 1591 2246 1636 et

667 1687 806 1752 ueni,
848 1698 1054 1754 sequere
1101 1695 1180 1734 me
1218 1677 1439 1750 (Matth.
1477 1675 1563 1731 19.
1593 1674 1657 1729 21
1756 1673 1835 1728 Tu
1864 1683 2042 1728 autem
2072 1671 2248 1743 perfe-

668 1787 812 1833 ctum
835 1785 885 1829 te
916 1788 1035 1828 esse
1063 1771 1332 1843 pollicitus
1362 1783 1442 1824 es.
1475 1766 1605 1822 Nam
1629 1781 1793 1837 quum
1818 1765 2073 1820 derelicta
2106 1764 2247 1818 mili:-

671 1868 740 1924 tia
768 1865 862 1940 [aL
888 1865 1126 1919 derelicta
1164 1861 1353 1926 domo,
1377 1856 1621 1931 militia],
1663 1866 1716 1912 te
1737 1856 1983 1912 castrasti
2029 1863 2247 1924 prepter

667 1971 831 2027 regna
860 1954 1139 2017 omlorum,
1167 1949 1292 2020 quid
1323 1948 1463 2003 aliud
1491 1963 1647 2017 quam
1679 1945 1965 2013 perfectam
1988 1954 2245 2013 sequutus

667 2056 730 2103 es
756 2044 962 2101 vitam?
991 2044 1307 2098 Pearecrus
1360 2054 1537 2095 ADTEH
1594 2052 1781 2093 servus
1832 2034 2068 2098 Christi,
2110 2029 2245 2089 nihil

668 2146 865 2207 praeter
887 2134 1158 2190 Christum
1191 2130 1371 2185 habet.
1407 2132 1512 2185 Aut
1534 2131 1576 2183 si
1601 2128 1726 2198 quid
1756 2136 1949 2198 prtetcr
1972 2125 2244 2182 Christum

664 2231 847 2296 habet,
873 2228 1140 2300 perfectus
1186 2238 1292 2279 non
1346 2233 1446 2278 est.
1484 2222 1553 2276 Et
1598 2223 1643 2277 si
1690 2223 1954 2292 perfectus
1992 2226 2240 2283 nonest,

662 2327 786 2377 cum
832 2334 893 2374 se
940 2316 1229 2388 perfectum
1294 2309 1408 2370 l‘ore
1454 2314 1566 2368 Deo
1633 2312 1899 2383 pollicitus
1944 2316 2056 2375 sit,
2117 2319 2243 2366 ante

664 2409 925 2467 mentitus
946 2416 1047 2462 est.
1089 2404 1160 2460 Os
1195 2413 1399 2469 autent,
1430 2403 1565 2473 quod
1608 2405 1880 2471 mentitur,
1911 2402 2096 2456 occidit
2121 2401 2238 2455 ani-

665 2516 801 2556 mam
829 2497 1005 2571 (Sep.
1039 2499 1091 2554 1.
1121 2498 1179 2552 11
1206 2495 1227 2568 )
1285 2495 1447 2567 Igitur
1467 2536 1484 2563 ,
1515 2505 1572 2551 ut
1597 2495 1911 2551 concludam
1947 2513 1963 2551 :
1992 2495 2036 2549 si
2065 2491 2237 2564 perfe-

665 2601 784 2649 ctus
808 2606 868 2647 es
892 2632 907 2655 ,
939 2604 1035 2644 cur
1074 2588 1213 2644 bona
1258 2596 1481 2657 paterna
1527 2586 1849 2643 desideras?
1877 2585 1930 2641 Si
1972 2585 2242 2656 perfectus

666 2690 775 2740 non
801 2699 861 2739 es
888 2724 904 2750 ,
937 2681 1221 2737 Dominum
1246 2679 1503 2737 fefellisti.
1539 2680 1741 2735 Divinis
1767 2679 2117 2751 Evangelium
2150 2692 2245 2734 vo:

665 2775 819 2831 cibus
848 2781 1106 2829 contonat
1137 2791 1150 2827 :
1192 2771 1313 2827 Non
1352 2772 1556 2843 potestis
1594 2769 1788 2825 duobus
1817 2770 2033 2824 dominis
2061 2771 2248 2825 servire

664 2866 835 2937 (Luc.
869 2869 957 2925 16.
991 2869 1058 2925 15
1080 2866 1134 2939 );
1162 2876 1216 2923 et
1241 2867 1403 2923 audet
1439 2867 1719 2938 quisquam
1746 2865 2058 2922 mendacem
2091 2863 2250 2921 Chri-

664 2967 807 3014 stum
837 2958 1043 3026 facere,
1073 2959 1420 3026 Mammulae,
1445 2968 1500 3015 et
1531 2958 1756 3014 Duuiluo
1783 2956 2107 3013 scrt'iendo?
2136 2956 2249 3013 Vo-

663 3050 916 3106 ciferatur
940 3049 1032 3105 ille
1056 3064 1200 3121 saepe
1230 3067 1245 3106 :
1273 3049 1334 3105 Si
1354 3050 1467 3120 quis
1492 3050 1598 3111 vult
1625 3060 1738 3120 post
1770 3066 1850 3105 me
1872 3050 2040 3105 uenire
2060 3092 2076 3118 ,
2102 3051 2252 3105 abne-

663 3149 745 3211 get
769 3140 1091 3211 semetipsum
1112 3139 1228 3206 sibi,
1262 3148 1309 3193 et
1337 3139 1483 3193 tollat
1508 3155 1707 3195 crucem
1732 3156 1877 3194 suam
1905 3168 1921 3207 δ
1949 3148 1995 3195 et
2014 3150 2251 3209 sequatur

664 3240 746 3284 tne
781 3228 965 3301 (Ibid.
1008 3229 1062 3285 9.
1093 3229 1165 3287 25
1188 3230 1229 3302 ).
1270 3230 1338 3285 Et
1364 3246 1463 3301 ego
1488 3240 1713 3286 onustus
1739 3245 1872 3287 auro
1900 3230 2136 3287 arbitror
2162 3247 2249 3288 me

663 3318 934 3374 Christum
964 3320 1158 3391 sequi?
1188 3338 1207 3372 ι
1236 3319 1339 3388 Qui
1365 3321 1494 3374 dicit
1529 3335 1588 3376 se
1619 3324 1671 3377 in
1699 3321 1972 3377 Christum
2003 3321 2246 3387 credere,

666 3410 828 3466 debet
870 3411 1138 3481 quomodo
1182 3411 1272 3466 ille
1313 3411 1647 3481 ambulavit,
1679 3420 1733 3467 ct
1762 3413 1875 3483 ipse
1902 3413 2193 3469 ambulare.
2221 3430 2242 3467 ι

667 3501 746 3571 (1.
777 3500 934 3555 Joan.
957 3501 1013 3555 9.
1045 3500 1122 3574 6).

740 3584 793 3646 7.
818 3591 968 3661 Quod
993 3592 1038 3646 si
1061 3592 1191 3646 nihil
1208 3592 1371 3648 habes
1396 3582 1477 3663 (ut
1496 3604 1544 3650 te
1570 3610 1949 3664 responsurum
1978 3598 2111 3669 scio)
2130 3614 2246 3666 cur,

669 3690 776 3736 tam
808 3682 944 3738 bene
970 3692 1190 3752 paratus
1219 3684 1284 3737 ad
1316 3683 1474 3751 bella,
1503 3701 1605 3738 non
1638 3686 1872 3740 utilitas?
1900 3687 2008 3741 Nisi
2038 3688 2174 3746 forte
2195 3692 2248 3746 in

666 3773 836 3843 patria
869 3780 955 3827 tua
988 3782 1041 3828 te
1074 3772 1352 3828 arbitraris
1383 3773 1483 3829 hoc
1514 3774 1709 3839 facere,
1748 3788 1871 3831 cum
1924 3777 1978 3831 in
2019 3796 2112 3834 sua
2140 3781 2249 3834 Doa-

665 3864 845 3929 minns
874 3864 1025 3935 signa
1057 3880 1164 3918 non
1199 3864 1403 3920 fecerit.
1436 3866 1504 3920 Et
1528 3882 1624 3922 cur
1650 3866 1744 3923 id?
1769 3868 1901 3924 Cum
1931 3873 2249 3929 auctoritate

664 3971 815 4011 sume
842 3958 1127 4012 rationem.
1167 3955 1328 4012 Nemo
1349 3957 1682 4037 Prophetain
1703 3963 1870 4033 patria
1895 3978 1987 4016 sua
2000 3963 2246 4018 honorem

664 4050 811 4103 habet
841 4046 970 4119 (Luc
1009 4049 1085 4118 ιι).
1105 4047 1219 4104 Non
1238 4065 1438 4116 qnzcro,
1464 4052 1688 4123 inquies,
1713 4052 1972 4109 honorem
2001 4069 2015 4107 :
2045 4055 2243 4111 sufficit

665 4137 795 4193 mihi
844 4138 1171 4194 conscientia
1214 4156 1358 4195 mea.
1420 4142 1602 4214 Neque
1651 4145 1905 4202 Dominus
1952 4148 2246 4217 qumrcbat,

664 4231 862 4302 quippe
889 4232 976 4301 qui
1008 4247 1076 4289 ue
1118 4248 1147 4288 a
1181 4234 1351 4290 turbis
1391 4250 1489 4291 rex
1519 4238 1936 4294 constitueretur
1959 4281 1972 4303 ,
2022 4230 2245 4311 aufugit.

665 4323 770 4377 Sed
803 4323 890 4377 nbl
921 4323 1092 4379 honor
1116 4341 1221 4380 non
1252 4335 1355 4390 est,
1382 4328 1451 4383 ibi
1485 4338 1823 4400 contemptus
1852 4342 1954 4386 est.
1988 4333 2088 4388 Ubi
2114 4348 2247 4388 eone

665 4418 923 4483 temptus,
948 4415 1020 4472 ibi
1042 4416 1291 4487 frequens
1318 4418 1507 4487 injuria
1540 4436 1555 4473 :
1587 4421 1672 4473 ubi
1701 4431 1885 4475 autem
1911 4423 2101 4492 injuria
2125 4464 2142 4487 ,
2174 4425 2248 4480 ihi

666 4512 720 4559 et
746 4505 1075 4577 indignatio:
1107 4509 1194 4565 ubi
1447 4509 1761 4581 indignatio,
1789 4513 1861 4567 ibi
1883 4514 2041 4585 quies
2062 4516 2244 4571 nulla:

732 4677 797 4754 (α)
841 4678 1080 4730 Victorius
1103 4690 1154 4732 et
1164 4680 1472 4754 Martiauzeus
1484 4683 1641 4754 scylla
1657 4698 1743 4736 ceu
1760 4687 2002 4754 renidens,
2019 4686 2113 4741 nec
2130 4696 2249 4745 satis

662 4746 922 4819 concinne,
950 4755 1211 4819 paucisne.
1230 4746 1562 4819 nobisstatini
1594 4750 1812 4819 occurrit
1834 4763 1931 4799 uno
1950 4746 2121 4819 jerho
2141 4754 2226 4819 leg

663 4803 1012 4872 scyllamum,
1042 4806 1172 4872 quod
1204 4814 1269 4872 et‘
1290 4806 1594 4872 nati/iugum
1623 4809 1747 4858 dixit
1770 4809 1918 4860 Maro.
1944 4803 2248 4867 Commodith

665 4870 829 4939 tamen
871 4867 1170 4939 vetustiores
1208 4867 1407 4939 editos;
1446 4867 1499 4939 ei.
1548 4872 1980 4939 manuscriptorum
2004 4889 2246 4939 Antagnam

665 4885 829 4938 tamen
872 4885 1170 4937 vctusuores
1208 4885 1364 4939 euttqs
1389 4895 1404 4927 ο
1446 4885 1499 4918 et.
1548 4885 1980 4980 manuscriptorutn
2023 4889 2243 4939 magnam

665 4930 941 5000 vimusequi
966 4926 1145 5000 placuit
1160 4960 1175 4989 ,
1202 4943 1232 4979 e
1253 4930 1435 4991 quibus
1454 4930 1685 5000 duo,_sed
1707 4945 1737 4981 e
1760 4948 1793 4993 g
1812 4937 2043 5000 ossatoris
2064 4952 2243 5000 manu,

665 4994 721 5034 In
742 4985 829 5037 illo
849 4985 1207 5098 niaris‘Iervore
1230 4985 1406 5052 vorago
1439 4985 1683 5060 quietiam,
1705 4985 2245 5069 et'prwcipitiumiiute;

665 5045 835 5098 ﬂuctus
872 5057 942 5098 est
980 5060 999 5097 t
1033 5049 1250 5098 tantde
1281 5052 1513 5098 luxum.
1551 5065 1647 5098 etc;
1687 5053 1952 5098 (ΣΙιιιιννΜις
1987 5068 2153 5098 auiam
2193 5071 2242 5098 οι

661 5045 835 5121 ἔπαιξα
872 5057 960 5121 εει.
980 5045 1250 5121 (Partth
1281 5045 1513 5121 (μέντᾶν.
1551 5065 1647 5104 εισι
1673 5045 2248 5121 ἶβιιτὶηδςιιὲῥίίῐέιὶῖὲὶ

663 5107 840 5218 mite
864 5107 1336 5164 notissinta'historia
1358 5120 1461 5175 est,
1484 5107 1650 5180 deque
1673 5107 1846 5167 ιιειιεὼ
1868 5107 2042 5171 fabulae
2056 5107 2247 5174 ’Ῑιὸὶξιὲξ

731 5226 797 5302 (b)
824 5231 1140 5302 Antiquiores
1149 5236 1267 5302 editi
1289 5244 1470 5302 montes
1491 5237 1630 5289 habet
1646 5237 1772 5291 intus
1790 5240 2013 5293 inclusos.
2032 5253 2161 5297 Intus
2174 5253 2246 5297 est

663 5302 746 5369 per
751 5292 975 5369 itali-tut,
988 5303 1084 5344 etc.
1109 5296 1217 5345 Alia
1247 5298 1371 5369 intra
1394 5298 1687 5369 glossemata
1705 5335 1720 5360 ,
1755 5317 1867 5365 qua:
1888 5304 2007 5354 olim
2030 5292 2245 5369 ινίιξιῐέὲἐ

664 5360 788 5425 rapt,
807 5353 1044 5425 adnotare
1070 5369 1165 5425 non
1186 5366 1263 5425 est
1287 5353 1452 5425 operae
1476 5365 1704 5422 pretium.

721 5409 1155 5490 (Q‘Cigte‘rciensi‘s,
1174 5409 1356 5489 aliique
1375 5409 1488 5469 Mss:
1507 5409 1600 5471 non
1614 5409 1776 5490 pauci,
1789 5434 1937 5489 atque
1951 5428 2087 5487 editi,
2109 5440 2245 5482 (rus:

665 5476 1132 5550 gntermte:_s_eilicet
1154 5476 1292 5550 navis
1323 5490 1580 5550 anteanam
1615 5476 1775 5533 Cruei'
1793 5476 2087 5550 comparare
2112 5476 2245 5542 sole:

665 5529 1034 5608 bantAsLetcresn
1054 5537 1179 5587 Hine
1199 5541 1395 5608 I’Aseudo
1415 5529 2242 5608 iheronimus-serium:

666 5597 1155 5673 afﬂictarum.
1280 5601 1496 5673 τειαξιίιῑξ
1527 5597 1706 5673 "tam
1724 5611 1834 5673 ,ξιιυ
1865 5608 2025 5673 ﬁgura
2041 5597 2247 5665 sane

663 5650 1273 5732 col-itaut.§!intilia
1286 5666 1411 5732 apup
1423 5650 1704 5732 ‘Mintirinni
1724 5650 2246 5732 ιίδιῖιείίιῗιῖλῑ

663 5707 1041 5776 Taurineusem,
1066 5713 1284 5779 aliosque
1309 5707 1497 5780 iussin],
1512 5707 1747 5775 isi-Line;

1964 279 2202 352 sitan
2243 273 2613 351 tueuoa‘vxn

3810 294 3908 357 359

2350 408 2436 462 ubi
2469 410 2618 478 quies
2646 422 2750 463 non
2768 416 2870 474 est,
2903 407 2972 463 ibi
3001 406 3152 463 mens
3170 423 3198 463 a
3225 400 3504 479 preposiio
3532 422 3677 479 smpe
3700 406 3908 468 deduci-

2350 494 2455 552 tur.
2488 498 2589 554 Ubi
2633 511 2811 553 autem
2843 514 2936 568 per
2974 498 3397 568 inquietudinem
3444 499 3640 569 aliquid
3685 502 3909 558 aufertur

2347 604 2416 644 ex
2441 589 2639 655 studio,
2674 591 2850 643 minus
2878 589 2936 644 fit
2961 589 3031 644 ab
3054 604 3142 654 eo,
3165 588 3305 660 quod
3340 588 3541 643 tollitur
3569 606 3582 642 :
3614 600 3667 645 et
3702 591 3785 645 ubi
3812 595 3906 647 mia

2349 697 2451 751 nus
2475 691 2575 743 est.
2612 681 2906 750 perfectum
2934 698 3038 736 non
3063 691 3237 752 potest
3264 681 3391 735 dici.
3422 682 3498 735 Ex
3530 682 3627 737 hac
3662 690 3908 754 supputa-

2347 762 2495 825 tione
2516 789 2718 826 sntmna
2745 757 2834 826 illa
2864 774 3104 827 nascitur
3123 814 3138 837 ,
3166 761 3486 827 Monachum
3528 772 3580 828 in
3620 777 3784 844 pal'rla
3821 787 3908 833 sua

2349 862 2642 933 perfectum
2695 880 2818 919 esse
2857 879 2962 919 non
3005 880 3182 936 posse.
3231 864 3534 921 Perfectum
3583 876 3756 923 autem
3798 884 3911 926 esse

2349 953 2509 1020 nolle,
2543 955 2857 1025 delinquere
2884 966 2985 1011 est.

2422 1044 2475 1098 8.
2494 1043 2806 1114 —Dignitas
2824 1044 3154 1101 Clericorum.
3181 1046 3288 1103 Sed
3316 1047 3384 1103 de
3413 1046 3514 1104 hoc
3529 1049 3692 1119 gradu
3717 1052 3908 1122 pulsus,

2349 1136 2666 1203 provocabis
2712 1135 2778 1190 ad
2810 1136 3072 1192 Clericos.
3107 1141 3187 1193 A'n
3232 1139 3299 1195 de
3344 1138 3428 1194 his
3454 1138 3653 1212 aliquid
3698 1144 3910 1200 audeam

2348 1225 2546 1291 dicere,
2581 1229 2670 1298 qui
2693 1232 2840 1283 certe
2867 1230 2918 1283 in
2937 1230 3047 1283 suis
3075 1231 3295 1286 urbibus
3318 1234 3750 1289 commorantur?
3773 1235 3915 1291 Absit

2348 1326 2406 1370 ut
2424 1316 2491 1372 de
2514 1318 2595 1372 his
2621 1319 2910 1389 quidquam
2934 1321 3208 1375 sinistrum
3235 1321 3443 1392 loquar,
3471 1324 3594 1393 quia
3620 1324 3913 1395 Apostolico

2349 1407 2532 1479 gradui
2562 1409 2913 1466 succedentes
2933 1452 2948 1474 ,
2992 1425 3199 1466 CHRISTI
3228 1427 3424 1467 coarus
3450 1428 3603 1468 sacro
3644 1429 3735 1469 ore
3758 1417 3914 1471 confié

2348 1500 2527 1566 ciunt;
2557 1516 2652 1571 per
2691 1516 2825 1572 quos
2865 1508 2921 1557 et
2951 1512 3048 1557 uas
3076 1502 3366 1558 Christiani
3398 1516 3602 1558 sumus;
3624 1504 3720 1573 Qui
3749 1506 3911 1563 claves

2348 1590 2496 1660 regni
2550 1591 2808 1646 caelorum
2864 1590 3140 1657 habentes,
3171 1592 3565 1663 quodammodo
3591 1605 3713 1648 ante
3741 1594 3910 1664 judi'cil

2349 1678 2491 1733 diem
2518 1679 2799 1749 iudicant:
2828 1682 2916 1750 qui
2940 1697 3192 1752 sponsam
3225 1682 3437 1737 Domini
3469 1684 3648 1738 sobria
3684 1687 3912 1742 castitate

2348 1781 2688 1826 conservant.
2717 1770 2822 1827 Sed
2845 1771 2970 1838 alia,
2996 1780 3051 1826 ut
3076 1781 3199 1827 ante
3218 1772 3527 1842 perstrinxi,
3555 1773 3911 1831 Monachorutn

2349 1872 2431 1918 est
2465 1877 2658 1929 causa,
2704 1863 2805 1917 alia
2860 1863 3211 1919 Clericorum.
3246 1862 3439 1919 Clerici
3493 1874 3713 1932 pascunt
3755 1872 3908 1921 oves:

2349 1968 2449 2026 ego
2492 1968 2702 2024 pascor.
2748 1955 2824 2008 llli
2855 1955 2922 2008 de
2944 1956 3138 2009 altario
3171 1956 3385 2009 vivunt:
3419 1955 3551 2010 mihi
3577 1956 3723 2026 quasi
3752 1956 3910 2011 intru-

2348 2054 2548 2099 ctuosze
2574 2044 2774 2109 arbori,
2799 2046 3002 2097 securis
3031 2046 3246 2115 ponitur
3275 2046 3340 2099 ad
3371 2045 3627 2110 radicem,
3658 2062 3700 2100 SI
3733 2062 3909 2101 munus

2348 2134 2413 2188 ad
2435 2134 2605 2190 altare
2652 2149 2757 2188 non
2797 2132 3003 2189 defero.
3060 2133 3169 2190 Nec
3198 2150 3413 2205 possum
3462 2135 3755 2192 obtendere
3792 2154 3912 2207 pan-

2347 2233 2804 2295 pcrtatcm,cutn
2856 2226 2909 2281 in
2948 2225 3240 2295 Evangelio
3294 2240 3457 2281 anum
3504 2227 3753 2292 viduam,
3797 2228 3909 2293 duo,

2344 2335 2464 2390 quae
2481 2319 2595 2375 sola
2618 2319 2718 2375 sibi
2747 2328 3086 2389 supererant,
3114 2334 3220 2373 tera
3249 2319 3552 2375 mittentem
3583 2320 3635 2375 in
3660 2319 3910 2390 gampliy-

2344 2409 2562 2475 lacium,
2597 2409 2897 2465 laudaverit
2935 2410 3190 2464 Dominus
3217 2408 3367 2478 (Lac.
3393 2410 3484 2465 2i.
3514 2409 3635 2482 24).
3661 2410 3779 2465 Mihi
3799 2417 3911 2465 ante

2345 2501 2718 2572 presbyterum
2749 2500 2943 2557 sedere
2982 2516 3089 2555 non
3122 2501 3280 2556 licet:
3314 2500 3413 2567 illi,
3447 2501 3491 2556 si
3526 2492 3828 2572 peccavero,
3854 2500 3909 2555 li-

2345 2599 2433 2646 cet
2459 2591 2669 2646 tradere
2685 2606 2772 2646 me
2791 2591 3002 2646 Satana:
3027 2592 3081 2646 in
3104 2592 3376 2646 interitum
3405 2593 3610 2657 carnis,
3637 2603 3692 2647 ut
3712 2592 3910 2662 spiritus

2346 2683 2523 2738 salvus
2552 2684 2622 2738 sit
2650 2681 2727 2752 (l.
2756 2683 2877 2738 Cor.
2909 2684 2963 2740 5.
2987 2685 3068 2756 5).
3100 2684 3169 2739 Et
3194 2684 3247 2738 in
3284 2686 3451 2739 veteri
3481 2685 3698 2756 quidem
3744 2684 3907 2756 Lege,

2347 2776 2667 2847 quicumque
2732 2776 3115 2833 Sacerdotibus
3181 2786 3286 2832 nun
3328 2777 3778 2849 obtemperasset,
3829 2785 3912 2833 aut

2350 2877 2500 2922 extra
2521 2878 2696 2920 castra
2727 2868 2950 2936 pesitus,
2974 2866 3308 2936 lapidabatur
3326 2883 3355 2921 a
3387 2870 3627 2938 populo;
3654 2880 3739 2924 aut
3752 2868 3911 2940 gladio

2350 2959 2557 3014 cervice
2582 2957 2842 3027 subjecta,
2873 2967 3241 3028 contemptum
3270 2960 3524 3029 expiabat
3546 2977 3731 3016 cruore
3748 2959 3905 3030 (Dein.

2352 3051 2440 3105 17.
2487 3049 2604 3120 12).
2651 3048 2802 3103 Nunc
2849 3063 2979 3104 vero
3025 3049 3337 3105 inohediens
3375 3051 3642 3119 Spirituali
3679 3060 3911 3105 mucrone

2351 3150 2626 3197 truncatur
2650 3158 2663 3195 :
2691 3148 2783 3195 aut
2803 3140 3006 3210 ejectns
3029 3141 3096 3196 de
3125 3141 3360 3196 Ecclesia
3389 3142 3585 3199 rabido
3631 3141 3909 3197 daemonum

2350 3250 2445 3291 ore
2470 3233 2810 3302 discerpitur.
2842 3232 2994 3299 Quod
3024 3233 3068 3287 si
3099 3242 3151 3288 te
3180 3230 3393 3304 quoque
3418 3233 3483 3288 ad
3510 3235 3756 3291 eumdem
3776 3233 3912 3289 Ordi-

2351 3341 2471 3381 nem
2503 3326 2587 3395 pia
2629 3325 2855 3378 fratrum
2905 3322 3267 3377 blandimenta
3314 3324 3637 3389 sollicitant,
3691 3323 3912 3396 gaudebo

2349 3416 2418 3473 de
2440 3430 2685 3478 ascensu,
2730 3414 2825 3469 sed
2855 3414 3054 3468 timebo
3101 3413 3167 3469 de
3213 3415 3382 3485 lapsu.
3409 3414 3517 3482 Qui
3574 3416 3911 3489 Episcopatum

2349 3506 2639 3571 desiderat,
2671 3507 2853 3559 bonum
2900 3521 3027 3576 Opus
3074 3505 3349 3561 desiderat.
3396 3506 3617 3563 Scimus
3667 3510 3758 3563 ista
3789 3505 3911 3561 :scd

2345 3600 2511 3672 junge
2548 3598 2688 3668 quod
2720 3598 2962 3667 sequitur
2989 3612 3003 3651 :
3040 3596 3250 3669 Oportet
3270 3608 3434 3653 autem
3465 3601 3759 3671 hujnsmndi
3797 3584 3912 3652 irreé

2350 3686 2735 3761 prelteusibilem
2761 3702 2885 3749 esse,
2911 3691 3062 3741 unius
3089 3689 3266 3742 umoris
3294 3692 3475 3755 virum,
3506 3690 3749 3757 sobrimn,
3772 3689 3912 3760 pudi-

2349 3796 2486 3845 cum,
2521 3779 2839 3845 prudentem,
2863 3787 3118 3844 ornatum,
3143 3778 3464 3848 hospitalem,
3490 3781 3791 3846 docibilem,
3824 3791 3912 3832 neu

2348 3870 2672 3933 vinolentum,
2692 3885 2792 3922 non
2809 3884 3175 3940 percussorem,
3189 3869 3279 3922 sed
3289 3870 3570 3924 modestum
3602 3873 3678 3943 (Ι.
3696 3870 3820 3926 Tim.
3840 3871 3913 3939 5).

2352 3962 2418 4018 Ει
2469 3961 2702 4029 οωιρτίε,
2777 3959 2882 4032 35
2956 3975 3076 4033 qua:
3108 3960 3176 4015 de
3204 3976 3269 4016 eo
3297 3974 3614 4032 sequuntur,
3646 3961 3911 4034 explicitis,

2349 4070 2454 4109 non
2479 4056 2737 4109 minorem
2759 4055 2835 4126 (ά)
2863 4057 2914 4109 in
2937 4056 3094 4110 tertio
3124 4055 3286 4124 gradu
3305 4056 3550 4112 adhibuit
3580 4058 3913 4128 diligentiam,

2350 4144 2534 4198 dicens
2566 4163 2580 4199 :
2613 4142 2872 4198 Diaconos
2899 4146 3130 4199 similiter
3151 4146 3393 4214 pudicos:
3416 4163 3518 4200 non
3542 4147 3805 4219 bilingues,
3825 4151 3919 4198 tum

2350 4233 2509 4287 multo
2535 4235 2646 4287 vino
2664 4234 2878 4301 deditos,
2904 4251 3003 4289 non
3036 4238 3345 4307 turpilucros
3366 4235 3475 4310 [al.
3501 4240 3667 4310 turpis
3682 4237 3811 4292 lucri
3827 4251 3918 4305 ορ-

2350 4323 2626 4398 petitores]
2654 4343 2668 4377 :
2700 4327 2936 4381 habentes
2966 4326 3043 4398 (l)
3075 4330 3409 4382 nrinisterium
3433 4330 3558 4400 ﬁdei
3588 4332 3643 4383 in
3669 4329 3917 4384 consciam

2350 4420 2425 4471 tia
2450 4434 2600 4487 pura.
2633 4416 2699 4471 Et
2742 4418 2797 4472 hi
2835 4430 3002 4473 autem
3029 4419 3306 4490 probentur
3332 4422 3555 4493 primum
3575 4440 3594 4477 :
3620 4433 3665 4477 et
3685 4424 3755 4477 sic
3778 4419 3920 4474 mini-

2348 4518 2504 4563 strent
2530 4548 2545 4573 ,
2575 4509 2773 4564 nullum
2799 4511 2987 4565 crimen
3017 4512 3273 4567 habentes.
3313 4513 3404 4568 Va:
3458 4515 3536 4570 illi
3587 4513 3806 4579 homini,
3835 4510 3918 4581 qui

2348 4615 2552 4659 vestem
2578 4620 2691 4681 non
2714 4606 2918 4661 habens
2946 4608 3260 4677 nuptialem,
3291 4608 3586 4678 ingreditur
3606 4609 3671 4663 ad
3697 4620 3917 4662 umnam.

2350 4694 2488 4750 Nilnl
2518 4707 2787 4767 superest,
2818 4698 2921 4753 nisi
2950 4710 3007 4753 ut
3034 4701 3214 4753 statim
3246 4701 3422 4755 audiat
3452 4717 3466 4754 :
3494 4703 3664 4755 Amice
3680 4696 3920 4769 quoinodo

2348 4787 2444 4840 huc
2464 4789 2700 4843 intrasti?
2728 4787 2795 4842 Et
2824 4788 2913 4843 illo
2955 4791 3356 4846 obmutescente
3385 4792 3593 4845 dicatur
3625 4788 3879 4845 ministris
3919 4800 3932 4839 :

2352 4876 2533 4932 Tollite
2553 4879 2721 4946 illum,
2751 4880 2921 4950 ligatis
2942 4879 3170 4935 ntanibus
3187 4892 3233 4934 et
3256 4881 3484 4950 pedibus,
3529 4890 3576 4934 et
3606 4879 3781 4933 mittite
3814 4891 3922 4931 eum

2347 4969 2399 5022 in
2431 4976 2657 5025 tenebras
2681 4973 2972 5033 exteriores,
3004 4973 3091 5025 ubi
3115 4972 3210 5026 erit
3236 4973 3386 5042 ﬂetus
3413 4983 3461 5027 et
3484 4969 3673 5025 stridor
3705 4968 3923 5023 dentiam

2350 5058 2559 5130 (Matth.
2584 5061 2677 5114 εἰ.
2705 5061 2792 5115 12.
2818 5062 2928 5133 15).
2963 5062 3052 5117 Va:
3077 5063 3154 5118 illi
3208 5064 3296 5134 qui
3351 5072 3626 5134 acceptum
3674 5060 3921 5115 talentum

2350 5151 2402 5205 in
2434 5151 2650 5207 sudario
2679 5152 2870 5223 ligans,
2894 5156 3102 5210 caneris
3126 5155 3268 5210 lucra
3291 5155 3630 5218 incientibus,
3651 5153 3705 5209 id
3726 5162 3921 5207 tantum

2348 5242 2489 5311 quod
2512 5254 2812 5315 acceperat,
2838 5248 3148 5302 reservavit.
3181 5249 3329 5303 Illico
3360 5247 3692 5320 indignantis
3727 5241 3929 5300 Domini

2400 5373 2471 5445 (ιζ)
2497 5375 2613 5428 Cum
2631 5380 2828 5429 tertium
2843 5382 3045 5445 gradum
3063 5385 3322 5434 Diaconum
3338 5383 3487 5444 dicat,
3504 5381 3635 5445 vide
3653 5393 3793 5444 quam
3806 5386 3936 5445 aper-

2348 5436 2770 5502 te'liptseolorum
2795 5436 3209 5505 [triuemineutiam
3234 5447 3372 5500 hinc.
3394 5452 3447 5495 et
3474 5436 3851 5506 'a_Pres'byt_eris
3870 5436 3940 5485 fa-

2349 5508 2529 5566 teatur,
2551 5510 2717 5566 contra
2738 5503 2881 5566 quam
2904 5507 3121 5554 sensisse
3145 5507 3277 5556 illum
3310 5509 3455 5555 toties
3477 5503 3734 5566 blateran't
3757 5503 3941 5566 hetero-

2347 5561 2487 5630 d‘oxi,
2508 5560 2789 5625 Diligenter
2810 5567 3119 5630 adnotandus
3152 5576 3230 5617 est
3265 5566 3689 5630 etiamsuperior
3714 5560 3941 5630 locusde

2346 5621 2754 5688 Presbyterixum
2793 5626 3031 5688 dignitate
3068 5636 3233 5678 contra
3270 5621 3628 5678 bzeretieof'um
3665 5622 3934 5675 calumnias.

2411 5683 2486 5744 (ι)
2512 5683 2668 5735 Ὁτιιν.
2691 5683 2925 5750 corrigit,
2949 5689 3227 5752 mysterium
3252 5703 3312 5739 ex
3341 5689 3484 5740 Grec.
3511 5696 3675 5749 ιιτνας
3696 5699 3740 5736 τὸ
3759 5695 3942 5748 μυστήρια

2350 5760 2416 5801 τῆς
2440 5758 2602 5803 νήστιας.
