4048 6186
213 259 314 318 553

214 388 447 442 clamore
493 384 752 442 ferietur:
786 382 1213 456 Serreneqnmn,
1255 395 1410 453 quare
1458 397 1557 435 non
1604 378 1789 434 drdisti

214 478 475 548 pecuniam
502 492 663 530 meam
689 477 759 528 ad
785 492 1031 539 mensam,
1060 485 1106 528 et
1130 491 1222 545 ego
1248 474 1454 526 veniens
1483 487 1594 524 cum
1625 468 1789 523 usuris

211 569 479 640 exegissem
493 584 604 622 eam
630 567 837 636 (Matth.
865 568 954 622 35.
985 566 1072 621 l6.
1100 564 1213 636 l7)?
1235 565 1288 622 id
1318 574 1420 628 est,
1445 563 1789 633 deposuisses

211 658 272 713 ad
303 659 493 723 altare,
522 658 661 727 quod
694 656 835 711 ferre
856 673 961 710 non
987 668 1219 726 poteras.
1247 658 1375 708 Dum
1396 655 1538 710 enim
1569 666 1621 708 tu
1644 656 1788 724 igna-

210 766 303 803 vus
324 748 937 819 negotiatordenarium-
971 756 1142 813 lenes,
1190 747 1410 801 alterius
1454 747 1648 808 locutu,
1696 748 1786 815 qui

209 842 481 911 pecuniam
512 840 784 911 duplicare
830 849 1069 910 poterat,
1097 841 1389 909 occupasti.
1428 840 1785 907 Quamobrem

204 933 358 987 sicuti
388 933 479 1002 qui
523 933 663 987 bene
689 932 981 994 ministrat,
1006 931 1202 985 bonum
1224 932 1446 1000 gradum
1477 930 1575 985 sibi
1598 931 1784 1000 acqui-

201 1026 269 1079 rit
299 1041 315 1075 :
345 1025 417 1078 ita
450 1025 540 1095 qui
579 1008 798 1094 indigne
830 1022 895 1077 ad
922 1025 1142 1079 calicem
1172 1024 1377 1077 Domini
1408 1024 1630 1086 accedit,
1662 1040 1784 1079 reus

198 1116 303 1169 erit
331 1114 593 1169 Dominici
625 1115 885 1185 Corporis
909 1124 963 1169 et
1009 1114 1295 1183 Sanguinis
1323 1116 1368 1183 (Ι
1428 1114 1544 1170 Cor.
1575 1116 1686 1185 il).

265 1206 323 1262 9.
366 1206 488 1262 Non
527 1223 715 1271 omnes
758 1209 1037 1277 Episcopi,
1071 1207 1318 1277 Episcopi
1348 1216 1494 1261 sunt.
1541 1207 1785 1264 Attendis

188 1298 414 1355 Petrum
438 1319 450 1353 :
469 1299 564 1354 sed
582 1311 633 1353 et
653 1299 843 1353 .ludam
859 1300 1159 1354 considera.
1182 1300 1508 1370 Stephanum
1533 1300 1779 1369 suspicis:

185 1393 289 1448 sed
323 1402 381 1447 et
410 1393 686 1448 Nicolaum
714 1395 944 1461 respice,
974 1408 1131 1463 quem
1162 1393 1416 1447 Dominus
1438 1393 1488 1446 in
1515 1393 1783 1463 Apocaly-

189 1484 274 1554 psi
307 1498 406 1536 sua
430 1484 651 1537 damnat
681 1484 945 1538 sententia
972 1504 985 1534 :
1019 1483 1107 1552 qui
1141 1492 1246 1536 tam
1280 1482 1448 1553 turpia
1474 1492 1525 1535 et
1551 1480 1778 1537 nefanda

185 1582 536 1630 commentus
557 1582 662 1636 est,
694 1582 751 1626 ut
781 1572 856 1643 (a)
906 1572 1285 1626 Nieolaitarum
1319 1572 1541 1627 ltau'esis
1585 1586 1651 1626 ex
1693 1572 1777 1625 illa

190 1666 379 1721 radice
410 1675 681 1718 nascatur.
719 1663 915 1717 I’rubcl
938 1678 997 1717 se
1022 1662 1402 1732 unusquisque,
1439 1672 1490 1715 ct
1519 1663 1595 1716 sic
1624 1677 1777 1715 arce-

186 1755 303 1812 dat.
344 1754 459 1810 Nox
505 1770 660 1809 rscrr
693 1754 1068 1809 Ecclesiastica
1114 1753 1346 1823 dignitas
1382 1752 1767 1807 Christianum.

186 1845 473 1902 Cornelius
493 1846 752 1900 Centurio
772 1843 946 1898 adlmc
970 1845 1233 1907 ethnicus,
1256 1842 1400 1897 dono
1443 1841 1622 1897 Sancti
1650 1842 1769 1911 Spi-

186 1945 325 1999 ritus
375 1942 661 1998 mundatur
690 1941 827 2011 (Act.
866 1938 991 2011 l0).
1037 1938 1386 2009 Presbyteros
1418 1937 1598 1991 Daniel
1639 1950 1773 2008 puer

180 2034 382 2105 judicat
413 2032 573 2105 (Dan.
600 2033 724 2095 l5):
761 2035 922 2086 Amos
954 2032 1205 2085 ruborum
1240 2045 1389 2084 mora
1421 2030 1766 2101 distringi-us,

185 2136 411 2196 repente
465 2125 726 2195 Propheta
773 2125 993 2179 effertus
1036 2134 1138 2179 est.
1212 2118 1321 2196 30
1395 2123 1558 2179 David
1589 2135 1771 2193 pastor

186 2218 403 2288 eligitur
427 2217 478 2270 iu
508 2216 705 2286 Regem
748 2216 823 2287 (1.
851 2215 979 2287 Reg.
1012 2214 1121 2287 lG).
1153 2214 1426 2269 Minimum
1452 2214 1769 2286 discipulum

181 2305 342 2365 Jesus
370 2317 513 2364 amat
556 2308 863 2380 plurimutn.
898 2306 1127 2362 Inferius
1183 2306 1346 2361 frater
1388 2308 1664 2372 accumbe,
1714 2322 1771 2362 ut

184 2402 398 2455 minore
425 2400 766 2466 adveniente,
791 2416 1003 2454 sursum
1029 2399 1267 2468 jubearis
1289 2398 1582 2454 ascendere
1614 2398 1767 2469 (an.

185 2491 300 2563 16).
316 2490 489 2561 Super
508 2505 665 2560 quem
698 2491 952 2545 Dominus
974 2490 1280 2561 requiescit.
1300 2491 1398 2546 nisi
1419 2505 1579 2560 super
1596 2490 1769 2545 inimi-

183 2577 292 2637 lem
319 2592 376 2638 et
397 2584 655 2653 quietum,
672 2592 725 2638 et
752 2592 1070 2638 trementem
1099 2583 1258 2638 verba
1279 2599 1371 2637 sua
1392 2582 1547 2655 (Isai.
1567 2582 1655 2637 06.
1685 2582 1769 2654 3)?

179 2675 281 2731 Cui
305 2677 422 2746 plus
448 2676 709 2742 creditur,
752 2676 870 2747 plus
909 2675 978 2731 ab
1024 2677 1361 2747 eoexigitur.
1402 2676 1638 2732 Potentes
1676 2694 1767 2745 p0-

183 2774 343 2823 tenter
359 2778 608 2823 tormenta
623 2767 879 2837 patientur
904 2766 1058 2840 (Sap.
1072 2767 1125 2823 6.
1146 2768 1223 2839 3).
1247 2767 1356 2824 Nec
1371 2768 1471 2823 sihl
1489 2769 1765 2839 quisquam

178 2861 250 2917 de
287 2861 535 2930 corporis
581 2859 661 2933 (Ι)
692 2870 896 2915 tantum
939 2861 1120 2915 mundi
1148 2861 1395 2917 castitate
1423 2862 1761 2932 supplaudat,

179 2967 302 3008 cum
367 2967 529 3008 omne
588 2951 810 3007 verbum
856 2954 1126 3019 otiosum,
1174 2952 1553 3023 quodcumque
1600 2954 1765 3009 locuti

181 3042 384 3099 fuerint
429 3042 674 3098 homines
697 3084 712 3109 ,
751 3042 1014 3098 reddituri
1044 3045 1155 3099 sint
1181 3059 1277 3114 pro
1305 3059 1371 3099 eo
1406 3045 1669 3099 rationem
1711 3046 1763 3100 in

178 3135 268 3189 die
311 3134 497 3204 judicii
549 3133 792 3206 (Matth.
850 3135 940 3190 12.
987 3135 1058 3207 5)
1110 3155 1125 3191 :
1179 3148 1302 3192 cum
1357 3137 1519 3192 etiam
1575 3138 1763 3193 convi-

177 3228 323 3283 cium
357 3228 409 3282 in
448 3228 687 3294 fratrem,
716 3227 990 3284 homicidii
1018 3230 1089 3283 sit
1116 3238 1315 3284 reatus.
1341 3229 1456 3284 Non
1496 3240 1582 3286 est
1611 3229 1763 3287 facile

177 3325 326 3373 stare
351 3319 470 3373 loco
496 3317 670 3385 Pauli,
700 3326 884 3374 tenere
903 3319 1125 3387 gradum
1151 3319 1317 3381 Petri.
1335 3319 1446 3390 jam
1473 3336 1595 3376 cum
1610 3321 1765 3376 Citri-

175 3419 264 3465 sto
294 3410 629 3481 regnantium
654 3427 671 3465 :
702 3426 770 3466 ne
794 3409 932 3467 forte
962 3411 1140 3468 veniat
1167 3412 1406 3483 angelus,
1449 3413 1539 3480 qui
1564 3413 1762 3467 scindat

174 3501 344 3557 velum
374 3504 547 3572 templi
583 3501 679 3571 tui,
708 3504 798 3574 qui
821 3502 1184 3559 candelabrum
1226 3514 1366 3558 tuum
1411 3504 1473 3558 de
1498 3504 1610 3559 loco
1647 3521 1758 3560 mo-

171 3604 290 3650 veat
321 3593 502 3665 (Apoc.
533 3595 587 3650 Ξ.
611 3592 690 3667 5).
719 3593 1099 3651 [Ediﬁcaturus
1120 3596 1339 3659 turrim,
1371 3595 1533 3651 fttturi
1578 3598 1760 3666 operis

167 3695 424 3755 sumptus
480 3696 705 3757 supputa
740 3685 890 3757 (Luc.
925 3689 1009 3742 li.
1037 3687 1151 3759 28).
1202 3686 1519 3742 Inlatuatuui
1569 3688 1646 3742 sal
1690 3687 1758 3743 ad

167 3776 309 3832 nihil
340 3787 425 3831 est
473 3778 624 3841 utile,
655 3778 755 3833 nisi
782 3788 840 3832 ut
884 3779 1195 3848 projiciatur
1221 3778 1365 3833 foras
1393 3821 1407 3843 ,
1437 3789 1491 3834 et
1524 3796 1551 3832 a
1583 3780 1759 3850 porcis

166 3868 545 3923 cnueulcetur.
590 3867 879 3939 Monachus
908 3870 951 3921 si
982 3868 1258 3935 ceciderit,
1292 3870 1498 3939 rogabit
1548 3886 1645 3939 pro
1691 3887 1758 3927 eo

165 3957 463 4015 Sacerdos.
508 3957 616 4013 Pro
642 3958 948 4013 Sacerdotis
974 3959 1122 4028 lapsu
1154 3960 1273 4029 quis
1318 3972 1599 4031 rogaturus
1639 3962 1759 4018 est?

245 4050 338 4106 10.
381 4048 489 4104 Sed
516 4047 767 4118 quoniam
801 4048 881 4119 (ﬁ)
905 4064 935 4103 e
965 4049 1264 4118 scopulosis
1303 4050 1434 4105 locis
1459 4054 1761 4123 enavigavit

168 4144 371 4209 oratio,
403 4150 457 4196 et
485 4141 624 4196 inter
648 4155 805 4196 cavas
832 4142 1071 4211 spumeis
1092 4142 1338 4198 fluetibus
1358 4153 1561 4209 cautes,
1593 4145 1756 4217 fragi-

168 4235 243 4291 lis
273 4235 325 4288 in
356 4233 519 4287 altum
558 4231 732 4288 cimba
766 4232 1049 4303 processit,
1091 4233 1438 4303 expandenda
1474 4236 1588 4290 vela
1634 4246 1759 4293 sunt

169 4326 373 4390 ventis,
402 4332 458 4379 et
497 4324 855 4395 qumstionum
902 4324 1138 4394 scopulis
1163 4325 1536 4392 transvadatis,
1568 4325 1755 4382 laetan-

171 4419 307 4473 tium
338 4433 488 4474 more
517 4427 819 4479 nautarum,
840 4416 1032 4487 epilogi
1064 4415 1138 4488 (ιι)
1169 4416 1407 4473 celeuma
1435 4418 1754 4474 cantandum

171 4518 275 4565 est.
294 4508 339 4563 0
357 4508 654 4573 desertum,
676 4506 875 4562 Christi
899 4506 1125 4563 ﬂoribus
1141 4510 1400 4563 vernans!
1433 4506 1478 4563 Ο
1502 4509 1753 4573 solitudo,

171 4600 229 4657 in
247 4615 349 4671 qua
376 4600 450 4656 illi
478 4608 771 4655 nascuntur
794 4599 1017 4670 lapides,
1045 4599 1113 4655 de
1134 4600 1325 4671 quibus
1352 4599 1406 4655 iu
1436 4601 1757 4672 Apocalypsi

247 4742 310 4810 (α)
346 4738 806 4810 NonnulliCodices
837 4747 889 4791 et
923 4741 1171 4810 mcipue
1192 4738 1404 4810 Cisterc.
1429 4740 1541 4810 olim
1563 4740 1758 4810 Nonae.

172 4800 732 4867 tulittiusseopnitarum
762 4800 939 4867 legunt
961 4815 1047 4864 pro
1071 4800 1432 4867 niicotaitarmn,
1456 4806 1537 4867 cui
1546 4804 1653 4867 voci
1678 4816 1758 4852 re-

172 4817 373 4857 tutauus
394 4817 486 4853 nec
520 4817 732 4853 nuarum
764 4817 813 4852 te
849 4817 938 4852 unt
961 4817 1047 4864 pro
1071 4817 1432 4861 meatstuarmn,
1456 4817 1532 4854 cm
1552 4817 1653 4852 voci
1678 4817 1758 4852 re-

169 4870 308 4918 ctius
326 4865 404 4927 alii
443 4817 625 4913 atiiluut
647 4863 719 4914 vel
741 4817 1044 4927 Opﬁitarum,
1062 4865 1216 4927 idque
1239 4866 1450 4913 arbitror
1469 4880 1498 4914 e
1521 4862 1759 4927 Hierony-

174 4928 248 4987 rni
273 4926 452 4987 calente
472 4926 763 4987 profecisse,
782 4923 908 4975 nam
945 4934 997 4987 ut
1031 4923 1153 4975 alibi
1176 4923 1332 4975 fusius
1362 4928 1679 4987 ostendemus

169 4984 497 5050 Epiphanius,
521 4994 572 5036 et
590 4997 770 5050 auctor
795 4986 993 5037 indiculi
1019 4988 1273 5050 b_mreseou
1290 4990 1405 5050 sub
1440 4987 1559 5038 falso
1572 4986 1759 5050 Hiero-

336 5047 561 5123 naming.
655 5048 987 5123 iugastiutts‘,
1002 5048 1212 5123 aliique,
1235 5062 1264 5098 a
1287 5049 1536 5099 Nieolailis
1557 5049 1760 5110 Ophitas

170 5108 446 5174 detineant.
473 5108 580 5159 Vid.
606 5111 653 5160 in
672 5108 826 5174 Epist.
853 5110 912 5159 ad
936 5108 1183 5174 Sabinian.

249 5169 310 5237 ib)
352 5171 614 5222 Nautarum
636 5169 1132 5237 propr-iera'mlaznatio
1148 5180 1253 5237 est,
1277 5184 1422 5237 quam
1445 5173 1659 5237 maxime
1684 5172 1758 5219 in-

172 5232 366 5293 sultant,
391 5248 502 5285 cum
535 5232 690 5296 νοηίιὶ
714 5232 919 5296 pssimi
941 5238 1071 5296 sunt.
1098 5232 1755 5296 Dicitur'etiamiceleusmai,

154 5297 508 5360 exemplaque
536 5294 661 5360 apud
688 5294 892 5360 veteres
922 5294 1100 5360 passim
1134 5302 1416 5360 suppetunt.
1456 5295 1755 5360 Sidonius].

171 5362 221 5412 6-
248 5352 478 5423 epis-LX.
510 5352 905 5423 Respomontilg-s
924 5352 1132 5423 alleluia
1155 5352 1293 5423 ripis,
1322 5356 1402 5423 [at
1416 5356 1657 5407 Christum
1684 5354 1752 5423 te-

173 5428 251 5472 rat
272 5415 520 5472 hominum
543 5415 802 5478 ce'teusma,
828 5418 1061 5468 Paulinus
1080 5415 1144 5465 de
1168 5415 1327 5465 reditu
1346 5416 1560 5477 Nicaeae,
1582 5418 1761 5468 Navita:

175 5482 275 5535 lani
297 5482 494 5533 solitum
524 5480 742 5532 celeuma
765 5477 1022 5531 t‘mcinent
1047 5478 1194 5529 versis
1232 5477 1442 5541 modulis
1466 5481 1515 5529 in
1538 5482 1757 5541 hymnos.

172 5547 351 5599 Noster
374 5544 584 5595 Hieron.
630 5544 781 5593 etiam
818 5543 878 5592 ad
910 5542 1153 5593 calcantes
1191 5541 1242 5590 in
1275 5539 1500 5590 torculari
1534 5539 1762 5592 transfert

173 5622 222 5661 ιη
242 5605 674 5676 tersis-canti-
730 5666 759 5676 -
985 5674 993 5676 _
1177 5667 1187 5676 .
1327 5666 1356 5676 -.

261 5671 305 5727 ι)
340 5668 476 5722 Alias
498 5666 701 5720 notante
725 5666 870 5717 Grav.
894 5667 1218 5718 tantmnmodo
1237 5666 1466 5718 castitate.

254 5733 306 5796 2)
342 5732 416 5783 hx
443 5732 668 5785 Cicereii.
694 5730 1009 5781 'l'usculauar.
1037 5734 1120 5781 tib.
1153 5733 1190 5780 ι.
1218 5738 1365 5793 atque
1387 5728 1520 5780 alibi.

1583 255 1905 314 EPISTULA
1953 247 2092 316 xiv.

3373 280 3483 347 358

1897 381 2089 437 civitas
2129 386 2304 456 magni
2341 389 2480 460 regis
2522 394 2780 448 extruitur
2811 397 2985 466 (Apoc.
3011 400 3099 457 2|.
3138 403 3224 477 l8)
3248 407 3260 459 !
3285 405 3477 465 Ocre-

1896 485 2013 525 mns
2032 471 2342 568 familiarius
2375 480 2481 535 Deo
2504 482 2780 552 gaudens!
2816 486 2948 552 Quid
2973 492 3086 559 agis
3113 471 3276 550 frater
3298 497 3376 568 (5)
3417 500 3470 554 iu

1892 564 2111 631 saculo,
2136 568 2225 637 qui
2262 572 2431 640 major
2456 588 2515 626 es
2543 574 2782 629 mundo?
2807 576 3071 645 Quamdiu
3114 592 3165 637 te
3202 564 3466 646 tectorum

1891 654 2094 709 ttmbl'm
2122 661 2682 733 prazntuttt?qttatttditi
2711 666 3037 726 fumosarum
3059 674 3263 729 urbium
3287 691 3474 737 carcer

1892 742 2152 802 includit?
2176 750 2348 807 Crede
2374 755 2524 820 mihi,
2558 756 2740 813 nescio
2772 760 2897 829 quid
2921 762 3042 831 plus
3068 763 3203 819 lueis
3245 770 3463 838 aspicio.

1890 837 1974 908 (ί)
2004 839 2174 905 Libet,
2204 845 2413 899 sarcina
2438 851 2681 918 corporis
2711 852 2938 921 objecta,
2968 856 3033 909 ad
3064 873 3252 925 purum
3299 837 3470 918 aethe—

1889 931 1960 984 ris
1978 936 2193 989 evolare
2221 935 2504 1007 fulgorem.
2537 941 2908 1012 Paupertatem
2940 948 3095 1005 limes
3113 950 3139 1004 ?
3164 952 3258 1007 sed
3283 953 3470 1010 beatos

1888 1022 2134 1080 Christus
2159 1037 2422 1097 pauperes
2441 1033 2692 1100 appellat.
2713 1035 2922 1092 Labore
2949 1040 3212 1096 terreris?
3232 1053 3287 1097 at
3310 1052 3469 1101 nemo

1886 1114 2089 1169 athleta
2160 1117 2266 1189 37
2338 1124 2456 1177 sine
2496 1124 2690 1180 sudore
2727 1123 3035 1185 coronatur.
3066 1130 3141 1187 De
3166 1133 3288 1187 cibo
3324 1137 3471 1206 cogi-

1889 1206 2107 1291 tas?
2137 1208 2269 1266 ﬁdes
2297 1210 2490 1268 famem
2522 1231 2627 1269 non
2657 1219 2806 1273 timet
2832 1219 3117 1292 (5).Supcr
3139 1223 3332 1280 nudam
3352 1243 3467 1281 me-

1888 1298 1991 1352 tuis
2032 1298 2250 1356 humum
2291 1320 2453 1360 exesa
2501 1307 2720 1378 jejuniis
2752 1313 2988 1368 membra
3029 1317 3321 1373 collidere?
3369 1320 3464 1374 sed

1888 1388 2144 1447 Dominus
2166 1402 2336 1449 tecum
2362 1397 2524 1465 jacet.
2562 1399 2798 1470 Squalidi
2832 1406 3022 1474 capitis
3054 1405 3236 1462 horret
3267 1409 3463 1465 inculta

1883 1483 2175 1538 ea'saries?
2217 1485 2311 1540 sed
2338 1500 2495 1557 caput
2520 1500 2667 1546 tuum
2696 1494 2939 1550 Christus
2969 1507 3069 1553 est.
3106 1498 3312 1555 inﬁnita
3339 1516 3463 1558 ere-

1882 1572 1953 1623 mi
1978 1575 2196 1627 vas:itas
2227 1584 2276 1628 te
2310 1579 2512 1634 terret?
2539 1582 2631 1637 scd
2656 1594 2708 1637 tu
2737 1587 3040 1654 paradisum
3072 1597 3251 1646 metue
3273 1594 3461 1647 deam-

1879 1659 2024 1714 bula.
2071 1662 2527 1737 Quotiescumque
2560 1672 2686 1726 illuc
2715 1677 3039 1745 cogitatione
3059 1682 3457 1749 conscendi-ris;

1879 1753 2036 1806 tuties
2069 1755 2119 1808 iu
2161 1770 2345 1811 eremo
2376 1775 2481 1815 noa
2511 1764 2639 1817 eris.
2674 1764 2877 1821 Scabra
2907 1768 3025 1825 sine
3053 1771 3257 1827 balneis
3283 1782 3457 1828 attra-

1878 1841 2019 1898 hitur
2058 1846 2234 1902 eutis?
2257 1849 2349 1904 sed
2396 1854 2483 1922 qui
2512 1854 2564 1907 in
2611 1855 2828 1911 Christo
2852 1860 3022 1915 semel
3052 1862 3192 1917 latus
3214 1873 3312 1929 est,
3349 1878 3456 1922 nou

1875 1934 1950 1989 illi
1979 1948 2202 1993 necesse
2232 1952 2312 1995 est
2337 1942 2527 1997 iterum
2565 1945 2940 2020 lavare‘ann.
2979 1953 3084 2020 l5).
3118 1952 3183 2007 Et
3206 1965 3261 2008 ut
3283 1956 3458 2010 brevi-

1875 2035 1976 2092 ter,
2001 2027 2066 2082 ad
2093 2042 2283 2086 cuncta
2310 2033 2494 2090 audias
2515 2038 2828 2106 Apostoium
2854 2044 3268 2111 respondentem
3291 2062 3306 2112 ;
3335 2045 3456 2102 Non

1872 2128 2011 2184 sunt,
2043 2120 2232 2191 inquit,
2254 2124 2520 2198 condigna:
2544 2131 2802 2198 passiones
2823 2132 2973 2203 hujus
2994 2136 3168 2188 δώσειιὶ
3187 2135 3255 2188 ad
3272 2151 3456 2205 supera

1873 2222 2133 2265 venturam
2181 2216 2419 2286 gloriam,
2464 2230 2577 2288 qua:
2601 2223 2898 2276 revelabitur
2927 2227 2979 2278 in
3009 2226 3151 2281 nobis
3182 2227 3355 2296 (Rom.
3389 2229 3445 2284 8.

1876 2304 1987 2375 18).
2023 2306 2288 2363 Delicatus
2335 2325 2416 2380 es,
2447 2311 2632 2382 frater,
2663 2315 2709 2371 si
2753 2327 2805 2372 et
2833 2315 2920 2372 hic
2948 2318 3027 2373 vis
3070 2319 3304 2391 gaudere
3329 2331 3450 2378 euut

1873 2396 2091 2463 saeculo,
2124 2407 2177 2453 et
2222 2412 2404 2469 pOsleu
2436 2418 2659 2473 regnare
2684 2419 2804 2461 cum
2835 2406 3067 2464 Christo.

1945 2488 2033 2543 il.
2070 2476 2283 2558 Veniet,
2315 2494 2493 2550 veniet
2522 2496 2611 2552 illa
2645 2497 2791 2566 dies,
2820 2506 2923 2571 qua
2951 2502 3316 2574 corruptivum
3344 2503 3448 2563 hoc

1872 2589 1928 2637 et
1958 2584 2183 2640 mortale
2209 2585 2664 2660 ineorruptionem
2693 2591 2880 2650 induat
2899 2604 2952 2649 et
2973 2595 3449 2653 immortalitatem;

1875 2673 2025 2731 Tunc
2053 2675 2243 2734 beatus
2268 2695 2494 2747 servus,
2522 2698 2682 2754 quem
2728 2685 2982 2742 Dominus
3024 2688 3291 2745 invenerit
3310 2690 3451 2762 vigi-

1871 2765 2067 2823 lantem
2105 2767 2257 2841 (Luc.
2292 2770 2373 2826 li.
2406 2765 2519 2846 43).
2554 2774 2703 2832 Tunc
2740 2778 2805 2832 ad
2839 2793 3026 2834 vocem
3056 2780 3198 2835 tubte
3238 2781 3451 2850 pavebit

1873 2862 2013 2915 terra
2043 2877 2163 2916 cum
2193 2865 2426 2934 populis,
2449 2875 2501 2920 et
2526 2875 2578 2921 tu
2599 2868 2876 2938 gaudebis.
2896 2868 3205 2925 iudicaturo
3226 2872 3452 2927 Domina

1871 2950 2093 3022 lugubre
2122 2956 2353 3009 mundus
2382 2957 2658 3029 immugiet
2681 2975 2695 3013 :
2717 2967 2771 3014 et
2800 2960 2971 3016 tribus
3010 2960 3075 3016 ad
3119 2960 3316 3015 tribum
3358 2972 3454 3031 pe-

1868 3052 2013 3097 ctora
2040 3042 2248 3100 ferient.
2274 3046 2633 3102 PolentiSsitui
2655 3050 2923 3119 quondam
2945 3065 3097 3121 reges
3121 3050 3262 3106 nudo
3285 3052 3452 3109 latere

1870 3136 2223 3207 palpitabunt.
2268 3134 2616 3193 Exhibehitur
2657 3154 2777 3194 cum
2809 3138 2880 3213 (ε)
2925 3140 3075 3211 prole
3121 3154 3218 3197 sua
3244 3141 3447 3196 Venus.

1870 3228 2022 3285 Tunc
2048 3229 2247 3300 ignitus
2281 3228 2492 3301 Jupiter
2526 3230 2819 3287 adducetur
2842 3274 2856 3297 ,
2887 3244 2940 3288 et
2971 3247 3095 3287 cum
3120 3231 3232 3287 suis
3257 3233 3450 3289 stultus

1867 3319 2022 3376 Plato
2061 3320 2358 3391 discipulis.
2401 3321 2703 3377 Aristotelis
2744 3333 3054 3392 argumenta
3101 3339 3205 3379 non
3248 3321 3446 3394 prode-

1867 3420 2015 3468 runt.
2045 3413 2197 3469 Tunc
2222 3422 2276 3468 tu
2306 3414 2611 3469 rusticanus
2647 3419 2703 3470 et
2739 3430 2942 3486 pauper
2966 3415 3228 3472 exultabis
3247 3455 3264 3482 ,
3293 3426 3346 3471 et
3375 3415 3451 3470 ria

1863 3502 2050 3569 dehis,
2080 3511 2136 3558 ct
2178 3504 2328 3560 dices
2347 3523 2361 3558 :
2381 3504 2518 3560 Ecce
2544 3505 2831 3562 cruciﬁxus
2873 3521 3055 3572 meus,
3087 3520 3214 3562 ecce
3237 3505 3400 3575 judex
3427 3536 3451 3574 ι

1864 3595 1954 3666 qui
1983 3595 2264 3650 obvolutus
2304 3596 2491 3686 pannis
2520 3596 2571 3649 in
2617 3598 2876 3666 prasepio
2905 3597 3084 3667 vagiit.
3119 3596 3216 3652 Hic
3244 3608 3327 3653 est
3357 3597 3449 3654 ille

1863 3688 2115 3759 operarii,
2144 3697 2197 3744 et
2238 3689 2318 3759 (α)
2347 3688 2683 3758 σιιιωειιιειιίω
2707 3687 2847 3743 ﬁlius
2871 3700 2885 3743 :
2909 3689 2994 3744 hic
3019 3690 3106 3760 qui
3135 3690 3320 3745 tnatris
3347 3706 3446 3761 ge-‘a

1864 3787 2034 3834 status
2063 3779 2206 3843 sinu,
2223 3780 2494 3835 hominem
2517 3780 2657 3835 Deus
2683 3779 2817 3849 fugit
2843 3780 2895 3833 in
2916 3779 3201 3851 :Egyptum
3224 3781 3443 3852 (Matth.

1861 3868 1919 3941 2)
1951 3889 1964 3924 :
1996 3870 2080 3923 hic
2111 3871 2336 3925 vestitus
2360 3870 2580 3924 coccino
2601 3886 2615 3922 :
2634 3868 2722 3925 hic
2747 3869 2992 3926 sentibus
3011 3880 3331 3927 coronatus:
3360 3871 3447 3927 hic

1863 3962 2047 4034 Magus
2080 4004 2096 4026 .
2150 3962 2472 4038 dmmonium
2518 3962 2723 4018 habens
2754 4002 2772 4031 ,
2816 3971 2872 4018 et
2917 3963 3227 4019 tamarites.
3273 3961 3446 4020 Cerne

1862 4068 2073 4123 manus,
2106 4054 2291 4111 iudice
2309 4095 2325 4123 ,
2354 4070 2487 4126 quas
2515 4054 2709 4111 ﬁxeras
2742 4072 2755 4110 :
2785 4070 2947 4111 cerne
2975 4055 3132 4124 latus,
3164 4055 3402 4111 Romane
3424 4095 3441 4123 ,

1930 4239 1990 4310 (ε)
2022 4234 2249 4303 Iutellige
2268 4252 2377 4310 cum
2401 4237 2500 4310 filio
2516 4235 2855 4310 stto_(.‘.upldin'e
2870 4250 2884 4296 ;
2901 4235 3145 4310 Victorius
3160 4238 3287 4310 enim
3312 4238 3443 4310 qum]

1862 4297 2169 4368 numerosam
2186 4297 2378 4368 prolem
2413 4298 2491 4368 his
2513 4299 2676 4368 verbis
2694 4297 2833 4368 innui
2853 4299 3199 4368 suspicaretur
3219 4337 3232 4359 ,
3259 4297 3444 4368 tantum

1863 4381 1926 4418 ex
1960 4357 2256 4429 quibuslam
2272 4363 2386 4429 Mss.
2418 4361 2490 4411 sic
2513 4360 2814 4429 immutavit_,
2842 4357 3153 4429 Exhibebitur
3175 4357 3286 4429 cum
3307 4359 3444 4422 prole

1861 4442 1950 4489 sua
1973 4419 2082 4478 itere
2101 4433 2215 4489 tunc
2238 4423 2415 4489 ignitus
2437 4421 2626 4486 Jupiter
2655 4434 2674 4471 :
2696 4419 2968 4489 adducetur
2999 4427 3045 4489 et
3066 4433 3177 4469 cmn
3198 4419 3316 4489 satis;
3341 4430 3440 4489 etc.

1859 4486 1924 4602 Et
1948 4502 2055 4539 rere
2091 4482 2292 4555 ignitum
2328 4482 2677 4548 interpretatur
2713 4489 2899 4534 aeterno
2929 4482 3059 4544 ignis
3088 4484 3324 4547 supplicio
3356 4484 3446 4534 add

1894 4559 2058 4602 ictum.

1894 4554 2058 4603 ictum.

1929 4613 1998 4678 (d)
2036 4612 2130 4664 Cur
2144 4610 2361 4678 Latinius
2380 4608 2513 4659 malit
2543 4605 2830 4678 oungtuarii
2841 4607 3093 4678 ,___maxi_t_ne
3119 4607 3447 4678 renuentibus

1861 4668 2098 4724 Ms's.'uou
2121 4670 2749 4736 video.‘Expressuslocus
2763 4683 2823 4718 ex
2850 4668 3151 4736 'l‘ertulliauo
3167 4669 3230 4717 de
3254 4681 3292 4726 si
3306 4674 3445 4736 ecta-

1863 4736 1987 4788 culis
2009 4737 2059 4785 in
2096 4736 2211 4795 ﬁne.
2240 4733 2327 4784 Hic
2350 4726 2420 4783 es't
2442 4731 2524 4782 ille
2549 4731 2752 4795 (dicam)
2784 4729 2959 4788 Fabri,
2984 4737 3030 4779 et
3052 4726 3360 4795 qnwsntarile
3384 4726 3446 4790 [ia

1861 4797 1974 4856 tius,
1998 4794 2184 4854 sabbati
2206 4795 2477 4845 destructor
2497 4829 2511 4853 ,
2536 4789 2809 4856 Samarites,
2835 4800 2933 4841 etc.
2959 4789 3158 4856 notante
3182 4789 3374 4856 Gravto.

1927 4847 2000 4922 (3)
2032 4850 2104 4909 Ex
2130 4858 2350 4922 Cypriae.
2368 4856 2434 4905 de
2448 4847 2603 4917 opere
2628 4861 2679 4922 et
2698 4847 2997 4914 eleemosyn.
3029 4867 3051 4895 α
3071 4851 3158 4922 qui
3194 4847 3445 4922 steculo‘et

1861 4909 2042 4983 mundo
2063 4909 2272 4983 majores
2295 4919 2401 4983 jam
2426 4909 2540 4983 esse
2562 4916 2801 4983 cupimus,
2838 4909 3275 4983 mrsutp_ngstrum
3306 4909 3446 4983 pulla

1861 4982 2030 5032 saeculi
2071 4970 2326 5030 ac'ntttndi
2358 4970 2640 5039 cupiditate
2662 4970 2923 5039 tardentus.
2944 4988 2968 5015 ι
2997 4970 3059 5020 Et
3081 4970 3234 5039 Epist.
3342 4970 3445 5019 Dea

1862 5030 2047 5093 natum.
2072 5040 2199 5092 nihil
2220 5030 2446 5101 appetere
2465 5073 2480 5095 ,
2494 5036 2747 5101 jom_nz'hit
2770 5035 3051 5085 desiderare
3076 5030 3137 5082 de
3158 5030 3336 5082 saeculo
3358 5045 3444 5093 ρο-

1863 5110 1971 5158 test.
1997 5103 2079 5163 qui
2100 5097 2455 5163 swcutogmojor
2476 5097 2564 5149 est.
2591 5097 2811 5147 Gravius.

1929 5154 2020 5226 (i)'
2035 5165 2238 5226 Videtur
2260 5154 2438 5210 Gravia
2468 5163 2709 5218 sumptum
2734 5171 2798 5205 ex
2821 5155 3108 5218 Pythagorae
3131 5154 3310 5204 Aureis
3343 5166 3450 5226 cara

1865 5223 2073 5275 minibus
2098 5226 2143 5272 in
2169 5224 2281 5272 ﬁne.
2306 5227 2350 5283 ἦν
2371 5229 2406 5270 δ’
2428 5232 2623 5280 cimini-ia;
2657 5234 2761 5283 «ego
2789 5227 3156 5283 tk_¢10sp_ih§90tpov
3177 5228 3295 5283 ᾷλρῃς.
3313 5223 3414 5266 (διεδ

1929 5288 2001 5349 (ὅ)
2035 5288 2152 5349 Quae
2174 5285 2285 5333 hinc
2303 5277 2602 5349 sequuntur,
2631 5277 3110 5349 exnCypriaui’Epist.
3132 5279 3189 5326 ad
3202 5279 3452 5349 ’Μαῖσιν-υς

1863 5338 1996 5400 sumi
2015 5338 2221 5399 Gravius
2242 5338 2603 5395 animadvertit.
2636 5358 2658 5386 ι
2682 5338 2827 5403 Humi
2846 5338 3010 5403 jaceat
3049 5338 3174 5388 fessa
3198 5338 3451 5403 laboribus

1868 5410 2089 5461 viscera?
2110 5408 2197 5472 sed
2235 5419 2376 5472 penna
2399 5419 2493 5472 non
2521 5412 2595 5472 e_st
2617 5416 2726 5472 cum
2751 5400 2940 5472 Christo
2966 5402 3166 5472 jacere.
3186 5400 3448 5472 Semitonsl

1865 5475 2037 5535 capitis
2057 5462 2259 5535 capillus
2278 5469 2519 5535 horrescit
2538 5465 2562 5535 ξ
2583 5465 2672 5535 sed
2694 5478 2805 5535 cum
2828 5464 2892 5514 sit
2912 5462 3057 5527 caput
3080 5463 3170 5535 viri
3195 5462 3450 5535 Christus,

1865 5525 2226 5598 qualecumque
2262 5537 2405 5598 caput
2441 5528 2570 5598 illud
2598 5527 2785 5598 deceat
2817 5525 3040 5598 necesse
3073 5534 3191 5598 est,
3231 5525 3453 5598 quod_oly_

1867 5586 2061 5647 Domini
2085 5586 2265 5659 nomen
2286 5586 2478 5659 insigne
2503 5595 2597 5659 est.
2622 5588 2877 5659 Squallont
2897 5591 3005 5659 sine
3028 5586 3217 5659 balneis
3232 5587 3452 5659 membra

1866 5661 1963 5708 situ
2005 5666 2057 5709 et
2095 5658 2240 5708 sorde
2275 5649 2550 5706 defo'rmia?
2581 5649 2689 5701 sed'
2711 5652 3026 5713 sliritualiter
3071 5652 3201 5701 intus
3241 5649 3451 5698 abutitur

1873 5721 2001 5783 quod
2026 5721 2141 5772 foris
2161 5718 2418 5769 carnaliter
2450 5714 2738 5767 sordidatur.
2764 5730 2787 5758 ι
3039 5787 3076 5816 .
