4048 6186
597 300 703 358 359

595 428 736 468 mare
764 409 917 465 currit
943 403 1224 480 (Horatius
1243 399 1331 452 lib.
1363 398 1414 462 l,
1451 396 1596 466 epist.
1626 393 1683 448 ll
1707 391 1750 464 ),
1777 393 1846 446 ita
1877 405 1964 446 me
1998 393 2170 445 inces-

597 503 780 560 sabilis
817 498 1060 558 inimicus
1086 501 1204 563 post
1231 498 1434 558 tergum
1477 493 1733 556 sequutus
1755 493 1857 549 est,
1889 493 1946 538 ut
1969 482 2171 552 majora

597 596 651 649 in
677 590 958 650 solitudine
993 584 1130 644 bella
1160 594 1302 636 nunc
1331 577 1522 650 patiar.
1554 576 1689 630 lliuc
1712 573 1855 630 enim
1882 574 1958 642 (α)
1987 572 2174 643 ρι’ωεί-

596 685 699 740 diis
724 682 853 744 fulta
889 674 1068 732 mundi
1093 671 1288 728 Ariana
1359 667 1467 742 53
1538 665 1714 722 rabies
1737 663 1933 722 fremit.
1960 663 2095 719 llinc
2117 662 2169 717 in

597 784 702 829 tres
727 777 903 841 partes
928 765 1094 821 scissa
1139 760 1378 817 Ecclesia
1422 757 1490 813 ad
1525 773 1585 814 se
1609 770 1799 827 rapere
1825 770 1912 810 me
1930 751 2170 808 festinat.

593 862 667 934 (b)
683 858 1061 916 Monachorum
1079 853 1224 908 circa
1239 849 1565 905 manentium
1591 847 1804 916 antiqua
1823 845 1875 900 in
1893 859 1979 900 me
2004 843 2174 913 surgit

591 951 900 1008 auctoritas.
931 947 1042 1017 Ego
1071 943 1280 1000 interim
1306 941 1542 1002 clamito,
1571 939 1616 994 si
1641 939 1759 1010 quis
1782 935 2051 992 cathedra:
2075 934 2172 990 Pe-

591 1046 660 1102 tri
682 1043 942 1116 jungitur,
968 1053 1120 1095 meus
1144 1045 1245 1092 est.
1283 1035 1355 1106 (c)
1403 1030 1645 1088 Meletius
1665 1071 1681 1096 ,
1737 1028 1924 1083 Vitalis
1945 1068 1961 1094 ,
2011 1035 2172 1095 atque

589 1135 846 1190 Paulinus
873 1133 965 1187 tibi
989 1131 1194 1186 hterere
1211 1143 1269 1183 se
1292 1126 1497 1191 dicunt,
1524 1138 1734 1193 possem
1755 1120 1975 1176 credere
1995 1119 2038 1174 si
2071 1117 2172 1172 hoc

589 1241 728 1282 unus
753 1231 1038 1280 assereret.
1064 1220 1215 1274 Nunc
1243 1216 1453 1272 autduo
1469 1213 1815 1273 mentiuntur,
1849 1219 1938 1264 aut
1961 1223 2171 1263 omnes.

589 1315 792 1372 Idcirco
820 1313 1060 1368 obtestor
1088 1307 1475 1364 Beatitudinem
1507 1313 1672 1368 tuam,
1721 1315 1817 1371 per
1840 1313 2054 1354 crucem
2080 1298 2174 1350 Do-

590 1407 744 1474 tuini,
776 1420 869 1476 per
894 1404 974 1474 (ά)
1005 1399 1362 1456 necessarium
1391 1395 1513 1450 ﬁdei
1542 1401 1740 1448 nostra:
1764 1391 1950 1455 decus,
1970 1388 2174 1459 passio-

590 1514 714 1554 nem
740 1495 955 1561 Christi,
990 1503 1048 1549 ut
1091 1493 1180 1562 qui
1224 1488 1511 1559 Apostolos
1552 1485 1756 1540 honore
1799 1483 2060 1552 sequeris,
2087 1494 2173 1535 se-

591 1588 770 1658 quaris
780 1596 836 1641 et
850 1585 1041 1641 merito
1058 1601 1072 1638 :
1091 1583 1161 1636 ita
1183 1581 1235 1636 in
1253 1579 1392 1635 solio
1409 1592 1528 1632 cum
1543 1573 1825 1630 duodecim
1842 1571 2174 1641 iudicaturus

591 1678 818 1736 sedeas:
843 1677 914 1730 ita
954 1685 1007 1730 te
1034 1675 1169 1728 alius
1193 1685 1380 1727 senem
1415 1683 1536 1724 cum
1563 1666 1723 1720 Petro
1751 1662 1824 1735 (e)
1849 1662 2024 1731 cingat
2052 1677 2066 1711 :
2100 1659 2169 1712 ita

594 1768 977 1838 municipatum
1005 1764 1128 1819 eteli
1173 1777 1293 1816 cum
1323 1759 1490 1814 Paulo
1519 1754 1863 1825 consequaris
1883 1793 1898 1820 ,
1950 1760 2008 1806 ut
2045 1751 2174 1806 mihi

595 1860 784 1915 litteris
813 1858 941 1921 tuis,
975 1855 1042 1926 (ί)
1073 1853 1210 1924 apud
1241 1866 1396 1922 quem
1425 1850 1476 1904 in
1505 1848 1658 1919 Syria
1689 1846 1911 1900 debeam
1933 1857 2175 1898 commu-

596 1954 798 2018 nicare,
836 1949 1122 2020 signiﬁces.
1172 1944 1288 2000 Noli
1333 1941 1609 2011 despicere
1651 1937 1919 2001 animam,
1952 1948 2048 2004 pro
2073 1947 2176 2004 qua

600 2040 837 2097 Christus
885 2048 1128 2094 mortuus
1156 2043 1257 2092 est.

1066 2143 1392 2202 El‘lSTOLA
1434 2141 1573 2197 xvu
1619 2140 1715 2210 (g).

949 2257 1016 2296 sn
1059 2241 1135 2310 (It)
1171 2251 1382 2293 HARCUI
1423 2246 1820 2288 russevrsnuu.

601 2355 771 2410 Marco
799 2353 919 2424 ﬁdei
939 2367 1046 2407 suae
1071 2351 1134 2406 de
1151 2348 1400 2403 Trinitate
1420 2344 1783 2416 professionem
1803 2355 1920 2394 cum
1946 2338 2178 2394 Romana

663 2458 708 2501 et
739 2445 1086 2501 Alexandrina
1120 2439 1360 2496 Ecclesiis
1388 2447 1742 2508 congruentem
1763 2432 1986 2501 exponit,
2020 2431 2179 2484 dolet-

664 2557 759 2613 que
800 2539 1115 2610 plurimum,
1154 2534 1288 2605 quod
1329 2532 1637 2586 Arianorum
1667 2526 1885 2598 [actione
1927 2522 2077 2577 amici
2101 2522 2179 2576 sui

667 2630 926 2686 discedere
953 2644 1017 2682 ea;
1043 2625 1230 2680 Eremo
1259 2620 1508 2689 compulsi
1532 2620 1655 2684 sint,
1683 2617 1889 2688 ipseque
1907 2614 1974 2668 ad
2018 2613 2176 2668 relin-

664 2719 866 2792 quenda
891 2734 949 2773 ea
977 2717 1088 2771 loca
1106 2712 1326 2786 quotidie
1357 2718 1642 2781 expetatur.

671 2838 724 2890 1.
755 2834 1115 2889 Deerevcram
1161 2825 1375 2897 quidem
1423 2821 1678 2877 utendum
1725 2819 1853 2874 mihi
1885 2817 2181 2874 Psalmistze

601 2943 728 2982 voce
774 2923 1004 2981 dicentis
1037 2939 1050 2975 :
1080 2919 1208 2975 Cum
1246 2916 1538 2971 consisteret
1572 2913 1835 2966 adversum
1883 2926 1962 2964 nte
2002 2923 2183 2978 Pecca-

601 3032 712 3084 tor,
769 3014 1028 3078 obmutui,
1081 3020 1130 3068 et
1174 3009 1469 3064 humiliatus
1511 3022 1651 3069 sum,
1701 3013 1748 3058 et
1797 3003 1916 3058 silui
1964 3019 1999 3055 a
2040 3001 2184 3055 bonis

601 3109 727 3181 (Ps.
757 3105 886 3177 58).
916 3105 986 3160 Et
1023 3104 1214 3158 iterum
1249 3098 1398 3170 :Ego
1443 3111 1562 3152 vero
1594 3104 1833 3163 tauquam
1870 3091 2057 3148 surdus
2083 3108 2184 3145 non

599 3198 878 3262 audiebam,
910 3205 957 3250 et
982 3199 1405 3263 tanquammutus
1437 3203 1539 3242 non
1557 3186 1787 3255 aperiens
1826 3200 1881 3238 os
1924 3200 2089 3249 suum,
2137 3193 2185 3237 et

602 3301 764 3367 [actus
791 3307 904 3346 sum
928 3297 984 3343 ut
1012 3290 1160 3342 homo
1187 3302 1290 3339 non
1314 3282 1525 3365 audiens
1569 3278 1695 3352 (Ps.
1747 3279 1814 3333 37
1837 3279 1878 3348 ).
1915 3277 2021 3332 Sed
2063 3276 2183 3347 quia

600 3387 795 3442 caritas
813 3382 992 3438 omnia
1021 3387 1259 3448 superat,
1285 3383 1340 3430 et
1361 3374 1692 3444 propositum
1729 3371 1894 3425 vincit
1917 3369 2138 3425 aﬁ‘ectus
2171 3387 2183 3422 :

605 3493 710 3532 non
741 3483 850 3528 tam
877 3471 1122 3540 injuriam
1149 3464 1462 3520 facientibus
1485 3463 1652 3518 reddo
1677 3463 1867 3528 vicem,
1909 3476 2066 3530 quam
2093 3459 2186 3513 tibi

605 3562 906 3636 respondeo
925 3556 1233 3631 postulanti.
1256 3553 1408 3624 Apud
1427 3553 1762 3608 Christianos
1780 3553 1944 3617 enim,
1965 3567 2070 3604 non
2097 3550 2188 3620 qui

607 3658 836 3728 patitur.
863 3661 922 3710 ut
949 3652 1023 3707 ait
1049 3649 1111 3723 (ὅ)
1134 3646 1370 3720 quidam,
1394 3645 1491 3702 sed
1515 3646 1603 3716 qui
1645 3644 1767 3701 facit
1790 3643 2185 3711 contumeliam,

665 3749 772 3798 iser
793 3752 894 3798 est.

606 3759 772 3804 miser
793 3759 894 3802 eat.

677 3837 788 3913 α
855 3836 911 3892 9.
937 3834 1178 3901 Querilur
1195 3846 1339 3886 suam
1359 3828 1552 3898 offendi
1567 3829 1733 3896 Iidem,
1749 3843 1862 3898 quae
1875 3827 2046 3882 eadem
2067 3839 2190 3882 esset

608 3948 724 3986 eum
741 3931 834 3986 illa
861 3925 1072 3983 Damasi
1086 3935 1132 3981 et
1155 3923 1298 3978 Petri
1318 3923 1608 3977 Alea—Et
1623 3923 1796 3990 primo
1814 3920 2026 3990 quidem
2043 3931 2194 3974 ante-

608 4038 766 4093 quam
796 4020 863 4076 de
889 4019 991 4075 ﬁde
1011 4032 1152 4082 mea,
1183 4031 1339 4085 quam
1367 4015 1567 4084 optime
1592 4014 1752 4079 nosti,
1777 4023 1946 4068 tecum
1984 4012 2189 4082 loquar,

611 4113 870 4166 adversus
905 4107 1203 4162 barbariem
1243 4105 1395 4159 istius
1430 4103 1728 4170 loci,versu
1765 4119 1929 4175 cogor
1960 4103 2193 4159 clamare

611 4204 824 4273 vulgato
853 4217 868 4254 :

688 4293 836 4362 Quod
857 4307 1011 4363 genus
1045 4290 1138 4343 hoc
1159 4287 1454 4341 hominum?
1483 4303 1651 4357 qua’ve
1678 4287 1809 4339 hunc
1853 4298 1953 4339 tam
1984 4287 2195 4340 barbara

756 4400 864 4437 mor
865 4399 942 4438 em

695 4474 946 4529 Permittit
974 4473 1181 4543 patria?
1207 4469 1429 4541 hospitio
1453 4469 1773 4539 prohibemur
1796 4483 1981 4520 arente.

685 4610 761 4684 (α)
783 4608 1020 4684 tissime
1041 4602 1631 4684 Ηξξςὲαεέίιξὲἓξεέέὶιί
1644 4600 2200 4684 ξεξὲῂεὲὲερξῐέείβξεέε

616 4662 756 4737 gistri
790 4668 1004 4737 militum
1039 4667 1223 4737 judicio
1261 4662 1918 4737 Controversas.Ariatiorum

617 4724 859 4802 iibtinuit,
885 4724 1092 4802 ejusque
1131 4725 1551 4802 fultus
1568 4724 2056 4802 trium‘hvpostasium
2094 4737 2202 4788 pro-

618 4785 884 4845 lessioneie
907 4785 936 4841 5
958 4785 1258 4848 Hieronymo
1280 4785 1557 4848 importune
1581 4785 1832 4848 exigebat.

680 4854 756 4916 (b)
769 4845 1208 4916 Vetustioreditio.
1220 4863 1277 4899 ac
1286 4845 1634 4916 uss._nonnulli
1655 4845 2067 4916 commentium.
2080 4846 2200 4916 Ρος.

621 4909 961 4966 ω’ὶίοιιδσιιοε
980 4913 1094 4964 illos
1117 4914 1165 4962 in
1186 4911 1416 4974 sequenti
1438 4909 1497 4959 ad
1535 4909 1748 4959 Marcum
1770 4909 1974 4971 epistola
1999 4923 2128 4958 num.
2152 4909 2200 4957 2.

623 4979 1154 5041 νιιξτὶιξιεεὶιιεθεωωζ·

689 5039 759 5101 (c)
773 5037 1005 5101 Helenus
1021 5037 1219 5101 quidem
1241 5046 1391 5101 sensu
1413 5045 1522 5101 cum
1537 5031 1745 5101 Damasi)
1764 5031 2101 5089 concordabat,
2116 5032 2204 5082 sed

626 5092 721 5148 ηοὴ
742 5092 922 5162 'quims
959 5113 1019 5149 se
1040 5092 1362 5162 ’βχρι-ίιῃθιῃι
1379 5095 1564 5162 verbis.
1589 5092 1820 5143 Paulinus
1844 5107 1964 5142 vero
1986 5106 2079 5143 nec
2094 5107 2206 5143 sen-

624 5175 700 5220 su,
725 5157 823 5210 nec
843 5162 1007 5210 verbis
1026 5161 1089 5208 ab
1109 5157 1177 5220 eo
1193 5157 1478 5207 dissidebat.

688 5214 1080 5285 (d)Vetust_lores
1103 5219 1222 5285 e_d_iti
1241 5231 1326 5285 per
1347 5215 1673 5285 necessitatem
1685 5216 1872 5285 decoris
1881 5214 2205 5285 [ideipostrg

629 5277 885 5345 turn'cum
906 5283 1092 5345 aliquot
1124 5277 1311 5345 llssget
1333 5277 1626 5345 passionem,
1651 5283 1703 5327 ut
1739 5290 1822 5339 qui
1850 5277 1962 5342 (alii
2000 5277 2069 5327 ita
2091 5279 2208 5341 qui)

628 5343 885 5405 Apostolus,
910 5339 1004 5405 etc'.
1033 5339 1470 5405 moxjudicaturis.

695 5405 763 5465 (e)
798 5399 938 5465 Haud
961 5399 1313 5465 dubium',_quin
1337 5401 1485 5451 verba
1510 5399 1708 5458 alludat,
1726 5401 1904 5465 quibus
1919 5401 2070 5465 Petro
2085 5413 2210 5465 mar-

631 5461 804 5525 tyrium
824 5463 1043 5525 Christus
1065 5461 1306 5525 przediitit,
1346 5475 1458 5511 man
1473 5468 1632 5511 autem
1657 5461 1889 5522 senueris,
1913 5461 2038 5525 alius
2055 5462 2211 5523 cinget

634 5522 678 5571 te
698 5557 712 5580 ,
736 5529 780 5586 et
820 5522 963 5586 ducet
986 5522 1082 5586 quo
1116 5534 1209 5586 non
1226 5523 1299 5586 eis
1317 5559 1331 5580 ,
1375 5536 1528 5586 quare
1553 5535 1648 5586 non
1674 5525 1900 5585 probatur
1923 5524 2064 5574 nobis
2086 5522 2209 5586 quo-

637 5585 852 5647 running)
887 5581 1184 5647 Mssllectlo
1207 5581 1498 5647 jtmgat'pro
1518 5581 1695 5647 cingat.

699 5643 768 5715 (Π
801 5643 909 5715 D99
933 5642 1097 5715 Γῖἓδᾳῗ
1108 5648 1246 5715 Βῗῳ
1269 5642 1381 5715 uss:
1398 5642 1494 5715 .“ii.
1509 5642 1642 5705 0M
1668 5643 1856 5715 δνζίέζη
1879 5646 2095 5707 debeam,
2116 5652 2211 5696 etc.

703 5697 773 5766 (ᾖ)
812 5697 943 5751 ﬁliai
962 5701 1040 5749 77-
1068 5699 1252 5761 Scripta
1291 5702 1374 5753 sub
1392 5697 1576 5752 initium
1597 5697 1722 5753 anni
1733 5706 1842 5752 379.

1890 273 2134 327 SANCTI
2173 266 2546 324 ΠΙΕΒΟΝΥΜΙ

3749 288 3846 347 560

2352 391 2495 447 Bella
2543 404 2710 456 cient;
2751 393 3006 462 primaque
3057 400 3221 446 vetant
3256 392 3526 448 consistere
3576 405 3723 452 terra.

2280 472 2384 517 olc.
3269 463 3523 532 (zEncid.
3551 467 3636 520 lib.
3659 469 3682 522 ι
3709 471 3746 537 ).

2350 574 2480 642 Qum
2554 573 2751 629 idcirco
2808 571 2876 628 de
2918 571 3116 628 Gentili
3174 570 3335 626 Poeta
3396 574 3736 644 sumpsimus,
3797 591 3846 635 ut

2279 667 2367 736 qui
2415 666 2612 721 Christi
2665 679 2849 734 pacem
2892 680 2998 719 non
3052 673 3262 727 servat,
3308 678 3492 734 pacem
3544 667 3728 722 Saltem
3767 670 3844 724 di-

2278 763 2394 810 scat
2430 756 2498 810 ab
2535 754 2783 809 Ethnico.
2823 755 3114 810 [hereticus
3153 769 3335 820 vocor,
3379 754 3688 812 homousian
3720 775 3847 829 pra:-

2279 845 2467 900 dicans
2518 844 2854 900 Trinitatem.
2923 844 3244 900 Sabelliana:
3298 845 3580 913 impietatis
3626 862 3843 919 arguor,

2281 945 2392 991 tres
2428 935 2794 1002 subsistentes,
2841 949 3018 1003 veras,
3065 935 3316 1005 integras,
3348 936 3704 1008 perfectasque
3729 955 3846 1008 per.

2281 1041 2470 1091 sonas,
2524 1026 2787 1082 indefessa
2837 1041 2968 1082 voce
3018 1027 3385 1096 pronuntians.
3429 1025 3484 1082 Si
3515 1028 3581 1083 ab
3609 1029 3846 1098 Arianis,

2281 1120 2472 1174 merito
2519 1136 2534 1174 :
2572 1119 2618 1174 si
2663 1119 2731 1174 ab
2779 1118 3120 1184 Orthodoxis,
3165 1118 3254 1188 qui
3301 1117 3599 1188 huiusmodi
3634 1133 3848 1191 arguunt

2282 1210 2469 1276 ﬁdem,
2521 1209 2814 1266 Orthodoxi
2868 1211 2988 1265 esse
3032 1209 3336 1276 desierunt,
3379 1220 3471 1271 aut
3524 1211 3568 1265 si
3616 1213 3694 1266 eis
3737 1213 3848 1283 pla-

2279 1311 2384 1366 cet,
2430 1302 2737 1356 hmreticum
2765 1315 2851 1356 me
2886 1315 3008 1356 cum
3046 1300 3355 1369 Occidente,
3386 1302 3692 1358 haereticum
3736 1319 3851 1359 cum

2281 1392 2550 1464 Egypto,
2602 1392 2704 1446 hoc
2750 1401 2865 1457 est,
2919 1407 3040 1447 cum
3091 1393 3322 1447 Damaso
3347 1433 3364 1456 ,
3415 1392 3677 1464 Petroque
3728 1409 3847 1449 con-

2281 1485 2552 1540 demnent.
2579 1484 2718 1552 Quid
2747 1500 2912 1540 unum
2955 1485 3225 1540 hominem
3255 1485 3494 1556 exceptis
3529 1486 3704 1552 sociis,
3747 1487 3846 1542 cri-

2282 1576 2588 1630 minantur?
2609 1577 2653 1631 si
2682 1577 2825 1632 rivus
2852 1577 3082 1632 tenuiter
3110 1575 3244 1643 ﬁuit,
3276 1591 3380 1629 non
3411 1584 3495 1630 est
3520 1575 3654 1631 alvei
3680 1576 3845 1646 culpa,

2281 1666 2374 1720 sed
2420 1666 2602 1719 futuis.
2660 1665 2828 1721 Pudet
2873 1665 3092 1722 dicere:
3133 1664 3203 1720 de
3254 1664 3501 1720 cavernis
3550 1664 3845 1720 cellularum

2281 1757 2593 1811 damnamus
2622 1757 2828 1812 orbem.
2859 1756 2915 1811 In
2961 1771 3118 1811 sacco
3159 1764 3214 1811 et
3266 1757 3452 1812 cinere
3503 1756 3739 1822 volutati,
3783 1756 3849 1812 de

2283 1848 2562 1919 Episcopis
2608 1849 2924 1904 sententiam
2954 1847 3192 1903 ferimus.
3222 1847 3358 1914 Quid
3386 1847 3512 1902 facit
3549 1847 3647 1903 sub
3686 1848 3848 1903 tunica

2284 1939 2590 2008 paenitentis
2622 1939 2802 2008 regius
2829 1938 3076 1992 animus?
3115 1938 3350 2001 Catenae,
3378 1936 3588 2004 sordes,
3617 1948 3676 1992 et
3692 1953 3849 1993 coma:

2285 2044 2388 2083 non
2410 2037 2536 2084 sunt
2562 2029 2877 2084 diadematis
2896 2029 3062 2100 signa,
3091 2028 3182 2084 sed
3215 2027 3388 2083 ﬂetus.
3421 2011 3726 2084 Pcrmittani
3750 2044 3848 2095 me,

2282 2136 2486 2192 qumso,
2518 2121 2647 2176 nihil
2677 2121 2842 2192 loqui.
2874 2122 2983 2176 Cur
3007 2136 3130 2176 eum
3155 2122 3413 2185 lacerant,
3448 2117 3544 2190 qui
3564 2137 3664 2175 non
3691 2136 3849 2175 mere-

2288 2225 2372 2266 tur
2399 2212 2690 2267 imidiam?
2716 2212 3010 2267 [hereticus
3050 2226 3198 2277 sum,
3227 2211 3352 2281 quid
3382 2211 3452 2265 ad
3483 2212 3570 2265 te?
3615 2209 3843 2281 quiesce,

2278 2304 2388 2373 jam
2414 2303 2614 2359 dictum
2647 2313 2749 2358 est.
2777 2304 2942 2359 Plane
2975 2304 3150 2369 times,
3172 2317 3240 2358 ne
3269 2301 3734 2372 eloquentissimus
3758 2300 3849 2355 ho-

2285 2411 2372 2450 mo
2398 2395 2450 2450 in
2469 2395 2606 2467 Syro
2625 2410 2893 2460 sermone,
2918 2395 3002 2451 vel
3025 2393 3214 2450 Grzrco
3236 2394 3509 2449 Ecclesias
3524 2394 3847 2456 circumeam,

2286 2487 2509 2558 p0pulos
2553 2485 2827 2551 seducam,
2877 2485 3110 2541 schisma
3159 2484 3465 2540 conﬁciam.
3522 2482 3660 2537 Nihil
3701 2480 3848 2536 alicui

2287 2577 2532 2649 prteripui
2553 2619 2568 2646 ,
2591 2578 2724 2633 nihil
2753 2578 2959 2632 otiosus
2976 2577 3199 2646 accipio.
3220 2575 3376 2630 Manu
3394 2575 3634 2646 quotidie
3657 2582 3710 2628 et
3735 2587 3849 2643 pro-

2288 2669 2404 2739 prio
2431 2667 2625 2724 sudore
2656 2668 2944 2739 quaerimus
2974 2667 3173 2734 cibum,
3223 2666 3461 2720 scientes
3504 2664 3571 2720 ab
3613 2661 3852 2734 Apostolo

2286 2760 2541 2830 scriptum
2571 2773 2691 2814 esse
2719 2775 2732 2811 :
2769 2758 2866 2825 Qui
2890 2766 3057 2812 autem
3077 2773 3178 2812 non
3223 2765 3487 2826 operatur,
3527 2771 3616 2810 nec
3650 2753 3848 2808 mandu-

2287 2861 2362 2905 cel
2395 2849 2488 2920 (2.
2525 2849 2707 2905 Thess.
2735 2848 2831 2919 δ).
3898 2912 3900 2914 τ

2358 2943 2415 2998 5.
2442 2941 2588 3008 llzec,
2620 2939 2942 2996 venerabilis
2969 2947 3023 2994 et
3046 2946 3232 2993 sancte
3252 2936 3437 3004 Pater,
3468 2951 3588 2992 cum
3611 2935 3746 3006 quali
3771 2947 3853 3003 ge-

2290 3037 2444 3102 mitu,
2470 3049 2590 3091 cum
2611 3034 2753 3105 quali
2768 3033 2952 3089 dolore
2967 3031 3397 3102 conscripserim,
3429 3032 3580 3087 testis
3599 3039 3676 3086 est
3689 3028 3848 3084 Jesus.

2290 3128 2480 3192 Tacui,
2511 3126 2738 3197 nunquid
2807 3124 2914 3198 45
2988 3141 3180 3196 semper
3227 3125 3425 3189 tacebo,
3458 3125 3575 3178 dicit
3622 3121 3851 3176 Dominus

2291 3219 2460 3290 tPsal.
2478 3218 2546 3274 t9
2567 3227 2645 3284 ;et
2671 3215 2798 3272 lsai.
2828 3217 2918 3272 42.
2943 3216 3077 3286 ll)?
3105 3215 3221 3271 Non
3250 3217 3381 3270 mihi
3401 3215 3711 3272 conceditur
3731 3226 3851 3266 unus

2290 3311 2514 3381 angulus
2527 3309 2714 3365 eremi.
2727 3308 2976 3376 Quotidie
2991 3323 3054 3363 ex
3061 3322 3252 3377 poscor
3272 3307 3459 3375 ﬁdem,
3476 3307 3625 3378 quasi
3641 3307 3748 3360 sine
3761 3301 3852 3357 [ide

2292 3413 2507 3459 renatus
2528 3403 2650 3457 sim.
2669 3401 2962 3467 Conﬁteor,
2979 3411 3038 3456 ut
3066 3400 3269 3466 volunt,
3290 3415 3394 3455 non
3422 3402 3612 3472 placet.
3633 3394 3854 3455 Subscri-

2293 3498 2382 3564 ho,
2413 3511 2518 3551 non
2539 3495 2784 3550 credunt.
2815 3493 2991 3550 Unum
3014 3501 3216 3548 tantum
3255 3493 3457 3564 placet,
3487 3503 3543 3549 ut
3569 3492 3688 3548 hinc
3722 3502 3855 3544 rece-

2293 3590 2436 3644 dam.
2473 3587 2697 3657 Jamjam
2723 3586 2859 3642 cedo
2887 3604 2901 3641 :
2930 3587 3255 3656 abruperunt
3282 3602 3312 3641 a
3341 3602 3436 3643 me
3460 3596 3659 3658 partem
3682 3583 3856 3639 animae

2294 3694 2449 3746 meae,
2477 3678 2785 3734 carissimos
2802 3677 2990 3732 fratres
3009 3696 3023 3733 :
3045 3693 3169 3734 ecce
3195 3677 3477 3734 discedere
3504 3677 3733 3748 cupiunt,
3762 3675 3858 3728 imo

2293 3769 2593 3834 discedunt,
2624 3770 2814 3825 melius
2841 3784 2962 3826 esse
2996 3770 3250 3834 dicentes,
3284 3770 3429 3825 inter
3450 3771 3588 3826 feras
3618 3769 3855 3829 habitare,

2294 3875 2450 3931 quam
2477 3875 2599 3915 cum
2625 3859 2820 3915 talibus
2839 3859 3153 3916 Christianis
3181 3878 3194 3914 :
3225 3870 3280 3916 et
3326 3876 3432 3930 ego
3459 3863 3593 3932 ipse,
3642 3859 3741 3916 nisi
3783 3871 3860 3912 me

2296 3962 2352 4010 et
2372 3954 2612 4024 corporis
2633 3954 2988 4021 imbecillitas,
3015 3963 3072 4009 et
3089 3954 3295 4025 hyemis
3315 3954 3573 4010 retineret
3598 3951 3857 4024 asperitas.

2292 4045 2402 4114 jam
2425 4044 2584 4100 modo
2600 4043 2862 4114 fugerem.
2881 4043 3260 4099 Verumtamen
3281 4043 3405 4098 dum
3435 4059 3653 4100 vernum
3671 4052 3863 4110 tempus

2297 4135 2566 4198 adveniat,
2621 4135 2848 4189 obsecro
2891 4143 2950 4188 ut
2995 4134 3179 4204 paucis
3217 4133 3348 4188 mihi
3389 4135 3666 4190 mensibus
3712 4127 3862 4186 eremi

2300 4227 2624 4282 concedatur
2654 4225 2939 4295 hospitium
2966 4234 3089 4280 :aut
3114 4224 3158 4278 si
3185 4232 3240 4279 et
3269 4225 3370 4278 hoc
3396 4225 3606 4279 tardum
3634 4220 3862 4278 videtur,

2301 4315 2553 4372 abscedo.
2583 4314 2790 4369 Domini
2815 4324 2886 4368 est
2907 4324 3060 4380 terra,
3077 4324 3123 4368 et
3149 4313 3407 4388 plenitudo
3451 4315 3558 4386 ejus
3575 4311 3735 4382 (Psal.
3756 4307 3863 4377 23).

2305 4405 2608 4461 Ascendaut
2631 4406 2729 4460 soli
2775 4405 2989 4472 caelum,
3021 4414 3239 4476 propter
3268 4405 3389 4460 illos
3418 4414 3620 4461 tantum
3644 4402 3867 4459 Christus

2304 4505 2542 4551 mortuus
2580 4496 2670 4560 sit,
2720 4495 2971 4559 habeant,
3027 4495 3351 4565 possideant,
3396 4495 3706 4566 glorientur.
3747 4488 3868 4544 Mihi

2303 4599 2467 4643 autem
2497 4589 2623 4643 absit
2652 4589 2880 4660 glariari,
2921 4589 3021 4642 nisi
3053 4589 3105 4642 in
3147 4605 3294 4643 cruce
3335 4587 3540 4642 Domini
3578 4585 3726 4642 nostri
3753 4583 3869 4636 Iesu

2305 4679 2529 4745 Christi,
2562 4695 2650 4748 per
2674 4697 2818 4749 quem
2863 4680 2985 4733 mihi
3026 4679 3240 4733 mundus
3269 4680 3542 4749 cruciﬁxus
3575 4687 3664 4742 est,
3710 4684 3754 4728 et
3789 4687 3871 4742 ego

2306 4769 2493 4823 mundo
2515 4767 2666 4841 (Gal.
2695 4769 2728 4824 6
2750 4769 2790 4839 ).

2380 4860 2433 4914 4.
2471 4859 2543 4914 De
2569 4858 2672 4914 ﬁde
2690 4867 2865 4913 autem
2893 4858 3031 4928 quod
3062 4857 3154 4930 [al.
3183 4857 3356 4932 quam]
3384 4859 3626 4930 digratus
3653 4871 3710 4909 es
3735 4852 3864 4907 seri-

2374 5037 2448 5110 (ιι)
2474 5035 2698 5110 Veteres
2723 5036 2840 5110 sm-
2854 5035 2983 5110 ιιυξιο
3005 5032 3570 5110 “semiustaque
3586 5027 3876 5110 €£Wﬂ§2

2312 5093 2506 5160 faciunt.
2525 5097 2658 5160 _Mss.
2684 5106 2849 5160 autem
2886 5095 3178 5160 plerumque
3194 5093 3571 5160 Δζῖηὶειυειῖςτίιζιι,
3595 5097 3676 5160 θυι

2314 5230 2508 5272 densent
2525 5255 2540 5278 ,
2563 5230 2618 5268 ut
2653 5230 2793 5269 αισα.
2827 5230 2906 5266 aut
2933 5230 3148 5278 habent;
3173 5230 3355 5280 quippe
3375 5230 3603 5265 ‘t'eleoan
3625 5230 3672 5260 ιιι
3693 5230 3883 5261 unctum

2314 5284 2520 5344 regione
2541 5280 2730 5344 grande
2744 5280 2980 5344 ‘oppidum
3005 5287 3128 5344 erat,
3152 5291 3183 5326 a
3198 5290 3302 5344 _quo
3323 5289 3420 5344 non
3457 5275 3618 5344 longe
3652 5271 3887 5344 hiemale-

2318 5293 2520 5343 regione
2541 5293 2729 5344 granue
2751 5293 2980 5388 oppidum
3005 5293 3128 5338 erat,
3152 5293 3183 5326 a
3204 5293 3302 5339 quo
3323 5293 3420 5326 non
3467 5293 3618 5336 longe
3656 5293 3887 5321 ιιιυιιεδισ-

2318 5346 2442 5392 rium
2465 5343 2518 5392 S.
2555 5341 2756 5392 Eusebii
2799 5342 2930 5390 uisse
2955 5353 3021 5390 ex
3041 5339 3441 5400 'l‘heudoretoiitu
3457 5334 3559 5400 Vit.
3581 5335 3777 5400 Patrum
3791 5339 3890 5400 cap.

2315 5389 2616 5454 indiseimus
2666 5389 2897 5465 adeoque
2913 5389 3078 5465 potuit
3114 5401 3222 5462 ejus
3244 5397 3334 5448 loci
3357 5397 3637 5458 Presbyter
3659 5389 3891 5442 Calciden-

2316 5469 2440 5535 siutn
2458 5465 2604 5535 ﬁdem
2625 5477 2911 5535 agnoscere.

2381 5526 2439 5589 (ἱ)
2459 5526 2511 5575 S.
2538 5521 2803 5589 Cyprianus
2827 5522 3020 5589 epistol.
3045 5521 3146 5589 LV_.

2319 5574 2666 5650 ItrvE,'Mi?titi
2696 5574 2897 5650 astitui.
2933 5585 3020 5636 sed
3045 5574 3277 5650 mtiliti!
3299 5577 3608 5650 ςοηυίείιιηιι
3633 5574 3886 5650 φὲεἱέἐ

2321 5639 2419 5697 Sed
2443 5655 2495 5697 et
2518 5639 2804 5698 Cicern'lib.
2844 5639 2895 5695 δῖ
2935 5639 3109 5707 quiest.
3143 5639 3456 5694 Tusculanae.
3494 5639 3720 5700 accipere
3751 5639 3886 5697 φιαπτ

2323 5711 2483 5772 ficere
2507 5715 2700 5770 prtt’stul
2723 5707 2970 5769 injuriam.

3170 5533 3282 5584 quae
3305 5529 3382 5572 est
3401 5513 3789 5584 tndCornelium,
3813 5516 3896 5584 {Ve-
