4048 6186
455 338 629 397 κὸϐὃ

524 460 580 515 '5.
614 457 726 529 12).
757 453 856 524 Qui
887 452 1131 523 peccator
1154 447 1258 504 est,
1289 445 1342 491 et
1366 435 1472 529 mei
1501 426 2105 529 similis,-vide_t.Domi-

527 569 656 610 num
686 520 957 606 sedentem
1003 541 1053 594 in
1085 535 1219 588 valle
1245 527 1504 599 Josaphat
1535 544 1549 580 :
1577 539 1686 580 non
1717 523 1770 577 in
1803 520 1964 587 colle,
1997 532 2103 573 non

528 647 582 700 in
624 647 833 697 monte;
881 629 974 686 sed
1007 630 1059 682 in
1088 624 1250 687 valle,
1277 630 1334 677 et
1361 621 1414 674 in
1442 617 1582 671 valle
1602 613 1813 685 judicii.
1840 610 1943 679 Qui
1970 623 2106 664 vero

521 735 719 805 justus,
751 733 806 782 et
831 721 980 804 Isaia:
1009 714 1199 772 similis
1226 719 1332 805 est,
1360 708 1502 764 videt
1536 707 1684 805 illum
1721 703 2108 805 sedentemfu-I

527 789 622 892 per
647 789 895 873 thronum
918 807 1189 866 excelsum
1213 811 1269 858 et
1288 802 1572 857 elevatum.
1597 797 1668 853 Ut
1688 802 1864 850 autem
1889 801 1943 847 et
1961 789 2106 844 aliud

524 912 772 973 inferam,
848 903 960 977 48
1029 896 1245 969 quando
1259 911 1381 949 eum
1399 902 1579 948 mente
1602 895 1870 960 pertracto
1883 896 2107 953 regnare

525 1007 578 1061 in
601 972 1360 1064 Tlironis,Dominationibus,
1389 979 1956 1055 Angelis,cmterisque
1984 972 2106 1027 Vir-

525 1095 748 1158 tutibus,
797 1089 954 1145 video
999 1083 1267 1142 excelsum
1314 1078 1564 1134 thronum
1597 1075 1731 1143 ejus.
1762 1067 1991 1138 Quando
2010 1079 2108 1117 au-

528 1199 637 1244 tem
668 1181 953 1240 considero
979 1172 1246 1247 quomodo
1273 1183 1444 1240 genus
1471 1167 1745 1234 dispenset
1791 1160 2104 1216 humanum,

527 1287 583 1334 et
611 1291 707 1348 pro
738 1280 918 1328 nostra
949 1269 1122 1324 salute
1146 1279 1290 1334 smpe
1316 1259 1645 1315 descendere
1670 1255 1876 1308 dicatur
1907 1247 1974 1301 ad
2005 1256 2110 1348 ter-

528 1339 638 1436 ras',
657 1366 814 1423 video
836 1361 1091 1418 humilem
1110 1366 1164 1413 et
1186 1355 1488 1426 proximum
1517 1358 1672 1405 terra:
1702 1345 1952 1436 thronum
1971 1339 2110 1408 ejus.

599 1431 654 1517 4.
687 1457 972 1528 Sequitur:
1005 1449 1120 1505 Vidi
1143 1447 1416 1502 Dominum
1435 1441 1685 1496 sedentem
1702 1450 1855 1505 super
1876 1431 2113 1528 thronum

529 1520 793 1608 excelsum.
825 1556 872 1601 et
915 1544 1196 1602 eleuatum;
1260 1546 1305 1589 et
1347 1534 1496 1605 plena
1550 1537 1658 1583 erat
1714 1526 1894 1578 domus
1949 1520 2112 1590 maje-

530 1651 656 1698 state
711 1642 859 1710 ejus,
921 1644 968 1689 et
1039 1628 1314 1698 Seraphim
1376 1622 1578 1678 stabant
1635 1618 1688 1672 in
1739 1612 2115 1710 circuitu-ejus

517 1701 988 1803 '(juxta'LXX).
1037 1720 1260 1790 Quidam
1325 1722 1451 1769 ante
1501 1726 1587 1765 me
1645 1717 1751 1803 tam
1809 1702 1985 1803 (ξι-τεεί
2035 1701 2114 1772 (a)

533 1796 693 1894 quam
724 1818 898 1876 Latini
931 1817 1076 1870 hunc
1117 1811 1292 1866 locum
1323 1811 1676 1875 exponentes,
1711 1796 1995 1894 Dominum
2020 1808 2114 1847 su-

535 1883 632 1983 per
658 1911 905 1965 thronum
937 1903 1234 1964 sedentem,
1266 1899 1430 1952 Deum
1463 1893 1709 1954 Patrem;
1739 1896 1794 1942 et
1819 1886 1924 1983 duo
1949 1883 2114 1938 Sera-

533 1975 704 2072 phim,
744 2013 862 2068 quae
910 2011 975 2051 ex
1024 2001 1248 2059 utraque
1295 1993 1449 2056 parte
1494 1981 1685 2035 stantia
1733 1975 2114 2072 prazdicantur,

536 2063 823 2147 Dominum
879 2091 1122 2138 nostrum
1177 2078 1357 2133 Jesum
1405 2072 1700 2132 Christum,
1752 2075 1807 2121 et
1861 2063 2117 2133 Spiritum

532 2181 788 2238 Sanctum
819 2169 1150 2243 interpretati
1180 2175 1324 2222 sunt.
1367 2164 1604 2232 Quortun
1645 2173 1744 2228 ego
1783 2151 2114 2217 auctoritati,

532 2271 776 2343 quamvis
805 2268 911 2321 siut
938 2259 1306 2324 eruditissimi,
1339 2271 1443 2308 non
1488 2251 1773 2307 assentior.
1810 2248 2011 2343 ‘MUL-‘l'o
2038 2259 2114 2298 sr-

534 2335 730 2428 QUIN-Ill
775 2369 964 2413 nauus
1008 2367 1101 2408 us'r
1147 2363 1273 2404 vera
1307 2345 1520 2407 rustice,
1563 2355 1720 2410 quam
1757 2337 1883 2390 lalsa
1914 2335 2117 2389 diserte

535 2425 780 2525 proferre
809 2467 824 2504 :
851 2447 1079 2504 maxime
1105 2457 1226 2497 cum
1257 2438 1493 2494 Joannes
1525 2431 1861 2502 Evangelista
1908 2428 1960 2481 in
2017 2425 2117 2478 hac

537 2519 725 2600 eadem
760 2539 1008 2602 'Visione,
1056 2550 1160 2589 non
1211 2533 1376 2586 Deum
1421 2528 1655 2584 Patrem,
1702 2521 1796 2576 sed
1838 2519 2115 2573 Christum

537 2635 737 2690 scribat
773 2644 893 2686 esse
921 2631 1285 2694 conspectum.
1317 2618 1449 2673 Nam
1474 2630 1596 2670 cum
1635 2613 1702 2666 de
1747 2607 2118 2664 incredulitate

538 2727 744 2782 diceret
780 2719 1111 2780 Judzcorum,
1157 2713 1336 2768 statim
1387 2721 1575 2764 causas
1603 2700 1989 2758 incredulitatis
2026 2713 2120 2752 ex-

539 2815 738 2887 posuit,
779 2812 964 2866 dicens
1001 2825 1015 2862 :
1047 2805 1115 2859 Et
1143 2804 1256 2858 ideo
1281 2817 1381 2855 non
1409 2807 1641 2870 poterant
1671 2791 1873 2846 credere
1906 2791 1958 2843 in
1985 2803 2116 2850 eum,

535 2879 658 2978 quia
697 2903 826 2956 dixit
871 2899 1044 2953 Isaias
1082 2911 1102 2950 :
1142 2894 1279 2948 Aure
1308 2889 1542 2952 audietis,
1575 2896 1620 2940 et
1658 2901 1756 2978 non
1786 2879 2120 2978 intelligetis”:

539 2969 586 3052 et
610 3001 864 3050 cernentes
903 2986 1176 3059 aspicietis,
1209 2993 1255 3038 et
1291 2998 1391 3036 non
1416 2977 1662 3033 videbitis.
1696 2973 1820 3028 Haec
1845 2982 2014 3025 autem
2042 2969 2122 3022 di-

541 3087 636 3150 xit,
681 3082 884 3154 quando
913 3079 1045 3132 vidit
1089 3073 1308 3146 gloriam
1341 3067 1619 3140 Unigeniti,
1657 3075 1703 3118 et
1728 3063 2021 3130 testiﬁcatus
2051 3067 2124 3113 est

540 3180 604 3234 de
625 3153 823 3246 corus.
855 3173 909 3228 6.
940 3171 996 3226 9.
1030 3167 1315 3234 10;.loan.
1365 3163 1452 3218 l2.
1497 3162 1585 3216 ΔΟ.
1627 3157 1743 3228 ﬂ).
1780 3156 1832 3210 In
1877 3153 2121 3246 praiscnti

542 3284 670 3339 ergo
702 3245 971 3321 volumine
1002 3259 1155 3315 Isaia:
1181 3257 1249 3313 ab
1277 3271 1342 3312 eo
1371 3253 1461 3325 qui
1491 3252 1642 3308 sedet
1657 3251 1718 3304 in
1752 3249 1944 3303 throno
1966 3245 2125 3316 jube-

546 3337 633 3412 tur
663 3399 677 3421 ,
727 3364 786 3410 ut
831 3354 976 3408 dicat
1006 3369 1019 3405 :
1050 3349 1184 3403 Auro
1205 3346 1438 3409 audietis,
1471 3353 1518 3397 et
1548 3359 1648 3397 non
1690 3341 1996 3410 intelligetis.
2025 3337 2123 3405 Qui

546 3461 724 3504 autem
758 3448 873 3500 haec
899 3444 1070 3515 jubet,
1115 3451 1176 3495 ut
1215 3438 1552 3508 Evangelista
1585 3435 1851 3506 intelligit,
1883 3433 2126 3488 Christus

547 3547 633 3594 est
659 3555 670 3590 :
705 3537 848 3591 unde
874 3547 1015 3587 nunc
1038 3531 1324 3600 colligitur,
1353 3544 1459 3582 non
1488 3523 1645 3596 posse
1670 3523 1950 3593 Seraphim
1972 3521 2129 3576 Chri-

548 3640 688 3684 stum
722 3624 966 3695 intelligi,
995 3637 1117 3678 cum
1145 3621 1388 3676 Christus
1440 3618 1510 3672 sit
1560 3616 1676 3686 ipse
1705 3615 1794 3684 qui
1823 3612 2025 3669 sedeat.
2062 3611 2128 3666 Et

550 3725 673 3777 licet
701 3722 754 3775 in
782 3718 930 3774 Actis
961 3713 1337 3786 Apostolorum
1365 3710 1622 3765 adversus
1665 3707 1878 3763 ,Ιιιάίιιος
1910 3707 2049 3760 inter
2070 3719 2130 3760 se

551 3813 896 3873 dissidentes,
951 3807 1145 3862 Paulus
1185 3804 1369 3858 dicat:
1409 3821 1427 3854 ι
1457 3802 1602 3855 Bene
1642 3797 1874 3869 Spiritus
1901 3797 2129 3852 Sanctus

551 3907 756 3960 locutus
785 3912 865 3957 est
897 3915 990 3970 per
1023 3897 1206 3952 Isaiam
1239 3892 1559 3964 PrOphetam
1600 3889 1666 3943 ad
1691 3897 1866 3958 patres
1895 3897 2126 3952 nostros,

549 3994 733 4050 dicens
768 4010 784 4046 :
815 3989 961 4046 Vade
999 3987 1064 4042 ad
1108 3985 1360 4056 populum
1389 3983 1569 4046 istum,
1600 3988 1655 4036 et
1681 3979 1767 4035 dic
1809 3997 1822 4033 :
1865 3980 2008 4033 Aure
2036 3994 2131 4032 au-

551 4086 730 4146 dietis,
761 4091 818 4136 et
866 4096 971 4134 non
1020 4075 1328 4146 intelligetis
1357 4092 1374 4128 :
1425 4083 1480 4128 et
1506 4071 1748 4127 videntes
1781 4069 2043 4131 videbitis,
2077 4077 2132 4124 et

551 4189 658 4228 non
704 4169 1058 4242 perspicietis.
1095 4166 1450 4222 lncrassatum
1497 4171 1580 4218 est
1624 4163 1767 4218 enim
1811 4176 1906 4215 cor
1949 4158 2130 4229 populi

555 4267 734 4336 hujus,
764 4273 816 4318 et
855 4261 1072 4318 auribus
1107 4261 1217 4315 suis
1253 4258 1486 4330 graviter
1524 4256 1833 4320 audierunt,
1863 4264 1918 4308 et
1948 4251 2132 4307 oculos

555 4372 682 4411 suos
709 4356 1017 4410 clauserunt
1050 4371 1063 4408 :
1095 4368 1162 4407 ne
1191 4350 1403 4422 quando
1435 4349 1652 4422 videant
1682 4348 1872 4414 oculis,
1904 4357 1954 4400 et
1981 4341 2130 4398 auri-

555 4446 656 4501 bus
679 4445 914 4508 audiant,
947 4455 1001 4499 ct
1024 4443 1186 4498 corde
1211 4441 1534 4510 intelligant,
1571 4451 1623 4492 et
1651 4445 2030 4492 convertantur
2056 4433 2132 4506 (b)

557 4535 624 4590 ad
656 4549 762 4600 me,
794 4542 846 4588 et
875 4548 1056 4587 sancm
1086 4532 1208 4586 illos
1231 4549 1249 4582 ›
1284 4530 1421 4600 (Act.
1453 4529 1543 4584 28.
1577 4527 1669 4595 25,
1690 4539 1738 4582 et
1757 4543 1882 4599 seqq
1909 4528 1960 4595 ),
2002 4526 2132 4580 mihi

557 4638 735 4682 tamen
796 4639 1039 4695 persona:
1088 4623 1373 4678 diversitas
1418 4635 1524 4675 non
1574 4620 1699 4674 facit
1750 4621 2130 4690 quaestionem,

553 4733 676 4772 cum
704 4717 869 4772 sciam
902 4723 958 4770 et
982 4713 1252 4769 Christum
1283 4720 1338 4768 et
1363 4711 1621 4782 Spiritum
1692 4709 1803 4784 49
1877 4711 2128 4766 Sanctum

556 4811 712 4864 unius
747 4823 866 4863 esse
905 4805 1250 4869 substantiae;
1283 4818 1382 4858 nec
1421 4803 1524 4857 alia
1552 4802 1782 4872 Spiritus
1809 4802 1966 4857 verba
1993 4818 2132 4868 esse,

555 4915 716 4970 quam
746 4899 889 4962 Filii,
910 4912 1009 4953 nec
1023 4895 1166 4950 aliud
1194 4895 1384 4951 Filium
1413 4893 1834 4964 jussisse,quam
1855 4895 2132 4964 Spiritum.

629 4993 682 5043 5.
711 4991 1004 5060 Sequitur:
1036 4986 1104 5041 Et
1150 4987 1302 5056 plena
1338 4995 1446 5041 erat
1485 4987 1661 5041 domus
1701 4986 1964 5056 majestate
2004 4986 2133 5056 ejus.

563 5084 760 5137 Domus
789 5083 879 5138 Dei
908 5097 1027 5152 qua:
1055 5095 1267 5136 sursum
1290 5085 1392 5144 est,
1409 5077 1574 5147 gloria
1600 5078 1755 5148 plena
1778 5078 2135 5145 conspicitur:

561 5177 677 5228 Iure
705 5189 831 5229 vero
853 5188 972 5244 qua:
999 5172 1249 5229 deorsum
1271 5179 1374 5238 est,
1398 5169 1579 5225 nescio
1607 5185 1674 5222 an
1705 5170 1857 5239 plena
1883 5169 1951 5222 sit
1969 5170 2135 5238 gloria

622 5303 696 5365 (a)
729 5302 800 5352 Ex
841 5303 917 5353 his
937 5311 1044 5353 erat
1066 5303 1326 5374 Origenes,
1353 5309 1407 5352 ut
1443 5301 1775 5375 ipsejlieron.
1816 5303 1866 5350 in
1900 5301 2053 5364 Epist.
2079 5304 2139 5353 ad

559 5364 746 5413 Parnm.
773 5372 825 5414 et
845 5365 1028 5413 Ocean.
1059 5382 1081 5410 ι
1103 5363 1154 5412 In
1171 5365 1379 5413 lectione
1401 5380 1424 5408 ι
1442 5371 1648 5414 inquit.»
1679 5363 1831 5414 Isaae.
1847 5365 1894 5412 in
1918 5377 2012 5414 una
2045 5366 2139 5414 duo

561 5376 746 5413 ramm.
773 5376 825 5414 et
845 5376 1028 5413 ucean.
1059 5382 1081 5410 ι
1103 5376 1154 5412 ιη
1171 5376 1379 5413 lectione
1401 5380 1424 5408 ι
1442 5376 1648 5472 ιηἮιιιρ
1679 5376 1831 5419 tsaire,
1847 5377 1894 5412 tu
1918 5377 2012 5427 qua
2045 5376 2141 5414 duo

561 5424 816 5498 Seraphim
835 5423 1088 5498 clamantia
1105 5424 1466 5498 describuntur,
1481 5426 1515 5498 i_
1535 5438 1565 5472 o
1583 5425 1950 5498 interpretante.
1960 5425 2138 5498 lj‘ilium

564 5491 618 5546 et
637 5483 868 5546 Spiritum
883 5483 1128 5541 Sanctum,
1151 5485 1312 5546 nonne
1331 5497 1425 5546 ego
1438 5483 1771 5546 detestandam
1784 5488 2138 5546 expositionem

564 5497 618 5533 et
637 5497 868 5545 Spiritum
883 5497 1128 5541 sanctum,
1151 5497 1312 5532 nonne
1331 5497 1360 5532 e
1396 5499 1425 5531 ο
1438 5497 1771 5534 ueteStanoam
1784 5497 2136 5546 exposmonem

563 5544 616 5593 in
639 5543 736 5591 duo
758 5543 1073 5590 Testamenta
1099 5545 1316 5592 mutavi?
1337 5499 1558 5594 lfabetur
1583 5543 1712 5592 liber
1730 5547 1782 5593 in
1803 5548 2028 5596 manibus
2049 5561 2136 5596 an-

563 5611 617 5654 te
641 5603 808 5664 viginti
842 5613 999 5664 annos
1015 5600 1193 5658 editus,
1219 5609 1311 5651 etc.

625 5659 712 5726 (ὑῖ
731 5661 932 5726 Quidam
957 5659 1070 5707 Mss.
1092 5666 1138 5707 et
1161 5669 1430 5712 convertant
1452 5677 1519 5726 se,
1537 5671 1582 5715 et
1603 5664 1990 5716 sanem.Grscus
2006 5676 2142 5718 uu-o.

560 5722 660 5789 que
679 5722 734 5774 lu
759 5722 864 5771 loco
885 5733 944 5769 ..λ
968 5731 1202 5782 ιπιστρδψυα
1221 5734 1281 5771 ..λ
1299 5733 1466 5783 ldo-pst.

1823 313 2065 373 SANCTI
2105 306 2485 368 ΙΙΙΕΒΟΝΥΜΙ

2211 425 2311 479 nisi
2339 419 2475 479 forte
2499 421 2788 479 secundum
2815 435 3032 478 sensum
3061 421 3354 478 Psalmista:
3383 419 3613 480 dicentis
3641 444 3657 482 :
3686 423 3797 483 Do~

2209 517 2336 571 mini
2354 526 2425 572 est
2455 526 2610 583 terra,
2633 526 2680 592 et
2705 513 2967 586 plenitudo
2989 517 3099 585 ejus
3123 517 3142 586 (
3164 515 3255 570 Ps.
3282 510 3370 572 23.
3409 518 3488 587 1).
3519 517 3628 574 Nos
3651 534 3761 591 quo
3780 551 3793 562 -

2209 608 2592 676 quefdicamus
2641 623 2736 662 eos
2779 623 2899 663 esse
2945 604 2999 662 in
3048 618 3189 663 terra
3231 609 3420 677 plenos
3467 610 3659 680 gloria,
3700 610 3794 682 qui

2209 700 2419 766 possint
2445 698 2627 754 dicere
2655 717 2669 752 :
2704 697 2815 752 Nos
2834 715 3003 753 omnes
3031 715 3094 753 ea:
3122 693 3434 768 plenitudine
3457 702 3565 770 ejus
3589 703 3790 772 accepi-

2210 805 2323 842 mus
2352 788 2533 858 (Joan.
2561 791 2616 844 1.
2649 790 2762 860 16).
2805 790 2965 844 istam
2996 789 3214 844 domum
3246 790 3514 860 sapientes
3538 791 3799 849 mulieres

2211 881 2508 949 aediﬁcant,
2554 891 2609 937 et
2656 882 2967 952 insipientes
3006 883 3267 952 dissipant
3309 883 3552 939 manibus
3585 883 3606 956 (
3629 885 3791 938 Prov.

2214 972 2327 1038 14).
2372 973 2447 1027 De
2479 973 2576 1027 ista
2607 983 2661 1028 et
2693 973 2854 1028 Isaias
2892 974 3164 1044 loquitur:
3193 972 3254 1026 Et
3285 975 3380 1026 erit
3421 974 3472 1027 in
3510 973 3798 1030 novissimis

2212 1062 2386 1116 diebus
2413 1062 2486 1133 (c)
2518 1073 2835 1133 preparatus
2866 1080 3009 1117 mons
3046 1065 3227 1118 domus
3270 1061 3480 1116 Domini
3506 1065 3558 1117 in
3583 1065 3798 1118 summis

2213 1155 2481 1219 montibus,
2511 1165 2559 1209 et
2585 1157 2860 1210 elevabitur
2884 1173 3038 1226 super
3064 1157 3216 1211 colles
3239 1157 3258 1224 (
3280 1154 3406 1210 Isai.
3441 1155 3498 1212 2.
3525 1157 3618 1227 2).
3669 1156 3800 1211 Haac

2214 1256 2296 1301 est
2325 1245 2540 1311 domus,
2569 1247 2637 1302 de
2661 1263 2764 1316 qua
2793 1256 2846 1302 et
2881 1248 3006 1302 alibi
3046 1248 3385 1317 supradictus
3421 1247 3616 1318 Paulus
3643 1261 3795 1300 sacra

2216 1352 2344 1392 voce
2385 1347 2645 1392 testatur:
2677 1338 2740 1392 Et
2782 1337 2987 1409 Moyses
3014 1341 3214 1409 quidem
3241 1339 3407 1408 ﬁdelis
3432 1339 3486 1392 in
3515 1348 3618 1392 tota
3642 1338 3798 1391 domo

2214 1428 2344 1496 ejus,
2372 1428 2524 1495 quasi
2542 1429 2767 1498 famulus
2785 1429 2848 1487 in
2878 1428 3212 1482 testimonium
3233 1443 3561 1497 eorum,un
3579 1426 3800 1481 dicenda

2215 1529 2376 1572 erant.
2407 1518 2638 1574 Christus
2656 1529 2822 1574 autem
2845 1528 2901 1573 ut
2924 1519 3093 1575 Filius
3112 1536 3263 1589 super
3279 1519 3482 1572 domum
3505 1519 3632 1589 ejus,
3650 1519 3801 1580 cuius

2215 1610 2396 1665 domus
2419 1627 2594 1665 sumus
2615 1627 2707 1664 nos
2737 1627 2756 1665 :
2775 1612 2821 1665 si
2846 1619 3012 1664 tamen
3040 1611 3346 1680 principium
3371 1611 3664 1664 substantia:
3686 1609 3801 1679 ejus

2215 1717 2370 1772 usque
2394 1701 2464 1754 ad
2489 1703 2641 1770 finem
2661 1703 2865 1772 ﬁrmum
2886 1713 3144 1757 teneamus
3170 1701 3352 1772 (Hebr.
3373 1703 3464 1756 55.
3491 1701 3568 1773 6).
3601 1702 3676 1756 De
3697 1701 3800 1754 hac

2216 1803 2269 1847 et
2293 1794 2358 1847 ad
2387 1795 2726 1848 Timotheum
2755 1795 3025 1865 loquitur:
3049 1794 3174 1849 Harc
3199 1805 3367 1849 autem
3386 1794 3569 1856 scribo,
3593 1803 3646 1846 ut
3665 1795 3802 1848 scias

2215 1887 2636 1956 quemadmodum
2657 1898 2887 1957 oporteat
2911 1897 2958 1942 te
2983 1889 3270 1943 conuersari
3292 1889 3347 1942 in
3375 1888 3527 1942 domo
3545 1885 3658 1951 Dei,
3682 1901 3799 1955 qua:

2217 1989 2290 2034 est
2321 1979 2548 2034 Ecclesia
2573 1981 2651 2050 (1.
2687 1979 2818 2034 Tim.
2848 1980 2902 2035 5.
2936 1981 3023 2034 14.
3052 1979 3164 2051 15).

2289 2073 2343 2128 ϐ.
2375 2073 2627 2142 Sequitur
2658 2090 2672 2126 :
2711 2073 2774 2127 Et
2805 2073 3078 2142 Serap/tim
3106 2072 3302 2126 stabant
3329 2071 3380 2124 in
3411 2071 3624 2124 circa-itu
3654 2071 3802 2140 ejus;

2217 2183 2305 2221 sea:
2330 2167 2428 2220 ala:
2453 2167 2542 2219 uni
2560 2208 2576 2232 ,
2609 2176 2656 2220 et
2681 2183 2771 2220 sa:
2795 2168 2894 2219 ala:
2917 2165 3102 2229 alteri;
3140 2174 3184 2218 et
3219 2163 3416 2216 duabus
3441 2163 3638 2232 quidem
3664 2164 3808 2216 vela-

2219 2261 2336 2312 bant
2365 2260 2568 2329 faciem,
2594 2268 2640 2312 et
2661 2258 2856 2313 duabus
2881 2258 3109 2312 uelabant
3137 2257 3306 2326 pedes,
3341 2267 3386 2310 et
3426 2257 3621 2309 duabus
3657 2255 3806 2309 vola-

2220 2352 2356 2416 bant,
2377 2364 2419 2404 ct
2443 2349 2730 2404 clamabant
2765 2350 2896 2403 alter
2931 2351 3000 2402 ad
3036 2349 3270 2411 alterum,
3297 2359 3342 2401 et
3363 2347 3591 2401 dicebant
3620 2347 3805 2402 :San-

2220 2451 2348 2506 ctus,
2382 2441 2633 2506 Sanctus,
2674 2441 2891 2496 Sanctus
2919 2439 3168 2512 Dominus
3209 2437 3622 2502 Deus'Sabaoth,
3649 2435 3807 2505 plena

2219 2544 2289 2586 est
2312 2534 2542 2586 universa
2577 2542 2712 2585 terra
2737 2532 2902 2603 gloria
2931 2532 3062 2601 ejus.
3094 2519 3351 2584 Volumus
3381 2530 3519 2582 scire
3549 2544 3668 2596 qua-
3695 2529 3808 2580 sint

2219 2623 2499 2692 Seraphim
2522 2623 2718 2676 stantia
2746 2623 2797 2676 in
2827 2621 3050 2676 circuitu
3083 2621 3196 2684 Dei,
3229 2636 3345 2689 qum
3372 2634 3461 2673 sex
3493 2619 3588 2672 ala:
3619 2618 3804 2684 unius,

2221 2727 2275 2770 et
2313 2716 2468 2770 simul
2508 2715 2707 2785 juncta:
2751 2713 3065 2776 duodecim;
3097 2711 3365 2782 quomodo
3395 2710 3600 2764 duabus
3626 2710 3810 2763 velent

2225 2808 2434 2871 laciem,
2467 2816 2522 2862 et
2548 2806 2753 2860 duabus
2783 2805 2968 2875 pedes,
2993 2814 3045 2859 et
3071 2803 3277 2858 duabus
3321 2804 3498 2856 volent
3527 2816 3683 2855 :cum
3715 2816 3811 2853 su-

2224 2900 2402 2969 perius
2446 2899 2500 2953 in
2535 2897 2754 2952 circuitu
2791 2897 2882 2951 Dei
2917 2905 3060 2950 stare
3089 2895 3332 2949 dicantur
3360 2912 3373 2946 :
3399 2905 3490 2947 aut
3534 2891 3810 2963 quomodo

2224 2997 2367 3044 stent
2415 2988 2467 3043 in
2522 2987 2768 3052 circuitu,
2812 3002 2932 3041 cum
2980 2986 3086 3040 duo
3131 2985 3237 3040 sint
3266 3028 3280 3052 ,
3320 2996 3374 3039 et
3415 2984 3540 3038 alibi
3587 2975 3808 3038 volent:

2225 3081 2349 3152 quid
2371 3081 2440 3134 sit
2461 3079 2587 3134 illud
2615 3079 2754 3149 quod
2781 3079 2916 3133 alter
2944 3078 3008 3130 ad
3040 3078 3265 3131 alterum
3295 3076 3572 3130 clamitent
3595 3117 3608 3137 .
3640 3084 3693 3130 et
3724 3085 3813 3129 ter

2224 3172 2401 3227 Sancti
2432 3186 2624 3225 nomen
2659 3171 3020 3240 ingeminant:
3047 3166 3314 3238 quomodo
3343 3167 3590 3237 superius
3609 3166 3808 3221 domus

2227 3262 2380 3332 plena
2411 3262 2600 3331 gloria,
2633 3269 2686 3316 et
2713 3275 2854 3315 nunc
2885 3270 3026 3314 terra
3055 3274 3175 3314 esse
3202 3258 3428 3313 dicatur.

2303 3351 2565 3406 “randum
2590 3353 2642 3406 in
2671 3350 3107 3421 interpretationes
3136 3349 3547 3419 Scripturarum.
3580 3379 3650 3388 —
3674 3347 3810 3416 Qua

2227 3458 2352 3502 cum
2366 3458 2470 3498 non
2495 3444 2770 3496 minimum
2795 3443 3070 3511 pulverem
3095 3452 3363 3503 moveant,
3383 3442 3615 3508 etprima
3631 3441 3814 3494 statim

2231 3535 2404 3590 fronte
2417 3533 2784 3589 difﬁcultatem
2815 3535 3273 3604 interpretationis
3297 3533 3573 3602 objiciunt,
3596 3533 3647 3586 in
3661 3548 3814 3587 com-

2231 3640 2393 3680 muue
2416 3626 2695 3680 Dominum
2735 3625 3106 3701 deprecemur,
3132 3633 3189 3700 ut
3212 3623 3342 3678 mihi
3417 3625 3527 3697 5o
3564 3643 3573 3693 χ
3599 3638 3818 3693 quoque

2231 3716 2299 3770 de
2338 3715 2492 3769 altari
2518 3715 2684 3769 carbo
2713 3715 2951 3769 mittatur
2973 3757 2987 3780 ,
3022 3724 3079 3769 ut
3102 3715 3246 3769 omni
3279 3728 3621 3783 peccatorum
3651 3714 3815 3768 sorde

2232 3806 2466 3872 detersa,
2495 3805 2724 3875 primmu
2755 3807 2954 3876 possim
2986 3806 3079 3862 Dei
3110 3791 3441 3860 sacramenta
3464 3807 3814 3875 conspicere,

2231 3897 2428 3953 dehinc
2450 3912 2704 3952 enarrare
2732 3912 2850 3967 quae
2877 3897 3080 3952 videro.
3111 3896 3383 3967 Seraphin:
3412 3898 3549 3953 sicut
3575 3898 3625 3951 in
3649 3899 3817 3951 inter-

2235 3988 2531 4056 pretatione
2559 3987 2844 4042 Nominum
2885 3987 3230 4042 Hebrreorum
3265 3988 3561 4066 invenimus
3581 4029 3598 4053 ,
3622 3987 3813 4052 ardor,

2233 4089 2325 4132 aut
2348 4080 2633 4133 incendium
2657 4121 2672 4145 ,
2711 4088 2803 4134 aut
2842 4081 3148 4150 principium
3175 4080 3278 4134 oris
3317 4096 3508 4142 eorum,
3547 4079 3816 4147 interpre-

2237 4179 2434 4225 tantur.
2472 4172 2773 4237 Qumrimus
2797 4171 2922 4242 quid
2954 4173 3025 4225 sit
3055 4171 3156 4225 hoc
3187 4171 3534 4226 incendium?
3570 4170 3820 4224 Salvator

2233 4264 2309 4318 ait
2340 4282 2353 4318 :
2387 4262 2414 4317 l
2420 4281 2564 4334 gnem
2589 4266 2698 4318 veni
2721 4267 2915 4342 mittere
2942 4265 2995 4319 in
3019 4274 3204 4319 terram
3225 4305 3242 4330 ,
3269 4276 3315 4318 et
3349 4283 3498 4337 quam
3525 4263 3620 4336 [ιιι.
3642 4263 3820 4336 quem]

2240 4356 2370 4418 volo,
2397 4365 2450 4408 ut
2479 4355 2655 4432 ardeat
2687 4354 2837 4426 (Luc.
2868 4356 2953 4410 19.
2977 4355 3092 4424 49).
3136 4357 3216 4428 (d)
3252 4357 3363 4410 Duo
3387 4355 3661 4425 discipuli,
3693 4357 3817 4424 qui-

2239 4445 2338 4501 bus
2359 4446 2411 4499 in
2439 4447 2628 4501 itinere
2653 4446 2911 4501 Dominus
2931 4447 3236 4516 Scripturas
3257 4455 3562 4517 aperuerat,
3583 4465 3609 4498 ιι
3634 4446 3822 4516 Moyse

2238 4547 2294 4593 et
2321 4538 2569 4594 omnibus
2615 4538 2896 4610 Prophetis
2937 4538 3230 4608 incipiens,
3273 4547 3552 4609 postquam
3597 4539 3821 4592 reserati

2239 4636 2364 4682 sunt
2403 4628 2543 4682 oculi
2583 4643 2793 4695 eorum,
2839 4637 3228 4698 cognoscentes
3269 4643 3415 4695 eum,
3460 4628 3708 4683 dixerunt
3748 4629 3823 4683 ad

2239 4719 2552 4772 alterutrum
2579 4735 2593 4772 :
2627 4717 2814 4782 Nonne
2839 4735 2926 4773 cor
2951 4731 3178 4774 nostrum
3203 4720 3386 4790 ardens
3421 4730 3529 4774 erat
3564 4720 3619 4773 in
3652 4719 3824 4787 nobis,

2240 4808 2361 4862 dum
2377 4809 2661 4877 loqueretur
2681 4808 2732 4862 in
2752 4809 2852 4871 via,
2876 4818 2924 4864 ct
2941 4809 3158 4880 aperiret
3177 4808 3321 4863 nobis
3343 4808 3639 4878 Scripturas
3660 4807 3834 4875 (Lua.

2235 4900 2330 4955 24.
2365 4899 2494 4970 52)?
2524 4900 2586 4954 Et
2614 4902 2665 4954 in
2695 4901 3107 4956 Deuteronomio
3132 4902 3268 4972 (cap.
3292 4901 3347 4972 4)
3379 4901 3518 4955 Deus
3541 4899 3654 4968 ipse
3683 4899 3833 4968 ignis

2243 4991 2492 5047 scribitur
2528 5005 2650 5046 esse
2691 5006 3044 5057 consumens;
3085 5002 3140 5047 et
3185 4992 3237 5045 in
3279 4989 3560 5046 Ezechiele
3585 4990 3728 5060 (cap.
3760 4990 3831 5059 8)

2245 5095 2492 5150 quoque,
2541 5096 2570 5132 a
2626 5080 2842 5134 renibus
2893 5080 3177 5151 usquead
3230 5081 3392 5150 pedes
3443 5079 3649 5134 videtur
3702 5094 3834 5134 esse

2247 5173 2466 5242 igneus;
2500 5173 2563 5225 Et
2582 5173 2780 5240 eloquia
2805 5171 3008 5226 Domini
3027 5171 3221 5242 eloquia
3242 5180 3400 5235 casta,
3425 5179 3688 5242 argentum
3709 5171 3836 5241 igne

2307 5306 2377 5376 (ρ)
2414 5304 2708 5374 Membrana:
2725 5293 2895 5376 Regiae
2905 5305 3183 5376 manifestus
3199 5316 3339 5376 mons
3366 5282 3572 5376 Domini,
3587 5309 3633 5354 et
3648 5312 3832 5357 Densus

2245 5367 2338 5418 Dei
2359 5367 2410 5416 in
2432 5367 2630 5417 summis
2662 5367 2898 5418 tuentibus
2917 5405 2931 5428 ,
2961 5367 3056 5416 etc.
3093 5367 3412 5440 Septuaginta
3459 5367 3520 5413 ad
3558 5378 3775 5440 unguem
3807 5405 3823 5424 ,

2250 5442 2392 5490 ἰμφανὶς
2415 5441 2458 5478 τὸ
2480 5439 2561 5490 ὅρος
2585 5442 2702 5492 lupino
2726 5442 2786 5478 nell
2811 5441 2832 5479 6
2853 5446 2950 5484 οἶκος
2972 5444 3037 5478 τοῦ
3070 5441 3150 5478 θεοῦ
3168 5462 3182 5486 ,
3209 5434 3305 5474 Clt‘u
3353 5438 3518 5486 neque
3543 5434 3672 5474 enim
3706 5434 3828 5488 jux-

2248 5489 2605 5599 tzbijfbraiwiii
2629 5490 2891 5539 veritatem
2913 5490 3189 5551 Scripturas
3215 5493 3330 5534 tunc
3350 5485 3674 5549 Hieronymus
3697 5490 3831 5537 reci-

2247 5558 2396 5681 ιῗξξῗιιί
2423 5610 2505 5681 Sic
2527 5610 2640 5681 Mss.
2664 5623 2839 5681 magno
2863 5623 3094 5681 numero,
3119 5614 3263 5658 antea
3286 5615 3448 5681 tamen
3467 5680 3472 5681 ν
3488 5613 3614 5681 erat,

2251 5668 2527 5742 Iaiscipulis.
2556 5672 2664 5720 Mox
2702 5668 2867 5741 iidem,
2909 5680 3070 5742 nonne
3092 5683 3176 5720 cor
3197 5674 3412 5718 nostrum
3450 5674 3556 5717 erat
3584 5668 3724 5722 nobis
3744 5683 3825 5721 ar-

2248 5739 2366 5783 dens
2384 5738 2437 5783 in
2459 5738 2551 5795 tria,
2573 5745 2681 5782 cum
2710 5738 2938 5795 aperiret,
2964 5739 3057 5784 etc.

3867 5773 3923 5788 ρ
