4048 6186
235 244 342 305 ³65

238 365 583 425 minatum
605 405 622 432 ,
665 365 924 436 probatum
967 369 1113 418 terra
1131 401 1148 430 ,
1202 369 1470 433 purgatum
1519 361 1807 431 st’pluplum

239 458 412 530 (Psal.
438 459 552 528 i7).
579 458 646 514 Et
676 457 842 512 multa
868 455 970 510 alia
999 470 1119 526 qua:
1140 454 1184 509 si
1212 453 1281 510 de
1305 454 1556 509 omnibus
1575 453 1816 522 Scriptu-

239 551 316 606 ris
335 549 559 604 voluero
578 548 858 617 replicare,
882 547 1195 617 perlongum
1222 555 1326 602 est.
1359 547 1501 616 Ergo
1525 545 1816 614 quaerimus

238 639 326 695 ubi
355 639 426 694 sit
451 637 553 694 hoc
591 638 893 694 incendium
935 635 1209 694 salutare?
1248 636 1387 691 Nulli
1427 635 1646 690 dubium
1685 635 1815 705 quin

241 731 297 786 in
331 731 500 787 sacris
524 729 885 786 voluminibus
903 770 919 795 ,
950 745 1017 785 ex
1045 745 1273 799 quorum
1303 729 1537 784 lectione
1563 731 1815 784 universa

239 809 515 880 hominum
536 823 661 878 vitia
690 833 1004 894 purgantur.
1036 823 1112 878 De
1132 837 1198 878 eo
1225 837 1355 878 vero
1379 821 1521 893 quod
1552 821 1811 891 sequitur,

238 915 544 986 principium
573 915 676 969 oris
700 931 872 969 eorum
889 953 906 980 ,
937 915 1206 984 quomodo
1229 914 1396 983 possit
1421 912 1489 968 ad
1516 912 1817 982 Scripturas

239 1008 452 1073 referri,
487 1021 680 1063 vereor
705 1021 774 1062 ne
803 1007 848 1062 si
868 1006 1057 1069 dicere
1081 1007 1403 1076 meper-imus
1423 1046 1437 1071 ,
1466 1021 1574 1060 non
1603 1015 1706 1059 tam
1739 1005 1817 1058 in-

235 1101 540 1168 terpretari,
569 1113 729 1166 quam
752 1097 862 1150 vim
889 1097 1180 1167 Scripturis
1208 1096 1408 1151 inferre
1428 1096 1723 1150 videamur.

304 1189 509 1260 Lingua
536 1186 756 1240 Hebraa
777 1186 941 1256 prima
961 1196 1006 1239 et
1022 1187 1320 1240 communis.
1359 1184 1645 1240 Victorinus
1675 1183 1818 1238 Lati-

231 1295 332 1334 nus
356 1279 567 1332 Auctor.
589 1305 663 1318 —
686 1275 898 1330 luitium
942 1277 1053 1331 oris
1091 1285 1144 1330 et
1182 1277 1482 1330 communis
1518 1275 1736 1345 eloquii,
1765 1285 1820 1331 et

230 1368 342 1424 hoc
363 1384 524 1425 omne
545 1367 637 1441 [al.
655 1383 801 1422 omne
817 1365 1042 1438 uerbum]
1067 1367 1208 1437 quod
1231 1367 1516 1436 loquimur,
1541 1366 1819 1422 Hebrwam

229 1459 498 1529 linguam,
526 1474 630 1528 qna
651 1468 802 1514 vetus
827 1458 1227 1514 Testamentum
1257 1458 1516 1527 scriptum
1546 1467 1630 1512 est
1649 1497 1665 1521 ,
1693 1457 1818 1512 uni-

231 1564 392 1604 versa
414 1549 707 1618 antiquitas
737 1549 973 1603 tradidit.
1015 1548 1303 1618 Postquam
1331 1561 1459 1602 vero
1497 1547 1550 1602 in
1587 1546 1816 1603 fabrica-

231 1643 382 1696 tione
423 1641 582 1694 turris
623 1655 721 1709 per
759 1640 1016 1694 oll‘ensam
1065 1640 1162 1694 Dei
1201 1638 1500 1708 linguarum
1534 1639 1819 1695 diversitas

229 1732 488 1788 attributa
538 1741 620 1787 est
641 1771 656 1794 ,
701 1740 825 1787 tunc
860 1731 1126 1787 sermonis
1150 1732 1382 1785 varietas
1407 1731 1461 1784 in
1490 1745 1677 1785 omnes
1702 1729 1816 1784 dis-

229 1840 390 1897 persa
429 1833 514 1879 est
554 1825 815 1879 nationes.
860 1822 1022 1892 igitur
1060 1833 1116 1878 et
1156 1822 1460 1878 incendium
1508 1831 1563 1876 et
1607 1822 1815 1878 initium

226 1917 366 1982 oris,
419 1917 472 1970 in
503 1914 731 1970 duobus
774 1914 1218 1969 animadvertitur
1260 1914 1616 1990 Testamentis
1651 1930 1664 1966 :
1697 1928 1816 1983 quae

227 2005 375 2062 circa
406 2006 572 2060 Deum
597 2014 741 2060 stare
760 2046 775 2071 ,
800 2019 906 2059 non
933 2005 1128 2060 mirum
1154 2012 1236 2060 est
1255 2045 1271 2070 ,
1301 2019 1424 2060 cum
1473 2017 1571 2073 per
1617 2018 1678 2058 ea
1712 2002 1817 2057 Do-

232 2098 416 2153 minus
446 2097 559 2168 ipse
587 2099 849 2153 discatur.
885 2099 991 2153 Sex
1015 2099 1113 2153 ala:
1140 2099 1262 2163 uni,
1292 2108 1341 2152 et
1378 2114 1468 2153 sex
1505 2098 1605 2152 alte
1645 2097 1811 2151 alteri.

236 2189 542 2244 Victorinus
569 2199 752 2245 noster
779 2189 1061 2246 duodecim
1109 2191 1395 2260 Apostolos
1433 2190 1816 2260 interpretatus

230 2288 338 2335 est.
380 2279 489 2334 Nos
517 2295 802 2350 possumus
827 2283 882 2336 et
907 2278 1190 2336 duodecim
1218 2279 1424 2351 lapides
1449 2281 1651 2342 altaris,
1683 2294 1818 2350 quos

230 2368 439 2424 ferrum
469 2384 573 2424 non
602 2371 794 2440 tetigit,
821 2379 877 2425 et
909 2369 1192 2425 duodecim
1222 2385 1482 2440 gemmas,
1517 2385 1583 2425 ex
1623 2369 1818 2438 quibus

230 2457 533 2514 sacerdotis
561 2460 634 2529 (a)
671 2459 880 2529 insigne
917 2469 1282 2515 constructum
1316 2469 1401 2516 est
1440 2459 1653 2532 (Exod.
1681 2459 1815 2528 28),

233 2554 344 2625 ει
419 2555 693 2622 accipere;
715 2567 854 2624 quos
869 2562 924 2608 et
965 2553 1212 2609 Ezechiel
1242 2555 1380 2625 (cap.
1408 2553 1501 2625 28)
1533 2562 1816 2618 memorat,

233 2653 296 2698 et
343 2644 692 2714 Apocalypsis
740 2644 883 2714 (cap.
904 2645 995 2714 21)
1053 2660 1159 2700 non
1202 2654 1363 2711 tacet,
1410 2661 1637 2717 quorum
1690 2646 1818 2717 quid

233 2749 427 2790 verum
477 2736 580 2802 sit,
631 2735 769 2791 Deus
821 2735 1058 2792 viderit:
1089 2735 1215 2808 quid
1246 2736 1575 2804 verisimile,
1623 2738 1674 2792 in
1725 2751 1814 2794 se.

234 2826 528 2897 quentibus
546 2841 609 2882 ex
618 2842 894 2896 ponemus.

317 2921 372 2973 7.
412 2919 658 2990 Sequitur
689 2939 704 2976 :
735 2920 800 2974 Et
836 2922 1030 2977 duabus
1057 2921 1258 2994 quidem
1287 2923 1518 2978 uelabant
1543 2924 1744 2996 faciem,
1775 2932 1822 2978 et

232 3008 436 3064 duabus
475 3011 705 3066 uelabant
741 3012 890 3082 pedes
910 3053 924 3076 ,
963 3021 1011 3066 et
1044 3013 1240 3068 duabus
1273 3014 1527 3070 volabant.
1561 3013 1823 3070 Velabant

237 3100 435 3156 faciem
465 3115 568 3156 non
595 3117 770 3167 suam,
799 3102 894 3158 sed
926 3103 1041 3160 Dei.
1071 3103 1204 3170 Quis
1233 3105 1376 3160 enim
1409 3105 1526 3174 ejus
1551 3105 1691 3160 scire
1721 3119 1820 3175 po-

237 3192 711 3264 test'principium,
743 3192 869 3264 quid
894 3204 1177 3265 antequam
1206 3195 1367 3250 istum
1389 3195 1645 3252 conderet
1669 3185 1814 3251 mun-

236 3283 404 3348 dum,
439 3281 512 3355 (ὁ)
539 3285 593 3338 in
623 3285 1002 3342 rerum-fuerit
1021 3286 1321 3342 aeternitate
1348 3303 1361 3340 :
1391 3287 1624 3355 quando
1650 3286 1822 3342 Thro-

240 3389 368 3440 nos,
408 3375 824 3444 Dominationes,
868 3377 1188 3442 Potestates,
1227 3379 1499 3450 Angelos,
1549 3390 1824 3452 totumque

239 3465 598 3523 ministerium
623 3470 842 3526 caeleste
860 3470 1200 3526 condiderit?
1227 3472 1478 3542 Sequitur
1503 3491 1514 3526 :
1541 3472 1609 3528 Et
1630 3475 1825 3530 duabus

240 3557 476 3613 uelabant
504 3561 672 3629 pedes,
701 3575 807 3616 non
850 3576 1014 3627 suos,
1057 3561 1151 3617 sed
1187 3562 1302 3618 Dei.
1347 3563 1599 3620 Extrema
1626 3567 1823 3636 quippe

241 3649 362 3718 ejus
405 3651 545 3706 scire
584 3653 701 3722 quis
743 3656 953 3722 potest?
996 3654 1123 3725 quid
1159 3665 1280 3726 post
1305 3661 1820 3715 consummationem

242 3741 428 3796 seculi
469 3742 540 3797 sit
586 3742 820 3799 futurum
840 3786 856 3812 ,
888 3745 1014 3816 quid
1041 3756 1318 3818 postquam
1343 3763 1516 3819 genus
1541 3749 1823 3809 hominum

244 3835 406 3890 fuerit
425 3835 718 3905 judicatum
745 3880 759 3904 ,
792 3855 910 3908 qua:
937 3849 1189 3909 sequatur
1212 3841 1352 3895 vita?
1376 3858 1443 3897 an
1476 3859 1688 3899 rursum
1717 3843 1823 3899 alia

243 3928 316 3983 sit
354 3929 532 3984 futura
583 3939 746 3996 terra,
783 3939 840 3985 et
883 3940 1003 4000 post
1042 3933 1431 4000 transitionem,
1463 3936 1566 3989 alia
1612 3950 1824 3992 rursum

240 4019 538 4082 elementa,
580 4019 664 4072 vel
707 4020 841 4074 alius
883 4021 1110 4076 mundus
1149 4023 1334 4092 solque
1374 4025 1682 4082 condendas
1721 4028 1825 4082 sit?

241 4109 444 4165 Priora
469 4108 766 4162 annuntiate
802 4109 926 4163 mihi
941 4152 954 4175 ,
980 4121 1028 4165 et
1053 4112 1322 4167 novissima
1344 4129 1456 4182 qua:
1479 4117 1653 4186 futura
1682 4127 1824 4185 sunt,

242 4212 292 4257 et
321 4203 512 4267 dicam,
541 4200 662 4271 quia
685 4201 758 4255 dii
779 4203 926 4269 estis,
955 4204 1032 4259 ait
1060 4204 1221 4259 Isaias
1249 4206 1383 4277 (cap.
1408 4209 1498 4263 Η.
1529 4225 1575 4262 u.
1600 4209 1715 4279 23),
1749 4212 1826 4266 si-

244 4294 510 4364 gniﬁcans
538 4294 807 4348 neminem
835 4310 990 4365 posse
1011 4337 1026 4359 ,
1057 4297 1181 4366 quid
1207 4308 1332 4354 ante
1359 4300 1612 4356 mundum
1643 4301 1822 4370 fuerit,

248 4396 298 4441 et
327 4385 455 4455 quid
485 4394 607 4456 post
631 4386 886 4442 mundum
912 4386 1148 4444 futurum
1173 4393 1263 4456 sit,
1293 4407 1568 4449 enarrare.
1601 4393 1665 4448 Et
1689 4396 1826 4450 dua-

309 4499 669 4565 (a)_H_a_ctenus
690 4497 816 4549 Editi
843 4513 1014 4565 omnes
1047 4499 1234 4565 insigne
1255 4500 1483 4552 diadema
1505 4511 1828 4556 constructum

247 4566 334 4610 est.
362 4560 583 4610 Scilicet
627 4574 745 4609 cum
777 4575 946 4634 vocem
967 4560 1278 4634 insignitior].
1315 4567 1434 4634 satis
1476 4577 1828 4634 assequeretur

249 4634 344 4670 nou
367 4635 530 4688 nemo
549 4625 1454 4688 vete_r_um‘_,amanuensium,'diadeina
1475 4625 1687 4688 addit‘ad
1713 4630 1823 4679 libri

250 4695 398 4750 oram.
425 4683 487 4732 Et
507 4682 626 4750 falso
646 4684 694 4732 id
717 4685 930 4750 quidem,
955 4685 1044 4733 sed
1069 4700 1163 4736 vox
1187 4682 1354 4749 postea
1378 4689 1430 4736 in
1454 4685 1646 4738 textum
1674 4690 1822 4750 illata,

249 4743 501 4808 hucusque
518 4743 745 4808 editores
755 4744 944 4808 refellit,
966 4755 1019 4796 ut
1041 4760 1137 4796 non
1155 4743 1601 4801 animadverterent
1625 4765 1688 4800 ex
1709 4743 1828 4800 duo;

251 4803 656 4874 deeim'gemmis
680 4819 774 4874 non
814 4803 1034 4874 diadema
1057 4846 1070 4868 ,
1096 4823 1185 4859 seu
1209 4811 1423 4874 Cydarim
1462 4814 1674 4874 construi
1695 4850 1708 4874 ,
1737 4814 1828 4862 sed

456 4867 754 4933 sacerdotis
775 4872 932 4931 magni
957 4908 969 4933 ,
995 4867 1086 4919 seu
1117 4867 1324 4931 vestem,
1351 4885 1461 4933 quae
1485 4873 1729 4923 Rationale
1750 4874 1826 4922 di-

251 4928 470 4996 cebatur.
504 4927 604 4978 Nos
625 4931 751 4991 regii
774 4927 1069 4993 exemplaris
1091 4927 1382 4984 auctoritate
1399 4932 1556 4984 locum
1581 4934 1824 4985 emacula-

251 4998 426 5034 Vtmus.

264 5069 269 5076 ι
289 5107 299 5116 _
316 5047 390 5116 (on)
402 5109 411 5116 _
424 5047 1052 5116 Placuitlianuscriptorum
1068 5057 1296 5113 omnium,
1312 5063 1364 5104 et
1376 5057 1622 5106 vetustiss.
1648 5056 1823 5106 editio-

249 5107 327 5177 gis
349 5108 500 5177 ﬁdem
519 5113 788 5177 sequ_i._Alii
809 5107 924 5164 editi
948 5114 1142 5166 interim
1157 5107 1302 5177 fuerit
1324 5116 1374 5165 in
1387 5117 1675 5167 artemitate.
1698 5118 1822 5169 Con-

247 5169 322 5239 fer
345 5174 393 5218 in
411 5170 563 5239 Epist.
589 5169 646 5220 ad
669 5173 825 5225 Titum
849 5189 954 5236 cap.
977 5178 1034 5239 i.
1048 5178 1130 5225 ubi
1155 5169 1374 5239 'Angelus
1393 5177 1614 5239 pluribus
1635 5179 1826 5230 saeculis

245 5237 358 5279 ante
383 5233 549 5280 mundi
573 5239 868 5298 creationem
893 5233 1120 5286 extitisse
1147 5233 1328 5287 vel—ex
1369 5233 1474 5298 sua,
1501 5238 1583 5288 vel
1623 5253 1687 5288 ex
1711 5240 1827 5289 alio-

243 5304 348 5360 rum
371 5295 618 5360 sententia
643 5298 850 5360 tradidit.
877 5314 897 5342 ε
909 5299 1011 5346 Sex
1023 5299 1201 5355 mille,»
1222 5299 1396 5360 inquit,
1415 5317 1437 5345 α
1453 5295 1659 5350 necdum
1673 5304 1826 5351 nostri

243 5354 373 5424 orbis
396 5353 664 5424 implentur
687 5359 816 5415 anni,
844 5364 894 5424 e_t
918 5368 1124 5424 quantas
1145 5353 1281 5424 prius
1291 5353 1620 5424 'ieternitates,
1645 5372 1826 5424 quanta

243 5421 478 5481 tempora,
507 5421 713 5481 quantas
735 5418 1020 5481 sareulgrum
1045 5418 1264 5480 origines
1286 5418 1616 5471 arbitrandum
1639 5418 1733 5481 est,
1777 5426 1826 5474 in

237 5476 412 5544 quibus
426 5476 638 5544 Auge",
657 5477 858 5544 Thmui,
881 5476 1249 5529 Domiuationes
1266 5516 1280 5539 ,
1297 5487 1591 5544 ceteraque
1609 5476 1828 5535 Virtutes

229 5540 500 5605 servierint
521 5540 652 5605 Deo,
681 5546 734 5589 et
768 5540 953 5605 absque
978 5548 1251 5605 temporum
1272 5541 1486 5605 _vicibus,
1511 5540 1660 5605 atque
1684 5558 1822 5594 meu-

227 5603 381 5664 stu-is,
412 5598 528 5655 Deo
555 5601 766 5664 iubente
790 5598 1120 5653 subStiterin't.
1141 5620 1162 5648 το
1195 5602 1305 5653 V'id.
1345 5616 1456 5667 quae
1481 5605 1549 5654 ibi
1573 5598 1824 5657 adnotahi-

222 5670 328 5714 ωας
335 5700 345 5712 .

1611 243 1938 305 ΕΡιετοιΑ
1975 244 2161 303 XVIII.

3400 262 3510 322 568

1927 361 2017 415 bus
2059 361 2314 417 volabant.
2360 362 2532 420 Media
2581 373 2786 422 tantum
2827 369 3224 440 cognoscimus,
3271 385 3393 444 quae
3435 390 3506 432 ex

1918 450 2311 521 Scripturarum
2377 453 2534 510 nobis
2604 456 2836 514 lectione
2885 461 3232 530 panduntur,
3291 466 3507 537 quando

1919 542 2151 597 mundus
2190 543 2359 600 iactus
2393 546 2482 613 sit,
2513 547 2729 618 quando
2751 549 3045 618 plasmatus
3075 557 3260 623 homo,
3286 558 3504 628 quando

1919 629 2200 706 diluvium,
2228 633 2447 702 quando
2491 635 2578 692 lex
2623 636 2745 692 data
2790 639 2862 693 sit
2887 649 2986 694 :ut
3027 656 3094 696 ex
3136 643 3505 704 uno'hnniine

1921 723 2170 779 universa
2198 735 2461 781 terrarum
2489 729 2662 797 spatia
2689 730 2952 800 completa
2979 732 3086 787 sint
3117 751 3132 788 :
3158 743 3212 790 et
3240 736 3294 791 in
3321 748 3504 794 extre-

1920 827 2010 868 mo
2044 823 2284 884 tempore
2328 816 2423 872 Dei
2463 817 2632 872 Filius
2678 834 2776 888 pro
2810 830 2993 875 nostra
3017 822 3190 878 salute
3216 829 3509 896 sumpserit

1919 917 2158 958 carnem.
2201 905 2406 961 Cetera
2434 921 2564 962 vero
2592 923 2712 978 qua:
2737 907 2970 965 diximus
2991 951 3008 976 ,
3058 911 3160 967 ista
3203 913 3311 969 duo
3349 916 3511 972 Sera-

1921 993 2103 1063 phim,
2142 995 2195 1049 in
2240 994 2377 1051 i‘acie
2419 997 2752 1068 pedibusque
2793 1008 3058 1060 texerunt.
3105 1001 3174 1056 Et
3217 1002 3506 1062 clamabant

1921 1085 2053 1140 alter
2078 1086 2147 1140 ad
2172 1088 2412 1145 alterum.
2442 1089 2673 1146 Pulchre
2710 1092 2941 1162 positum
2979 1102 3083 1163 est,
3111 1095 3242 1151 alter
3277 1097 3348 1152 ad
3379 1098 3511 1154 alte-

1922 1193 2056 1232 rum.

1996 1267 2148 1324 Nihil
2189 1271 2450 1326 dissonum
2494 1272 2548 1326 in
2599 1274 2754 1328 ueteri
2803 1285 2851 1329 et
2893 1291 3020 1332 nouo
3058 1275 3398 1335 Testamento.
3439 1310 3511 1322 —

1924 1358 2189 1430 Quidquid
2235 1362 2379 1417 enim
2424 1363 2477 1418 in
2516 1365 2686 1420 veteri
2729 1364 2967 1436 legimus
2991 1367 3337 1426 Testamento
3361 1412 3376 1437 ,
3407 1370 3510 1428 hoe

1926 1451 2067 1507 idem
2093 1453 2144 1506 in
2173 1452 2468 1524 Evangelio
2508 1457 2812 1532 reperimus
2842 1479 2856 1514 :
2883 1469 2937 1516 et
2967 1461 3108 1531 quod
3137 1462 3190 1518 in
3223 1463 3512 1536 Evangelia

1923 1542 2086 1598 fuerit
2111 1545 2434 1611 lectitatum,
2461 1547 2566 1604 hoc
2589 1564 2653 1604 ex
2683 1552 2882 1607 veteris
2923 1553 3246 1610 Testamenti
3275 1558 3511 1614 auctori-

1923 1641 2032 1688 tate
2057 1634 2337 1691 deducitur
2362 1655 2376 1691 :
2400 1638 2530 1692 nihil
2555 1639 2606 1694 in
2635 1641 2714 1696 eis
2741 1641 3041 1705 dissonum,
3073 1645 3207 1700 nihil
3229 1645 3509 1702 diversum

1921 1733 2024 1776 est.
2060 1723 2125 1777 Et
2163 1726 2417 1793 dicebant,
2450 1727 2695 1796 Sanctus,
2721 1730 2968 1800 Sanctus,
2999 1735 3221 1789 Sanctus
3259 1735 3510 1790 Dominus

1921 1811 2062 1868 Deus
2087 1815 2336 1872 Sabaoth.
2365 1817 2423 1872 la
2450 1819 2713 1876 ambobus
2733 1821 3092 1879 Testamentis
3114 1824 3350 1881 Trinitas
3373 1841 3510 1897 pra:-

1921 1903 2147 1959 dicatur.
2177 1906 2332 1974 Quod
2361 1918 2542 1965 autem
2570 1911 2799 1968 sabaoth
2823 1923 2882 1970 et
2905 1913 3151 1970 Salvator
3176 1926 3361 1972 noster
3386 1932 3512 1974 esse

1921 1995 2148 2066 dicatur,
2176 2002 2368 2077 accipe
2411 2004 2716 2075 exemplum
2767 2006 2822 2061 in
2867 2007 3126 2076 vicesimo
3171 2010 3330 2065 tertio
3402 2011 3510 2082 52

1923 2087 2400 2165 PsalmoNirtut‘es
2428 2107 2547 2162 quae
2577 2094 2804 2166 Domino
2834 2097 3224 2162 ministrabant,
3252 2098 3317 2152 ad
3343 2099 3511 2155 caele-

1921 2187 2031 2234 stes
2058 2179 2192 2234 alias
2212 2181 2575 2239 Fortitudines
2600 2186 3022 2254 proclamabant,
3060 2196 3119 2243 ut
3153 2189 3388 2258 pandant
3422 2189 3510 2260 ja-

1923 2284 2082 2322 nuam
2101 2271 2326 2325 Domino
2353 2275 2646 2328 revertenti
2675 2291 2690 2329 :
2721 2273 2905 2330 Tollite
2941 2287 3117 2346 portas
3155 2278 3410 2348 principes
3429 2293 3512 2333 ue-

1923 2370 2076 2425 stras,
2105 2363 2177 2431 (c)
2207 2361 2320 2418 sive
2351 2371 2408 2418 ut
2457 2364 2649 2434 Aquila
2676 2364 3082 2436 interpretatur,
3109 2368 3326 2423 attollite
3353 2377 3511 2438 porta

1923 2452 2096 2520 capita
2123 2461 2305 2517 uestra,
2326 2462 2372 2506 et
2389 2454 2613 2508 introibit
2627 2471 2719 2510 rex
2730 2455 2933 2526 glorite.
2963 2456 3194 2512 Rursum
3219 2458 3324 2513 illa:
3349 2474 3510 2529 quem

1924 2541 2164 2597 indutum
2187 2557 2346 2598 carne
2371 2544 2731 2614 conspiciunt,
2758 2561 2896 2603 novo
2914 2548 3170 2619 mysterio
3195 2548 3509 2620 stupefactae

1924 2633 2254 2703 interrogant
2279 2651 2292 2688 :
2321 2633 2447 2701 Quis
2465 2647 2538 2690 est
2563 2636 2656 2692 iste
2682 2653 2774 2693 rex
2793 2639 2972 2709 gloria:
2996 2638 3116 2710 (Ps.
3135 2640 3226 2695 25.
3248 2641 3345 2712 9)?
3369 2641 3511 2698 acci-

1924 2728 2182 2797 piuntque
2203 2742 2518 2798 responsum
2551 2749 2564 2784 :
2599 2749 2617 2782 ι
2643 2731 2897 2788 Dominus
2910 2733 3162 2790 virtutum
3183 2735 3297 2804 ipse
3312 2744 3394 2791 est
3415 2750 3510 2791 rex

1923 2817 2107 2886 gloriae
2137 2835 2149 2871 :
2183 2837 2202 2870 ι
2248 2819 2388 2889 quod
2418 2821 2470 2876 in
2498 2821 2726 2878 Hebraeo
2764 2824 3038 2892 scribitur,
3073 2843 3092 2876 ι
3125 2825 3382 2881 Dominus
3423 2841 3512 2881 sa-

1926 2907 2106 2962 baoth.
2145 2927 2163 2960 i
2200 2909 2594 2982 Sciendumque
2637 2912 2760 2983 quia
2789 2912 3111 2982 ubicumque
3163 2913 3509 2984 Septuaginta

1928 3000 2254 3068 lnterpretes
2290 3003 2576 3059 Dominum
2609 3006 2885 3072 virtutum,
2917 3016 2972 3063 et
3001 3007 3288 3064 Dominum
3325 3009 3512 3064 Omni-

1930 3102 2201 3164 potentem
2227 3097 2614 3165 expresserim,
2643 3098 2696 3151 in
2724 3097 2952 3154 Hebraeo
2977 3101 3330 3170 sitpositum,
3365 3119 3382 3152 ι
3415 3101 3513 3156 Do-

1889 3247 1898 3256 κ
1928 3175 2106 3241 minus
2132 3185 2376 3252 sabaoth,
2404 3206 2423 3238 ι
2453 3185 2596 3258 quod
2627 3188 3007 3259 interpretatur
3035 3192 3258 3263 Aquila,
3292 3193 3508 3248 «Domi-

1928 3292 2031 3334 nus
2071 3278 2399 3334 militiarum.
2430 3297 2451 3332 ι
2505 3279 2762 3336 Dominus
2787 3296 3000 3353 quoque
3035 3285 3148 3354 ipse
3176 3285 3259 3340 hic
3285 3295 3513 3356 quatuor

1929 3370 2225 3430 litterarum
2247 3381 2346 3437 est,
2369 3371 2510 3442 quod
2534 3373 2745 3444 proprie
2761 3372 2815 3428 in
2846 3373 2956 3430 Deo
2975 3376 3186 3445 ponitur
3208 3377 3391 3450 (d)ion
3417 3393 3507 3446 ne,

1927 3478 2019 3519 ⁴ποι)
2058 3479 2149 3530 ne,
2191 3463 2244 3518 id
2283 3475 2366 3520 est
2406 3463 2615 3522 duobus
2646 3467 2731 3536 ja,
2773 3480 2892 3536 qua:
2936 3467 3202 3537 duplicata
3249 3471 3514 3528 inell‘abile

1929 3554 2057 3610 illud
2100 3564 2154 3610 et
2191 3555 2484 3625 gloriosum
2526 3555 2617 3611 Dei
2663 3571 2859 3612 nomen
2901 3557 3161 3616 efﬁciunt.
3198 3577 3218 3612 ι
3241 3561 3401 3615 Plena
3427 3572 3512 3618 est

1931 3648 2177 3703 univeisa
2202 3656 2343 3703 terra
2367 3648 2532 3718 gloria
2561 3649 2698 3718 ejus.
2730 3669 2750 3702 ι
2801 3650 2914 3706 Hoc
2950 3651 3126 3707 adhuc
3153 3651 3242 3723 [aL
3265 3653 3453 3725 autem]
3481 3669 3513 3708 a

1930 3738 2210 3809 Serapbim
2232 3739 2429 3794 dicitur
2453 3740 2522 3795 de
2545 3738 2778 3796 adventu
2806 3741 3015 3796 Domini
3042 3742 3355 3808 Salvatoris,
3380 3759 3513 3814 quo-

1931 3831 2092 3888 modo
2121 3832 2173 3886 in
2203 3846 2416 3886 omnem
2446 3840 2642 3886 terram
2675 3832 2984 3901 przedicatio
3015 3834 3155 3887 illius
3183 3834 3509 3903 porrigatur,

1931 3930 1986 3979 et
2012 3921 2390 3991 Apostolorum
2417 3935 2581 3975 sonus
2605 3920 2787 3976 mundi
2815 3921 3010 3977 limites
3032 3930 3290 3991 penetret.

2001 4015 2055 4070 8.
2100 4013 2392 4084 Sequitur:
2430 4032 2448 4066 ε
2477 4013 2542 4068 Et
2587 4014 2852 4069 elevatum
2903 4023 2985 4070 est
3026 4015 3438 4086 superliminare
3479 4035 3508 4071 ει

1933 4117 2062 4159 voce
2086 4116 2190 4173 qua
2219 4102 2572 4157 clamabant.»
2610 4103 2860 4174 Legimus
2881 4105 2934 4159 in
2950 4107 3116 4161 veteri
3141 4105 3509 4169 Testamento.

1931 4194 2073 4266 quod
2121 4208 2333 4265 semper
2377 4195 2633 4253 Dominus
2675 4195 2842 4267 Moysi
2882 4207 2936 4252 et
2978 4199 3156 4254 Aaron
3201 4199 3268 4254 ad
3312 4201 3506 4255 ostium

1932 4285 2277 4342 Tabernaculi
2321 4286 2391 4341 sit
2434 4285 2640 4342 locutus
2695 4284 2716 4356 (
2750 4284 2909 4340 Leuit.
2935 4288 2986 4342 i.
3020 4297 3065 4342 et
3094 4289 3148 4344 4.
3186 4287 3342 4343 Num.
3377 4291 3509 4362 10),

1932 4378 2081 4448 quasi
2103 4386 2226 4432 ante
2247 4377 2596 4448 Evangelium
2623 4376 2848 4434 necdum
2876 4393 2968 4434 eos
2997 4380 3048 4434 in
3077 4381 3266 4436 Sancta
3295 4392 3511 4437 sancto-

1996 4555 2067 4623 (ε)
2103 4553 2333 4623 voculam
2355 4557 2449 4623 sire
2482 4570 2543 4623 ex
2573 4557 2718 4623 editis
2737 4560 2960 4623 omnibus
2977 4573 3030 4609 ac
3051 4560 3162 4611 Mss.
3191 4565 3510 4623 reposuimus.

1933 4615 2140 4665 Leviora
2163 4617 2433 4677 huiusmodi
2457 4618 2549 4666 alia
2573 4632 2666 4669 nec
2703 4621 2982 4670 iudicamus.

1996 4678 2073 4740 (ά)
2110 4677 2358 4744 Insignem
2382 4680 2510 4744 hunc
2533 4678 2690 4730 locum
2713 4681 2981 4744 depravant
3016 4682 3139 4744 editi
3164 4682 3512 4744 libri,_potissi7

1932 4739 2062 4804 mum
2087 4740 2213 4800 quod
2237 4739 2423 4804 duabus
2445 4740 2623 4804 legunt,
2641 4756 2725 4804 pro
2747 4739 2964 4796 duobus:
2985 4743 3063 4791 alii
3095 4744 3163 4793 ita
3187 4739 3364 4804 proja.
3411 4743 3513 4804 Sed

1933 4805 1984 4871 et
2002 4800 2296 4871 Hieronymo
2309 4803 2416 4871 _erit
2437 4800 2522 4865 qui
2547 4800 2799 4871 pulverem
2823 4811 3037 4871 moveat,
3054 4800 3510 4871 quod'duobus_.lod

1932 4866 2024 4926 Ile,
2047 4862 2126 4912 vel
2142 4861 2202 4923 jd
2225 4862 2321 4912 Dei
2345 4861 2522 4913 nomen
2548 4861 2797 4926 ineii‘abile
2820 4861 3264 4926 componidixerii,
3288 4863 3426 4926 quod
3445 4877 3511 4913 ex

1931 4922 2024 4995 ἶζοά
2050 4931 2120 4972 He
2143 4921 2286 4995 'Vau.
2309 4933 2396 4995 Ife,
2421 4937 2512 4995 seu
2542 4923 2602 4984 ja
2619 4938 2684 4995 pa
2708 4921 2942 4995 constare
2961 4921 3124 4972 nullus
3147 4921 3354 4995 ignorat.
3383 4924 3512 4995 Mar-

1931 4985 2134 5055 tianieus
2155 4987 2334 5055 respici
2384 4993 2518 5055 putat
2555 4985 2758 5055 celebre
2795 4985 3073 5035 Graecorum
3097 4999 3232 5055 tum.
3267 4985 3343 5055 sic
3381 4987 3512 5055 enim

1932 5043 2186 5106 hebraicas
2239 5043 2430 5094 litteras
2473 5044 2567 5094 Dei
2609 5059 2787 5106 nomen
2826 5052 3174 5106 componentes
3229 5045 3517 5096 scribebant

1933 5104 2083 5156 Graeci
2105 5145 2117 5164 ,
2144 5121 2232 5168 pro
2267 5109 2380 5159 rm»
2401 5105 2530 5154 unde
2556 5113 2610 5154 et
2621 5105 2734 5167 jaja
2759 5105 2857 5167 legi
2901 5104 3056 5167 potuit
3081 5106 3314 5156 hebraico
3335 5119 3473 5156 more
3496 5122 3511 5166 ;

1930 5175 2019 5224 sed
2055 5175 2452 5246 “fortasseverius
2474 5176 2709 5246 respexit_
2730 5174 3055 5246 Hieronymus
3087 5177 3369 5246 Iudaeorum
3390 5190 3516 5246 quo-

1932 5235 2148 5284 rumdam
2171 5238 2483 5293 sententiam,
2497 5235 2580 5296 qui
2600 5238 2666 5284 ita
2681 5235 2872 5286 duobus
2883 5235 2961 5298 ja,
2976 5237 3056 5287 vel
3078 5244 3140 5292 n9
3163 5240 3397 5300 scriptum
3408 5235 3493 5287 De

1933 5317 2111 5370 nomen
2136 5305 2383 5370 putabant,
2409 5311 2461 5353 ut
2483 5303 2688 5370 alterum
2715 5313 2877 5370 tamen
2902 5308 2951 5370 in
2974 5306 3077 5370 Yau
3099 5308 3350 5359 transierit
3368 5321 3382 5369 ;
3401 5320 3512 5370 quae

1933 5364 2099 5413 littera
2123 5364 2201 5426 vix
2227 5364 2684 5426 sola_magnitudiue
2697 5366 2862 5416 diil'ert
2885 5382 2910 5416 a
2926 5367 3034 5416 Jod.
3048 5369 3253 5420 Interim
3271 5364 3510 5426 nou'praa-

1930 5425 2222 5491 t_ere_uudum
2245 5427 2292 5491 in
2315 5424 2624 5491 Cisterciensi
2664 5427 2774 5491 _Ms._
2797 5427 2897 5491 legi
2919 5430 3012 5478 Jod
3034 5429 3094 5480 he
3123 5440 3225 5480 Van
3249 5431 3326 5490 lie,
3349 5424 3404 5481 id
3443 5437 3512 5479 est

1931 5486 2118 5537 duabus
2161 5491 2208 5537 et
2231 5485 2470 5560 _du_abus,
2492 5499 2600 5550 qua:
2638 5485 3273 5560 duplicatk,he_tc._Voi-iori_
3309 5485 3520 5560 quidem

1929 5563 2076 5605 sensu
2098 5589 2111 5607 ,
2136 5562 2192 5598 ac
2229 5548 2470 5611 let-tione,
2495 5548 2604 5611 quae
2628 5548 2871 5611 superiori
2907 5548 3170 5606 difficultati
3209 5548 3408 5606 minime
3451 5556 3516 5602 sic

1931 5613 2136 5683 obnoxia
2158 5625 2170 5669 ;
2195 5610 2482 5683 sedaverew
2546 5625 2606 5660 ne
2627 5625 2656 5683 a
2681 5610 2962 5683 Hieronymi
2988 5617 3168 5683 calamo
3190 5619 3406 5683 profecta
3428 5616 3520 5674 sil:-

1936 5673 2172 5736 siquidcm
2197 5672 2356 5723 Critici
2380 5673 2601 5736 alicujus.
2624 5672 2882 5738 ingenitun'
2902 5680 3044 5743 sapit.
