4048 6186
209 242 323 301 369

212 360 369 432 gelio
424 358 652 429 cingitur
702 358 867 413 linteo
892 397 906 421 ,
931 356 1145 420 pelvim
1185 355 1251 410 ad
1282 352 1535 409 lavandos
1573 354 1805 422 discipu-

212 454 404 508 lorum
459 452 629 523 pedes
684 459 946 521 praeparat
975 490 988 512 ,
1029 448 1170 503 servi
1224 446 1459 517 fungitur
1509 446 1804 500 ministerio

213 542 429 616 (Joan.
462 541 570 613 l3)
602 559 615 595 :
660 540 737 611 (α)
768 549 883 595 esto
906 581 921 605 ,
969 550 1026 594 ut
1072 539 1259 593 doceat
1310 537 1661 592 humilitatem
1685 575 1701 600 ,
1747 543 1806 589 ut

212 634 383 689 nobis
415 634 643 690 invicem
667 633 1030 687 ministremus
1061 648 1075 684 :
1103 646 1208 684 non
1228 629 1421 694 abnuo,
1454 642 1559 682 non
1589 640 1799 683 recuso.

207 727 361 796 Quid
389 737 472 784 est
518 726 660 799 quod
704 727 867 783 Petro
916 725 1185 782 recusanti
1230 722 1359 779 dicit
1406 735 1421 775 :
1475 721 1593 775 Nisi
1638 720 1803 774 lavero

209 822 376 889 pedes
404 830 535 886 tuos,
563 837 665 875 non
686 819 889 874 habebis
917 828 1109 887 partem
1132 832 1325 870 mecum
1341 816 1366 869 3
1382 813 1451 869 Et
1471 814 1557 869 ille
1579 827 1803 883 respon-

204 911 290 966 dit
322 928 340 966 :
372 912 614 977 Domine,
643 928 745 965 non
788 911 951 965 solum
978 908 1157 978 pedes,
1187 906 1276 962 sed
1304 915 1351 962 et
1374 921 1556 959 manus
1579 913 1625 957 et
1651 914 1803 974 caput

202 1000 385 1069 (Ibid.
414 1020 463 1057 υ.
489 1002 543 1058 8.
574 1002 685 1073 9-).
718 1004 1053 1057 Ascensurus
1080 1013 1208 1070 ergo
1237 999 1493 1055 Dominus
1518 997 1585 1052 ad
1609 996 1800 1052 emtum

198 1094 369 1163 (quia
415 1094 656 1164 Apostoli
689 1102 747 1147 ut
790 1092 1037 1147 homines
1064 1100 1224 1147 terra:
1253 1091 1563 1147 insistentes
1584 1129 1601 1155 ,
1628 1086 1803 1142 adhuc

201 1182 488 1239 habebant
536 1191 879 1254 peccatorum
924 1181 1169 1237 serdibus
1198 1181 1359 1251 pedes
1402 1178 1657 1250 pollutos)
1690 1177 1803 1231 vult

195 1289 309 1330 eos
340 1291 371 1330 a
398 1276 612 1331 delictis
639 1275 848 1344 penitus
871 1274 1105 1330 liberare
1128 1315 1143 1339 ,
1174 1282 1233 1329 ut
1259 1274 1336 1329 eis
1364 1272 1529 1342 possit
1560 1270 1801 1340 Prophe-

194 1366 344 1419 talis
371 1380 550 1420 sermo
587 1379 886 1437 congruere
919 1383 933 1419 :
965 1364 1130 1431 Quam
1157 1364 1370 1435 speciosi
1397 1364 1549 1433 pedes
1588 1378 1801 1431 evange-

196 1454 485 1511 lizantium
523 1473 699 1526 pacem
758 1455 912 1528 (Isai.
965 1456 1056 1512 52.
1111 1457 1200 1525 7);
1255 1466 1310 1510 et
1355 1454 1551 1511 imitari
1590 1453 1804 1508 valeant

200 1545 474 1600 Ecclesiae
505 1548 688 1611 verba,
723 1547 951 1603 dicentis
978 1565 993 1600 :
1022 1545 1151 1600 Lavi
1177 1547 1325 1616 pedes
1365 1562 1521 1613 meos,
1552 1545 1801 1616 quomodo

210 1636 503 1705 inquinabo
535 1636 652 1691 illos
694 1639 713 1706 (
738 1636 887 1692 Cant.
934 1638 988 1693 5.
1018 1638 1124 1708 3)?
1177 1647 1235 1692 ut
1274 1638 1431 1693 etiam
1462 1637 1505 1691 si
1535 1638 1654 1706 quis
1679 1644 1800 1707 post

198 1728 664 1782 resurrectionem
696 1738 879 1797 postea
908 1728 994 1783 his
1040 1727 1327 1783 adhaeserit
1361 1727 1568 1797 pulvis,
1611 1728 1662 1780 in
1692 1727 1795 1779 im-

198 1818 353 1887 piam
381 1833 502 1872 eum
533 1818 804 1873 excutiant
826 1818 1093 1873 civitatem
1120 1859 1137 1883 ,
1166 1818 1219 1872 in
1249 1817 1609 1872 testimonium
1640 1817 1793 1871 labo-

201 1910 282 1964 ris
313 1927 327 1963 :
357 1909 499 1980 quod
526 1924 591 1964 eo
619 1924 789 1981 usque
818 1924 915 1981 pro
940 1909 1176 1964 omnium
1204 1908 1375 1964 salute
1396 1907 1788 1977 contenderint,

200 2001 334 2057 facti
360 2002 563 2058 ludais
590 2012 644 2058 ut
674 2002 864 2067 Judaei,
891 2000 1137 2073 gentibus
1166 2009 1225 2057 ut
1249 2002 1474 2073 gentiles
1498 2019 1512 2066 ;
1545 2010 1601 2055 ut
1630 2002 1788 2057 etiam

202 2096 422 2165 propria
451 2095 671 2167 vestigia
692 2096 868 2167 aliqua
896 2111 961 2151 ex
982 2106 1133 2166 parte
1166 2095 1468 2166 polluerint.
1501 2095 1661 2166 lgitur
1684 2136 1698 2161 ,
1732 2104 1791 2149 ut

199 2186 271 2241 ad
304 2187 636 2257 propositum
664 2195 1017 2253 revertamur,
1046 2187 1186 2241 sicut
1211 2187 1448 2257 Apostoli
1476 2185 1790 2256 purgatione

197 2277 513 2348 indigebant
551 2278 747 2350 pedum
795 2296 810 2333 :
855 2278 933 2333 sic
977 2277 1142 2333 Isaias
1180 2278 1269 2348 qui
1313 2286 1517 2332 tantum
1565 2277 1618 2331 in
1668 2292 1786 2330 scr-

197 2385 369 2424 mone
395 2379 741 2440 peccaverat,
770 2370 909 2425 labia
936 2369 1167 2425 habebat
1194 2369 1463 2424 immunda
1493 2386 1507 2422 :
1538 2376 1592 2423 et
1615 2383 1786 2438 quan-

201 2471 319 2516 tum
339 2477 439 2531 ego
455 2462 709 2530 arbitror,
733 2462 857 2534 quia
879 2462 1061 2520 Oziam
1091 2464 1145 2519 in
1172 2463 1450 2533 Templum
1472 2463 1783 2528 irruentem,

198 2569 311 2608 non
357 2553 732 2624 corripuerat,
778 2570 879 2610 nec
916 2554 1067 2625 juxta
1112 2555 1243 2610 Elite
1272 2554 1571 2623 exemplum
1619 2552 1785 2606 libera

201 2657 339 2698 voce
369 2643 589 2713 impium
616 2643 941 2715 designarat,
970 2643 1109 2699 labia
1140 2642 1373 2700 habebat
1399 2641 1690 2697 immunda.
1718 2639 1784 2694 In

195 2736 369 2789 medio
399 2751 595 2805 quoque
623 2736 799 2807 populi
826 2736 1089 2790 immunda
1115 2735 1253 2790 labia
1288 2734 1515 2788 habentis
1542 2734 1779 2786 habitent.

196 2828 363 2883 Isaias
384 2830 471 2897 qui
491 2838 844 2898 compunctus
869 2837 973 2893 est,
1002 2838 1057 2884 et
1077 2843 1136 2884 se
1159 2829 1409 2884 miserum
1429 2835 1779 2891 contestatur,

198 2919 514 2988 purgatione
543 2918 736 2989 dignus
765 2920 1013 2975 efficitur.
1046 2920 1283 2990 Populus
1314 2935 1443 2975 vero
1471 2933 1574 2973 non
1606 2919 1778 2973 solum

195 3024 305 3063 non
332 3023 496 3078 agens
526 3009 924 3079 pmnitentiam,
966 3009 1060 3065 sed
1092 3025 1159 3065 ne
1198 3010 1373 3065 sciens
1402 3009 1615 3079 quidem
1655 3008 1777 3078 quia

193 3102 337 3156 labia
364 3100 595 3155 habebat
638 3100 909 3155 immunda
936 3142 951 3168 ,
980 3100 1312 3170 purgationis
1344 3099 1640 3155 remedium
1671 3114 1777 3152 non

196 3201 455 3247 meretur.
486 3192 881 3248 Providcudum
913 3193 1070 3263 igitur
1099 3192 1199 3247 sub
1230 3192 1331 3247 hoc
1358 3192 1605 3262 exemplo
1626 3232 1640 3258 ,
1670 3206 1779 3245 non

195 3284 372 3337 solum
400 3292 455 3338 ut
483 3284 581 3354 ipsi
606 3284 776 3338 simus
798 3283 928 3353 justi
955 3323 969 3346 ,
1016 3282 1111 3337 sed
1143 3298 1209 3338 ne
1247 3298 1369 3338 cum
1414 3282 1779 3352 peceatoribus

194 3390 469 3427 moremur
513 3390 527 3425 :
570 3373 693 3445 quia
732 3383 787 3429 et
827 3373 930 3426 hoc.
960 3372 1011 3427 in
1040 3374 1246 3444 peccati
1281 3388 1343 3428 ac
1372 3372 1600 3428 miserias
1628 3380 1778 3443 parte

192 3464 340 3519 ducit
364 3464 652 3535 Propheta.

268 3557 358 3610 15.
390 3555 655 3623 Quomodo
696 3554 831 3610 Deus
862 3556 1075 3610 videtur.
1102 3586 1172 3596 —
1198 3554 1450 3627 Sequitur
1478 3572 1492 3609 :
1519 3553 1585 3609 Et
1611 3570 1776 3624 regem

196 3644 476 3699 Dominum
504 3647 713 3700 sabaotlt
787 3645 895 3718 56
964 3663 1057 3717 ego
1078 3643 1567 3702 vidi.AiuntJuda:i
1586 3644 1773 3699 Isaiam

195 3752 225 3788 a
246 3737 537 3806 majoribus
566 3738 678 3791 suis
702 3736 904 3793 idcirco
923 3739 1319 3808 interemptum,
1343 3738 1465 3807 quia
1483 3752 1603 3793 cum
1624 3736 1775 3807 Moy-

196 3842 283 3882 ses
302 3829 601 3898 posteriora
624 3828 721 3883 Dei
746 3828 958 3894 viderit,
982 3828 1068 3883 hic
1097 3829 1375 3883 Dominum
1407 3826 1630 3882 sabaoth
1648 3841 1776 3882 ocu-

193 3920 261 3974 lis
283 3920 588 3974 carnalibus
613 3920 809 3974 vidisse
835 3934 894 3974 se
915 3920 1130 3983 scribat,
1146 3934 1307 3989 super
1333 3918 1436 3973 hoc
1461 3919 1570 3974 Deo
1593 3918 1777 3973 dicen-

194 4023 246 4065 te
280 4029 293 4065 :
328 4009 499 4063 Nemo
532 4009 713 4076 {aciem
760 4026 922 4062 meam
960 4009 1141 4063 videbit
1165 4051 1181 4077 ,
1223 4019 1268 4063 et
1308 4010 1433 4063 vivet
1461 4010 1656 4079 (Exod.
1683 4010 1773 4065 53.

192 4100 313 4169 20).
345 4099 494 4163 Quos
517 4097 563 4152 si
586 4098 992 4167 interrogemus,
1018 4098 1287 4167 quomodo
1311 4113 1369 4153 se
1394 4100 1530 4153 Deus
1557 4099 1608 4153 in
1635 4098 1776 4168 Lege

196 4192 315 4245 aliis
368 4188 650 4259 I’r0phetis
691 4187 744 4243 in
782 4188 984 4244 visione
1025 4197 1080 4243 et
1117 4204 1308 4244 somno
1355 4188 1497 4244 dicat
1542 4189 1770 4255 ostendi,

200 4282 365 4353 Moysi
412 4294 543 4335 vero
594 4279 730 4336 facie
774 4280 840 4335 ad
891 4279 1079 4335 faciem
1119 4280 1388 4350 colloqui;
1430 4288 1483 4335 et
1510 4279 1777 4349 quomodo

199 4381 303 4427 stet
351 4372 442 4426 illa
494 4371 760 4427 sententia
808 4388 822 4425 :
870 4369 1038 4424 Nemo
1069 4371 1253 4440 faciem
1293 4387 1456 4424 meam
1496 4370 1692 4436 ridebit,
1729 4381 1777 4426 et

199 4466 346 4531 vivet,
378 4478 498 4517 cum
530 4462 666 4519 facie
714 4462 781 4517 ad
830 4462 1022 4518 faciem
1061 4477 1122 4518 se
1160 4463 1228 4517 ad
1275 4462 1492 4534 Moysen
1542 4462 1773 4519 locutum

197 4570 316 4610 esse
345 4554 572 4610 fateatur
600 4570 612 4607 :
645 4554 1043 4624 respondebunt
1070 4554 1249 4624 utique
1272 4595 1287 4620 ,
1329 4556 1476 4623 juxta
1506 4554 1775 4624 possibili-

199 4653 357 4700 tatem
390 4644 676 4700 humanam
698 4646 864 4701 Deum
895 4646 1065 4700 visum
1089 4687 1103 4710 ,
1127 4660 1232 4700 non
1266 4654 1319 4699 ut
1346 4654 1449 4712 est,
1478 4644 1572 4701 sed
1600 4654 1657 4699 ut
1685 4660 1777 4700 vo-

197 4739 295 4793 luit
320 4754 379 4793 se
402 4738 565 4794 videri
591 4757 605 4792 :
632 4739 825 4810 quibus
847 4747 905 4793 et
932 4752 1030 4793 nos
1052 4738 1280 4793 dicimus
1309 4736 1497 4793 eodem
1526 4738 1687 4793 modo
1708 4738 1775 4792 ab

200 4828 331 4883 Isaia
363 4844 480 4883 esse
509 4830 701 4895 visum,
728 4836 961 4884 restante
986 4842 1189 4882 summa
1215 4868 1231 4893 ,
1274 4838 1330 4883 ut
1370 4828 1577 4900 Moyses
1608 4828 1774 4883 Deum

198 4928 293 4972 aut
321 4919 550 4986 viderit,
577 4929 668 4974 aut
694 4936 798 4975 non
828 4920 1037 4976 viderit.
1086 4920 1142 4976 Si
1174 4921 1343 4987 vidit,
1381 4923 1512 4977 vidit
1552 4937 1682 4992 ergo
1722 4932 1777 4977 et

201 5008 368 5062 Isaias
393 5048 406 5071 ,
435 5011 523 5077 qui
551 5011 745 5066 vidisse
774 5028 832 5067 se
860 5013 1043 5068 dicens
1063 5055 1077 5080 ,
1111 5013 1273 5083 impie
1297 5022 1380 5069 est
1407 5014 1720 5069 interfectus
1742 5030 1774 5070 a

200 5097 355 5154 vobis
388 5115 401 5151 :
434 5098 557 5168 quia
588 5098 725 5153 Deus
748 5101 913 5156 videri
939 5112 1131 5172 potest.
1162 5104 1218 5159 Si
1246 5118 1351 5158 non
1381 5104 1533 5169 vidit,
1566 5104 1772 5160 interfi-

198 5190 304 5246 cite
340 5198 396 5245 et
436 5189 655 5260 Moysen
685 5204 806 5245 cum
851 5191 1016 5260 Isaia,
1060 5194 1182 5265 quia
1226 5194 1465 5264 ejusdem
1515 5195 1775 5251 mendacii

200 5296 324 5338 reus
350 5290 452 5347 est,
486 5280 671 5336 dicens
709 5295 770 5336 se
798 5281 993 5337 vidisse
1029 5300 1147 5339 eum
1171 5326 1186 5351 ,
1216 5285 1307 5354 qui
1331 5285 1497 5339 videri
1531 5301 1635 5339 non
1678 5301 1775 5356 po-

200 5383 320 5430 test.
348 5363 749 5445 Quemcumque
775 5372 797 5448 [
823 5374 893 5430 al.
931 5378 1319 5451 quodcumque]
1350 5380 1401 5433 in
1447 5382 1776 5450 expositione

257 5532 328 5606 (a)
359 5532 471 5606 qu
493 5531 607 5582 Hss.
627 5545 716 5605 pro
738 5537 863 5606 gata,
880 5531 1055 5597 legunt
1065 5542 1162 5583 cur
1298 5530 1467 5606 quod
1490 5534 1648 5606 minus
1671 5546 1777 5604 pro-

197 5592 339 5657 batur
351 5632 365 5653 ,
388 5593 533 5644 aliam
557 5592 690 5644 enim
712 5595 779 5644 ob
799 5592 991 5644 causam
1014 5608 1167 5657 quam,
1182 5592 1471 5657 humilitatis
1514 5594 1561 5643 id
1599 5592 1775 5645 fecisse

194 5656 276 5708 ait.
300 5655 540 5709 Victorius
560 5662 857 5721 sequentem
897 5661 948 5707 ut
972 5655 1253 5719 particulam
1295 5656 1497 5707 omittit.

1609 240 1934 298 EPISTOLA
1975 243 2163 300 XVIII.

3391 269 3497 327 370

1913 354 2031 423 ejus
2058 355 2160 412 loci
2186 372 2346 429 super
2375 360 2591 433 Moysen
2624 366 2905 425 habuerint
2935 373 3259 433 intellectum
3288 420 3302 445 ,
3333 382 3493 439 etiam

1914 459 2012 500 nos
2034 446 2100 501 ad
2121 447 2270 505 Isaia:
2296 456 2710 523 tentperabimus
2734 460 3008 518 visionem.

1982 537 2072 593 14.
2104 541 2355 611 Sequitur
2378 562 2391 596 :
2426 544 2496 599 Et
2524 548 2736 602 missum
2766 562 2838 604 est
2866 554 2935 605 ad
2955 572 3033 609 me
3058 575 3211 613 unum
3239 563 3302 616 de
3329 564 3494 620 Sera-

1911 628 2074 698 phim,
2104 644 2152 685 et
2181 635 2417 729 in-manu
2452 654 2546 729 sua
2574 640 2785 695 habebat
2816 644 3101 711 carbonem,
3129 669 3274 720 quem
3301 657 3496 729 forcipe

1910 732 2195 789 sumpserat
2220 724 2285 778 de
2303 726 2481 793 altari,
2507 739 2555 782 et
2584 732 2744 801 tetigit
2769 749 2826 787 os
2850 752 3052 805 meum,
3084 750 3129 792 et
3157 742 3284 796 dixit
3308 761 3329 798 :
3359 724 3491 805 Ecce

1909 812 2067 883 tetigit
2100 814 2194 868 Itac
2222 816 2357 871 labia
2385 829 2473 873 tua
2494 863 2508 884 ,
2541 832 2589 875 et
2624 822 2699 891 (b)
2740 826 2931 893 auferet
2956 829 3242 899 iniquitates
3266 845 3382 893 tuas
3402 880 3417 905 ,
3444 855 3492 895 et

1908 914 2115 969 peccata
2159 915 2248 963 tua
2294 912 2545 981 purgabit.
2602 912 2905 971 Secundum
2960 933 3149 977 omnes
3192 926 3486 995 Editiones,

1906 1008 2039 1062 quas
2066 1010 2228 1067 supra
2254 1002 2616 1072 exposuimus,
2645 1007 2757 1063 sive
2783 1008 2890 1063 duo
2924 1010 3266 1072 Testamenta
3295 1018 3492 1079 Intelli-

1906 1098 2033 1185 gere
2058 1086 2316 1157 volueris,
2337 1091 2449 1148 sive
2476 1094 2682 1165 aliquas
2706 1101 3067 1168 apparatrices
3093 1105 3145 1159 in
3180 1110 3487 1167 caelestibus

1907 1179 2150 1244 virtutes,
2176 1179 2289 1236 sive
2314 1180 2370 1235 in
2409 1186 2621 1252 signum
2660 1188 2982 1257 captivitatis
3021 1192 3212 1251 futura:
3241 1200 3482 1257 umbram

1906 1266 2189 1360 quamdam
2212 1273 2454 1328 veritatis
2478 1274 2667 1331 futurae
2700 1279 3108 1351 praeﬁguratam,
3140 1301 3282 1343 nunc
3304 1292 3485 1360 accipe

1908 1354 2210 1449 Seraphim.
2244 1362 2351 1418 Nos
2386 1366 2508 1433 quia
2554 1368 2780 1436 primam
2825 1375 3145 1429 sententiam
3186 1354 3479 1449 sequimur,

1907 1445 2283 1518 Evangelicum
2333 1452 2733 1513 Testamentum
2797 1463 3020 1519 missum
3076 1445 3366 1525 asserimus
3415 1445 3480 1528 ad

1905 1534 2226 1607 PrOphetam
2258 1558 2272 1594 :
2300 1544 2441 1611 quod
2468 1544 2672 1601 habens
2696 1550 2747 1603 in
2774 1565 2835 1606 se
2863 1563 3085 1626 utraque
3114 1559 3361 1616 mandata
3384 1604 3398 1627 ,
3431 1564 3481 1618 id

1901 1636 2005 1693 est,
2028 1636 2083 1683 et
2108 1644 2203 1685 sua
2242 1641 2295 1687 ct
2324 1636 2519 1691 veteris
2542 1636 2867 1697 Testamenti
2891 1687 2905 1710 ,
2937 1646 3156 1715 ignitum
3178 1667 3479 1711 sermonem

1902 1716 2032 1783 Dei,
2087 1719 2283 1789 duplici
2332 1737 2717 1796 praceptorum
2765 1734 2880 1789 acie
2924 1740 3330 1807 comprehendit
3371 1762 3384 1797 :
3425 1759 3481 1801 et

1901 1809 2055 1905 tactis
2099 1810 2270 1905 labiis,
2300 1816 2558 1887 quidquid
2598 1818 2769 1877 fuerat
2810 1823 3144 1895 ignorantiae,
3174 1829 3277 1886 hoc
3309 1833 3478 1905 siqui-

1895 1898 2016 1955 dem
2061 1916 2159 1957 nos
2188 1903 2325 1960 labia
2355 1906 2773 1979 interpretamur
2800 1914 3075 1972 immunda
3100 1959 3115 1986 ,
3148 1898 3477 1992 purgationis

1896 2006 2007 2047 suae
2036 1996 2238 2064 pepulit
2270 2000 2515 2055 veritate.
2564 2002 2713 2059 Ilanc
2740 2004 2997 2077 forcipem
3039 2010 3207 2067 Jacob
3236 2015 3287 2068 in
3332 2017 3473 2071 scala

1893 2088 2154 2156 conspicit
2186 2088 2643 2164 (Genes.28):hic
2660 2105 2743 2151 est
2764 2098 2973 2167 gladius
3000 2102 3082 2157 bis
3108 2116 3326 2161 acutus:
3360 2107 3475 2164 haec

1894 2176 2000 2231 duo
2029 2180 2269 2249 minuta,
2317 2198 2437 2253 qua:
2466 2186 2659 2240 mulier
2689 2188 2844 2242 vidua
2889 2191 3054 2246 mittit
3099 2193 3151 2247 in
3198 2195 3336 2251 dona
3380 2198 3472 2253 Dei

1894 2266 2084 2335 (Marc.
2102 2270 2191 2339 12)
2213 2270 2329 2327 :hic
2346 2282 2512 2329 stater
2538 2274 2673 2331 duos
2696 2276 2945 2334 denarios
2962 2280 3183 2347 habens,
3200 2286 3287 2354 qui
3306 2287 3356 2341 in
3378 2303 3473 2344 ore

1894 2357 2055 2426 piscis
2084 2369 2348 2430 repertus,
2373 2378 2469 2433 pro
2488 2364 2713 2423 Domino
2738 2378 2793 2423 et
2811 2368 2969 2425 Petro
2996 2371 3236 2429 redditur
3255 2374 3466 2447 (Matth.

1892 2453 2019 2521 l7);
2051 2454 2151 2509 hac
2175 2455 2373 2525 duplici
2402 2457 2603 2530 forcipe
2676 2461 2782 2534 57
2854 2480 2973 2535 qua:
3024 2467 3235 2524 unionis
3274 2470 3470 2525 retine-

1892 2549 1979 2596 tur
1997 2543 2211 2613 virtute,
2239 2546 2399 2603 carbo
2428 2550 2855 2619 comprehensus
2885 2556 3114 2611 mittitur
3138 2557 3203 2613 ad
3232 2558 3470 2631 Pmphe-

1890 2645 2018 2702 tam,
2040 2652 2197 2706 quem
2246 2639 2301 2694 in
2339 2642 2633 2698 centesimo
2655 2643 2867 2700 decimo
2894 2662 3037 2703 nono
3064 2647 3277 2707 Psalmo
3301 2695 3315 2718 ,
3344 2668 3463 2709 cum

1888 2725 2153 2797 Propheta
2202 2730 2375 2787 Deum
2421 2744 2632 2804 rogaret
2678 2735 2865 2793 dicens
2910 2755 2925 2792 :
2978 2757 2997 2791 ι
3030 2740 3274 2809 Domine,
3299 2744 3463 2800 libera

1884 2819 2117 2874 animam
2148 2836 2319 2877 meam
2347 2838 2376 2877 a
2400 2824 2553 2881 labiis
2582 2827 2777 2898 iniquis
2796 2870 2810 2893 ,
2839 2837 2897 2883 et
2923 2844 2953 2884 a
2983 2831 3157 2902 lingua
3181 2833 3367 2888 dolosa
3389 2874 3405 2901 ,
3440 2856 3459 2887 ο

1884 2918 1939 2964 et
1964 2918 2088 2980 post
2112 2911 2582 2983 interrogationem
2606 2917 2838 2986 Spiritus
2859 2918 3040 2973 Sancti
3065 2937 3077 2973 :
3104 2940 3123 2972 ι
3148 2922 3282 2988 Quid
3309 2922 3464 2977 detur

1888 3000 2017 3068 tibi,
2045 3010 2137 3056 aut
2160 3002 2287 3073 quid
2313 3015 2614 3074 apponatur
2641 3008 2733 3063 tibi
2763 3007 2831 3062 ad
2873 3010 3104 3079 linguam
3132 3011 3410 3068 dolosam?
3439 3034 3457 3067 ι

1883 3089 2084 3145 dictum
2115 3099 2199 3145 est
2222 3108 2237 3145 :
2280 3110 2300 3144 ί
2322 3094 2539 3163 Sagitta:
2568 3098 2799 3165 potentis
2820 3107 2988 3153 acutis:
3004 3115 3123 3154 cum
3145 3100 3463 3157 carbonibus

1882 3179 2220 3237 desolatoriis
2244 3201 2264 3235 ι
2301 3182 2417 3254 (Ps.
2450 3186 2571 3241 119.
2591 3187 2645 3240 2.
2670 3196 2717 3241 et
2735 3190 2895 3259 seqq.)
2916 3230 2931 3252 ,
2955 3192 3153 3247 scimus
3177 3192 3457 3263 Propheta;

1883 3286 2003 3327 esse
2031 3287 2366 3329 concessum.
2401 3274 2540 3331 Vere
2562 3278 2757 3347 quippe
2776 3279 3134 3337 desolatorius
3164 3284 3344 3351 carbo,
3371 3287 3459 3355 qui

1884 3364 2116 3437 linguam
2140 3382 2323 3436 puram
2352 3368 2477 3424 facit
2495 3385 2524 3424 a
2548 3383 2789 3441 peccato,
2822 3389 3001 3429 sermo
3022 3374 3232 3432 divinus
3260 3389 3364 3445 est,
3392 3378 3459 3435 de

1882 3474 1990 3529 quo
2018 3469 2073 3515 et
2095 3460 2147 3515 in
2171 3460 2304 3515 Isaia
2326 3461 2521 3517 dicitur
2550 3480 2563 3516 :
2594 3461 2798 3519 «Habes
2823 3465 3085 3523 carbones
3114 3469 3270 3540 ignis,
3300 3471 3459 3527 sede-

1883 3550 1965 3605 bis
1994 3567 2154 3621 super
2174 3565 2288 3617 eos,
2319 3551 2551 3609 bierunt
2581 3554 2675 3611 tibi
2708 3556 2759 3610 in
2785 3557 3111 3627 adjutorium
3138 3580 3158 3613 ι
3190 3560 3342 3635 (lsai.
3367 3564 3455 3618 l7.

1883 3644 2004 3700 M5.
2030 3660 2130 3698 sec.
2164 3643 2357 3716 LXX).

1953 3734 2040 3790 15.
2089 3733 2381 3805 Sequitur:
2426 3733 2497 3789 Et
2538 3737 2707 3792 audivi
2753 3754 2922 3793 vacem
2950 3738 3159 3796 Domini
3205 3744 3417 3798 dicentis
3444 3786 3457 3807 .

1883 3826 2044 3891 Quem
2072 3826 2288 3892 mittam,
2314 3836 2364 3882 et
2387 3828 2499 3897 quis
2521 3827 2610 3880 ibit
2640 3828 2708 3879 ad
2737 3829 2981 3898 populant
3004 3832 3191 3885 istum?
3217 3833 3281 3886 Et
3309 3835 3417 3888 dixi
3439 3852 3457 3888 :

1883 3916 2015 3970 Ecce
2052 3933 2165 3987 ego,
2195 3919 2336 3971 mitte
2371 3933 2466 3971 me.
2498 3915 2565 3969 Et
2593 3917 2665 3970 ait
2693 3933 2711 3971 :
2746 3916 2886 3972 Vade
2913 3928 2959 3973 et
2988 3920 3069 3973 dic
3090 3924 3278 3990 populo
3302 3923 3418 3977 ltuit:
3438 3942 3458 3979 :

1881 4006 2019 4061 Aure
2054 4008 2301 4074 audietis,
2349 4017 2398 4061 et
2442 4023 2541 4061 non
2571 4006 2880 4078 intelligetis.
2923 4009 3299 4083 Interrogantis
3333 4021 3459 4069 sunt

1882 4096 2043 4151 verba
2070 4095 2303 4163 Domini,
2329 4112 2433 4151 non
2454 4097 2713 4168 jubentis,
2742 4114 2901 4170 quem
2927 4100 3121 4156 debeat
3148 4102 3379 4170 mittere,
3404 4115 3460 4159 et

1882 4188 1999 4259 quis
2044 4190 2212 4242 iturus
2239 4189 2308 4242 sit
2348 4188 2415 4242 ad
2445 4189 2697 4259 populum
2716 4231 2733 4257 ,
2764 4190 2850 4245 cui
2881 4190 3051 4246 facilis
3078 4192 3343 4265 Propheta
3374 4210 3460 4250 re-

1881 4278 2109 4350 spondet
2140 4296 2153 4333 :
2192 4278 2320 4333 Ecce
2349 4295 2460 4351 ego,
2493 4281 2633 4334 mitte
2658 4298 2755 4347 me,
2796 4290 2852 4336 et
2876 4292 2995 4353 post
3020 4282 3456 4353 pollicitationem

1876 4372 2126 4442 jubetur,
2155 4382 2213 4427 ut
2240 4372 2383 4428 dicat
2414 4389 2427 4426 :
2485 4371 2659 4438 Vade,
2700 4382 2747 4427 et
2791 4374 2872 4427 dic
2920 4375 3108 4445 papula
3134 4377 3291 4433 huic:
3324 4379 3461 4434 Aure

1882 4464 2125 4530 audietis,
2168 4474 2215 4517 et
2240 4480 2340 4517 non
2378 4464 2666 4535 intelligetis
2696 4481 2715 4519 :
2745 4474 2789 4520 et
2817 4478 3072 4522 cernentes
3097 4470 3347 4541 aspicietis
3366 4514 3380 4537 ,
3412 4482 3459 4525 et

1882 4570 1983 4607 non
2011 4553 2271 4619 videbitis;
2298 4562 2351 4609 et
2377 4563 2572 4610 cmtera
2600 4570 2719 4626 qua:
2742 4556 2906 4628 ipsius
2948 4558 3248 4631 Prophelia:
3274 4578 3457 4617 sermo

1881 4643 2137 4699 contexit.
2166 4644 2362 4699 Audivi
2388 4659 2490 4716 ego
2516 4647 2568 4699 in
2591 4645 2692 4702 hoc
2720 4648 2839 4702 loco
2867 4662 2971 4703 non
2995 4664 3213 4719 parvam
3246 4653 3456 4708 Hebraei

1884 4736 1985 4791 mei
2014 4735 2427 4808 disputationem
2449 4780 2463 4805 ,
2501 4739 2652 4810 cujus
2690 4754 2855 4811 pauca
2898 4758 3125 4812 ponam,
3159 4754 3215 4798 ut
3243 4759 3457 4800 sensum

1886 4828 2115 4883 hominis
2143 4828 2408 4885 advertas.
2458 4830 2676 4897 Aiebat,
2717 4831 2784 4886 de
2827 4833 3007 4903 Moyse
3033 4840 3089 4888 et
3115 4833 3249 4888 Isaia
3275 4873 3288 4899 ,
3339 4835 3461 4904 quis

1885 4919 2075 4974 melius
2105 4920 2322 4986 fecerit,
2368 4921 2720 4991 requiramus.
2765 4922 2951 4978 Utrum
2993 4938 3061 4978 ne
3099 4923 3329 4997 Moyses,
3369 4928 3462 4997 qui

1882 5022 2002 5062 cum
2052 5022 2083 5062 a
2131 5009 2242 5063 Deo
2283 5009 2584 5064 mitteretur
2627 5009 2693 5064 ad
2745 5011 3032 5079 pupulum,
3080 5012 3201 5067 ait:
3247 5012 3459 5080 Precor,

1886 5097 2120 5162 Domine,
2154 5114 2255 5151 non
2283 5114 2394 5151 sum
2437 5099 2662 5167 dignus;
2706 5107 2761 5153 et
2802 5115 3028 5165 rursum,
3075 5104 3281 5173 provide
3304 5106 3462 5159 alium

1883 5206 2028 5259 quem
2056 5191 2227 5242 mittas
2256 5188 2449 5258 (Exod.
2480 5191 2533 5245 4.
2564 5190 2655 5261 15)
2689 5207 2703 5242 :
2736 5191 2818 5243 An
2845 5189 3026 5255 Isaias,
3054 5194 3142 5263 qui
3190 5210 3309 5250 cum
3356 5214 3462 5254 non

1886 5280 2071 5333 fuisset
2094 5278 2317 5343 electus,
2364 5278 2505 5334 ultro
2550 5295 2609 5334 se
2638 5279 2858 5345 obtulit,
2891 5280 3075 5337 dicens
3117 5302 3131 5338 :
3185 5284 3316 5341 Ecce
3343 5304 3456 5359 ego,

1884 5411 2019 5523 003D)
2054 5408 2512 5483 Mat-tiamabstulit,
2540 5420 2591 5461 et
2629 5426 2737 5462 mox
2753 5414 2982 5489 purgavit
3000 5416 3467 5495 juxta_Erasmlanos

1978 5485 2080 5523 tces
2101 5472 2181 5521 hic
2202 5480 2349 5523 atoue
2373 5474 2513 5522 intra.
2540 5474 2637 5523 Sed
2665 5489 2826 5523 venus
2853 5475 3078 5523 Dlerlaue
3103 5478 3201 5523 alii
3231 5489 3284 5523 ut
3314 5484 3465 5523 mum-

1978 5472 2080 5523 ices
2101 5472 2181 5521 hic
2202 5480 2349 5542 atque
2369 5473 2513 5542 infra.
2540 5474 2639 5542 Sed
2665 5472 2826 5526 verius
2853 5472 3078 5542 plerique
3103 5478 3204 5540 alii,
3231 5489 3284 5533 ut
3314 5472 3465 5535 edidi;

1885 5548 1993 5607 ξηρε
2031 5543 2242 5607 “usque
2270 5532 2331 5583 ’ίιι
2369 5532 2499 5607 low...
2519 5549 2582 5607 εξ
2606 5535 2774 5607 9m
2796 5532 2916 5607 ἀνελεῖ
2940 5532 3011 5590 ει·
3030 5532 3282 5607 meiat
3317 5532 3471 5596 l‘auio

1884 5596 2146 5708 im
2161 5596 2346 5648 'vocem
2371 5596 2657 5662 captivitatis
2676 5637 2690 5664 ,
2716 5596 2855 5653 abes't
2876 5604 3056 5665 futura:
3077 5596 3105 5656 it
3128 5596 3287 5670 Regio
3310 5618 3365 5657 ac
3390 5607 3468 5658 Gi-

1889 5670 2165 5713 Slel‘CIOIISI.
