4048 6186
585 214 685 270 371

586 328 731 383 mitte
756 343 855 382 me.
884 325 994 383 Nec
1031 325 1216 398 ignoro
1237 365 1253 390 ,
1294 322 1535 387 dicebat,
1562 321 1916 391 periculosum
1943 335 2066 375 esse
2090 319 2160 376 de

586 421 906 476 Sanctorum
936 418 1141 474 meritis
1174 414 1486 483 disputare;
1533 422 1586 467 et
1627 412 1823 482 aliquid
1864 410 1945 467 vel
1989 413 2164 466 minus

588 511 670 567 vel
696 511 816 582 plus
841 496 1105 565 disserere
1131 504 1268 560 velle
1293 504 1360 560 de
1378 519 1445 560 eo
1469 519 1626 575 quem
1658 503 1914 559 Dominus
1936 517 2164 558 corona-

588 601 698 668 vit;
727 599 821 656 sed
849 597 970 668 quia
999 596 1111 666 ipse
1147 594 1282 649 dixit
1310 611 1324 647 :
1347 594 1570 659 Quaerite
1591 635 1605 659 ,
1631 603 1676 648 et
1721 594 2016 656 invenietis;
2043 594 2162 663 pul-

587 703 713 755 sate,
740 698 788 744 et
811 687 1064 758 aperietur
1089 685 1226 741 vobis
1251 684 1460 756 (Matth.
1488 687 1520 740 7
1543 703 1556 749 ;
1604 695 1652 739 et
1681 685 1806 738 Luc.
1846 686 1937 753 ll)
1957 725 1974 749 ,
2001 686 2161 738 etiam

587 796 706 847 nos,
734 792 838 834 non
869 785 926 831 ut
956 770 1025 831 de
1063 777 1243 846 aliquo
1268 763 1631 842 detrahamus,
1655 774 1834 830 sed'ut
1871 773 2163 842 Scriptura:

583 884 799 926 sensum
827 867 1080 936 scientes,
1116 859 1183 922 ad
1208 868 1324 937 ejus
1347 882 1445 922 nos
1463 867 1753 938 dirigamus
1776 866 2045 936 exempla,
2071 865 2165 920 de-

584 963 775 1018 bemus
798 961 1066 1033 inquirere
1089 960 1231 1030 quod
1259 967 1436 1030 potest
1465 958 1642 1014 facere
1663 958 2033 1027 quaestionem.
2061 955 2163 1022 Qui

582 1051 772 1125 Moysi,
791 1051 982 1122 inquit,
1009 1060 1245 1110 assertor
1259 1058 1363 1116 est,
1395 1049 1746 1103 humilitatem
1765 1047 1880 1115 ejus
1910 1043 2164 1116 praedicat

583 1160 648 1200 ac
663 1142 1160 1209 mansuetudinem,
1182 1140 1322 1211 quod
1353 1156 1413 1195 se
1440 1139 1712 1210 indignum
1727 1137 1975 1208 judicans
2006 1136 2163 1190 mini-

582 1235 751 1291 sterio
775 1235 895 1299 Dei,
924 1233 1094 1303 major
1167 1231 1277 1303 58
1347 1230 1566 1285 allectus
1583 1231 1652 1285 sit
1670 1247 1684 1283 :
1705 1229 1866 1284 Isaias
1895 1241 2043 1291 vero,
2072 1226 2160 1296 qui

585 1327 727 1380 ultro
767 1339 828 1380 se
868 1324 1086 1388 obtulit,
1115 1323 1390 1393 incipiens
1424 1320 1776 1391 prophetare,
1807 1333 1836 1372 a
1865 1314 2162 1372 maledictis

583 1416 749 1488 cmpit
777 1433 790 1470 :
821 1415 958 1470 Aure
977 1414 1214 1479 audietis,
1243 1423 1287 1468 et
1315 1430 1412 1467 non
1441 1413 1727 1483 intelligetis
1760 1410 1858 1482 (τι),
1889 1419 1935 1463 et
1959 1423 2167 1462 cernen-

584 1518 658 1564 tes
677 1507 951 1576 aspicietis,
981 1514 1026 1562 et
1047 1522 1148 1560 non
1175 1503 1420 1558 videbitis.
1438 1503 1518 1558 Ob
1541 1502 1680 1572 quod
1697 1501 1818 1556 inde
1840 1499 2003 1554 multa
2026 1496 2162 1551 mala

585 1615 906 1670 perpessus,
951 1607 1006 1654 et
1049 1597 1118 1652 ab
1159 1597 1304 1651 omni
1337 1596 1531 1666 pOpulo
1560 1611 1656 1665 pro
1703 1596 1889 1648 insano
1920 1590 2162 1655 habitus,

587 1704 709 1744 cum
755 1688 948 1743 iterum
1000 1687 1052 1742 ei
1101 1702 1205 1741 vox
1231 1686 1408 1740 divina
1452 1686 1710 1752 dixisset,
1749 1685 1948 1748 clama,
1990 1681 2165 1735 sciens

589 1780 717 1852 quid
741 1780 1001 1850 superiori
1033 1779 1284 1836 facilitate
1311 1776 1544 1848 seipsum
1573 1777 1804 1832 oﬁ‘ercns
1835 1775 2160 1846 pertulisset,

591 1885 698 1925 non
737 1871 811 1926 ait
842 1887 856 1926 :
888 1869 1023 1924 Ecce
1047 1885 1136 1941 ego
1155 1911 1171 1936 ,
1203 1870 1341 1922 mitte
1367 1885 1446 1922 me
1477 1883 1495 1921 :
1523 1867 1615 1922 sed
1645 1867 2008 1937 interrogavit,
2036 1865 2164 1935 quid

591 1960 724 2014 illud
779 1970 924 2016 esset
970 1961 1111 2030 quod
1155 1962 1388 2015 clamare
1426 1958 1677 2022 deberet,
1726 1967 1781 2013 et
1807 1957 1941 2012 dixit
1982 1955 2164 2023 :Quid

591 2049 859 2103 clamabo?
886 2048 984 2104 Cui
1014 2049 1186 2104 simile
1215 2060 1297 2104 est
1323 2047 1453 2103 illud
1480 2048 1532 2102 in
1558 2048 1787 2104 Jeremia
1818 2066 1832 2102 :
1862 2048 2048 2117 Accipe
2073 2063 2162 2100 ea-

589 2141 734 2196 licem
771 2142 873 2195 vini
916 2142 1042 2195 meri
1084 2141 1236 2212 hujus
1283 2141 1347 2194 de
1393 2158 1549 2194 manu
1593 2157 1736 2206 mea,
1787 2150 1833 2195 et
1881 2141 2165 2211 potiouabis

589 2249 760 2287 omnes
781 2241 949 2304 gentes
969 2274 984 2300 ,
1011 2232 1081 2286 ad
1099 2249 1226 2303 quas
1253 2249 1344 2304 ego
1371 2243 1418 2287 te
1445 2233 1639 2286 mittam
1659 2275 1676 2298 ,
1703 2240 1750 2288 et
1775 2231 1961 2297 bibent,
1990 2241 2036 2285 et
2075 2247 2164 2284 vo-

587 2337 747 2392 ment,
770 2335 816 2380 et
841 2327 1114 2392 insanient,
1145 2337 1190 2380 et
1211 2327 1388 2380 cadent
1413 2343 1445 2379 a
1473 2327 1603 2394 [acie
1627 2326 1817 2395 gladii,
1855 2341 2002 2395 quem
2043 2324 2163 2376 mit-

590 2427 694 2471 tam
716 2417 769 2471 in
793 2417 955 2470 medio
985 2434 1160 2472 eorum
1185 2417 1204 2489 (
1227 2416 1416 2472 Jerent.
1447 2417 1538 2472 25.
1574 2417 1661 2472 l5.
1700 2416 1767 2471 l6
1794 2416 1832 2486 ).
1861 2414 2014 2484 Quod
2042 2429 2163 2469 cum

588 2509 825 2564 audisset
844 2509 1136 2580 Propheta,
1163 2525 1265 2564 non
1292 2511 1466 2565 renuit
1497 2528 1510 2564 ε
1539 2524 1642 2564 non
1665 2509 1956 2565 secundum
1983 2523 2166 2563 exem-

585 2602 738 2670 plum
765 2599 932 2670 Moysi
961 2599 1098 2655 dixit
1129 2617 1146 2655 :
1175 2599 1396 2665 Precor,
1432 2599 1662 2666 Domine,
1694 2617 1794 2653 non
1822 2616 1934 2653 sum
1959 2601 2161 2670 dignus,

588 2691 796 2762 provide
816 2691 975 2745 alium
997 2708 1145 2760 quem
1171 2692 1340 2745 mittas
1365 2690 1559 2761 (Exod.
1590 2692 1644 2744 4.
1681 2690 1767 2762 l5)
1792 2707 1808 2754 ;
1840 2690 1934 2746 sed
1960 2699 2166 2743 amatur

586 2781 772 2852 populi
818 2781 934 2846 sui,
975 2792 1031 2835 et
1073 2790 1263 2850 putans
1304 2782 1426 2851 quia
1465 2796 1530 2836 ex
1563 2790 1686 2851 poto
1729 2780 1912 2835 calicis
1939 2781 2165 2834 inimicm

583 2881 772 2944 gentes
810 2873 1239 2928 interﬁcerentur
1283 2880 1338 2926 et
1373 2880 1628 2936 ruerent,
1672 2871 1892 2926 calicem
1936 2871 2071 2925 meri
2103 2871 2165 2924 li-

582 2964 776 3020 benter
800 2965 1026 3034 accepit,
1058 2965 1358 3034 intelligens
1389 2965 1441 3018 in
1469 2963 1714 3018 omnibus
1733 2965 1980 3032 gentibus
2004 2965 2163 3019 etiam

583 3054 881 3111 Jerusalem
909 3055 1307 3124 comprehendi.
1357 3055 1595 3124 Denique
1639 3055 1777 3110 inter
1805 3065 2028 3112 eteteras
2067 3073 2165 3110 na-

582 3146 758 3202 tiones
787 3164 800 3199 :
832 3144 900 3199 Et
939 3146 1142 3216 accepi,
1170 3146 1244 3199 ait
1269 3187 1286 3212 ,
1329 3146 1537 3199 calicem
1580 3146 1643 3198 de
1670 3162 1824 3200 manu
1854 3146 2090 3209 Domini,
2119 3158 2166 3201 et

583 3238 838 3308 potionavi
865 3253 1037 3292 omnes
1063 3247 1254 3308 gentes,
1281 3237 1349 3290 ad
1368 3253 1495 3309 quas
1523 3239 1659 3291 misit
1701 3254 1781 3292 me
1805 3236 2077 3304 Dominus,
2119 3249 2166 3293 et

581 3329 886 3394 Jerusalem,
917 3337 963 3384 et
989 3329 1209 3382 civitates
1246 3325 1280 3380 J
1287 3329 1409 3394 uda,
1436 3337 1482 3382 et
1505 3344 1646 3399 reges
1674 3331 1808 3397 ejus,
1839 3338 1885 3383 et
1910 3330 2162 3399 principes

583 3421 716 3490 ejus,
740 3421 808 3472 ad
828 3419 1086 3490 ponendas
1112 3435 1196 3474 eas
1226 3418 1280 3471 in
1307 3419 1691 3488 desolationem,
1717 3430 1764 3475 et
1800 3421 1854 3475 in
1881 3422 2091 3488 invium,
2116 3435 2162 3477 et

583 3508 918 3563 sibilationem
947 3506 1161 3578 (Jerem.
1191 3507 1283 3562 25.
1312 3509 1399 3562 17.
1426 3509 1540 3579 18).
1570 3509 1678 3565 Pro
1714 3526 1818 3580 qua
1848 3512 2158 3583 Prophetia,

586 3599 712 3654 licet
732 3599 783 3651 in
813 3597 1081 3667 plerisque
1119 3596 1392 3652 codicibus
1414 3599 1548 3654 ordo
1579 3599 1651 3654 sit
1678 3615 1962 3669 perversos
1991 3621 2004 3658 :
2035 3607 2162 3676 quid

583 3692 638 3744 in
667 3690 774 3744 alio
803 3690 922 3744 loco
949 3689 1091 3744 dicat
1119 3689 1359 3744 ausculta
1393 3708 1407 3745 :
1437 3681 1701 3746 Seduxisti
1721 3711 1818 3760 me,
1847 3693 2086 3765 Domine,
2116 3709 2163 3753 et

583 3782 822 3836 seductus
840 3797 952 3836 sum
978 3796 996 3834 :
1018 3781 1224 3834 tenuisti
1253 3797 1332 3836 me
1349 3791 1398 3836 et
1423 3783 1633 3852 potuisti
1655 3783 1728 3857 (b)
1754 3800 1772 3839 :
1798 3785 1963 3855 factus
1981 3805 2091 3842 sum
2110 3791 2163 3845 in

581 3873 832 3937 derisum,
879 3881 1036 3926 totam
1079 3871 1210 3924 diem
1255 3873 1397 3944 exegi
1423 3875 1478 3928 in
1525 3874 1974 3932 subsannationem
2022 3878 2158 3953 (Jer.

579 3963 670 4018 20.
703 3964 779 4029 7).
811 3963 878 4016 Et
917 3961 1219 4017 ccontrario
1243 3964 1334 4031 qui
1358 3973 1594 4020 assertor
1618 3974 1699 4021 est
1725 3967 1875 4022 lsaire
1900 3969 2159 4043 (dicebat)

580 4055 669 4108 iila
701 4053 934 4124 proferet
968 4072 980 4106 :
1014 4053 1356 4122 l’rophetam,
1385 4070 1489 4110 non
1521 4066 1623 4112 tam
1651 4060 1732 4114 sui
1765 4065 1976 4127 merito,
2000 4079 2156 4134 quam

583 4143 946 4198 misericordia
994 4144 1084 4198 Dei
1129 4144 1424 4211 conlisum,
1471 4155 1747 4218 postquam
1794 4167 1823 4204 a
1875 4153 2158 4224 Seraphim

581 4236 843 4302 audierat,
872 4235 1005 4290 Ecce
1029 4237 1188 4308 tetigit
1218 4239 1311 4291 hoc
1343 4238 1477 4292 labia
1502 4248 1609 4305 tua,
1634 4251 1681 4294 et
1704 4247 1898 4313 auferet
1923 4246 2161 4316 iniquita-

582 4337 654 4382 tes
676 4337 807 4390 tuas,
835 4337 880 4380 et
902 4337 1103 4398 peccata
1124 4339 1212 4381 tua
1241 4329 1494 4400 purgabit,
1522 4331 1632 4386 otio
1658 4333 1895 4389 noluisse
1923 4345 2157 4407 torpere,

580 4419 678 4474 sed
705 4421 842 4475 ultro
870 4421 921 4474 in
960 4421 1314 4476 ministerium
1348 4421 1476 4490 Dei,
1508 4423 1658 4492 quasi
1687 4439 1717 4478 a
1759 4427 1993 4494 peccatis
2021 4414 2156 4484 libe-

581 4527 724 4578 rum,
752 4511 868 4566 zelo
895 4525 954 4566 se
978 4511 1240 4568 obtulisse
1269 4511 1410 4566 ﬁdei.
1438 4511 1655 4584 Moysen
1685 4529 1813 4569 vero
1840 4517 1962 4586 quia
1989 4532 2159 4572 szecu~

582 4602 784 4658 laribus
842 4599 1083 4657 eruditus
1132 4600 1304 4655 fuerat
1370 4600 1709 4670 disciplinis,
1764 4613 1821 4660 et
1880 4606 2161 4664 interfecto

580 4693 856 4767 Egyptio,
887 4693 1212 4748 conscientia
1238 4693 1354 4761 ejus
1382 4693 1557 4763 aliqua
1592 4709 1656 4749 ex
1688 4704 1840 4766 parte
1883 4700 2162 4755 sorduerat

585 4785 782 4856 (Exod.
809 4786 903 4858 2);
950 4783 1091 4839 unde
1119 4791 1172 4838 et
1211 4799 1310 4838 vox
1341 4783 1407 4837 ad
1453 4798 1576 4838 eum
1621 4783 1689 4839 de
1730 4785 1864 4840 rubo
1905 4787 2042 4843 facta
2069 4789 2158 4856 sit,

643 4963 717 5034 (ᾳ)
748 4963 830 5015 Sic
871 4963 1113 5034 rellquum
1157 4959 1416 5034 versiculi,
1452 4973 1538 5034 pro
1576 4975 1673 5034 quo
1697 4964 1768 5034 _in
1791 4964 1937 5016 editis
1959 4970 2162 5034 _tantu_m

643 4977 717 5028 (α)
748 4977 830 5015 διο
871 4977 1113 5074 εθιιἭιιω
1157 4977 1416 5032 versiculi,
1452 4977 1538 5024 pro
1576 4977 1673 5034 quo
1715 4977 1764 5012 ιιι
1791 4977 1937 5016 euntis
1979 4977 2162 5018 tantum

582 5032 720 5083 erat,
769 5033 866 5075 etc.
900 5038 963 5075 ex
1126 5021 1473 5088 supplevunus.
1488 5022 1672 5088 Passim
1697 5024 1818 5088 infra
1831 5027 2050 5088 quadam
2072 5032 2164 5082 alia

581 5087 896 5135 emendamus
916 5087 1113 5135 minoris
1151 5083 1412 5144 momenti,
1437 5085 1615 5146 quibus
1656 5083 1937 5138 adnotatidis
1955 5091 2165 5143 subinde

579 5147 820 5209 immorari
854 5148 1009 5209 piget.

643 5206 717 5268 (ὁ)
747 5203 931 5272 _Verani
954 5203 1650 5272 hujus_versicoli__lectionem
1686 5220 1750 5272 ex
1795 5207 1953 5272 Regio
1995 5212 2164 5263 codice

581 5265 974 5334 emendatissimo
994 5265 1602 5334 restituimusallucusque
1617 5269 1758 5334 enim
1777 5265 2006 5334 antiquus
2025 5286 2162 5334 error

579 5324 894 5393 inoleverat”
910 5335 966 5377 ut
1006 5327 1280 5393 legeretur,
1305 5328 1461 5388 [actus
1479 5324 1595 5393 sum
1607 5329 1660 5393 _in
1682 5324 1914 5393 derisum'
1939 5339 2036 5383 tota
2057 5333 2158 5393 die,

579 5385 714 5456 exivi
746 5386 797 5434 in
819 5385 1273 5456 subsmnaiionem,
1289 5385 1374 5450 pro
1394 5394 1541 5438 totam
1561 5390 1694 5441 diem
1729 5391 1873 5456 exegi
1893 5393 1946 5442 in
1965 5385 2164 5444 subsunt;

830 5445 1106 5517 “ﬁrmus
1139 5443 1308 5517 ωειῖιέ
1348 5465 1466 5517 de»
1487 5462 1618 5514 sum
1642 5443 2162 5517 smmum-ntus...

590 5501 742 5551 Forte
763 5501 905 5569 exegi
924 5507 990 5555 de
1012 5519 1147 5556 me
1168 5507 1283 5578 olim
1325 5501 1588 5578 saipsejriit
1609 5501 1916 5563 amanuensis

590 5559 773 5624 sciolus
793 5576 888 5612 non
909 5577 1056 5614 nemo
1075 5565 1201 5616 estet
1221 5600 1237 5624 ,
1258 5575 1305 5619 et
1343 5575 1440 5618 tota
1463 5570 1560 5624 dte.
1588 5573 1717 5624 quod
1741 5580 1922 5624 transtu
1961 5584 1984 5624 t
2001 5577 2058 5624 ad
2081 5591 2162 5624 so-

587 5559 773 5634 sciolus
793 5559 888 5634 ῃοῆ
909 5577 1056 5614 nemo
1075 5565 1202 5616 exivi
1221 5600 1237 5626 ,
1258 5575 1305 5619 et
1343 5559 1440 5618 tota
1463 5569 1560 5632 die,
1578 5559 2058 5634 ’qobaiiiiigihiﬂd
2070 5559 2162 5626 ξῖιῖ

589 5630 760 5680 pertus
780 5633 981 5670 comma.

1873 204 2111 280 SANCTI
2151 204 2526 264 HIERONYMI

3751 213 3860 273 879

2273 319 2458 376 dicens
2487 339 2502 376 :
2552 321 2636 378 Ne
2673 324 2939 378 accesseris
2964 323 3063 378 huc
3089 339 3110 378 :
3139 324 3276 380 solve
3300 326 3644 382 calceanenta
3679 325 3746 382 de
3765 344 3856 398 pe-

2269 409 2417 465 dibus
2441 413 2561 480 tuis,
2593 412 2734 468 locus
2753 414 2886 468 enim
2910 415 2965 468 in
3001 430 3101 485 quo
3175 415 3285 488 59
3353 425 3482 485 stas,
3515 426 3651 471 terra
3677 427 3854 472 sancta

2268 509 2340 554 est
2357 517 2377 555 :
2392 510 2446 557 et
2460 503 2642 558 scierit
2663 504 2765 560 sibi
2783 504 3041 560 adversus
3052 520 3237 576 magos
3252 515 3307 561 et
3327 507 3589 562 adversus
3616 506 3853 562 Pharao-

2269 606 2392 647 nem
2408 593 2698 663 pessimum
2712 610 2889 665 regem
2910 594 3151 650 futurum
3164 610 3285 650 esse
3306 607 3670 664 certamen,se
3682 613 3852 652 excu-

2267 697 2418 740 sasse
2436 685 2706 740 dicentem
2736 686 2848 757 (e):
2875 685 3085 753 Precor,
3107 685 3348 752 Domine,
3372 705 3475 742 non
3495 705 3608 742 sum
3627 688 3851 760 dignus:

2269 789 2368 845 pro
2388 791 2494 846 quo
2521 781 2573 831 in
2619 776 2844 851 Hebraeo
2872 777 3100 847 legitur,
3133 795 3236 833 non
3265 778 3424 833 habeo
3458 781 3592 834 labia
3625 782 3848 835 circum-

2268 868 2408 932 cisa,
2457 867 2800 940 Septuaginta
2864 869 3249 940 lnlerpretibus
3302 886 3516 926 sensum
3561 874 3736 946 potius
3784 889 3854 929 ex

2268 971 2430 1012 sensu
2455 974 2614 1028 quani
2641 959 2862 1014 verbum
2889 959 2958 1015 de
2985 960 3152 1015 verbo
3170 961 3611 1030 exprimentibus.
3642 962 3722 1018 Ex
3743 977 3854 1034 quo

2268 1046 2553 1104 manileste
2578 1050 2748 1118 possit
2773 1049 3030 1120 intelligi,
3060 1050 3251 1106 lsaiam
3278 1063 3427 1106 recte
3469 1061 3590 1122 post
3615 1054 3850 1108 circum-

2266 1138 2377 1192 cisa
2399 1138 2559 1206 labia,
2584 1141 2636 1194 in
2659 1141 2753 1195 Dei
2776 1156 2836 1196 se
2859 1141 3121 1196 obtulisse
3145 1142 3524 1210 ministerium,
3549 1153 3606 1199 et
3631 1144 3850 1216 Moysen

2267 1227 2442 1283 adhuc
2472 1229 2864 1286 incircumcisis
2902 1232 3056 1288 labiis
3099 1243 3206 1287 tam
3245 1233 3449 1303 grande
3497 1236 3848 1292 ministerium

2267 1331 2571 1374 recusasse.

2340 1407 2427 1463 16.
2470 1408 2609 1463 Aura
2647 1410 2884 1477 audietis,
2933 1422 2981 1465 et
3021 1429 3124 1467 non
3162 1413 3452 1486 intelligetis
3483 1431 3503 1470 .'
3525 1425 3573 1471 et
3599 1427 3852 1474 cernentes

2267 1497 2554 1567 aspicietis,
2583 1509 2629 1553 et
2663 1516 2766 1554 non
2793 1501 3040 1557 videbitis.
3077 1502 3245 1559 Totus
3273 1504 3361 1560 hic
3399 1506 3549 1561 locus
3577 1509 3718 1562 sicut
3738 1507 3853 1564 Sal-

2267 1595 2419 1642 vator
2443 1587 2571 1642 dicit
2601 1589 2656 1644 in
2684 1589 2996 1662 Evangelio,
3039 1579 3110 1646 ad
3135 1592 3186 1647 id
3221 1595 3456 1663 pertinet
3486 1605 3716 1666 tempus,
3745 1613 3852 1668 quo

2268 1675 2383 1747 ipse
2409 1688 2491 1733 est
2518 1679 2765 1750 dignatus
2790 1681 3123 1738 descendere
3153 1683 3219 1738 ad
3253 1694 3421 1740 terras
3443 1727 3460 1754 ,
3506 1695 3562 1742 et
3585 1689 3736 1758 signa
3759 1688 3854 1743 Jo-

2268 1768 2399 1824 daais
2448 1784 2554 1826 non
2609 1772 3026 1844 intelligentibus
3085 1778 3432 1846 perpetravit.
3487 1778 3555 1833 Et
3599 1782 3849 1850 quoniam

2269 1876 2438 1933 usque
2465 1863 2534 1918 ad
2566 1864 2727 1920 ﬁnem
2769 1865 2999 1938 Capituli
3034 1869 3338 1938 explanatio
3367 1871 3649 1942 multiplex
3677 1875 3852 1944 sequis

2269 1961 2386 2022 tur;
2417 1963 2472 2010 et
2492 1956 2809 2026 excipientis
2823 1957 2935 2027 jam
2959 1960 3307 2029 explicuimus
3340 1959 3489 2033 [Mss
3515 1963 3850 2038 implevimus]

2267 2057 2452 2113 ceras,
2486 2045 2777 2117 hucusque
2802 2047 3035 2105 dictasse
3076 2051 3302 2106 sufﬁciat
3335 2071 3348 2105 :
3379 2053 3503 2122 quia
3548 2065 3601 2110 et
3641 2057 3810 2112 oratio
3834 2098 3850 2123 ,

2267 2148 2387 2204 qua:
2424 2149 2533 2190 non
2572 2137 2805 2207 propriae
2859 2153 3049 2195 manus
3093 2141 3218 2196 stilo
3257 2143 3552 2212 expolitur,
3582 2159 3704 2200 cum
3758 2161 3854 2216 per

2267 2239 2329 2280 se
2349 2225 2546 2281 inculta
2573 2236 2676 2294 est,
2711 2237 2820 2282 tum
2849 2229 3018 2284 multo
3042 2231 3321 2287 molestior
3349 2232 3430 2298 ﬁt;
3455 2235 3501 2287 si
3529 2234 3741 2289 taedium
3769 2237 3849 2290 sui

2269 2317 2573 2386 prolixitate
2601 2320 2970 2389 congeminet;
3004 2330 3060 2376 ut
3085 2322 3365 2378 oculorum
3393 2323 3579 2380 dolore
3605 2325 3847 2391 cruciati,

2268 2409 2484 2462 auribus
2511 2417 2717 2465 tantum
2741 2411 3048 2467 Studeamus
3071 2422 3125 2468 et
3153 2413 3354 2484 lingua.

2341 2503 2428 2556 l7.
2457 2502 2534 2572 (ά)
2568 2503 2911 2576 Septuaginta
2943 2524 2956 2559 :
2991 2504 3057 2558 Et
3087 2507 3296 2561 missum
3319 2516 3391 2561 est
3415 2509 3485 2560 ad
3504 2524 3584 2562 me
3607 2525 3763 2563 unum
3792 2512 3855 2565 de

2270 2591 2543 2662 Seraphim
2560 2609 2580 2658 ;
2606 2595 2795 2664 Aquila
2816 2636 2830 2660 ,
2858 2605 2912 2650 et
2951 2595 3287 2652 Theodotion
3311 2638 3326 2662 ,
3355 2595 3426 2651 Et
3453 2599 3635 2653 volavit
3678 2600 3748 2653 ad
3776 2618 3855 2655 me

2269 2701 2426 2738 unum
2447 2685 2509 2738 de
2538 2685 2810 2754 Seraphin:
2835 2685 2906 2758 (e)
2932 2702 2947 2752 ;
2979 2687 3356 2759 Symmachus,
3387 2689 3454 2743 Et
3476 2691 3659 2744 volavit
3683 2692 3751 2744 ad
3776 2708 3856 2746 me

2268 2790 2402 2828 unus
2445 2775 2507 2828 de
2550 2773 2847 2847 Seraphim.
2894 2776 3146 2842 Quotidie
3187 2777 3254 2832 ad
3284 2793 3382 2834 nos
3428 2780 3655 2836 mittitur
3695 2780 3852 2837 Scra-

2269 2864 2454 2933 phim,
2499 2867 2738 2936 quotidie
2783 2867 3244 2937 ingemisceutiom
3298 2880 3460 2941 atque
3505 2871 3793 2929 dicentium
3836 2893 3848 2927 :

2273 2955 2317 3008 0
2338 2957 2487 3010 miser
2506 2973 2616 3026 ego,
2639 2958 2876 3026 quoniam
2899 2971 3227 3028 compunctus
3251 2977 3383 3026 sum,
3411 2975 3506 3016 ora
3535 2975 3848 3034 purgantur,

2267 3053 2323 3098 et
2369 3060 2488 3100 cum
2550 3060 2580 3099 a
2624 3047 2858 3116 peccatis
2905 3047 3099 3101 iuerint
3162 3048 3403 3116 liberati,
3453 3062 3756 3121 praeparant
3792 3068 3851 3110 se

2269 3135 2568 3191 ministerio
2599 3136 2715 3191 Dei.
2742 3136 2894 3204 Quod
2939 3145 3120 3192 autem
3146 3140 3324 3194 caeteri
3365 3139 3687 3212 lnterpretes
3707 3185 3722 3210 ,
3756 3159 3853 3214 pro

2268 3226 2478 3279 missum
2518 3243 2654 3293 esse,
2686 3228 2881 3282 volasse
2908 3227 3180 3292 dixerint,
3221 3229 3458 3301 intellige
3499 3233 3737 3288 velocem
3767 3234 3849 3289 di-

2269 3316 2374 3370 vini
2415 3319 2680 3372 sermonis
2707 3318 2999 3375 adventum
3043 3335 3206 3391 super
3233 3336 3349 3389 eos,
3389 3326 3478 3393 qui
3502 3323 3646 3395 digni
3675 3327 3847 3382 socie-

2271 3416 2378 3462 tate
2399 3409 2539 3462 illius
2559 3408 2881 3479 judicantur.
2906 3412 2962 3466 In
2984 3426 3182 3482 genere
3206 3428 3416 3484 quoque
3439 3415 3726 3472 diversitas
3745 3429 3844 3474 est.

2268 3497 2631 3568 Septuaginta,
2660 3501 2874 3569 Aquila,
2904 3511 2959 3557 et
2987 3501 3322 3558 Theodotion
3344 3504 3628 3575 Seraphim
3657 3517 3849 3565 neutro

2266 3603 2463 3658 genere
2501 3591 2886 3647 transtulerunt
2918 3611 2932 3647 :
2979 3594 3335 3665 Symmachus
3373 3599 3692 3657 masculino.
3742 3601 3848 3657 Nec

2269 3679 2557 3750 potandum
2575 3697 2758 3737 sexum
2772 3698 2892 3739 esse
2909 3685 2960 3738 in
2976 3671 3268 3740 Virtutibus
3285 3687 3398 3754 Dei,
3417 3704 3538 3744 cum
3559 3691 3718 3746 etiam
3737 3691 3849 3762 ipse

2268 3770 2498 3841 Spiritus
2535 3772 2760 3829 Sanctus
2801 3775 3094 3830 secundum
3129 3779 3483 3848 proprietates
3511 3779 3704 3854 lingua:
3746 3783 3849 3840 lle-

2265 3861 2446 3929 braste,
2471 3863 2723 3919 feminino
2741 3866 3252 3938 genere‘prol‘eratnr
3268 3885 3408 3924 IUHA
3425 3889 3437 3924 :
3455 3870 3639 3926 Grmce
3659 3884 3848 3929 neutro

2263 3952 2376 4025 60
2445 3965 2500 4009 τὸ
2524 3967 2705 4020 πνεῦμα
2736 3975 2748 4011 :
2779 3957 2968 4014 Latine
3009 3960 3324 4028 masculino,
3351 3961 3595 4033 Spiritus.
3628 3965 3702 4020 Ex
3743 3982 3847 4038 quo

2267 4045 2670 4116 intelligendum
2693 4056 2792 4115 est,
2819 4050 3032 4120 quando
3052 4051 3119 4106 de
3143 4054 3508 4121 superioribus
3527 4056 3844 4126 diSputator,

2265 4144 2319 4191 ct
2355 4137 2705 4193 masculinum
2740 4139 2940 4211 aliquid
2961 4179 2979 4207 ,
3004 4156 3096 4196 seu
3129 4141 3442 4200 femininum
3465 4147 3711 4215 ponitur,
3739 4166 3844 4205 non

2268 4235 2374 4282 tam
2399 4243 2589 4284 sexum
2613 4229 2940 4300 signiﬁcari,
2982 4246 3141 4301 quam
3171 4233 3366 4290 idioma
3397 4251 3593 4294 sonare
3628 4238 3840 4312 lingute.

2331 4425 2400 4486 (τ)
2435 4424 2824 4497 δίᾳτθεποξωιιε
2843 4426 3008 4497 e__Mss.
3032 4436 3174 4497 antea
3200 4431 3332 4497 enim
3351 4440 3456 4497 erat
3477 4433 3632 4497 potius
3653 4448 3847 4487 sensum

2435 4487 2954 4555 ugrbuptaatqueolim
2979 4489 3132 4555 potius
3149 4503 3258 4555 qua:
3280 4491 3391 4543 dixi
3412 4487 3623 4555 vcfbum,
3651 4505 3747 4546 etc.

2331 4547 2409 4654 (αὶ
2445 4545 2618 4596 Omnia
2639 4545 2769 4617 tere:
2788 4548 2904 4599 Mss.
2928 4545 3224 4614 exemplaria
3265 4555 3358 4604 hoc
3375 4555 3480 4604 loco
3503 4545 3752 4620 epistolam
3778 4561 3846 4610 ita

2331 4621 2387 4654 nc
2407 4607 2559 4654 udum
2580 4646 2593 4654 .
2626 4607 2836 4654 Exnlzcit
2876 4609 3157 4654 Hieronymi
3179 4617 3238 4654 de
3262 4616 3508 4654 ςρηιηιιῑηι
3529 4631 3541 4642 -
3588 4631 3679 4654 nm
3723 4621 3845 4654 νοις-

2267 4607 2559 4679 concludunt
2580 4646 2598 4679 ,_
2626 4607 2836 4670 Explicit
2874 4607 3166 4679 Hieronymi
3179 4617 3238 4664 de
3261 4616 3508 4679 seraphin:
3524 4607 3550 4679 ς’
3586 4631 3679 4668 nec
3723 4607 3845 4670 celi:

2265 4681 2361 4732 qua
2395 4669 2607 4718 subdunt
2647 4669 2758 4738 quae
2778 4669 3230 4738 sequuntnrfhujos
3273 4669 3701 4738 interpretationis.
3728 4669 3848 4730 ve-

2269 4730 2406 4778 teres
2444 4742 2653 4801 quoque.
2669 4730 2796 4780 editi
2837 4730 3126 4801 a_liam_hinc
3150 4730 3415 4801 epistolam
3459 4740 3720 4801 incipiunt,
3748 4742 3847 4791 alio

2269 4792 2824 4860 numero._Martiana:os
2861 4793 2968 4860 haec
2987 4796 3036 4842 in
3059 4792 3210 4860 ununi
3230 4799 3476 4860 cujusdam
3509 4792 3620 4849 mss.
3661 4792 3848 4851 codicis

2269 4852 2555 4920 auctoritate
2577 4852 2848 4920 conjunxit,
2867 4855 3004 4920 cujus
3027 4852 3307 4918 consilium;
3320 4859 3484 4920 majori
3511 4868 3693 4910 tantum
3717 4861 3842 4912 divi-

2269 4914 2407 4963 sione
2445 4915 2661 4983 adposita
2679 4951 2692 4970 ,
2717 4927 2812 4983 non
2837 4914 3160 4983 imp'rohamus
3176 4955 3189 4979 ,
3214 4914 3345 4980 quod
3369 4914 3466 4983 u'no
3503 4929 3724 4983 tempore
3750 4926 3844 4972 etsi

2270 4986 2367 5045 non
2390 4987 2486 5023 uno
2507 4975 2680 5036 spiritu
2701 4974 2879 5045 dictata
2900 4974 3186 5045 videantur,
3214 4974 3308 5028 n'ec
3341 4979 3469 5030 aliud
3505 4982 3568 5031 sit
3604 4974 3844 5045 posterior

2271 5033 2696 5105 h.aec_pars,’quam
2734 5035 2881 5105 fusior
2907 5033 3183 5105 explanatio
3207 5053 3528 5105 eorumigquze
3549 5033 3842 5105 in'superio-

2272 5095 2457 5160 risllne
2491 5095 2730 5160 explicata
2759 5104 2888 5160 sunt.
2914 5095 3039 5146 Hinc
3061 5100 3165 5160 ipse
3189 5105 3334 5150 etiam
3355 5095 3493 5152 Hier.
3516 5105 3610 5152 sub
3631 5095 3773 5154 unius
3796 5105 3847 5152 Ii-

2273 5155 2392 5224 belli
2435 5155 2630 5224 nolui—ne
2670 5156 2798 5224 hunc
2819 5155 3094 5224 Tractatum
3118 5161 3213 5224 cita
3250 5163 3299 5211 in
3318 5163 3592 5224 Comment.
3617 5165 3669 5214 in
3708 5178 3754 5215 c.
3796 5165 3845 5215 6.

2272 5216 2410 5265 Isaia
2434 5217 2587 5284 initio,
2621 5234 2643 5262 α
2669 5217 2750 5266 ubi
2767 5218 2832 5266 de
2856 5218 2947 5268 hac
2968 5220 3172 5284 vjsione,
3195 5219 3379 5284 inquit,
3405 5233 3519 5273 ante
3539 5239 3693 5274 annos
3713 5228 3845 5276 circi-

2274 5284 2352 5348 ter
2396 5279 2592 5348 triginta
2633 5291 2954 5348 cumhessem
2976 5279 3411 5348 Constantinopoli,
3439 5292 3490 5334 et
3523 5287 3646 5348 apud
3689 5284 3844 5338 virum

2275 5338 2726 5412 eloquentissimum
2749 5339 3042 5412 Ggegorium
3063 5338 3436 5412 Nazianze'num,
3463 5338 3844 5412 tunchejusdeiu

2273 5399 2411 5449 urbis
2453 5399 2768 5464 Episcopum,
2792 5399 3072 5464 Sanctarum
3095 5399 3448 5464 Scripturarum
3486 5399 3842 5458 studiis'erudi-

2274 5462 2619 5529 rer,__scio_me
2643 5463 2844 5529 brevem
2877 5462 3431 5529 dictassesuh'itumque
3455 5473 3725 5529 tractatum,
3746 5477 3842 5518 etc.

2274 5520 2498 5596 Adil‘lu‘ut
2519 5524 2683 5596 itaque
2705 5523 2925 5596 libellum
2938 5520 3474 5596 mitto‘lecwremi'etc.
3507 5543 3539 5596 ξ.
3659 5591 3673 5596 _
3695 5520 3724 5596 _'
3793 5588 3818 5596 η

2337 5583 2406 5643 (e)
2438 5583 2544 5632 Non
2568 5583 2747 5634 tantum
2772 5586 2820 5633 in
2844 5585 3039 5634 excusis
3059 5583 3242 5634 Erasmi
3267 5593 3318 5634 et
3339 5583 3559 5644 Victorii.
3584 5591 3673 5639 sed
3691 5593 3742 5641 in
3763 5588 3844 5638 ali-

2281 5654 2401 5700 quot
2424 5647 2566 5692 ctiam
2593 5645 2704 5694 Mss.
2729 5644 2995 5706 Symmachi
3018 5657 3195 5694 nomen
3218 5652 3270 5694 et
3292 5644 3436 5698 lectio
3457 5649 3812 5700 desldmntur.
