4048 6186
212 221 324 278 373

212 340 493 412 Siquidem
550 341 664 411 ipse
727 343 865 398 Deus
915 344 1193 400 invisibilis
1251 355 1306 400 et
1363 343 1781 413 incorruptibilis

210 433 465 486 omnibus
493 446 630 501 pene
671 433 862 503 linguis
905 434 1174 504 profertur
1207 450 1404 506 genere
1443 434 1740 490 masculino
1771 476 1786 500 ,

207 537 333 578 cum
387 524 439 578 in
499 539 623 581 eum
681 541 786 580 non
844 527 1000 582 cadat
1045 543 1224 584 sexus.
1270 528 1486 584 Illorum
1531 543 1780 599 quoque,

207 617 329 685 pius
355 616 498 681 licet,
547 626 778 674 attamen
818 621 1187 691 coarguendus
1216 637 1400 680 error.
1433 622 1522 692 qui
1562 622 1614 675 in
1661 635 1784 675 ora-

206 706 444 760 tionibus
468 716 522 762 et
551 708 912 765 oblationibus
939 713 1050 766 suis
1075 713 1273 766 audent
1301 713 1480 766 dicere
1504 731 1518 765 :
1546 712 1646 779 Qui
1692 726 1780 765 se-

203 796 298 850 det
339 813 499 867 super
541 799 830 857 Clteruhim
891 813 946 859 et
989 804 1290 872 Seraphim.
1334 804 1464 860 Nam
1513 813 1568 860 et
1619 819 1781 871 super

202 887 488 944 Cherubim
515 891 702 946 sedi-re
733 894 896 948 Deum
917 937 932 959 ,
969 896 1221 962 scriptum
1252 906 1372 959 est;
1418 905 1475 949 nt
1506 896 1574 949 ibi
1607 913 1622 949 :
1673 895 1780 961 Qui

198 977 342 1032 sedes
368 997 519 1048 super
560 982 859 1049 Cherubim,
893 986 1152 1040 ostendere
1198 987 1313 1056 (Ps.
1359 987 1446 1042 79.
1491 985 1572 1057 ε).
1603 986 1780 1055 Super

196 1067 482 1140 Seraphim
525 1089 656 1128 vero
684 1075 872 1131 sedere
905 1077 1106 1140 Deum,
1139 1079 1278 1133 nulla
1310 1078 1580 1148 Scriptura
1614 1093 1778 1132 com—

192 1171 501 1229 memorat,
529 1172 584 1216 et
609 1179 676 1219 nc
703 1165 814 1234 ipsa
842 1166 1054 1234 quidem
1083 1167 1362 1236 Seraphim
1382 1209 1396 1230 .
1426 1171 1564 1223 circa
1610 1170 1774 1223 Demn

190 1253 431 1316 stantia,
459 1263 685 1321 excepto
729 1257 978 1324 praesenti
1027 1257 1184 1322 loco,
1237 1257 1527 1328 Scripturis
1574 1260 1776 1314 sanctis

184 1341 450 1396 omnibus
477 1343 796 1401 invenimus.

259 1415 356 1484 £8.
389 1431 733 1505 Septuaginta
758 1455 770 1490 :
805 1455 826 1488 ι
854 1438 920 1494 Et
943 1440 994 1493 in
1019 1455 1178 1495 manu
1207 1439 1436 1496 habebat
1457 1441 1772 1509 carbonem,

180 1537 348 1592 quem
403 1525 603 1594 forcipe
665 1540 944 1597 acceperat
1011 1532 1079 1587 de
1135 1533 1330 1600 altari,
1380 1543 1434 1588 et
1488 1535 1658 1604 tetigit
1711 1549 1772 1588 os

182 1627 391 1666 meum.
432 1631 452 1664 ι
488 1615 681 1682 Aquila
727 1627 782 1673 et
809 1619 1141 1676 Theodotion
1177 1641 1191 1677 :
1237 1641 1257 1675 ‹
1290 1624 1422 1678 etin
1454 1640 1610 1678 manu
1651 1626 1770 1693 ejus

181 1702 425 1758 calculus
455 1704 508 1759 in
538 1705 760 1778 forcipe,
789 1726 948 1781 quem
976 1724 1258 1784 acceperat
1285 1715 1354 1771 de
1387 1717 1572 1781 altari,
1600 1727 1654 1772 et
1681 1728 1762 1773 te-

181 1792 304 1863 tigit
347 1808 408 1848 os
454 1810 652 1850 meum.
689 1817 709 1851 ι
755 1800 1150 1872 Symmachus:
1201 1822 1220 1856 ι
1257 1805 1324 1860 Et
1367 1805 1419 1859 in
1450 1822 1608 1860 manu
1648 1807 1764 1876 ejus

181 1884 424 1939 calculus
447 1884 502 1941 in
527 1885 839 1958 forcipibus,
867 1907 1024 1961 quem
1050 1904 1352 1964 sumpserat
1388 1896 1456 1952 de
1476 1899 1664 1964 altari,
1707 1909 1761 1954 et

180 1975 378 2030 detulit
402 1975 469 2030 ad
495 1993 555 2032 os
588 1995 787 2036 meum.
823 2000 843 2033 ι
877 1983 1142 2051 Quantum
1171 1987 1236 2040 ad
1275 1986 1554 2042 historiam
1593 1992 1758 2059 perti-

179 2077 297 2134 net,
325 2066 536 2124 videtur
565 2070 707 2127 Deus
750 2074 939 2131 sedere
984 2077 1039 2131 in
1084 2077 1307 2146 Templo
1336 2080 1663 2146 Jerusalem,
1706 2093 1761 2138 et

179 2175 308 2220 ante
332 2181 455 2221 eum
481 2165 548 2221 de
573 2167 751 2233 altari,
781 2169 1072 2224 secundum
1098 2169 1439 2240 Septuaginta
1471 2173 1536 2228 ad
1569 2173 1756 2228 Isaiam

177 2254 345 2309 carbo
384 2255 582 2310 deferri
619 2275 632 2310 :
663 2257 731 2312 de
767 2258 920 2312 altari
947 2275 1076 2314 vero
1119 2260 1320 2315 incensi
1361 2262 1476 2317 sive
1506 2263 1760 2317 holocau-

176 2355 408 2401 storum.
440 2347 706 2415 Quantum
738 2360 916 2405 autem
941 2350 1006 2404 ad
1036 2352 1288 2422 mysticos
1315 2353 1636 2418 intellectus,
1666 2355 1756 2410 ille

174 2435 224 2491 ei
259 2436 397 2505 ignis
428 2438 686 2504 mittitur,
714 2455 871 2509 quem
901 2439 1164 2495 Jeremias
1192 2441 1334 2497 ferre
1366 2459 1471 2497 non
1502 2452 1710 2513 poterat
1740 2463 1752 2498 :

173 2527 304 2594 quin
335 2542 494 2597 quum
529 2529 724 2584 animm
759 2539 957 2584 nostrae
985 2546 1179 2585 arcana
1208 2534 1521 2600 penetrarit,
1555 2536 1623 2588 ita
1657 2550 1755 2590 nos

173 2617 443 2684 dissolvit,
468 2621 541 2675 ita
568 2636 596 2675 a
627 2623 796 2677 veteri
828 2622 1045 2679 homine
1080 2624 1132 2678 in
1166 2639 1361 2679 novum
1385 2627 1664 2696 excoquit,
1699 2636 1756 2681 ut

173 2709 230 2763 in
262 2709 408 2764 illam
447 2724 632 2767 vocem
665 2713 932 2781 possimus
959 2729 1242 2784 erumpere
1271 2733 1285 2769 :
1338 2734 1356 2768 ι
1395 2716 1529 2771 Vivo
1575 2726 1753 2774 autem

166 2798 281 2868 jam
308 2814 414 2854 non
440 2816 560 2870 ego,
591 2801 683 2857 sed
707 2804 874 2872 gratia
900 2804 992 2860 Dei
1021 2821 1140 2876 qua:
1183 2806 1234 2860 in
1266 2821 1352 2862 me
1378 2817 1458 2861 est
1491 2826 1510 2861 ι
1556 2808 1748 2878 (Galat.

171 2891 229 2948 2.
251 2889 370 2960 20).
403 2892 655 2962 Forcipes
678 2909 888 2965 quoque
940 2897 1233 2952 secundum
1277 2897 1602 2970 lnterpretes
1648 2917 1754 2957 ca:-

175 2988 318 3036 teros
340 2980 463 3035 licet
491 2982 542 3036 in
570 2984 887 3039 sacerdotali
925 2999 1140 3056 semper
1167 2988 1501 3057 supellectile
1528 2989 1747 3055 fuerint,

173 3070 412 3127 diversas
437 3072 634 3142 gratias
651 3072 910 3131 debemus
929 3077 1196 3145 accipere,
1219 3079 1412 3148 quibus
1440 3079 1748 3146 multifaria,

172 3170 227 3216 et
251 3161 434 3217 multis
479 3162 650 3218 modis
675 3163 804 3218 olim
837 3165 975 3221 Deus
1004 3168 1245 3236 patribus
1294 3170 1494 3224 nostris
1545 3170 1752 3224 locutus

172 3263 253 3309 est
281 3255 334 3308 in
365 3253 664 3324 Prophetis.
698 3256 830 3324 Quia
855 3257 906 3311 iu
935 3257 1161 3313 Hebrreo
1185 3275 1282 3328 pro
1310 3261 1545 3328 carbone,
1577 3262 1748 3315 calcu-

173 3345 250 3401 lus
275 3347 488 3418 legitur,
523 3350 732 3404 caeteris
757 3365 970 3420 quoque
995 3367 1159 3422 super
1188 3352 1290 3408 hoc
1309 3356 1746 3420 consonantibus,

170 3435 380 3490 videtur
409 3436 538 3490 mihi
577 3453 755 3493 sermo
797 3439 1010 3495 divinus
1050 3442 1239 3497 calculi
1285 3444 1643 3514 appellatione
1671 3447 1746 3501 si-

169 3525 339 3596 gnari.
415 3526 520 3598 61
596 3529 744 3584 Sicut
771 3531 913 3585 cnim
954 3534 1192 3588 calculus
1229 3549 1399 3604 genus
1434 3545 1516 3591 est
1555 3537 1746 3604 lapidis

167 3613 439 3672 durissimi
465 3629 518 3673 et
544 3619 756 3674 rotundi
781 3662 796 3686 ,
833 3630 887 3676 et
914 3625 1056 3677 omni
1085 3625 1159 3696 (a)
1192 3626 1423 3694 puritate
1447 3627 1742 3695 licvissimi,

167 3706 236 3762 ita
254 3723 436 3765 sermo
456 3709 571 3774 Dei,
588 3712 677 3780 qui
696 3728 868 3780 neque
886 3713 1281 3781 haereticorum,
1306 3735 1478 3788 neque
1506 3721 1742 3775 omnium

167 3797 594 3854 adversariorum
620 3810 798 3871 potest
821 3806 1336 3863 contradictionibus
1374 3810 1587 3878 cedere,
1630 3813 1746 3868 cal-

165 3888 318 3943 culus
343 3889 558 3943 dicitur.
593 3890 668 3946 De
700 3891 800 3945 hoc
821 3894 1024 3948 calculo
1045 3895 1286 3965 Sepltora
1312 3898 1476 3953 lilium
1508 3903 1745 3957 circum-

165 3979 292 4036 cidit
321 3997 336 4033 :
384 3989 439 4032 et
466 3979 623 4034 Jesus
651 3983 902 4051 populum
941 3996 1129 4055 purgat
1157 4003 1186 4040 a
1213 3989 1358 4044 vitiis
1389 4007 1402 4042 :
1433 3991 1564 4046 etin
1599 3996 1746 4064 Apo-

164 4069 371 4143 calypsi
399 4069 656 4126 Dominus
698 4073 978 4142 pollicetur
1005 4077 1359 4145 vincentibus,
1390 4090 1447 4136 ut
1483 4085 1747 4153 accipiant

165 4161 430 4218 calculum
460 4170 516 4218 et
542 4163 806 4220 scribatur
846 4182 1010 4236 super
1033 4183 1154 4224 eum
1179 4186 1374 4228 nomen
1402 4189 1617 4230 novum.
1650 4176 1745 4232 Vi-

164 4253 358 4311 dentur
387 4261 566 4308 autem
590 4255 721 4310 mihi
743 4266 798 4312 et
823 4257 1163 4330 Septuaginta
1195 4262 1247 4317 in
1276 4279 1341 4319 eo
1367 4265 1508 4335 quod
1537 4273 1746 4340 ἄνθρακα

165 4345 587 4412 transtulerunt,
630 4347 771 4402 idem
822 4352 1057 4406 sensisse
1109 4354 1252 4423 quod
1308 4357 1506 4411 cmteri.
1558 4346 1745 4432 ἔνθραε

167 4438 379 4507 quippe,
410 4453 568 4508 quem
596 4454 697 4494 nos
722 4441 1086 4498 carbunculum
1115 4445 1547 4516 interpretamur,
1574 4468 1740 4523 genus

166 4539 245 4584 est
271 4531 461 4602 lapidis
491 4532 674 4602 fulgidi
703 4541 866 4604 atque
887 4535 1124 4603 nitentis,
1147 4555 1304 4607 quem
1334 4542 1493 4598 etiam
1524 4544 1576 4598 in
1606 4545 1744 4600 duo-

165 4617 336 4676 decim
365 4621 629 4690 lapidibus
651 4623 972 4680 invenimus.
996 4625 1121 4682 Sive
1145 4628 1303 4699 igitur
1323 4633 1600 4701 calculum,
1628 4637 1742 4693 sive

165 4711 522 4766 carbunculum
564 4713 793 4783 lapidem
839 4717 1168 4788 accipimus,
1219 4721 1273 4776 in
1324 4725 1531 4779 calculo
1576 4725 1739 4781 divini

163 4803 426 4860 sermonis
454 4804 646 4861 veritas
668 4817 724 4861 et
767 4809 944 4878 rigor;
974 4809 1026 4864 in
1057 4811 1384 4869 carbunculo
1428 4818 1611 4873 lucens
1639 4817 1740 4873 do-

160 4892 335 4944 ctrina
365 4902 418 4945 et
445 4894 723 4951 manifesta
752 4908 1105 4956 monstratur.
1153 4921 1172 4955 ι
1206 4902 1429 4975 Eloquia
1459 4910 1600 4964 enint
1635 4910 1738 4964 Do-

161 4978 318 5041 mini,
347 4979 553 5050 eloquia
575 4994 716 5040 casta
737 5028 752 5050 ,
779 4998 1056 5059 argentum
1086 4993 1206 5062 igne
1236 4995 1510 5064 probatum
1545 5008 1700 5054 terra:
1721 5041 1737 5066 ,

161 5082 444 5143 purgatum
475 5079 772 5146 septuplum
810 5101 829 5134 ι
871 5081 987 5154 (Ps.
1031 5085 1119 5140 Η.
1148 5085 1224 5156 7).
1255 5088 1321 5142 Et
1345 5089 1505 5145 alibi:
1537 5109 1555 5141 ι
1591 5091 1740 5146 Man.

161 5160 339 5218 datum
367 5164 578 5221 Domini
621 5168 874 5239 lucidum,
907 5173 1210 5232 illuminans
1231 5179 1416 5235 oculos
1451 5200 1470 5233 ι
1499 5180 1615 5248 (Ps.
1651 5183 1734 5238 18.

159 5251 226 5306 19
247 5251 289 5323 ).
321 5254 476 5323 Quod
524 5266 700 5314 autem
749 5264 824 5317 ait
855 5281 868 5316 :
903 5263 968 5318 In
1007 5283 1161 5321 manu
1202 5269 1413 5325 habebat
1448 5273 1734 5339 carbonem,

222 5439 580 5522 (quandosi),
613 5449 845 5522 θεά-,πρε
865 5455 1220 5522 typotbetarum
1245 5462 1424 5512 incuria
1447 5463 1619 5522 legunt
1643 5466 1736 5516 hu-

159 5503 473 5588 ἓᾟὲῗὲἓὲ
489 5503 685 5588 ³1ξῖιὲέὲ
692 5503 994 5588 ἐὶνιξιὲξιῖιίεό
1009 5503 1732 5588 ιέτὲῧὲςῖὧίίζὲἶιῖἓι’ῑδὲῖἔιῖίέἱιιὶὶῖιζ

156 5557 475 5680 mapidum
500 5557 1734 5651 exitiabiliaéﬁ‘é'czﬁa'éi"?’G”r‘$é.'1:?.:"iliiiiiiiél

1587 226 1914 284 EPISTOLA
1955 224 2137 282 XVIII.

3377 247 3480 304 574

1902 357 2152 398 manuum
2197 345 2552 418 intelligamus
2578 353 2941 419 operationem
2962 397 2978 424 ,
3011 365 3069 412 ut
3110 355 3205 426 ibi,
3235 359 3300 415 ιιι
3327 379 3479 420 manu

1898 433 2087 504 lingat!
2130 451 2266 490 mors
2286 475 2300 501 ,
2348 449 2397 492 et
2440 440 2542 494 vita
2568 439 2750 510 (Prov.
2780 444 2868 498 18.
2897 445 3022 515 2|);
3049 458 3103 504 et
3131 451 3184 506 in
3210 450 3424 510 Psalmo
3458 473 3473 511 :

1896 525 2088 580 Cadent
2115 527 2168 580 in
2207 545 2359 582 manu
2387 531 2549 601 gladii
2595 532 2710 603 (Ps.
2743 535 2974 605 62.11);
3007 543 3111 595 Aut
3157 554 3301 600 certe
3348 563 3475 603 vere

1895 632 2084 672 manus
2100 623 2360 688 apparuit,
2381 632 2434 676 ut
2457 640 2552 692 per
2570 627 2964 683 similitudinem
2993 631 3236 688 humanm
3263 636 3469 708 l’ormm,

1893 708 2017 763 dum
2059 729 2245 767 manus
2273 717 2509 770 cernitur
2549 720 2898 789 porrigentis,
2951 723 3216 792 Propheta
3252 744 3352 782 non
3399 736 3467 786 ti-

1893 811 2071 855 meat:
2095 803 2245 871 juxta
2275 808 2414 875 quod
2445 816 2498 862 et
2525 810 2694 876 ipsum
2737 811 2924 879 Deum,
2952 824 3007 868 et
3034 817 3264 887 AngeI-s
3293 821 3344 874 in
3373 821 3470 875 lut-

1891 904 2074 944 manas
2104 893 2331 948 vidimus
2353 911 2412 949 se
2433 907 2667 954 mutasse
2696 899 2916 968 formas,
2949 913 3004 957 ut
3032 917 3208 961 metus
3239 909 3466 963 videnti-

1890 979 1986 1033 bus
2012 981 2334 1040 demeretur.

1957 1071 2047 1126 19.
2088 1073 2430 1143 Septuaginta
2463 1096 2478 1132 :
2509 1079 2573 1133 Et
2611 1080 2776 1147 dixit,
2821 1100 2934 1138 ecce
2979 1087 3138 1158 tetigit
3173 1089 3270 1142 hoc
3317 1091 3454 1146 labia

1888 1173 1996 1227 tua,
2035 1173 2081 1217 et
2105 1170 2299 1236 auferet
2325 1170 2614 1239 iniquitates
2643 1182 2778 1238 tuas,
2808 1186 2856 1227 et
2886 1188 3091 1242 peccata
3117 1191 3203 1232 tua
3231 1183 3306 1251 (b)
3331 1201 3462 1253 ραι-α

1884 1255 2040 1324 gabit.
2084 1258 2270 1326 Aquila
2297 1277 2310 1313 ς
2342 1260 2472 1315 Ecce
2519 1265 2681 1334 tetigit
2726 1267 2808 1320 hic
2856 1268 2990 1322 labia
3039 1279 3147 1336 tua,
3172 1283 3219 1326 et
3263 1277 3458 1331 recedet

1883 1343 2123 1411 iniquitas
2165 1358 2271 1414 tua,
2304 1361 2354 1404 et
2393 1364 2650 1421 peccatum
2680 1365 2822 1410 tuum
2849 1361 3222 1429 propitiabitur.
3265 1366 3459 1424 Cmteri

1884 1432 2208 1504 lnterpretes
2255 1438 2308 1494 in
2358 1441 2566 1511 Aquila:
2605 1447 2767 1500 verba
2813 1454 3173 1510 consentiunt.
3219 1457 3454 1516 Primum

1880 1538 2099 1580 necesse
2124 1536 2224 1592 est,
2256 1538 2310 1582 ut
2349 1531 2482 1584 labia
2523 1545 2699 1588 nostra
2731 1547 3009 1607 tangantur
3041 1561 3054 1597 :
3087 1545 3286 1602 Deinde
3335 1564 3455 1605 cum

1879 1619 2015 1666 tacta
2073 1615 2288 1683 fuerint,
2337 1617 2552 1689 fugetur
2607 1625 2886 1695 iniquitas;
2939 1641 2994 1685 et
3034 1649 3154 1689 cum
3201 1620 3452 1708 iniquitas

1874 1700 2034 1756 fuerit
2090 1705 2357 1774 elfugata,
2412 1714 2732 1780 propitietur
2783 1717 3038 1775 Dominus
3079 1741 3093 1778 :
3135 1727 3256 1795 quia
3295 1700 3449 1797 ἐιμιιά

1875 1791 2042 1861 ipsum
2068 1807 2149 1849 est
2179 1800 2482 1866 propitiatio
2507 1820 2521 1856 :
2555 1813 2610 1857 et
2638 1808 2931 1864 secundum
2956 1791 3266 1880 Apostolum
3297 1791 3451 1890 τίμια

1869 1892 1942 1937 est
1991 1887 2281 1953 propitiatio
2332 1907 2426 1958 pro
2469 1897 2687 1960 peccatis
2732 1901 2932 1955 nostris.
2981 1903 3224 1975 Purgatis
3268 1887 3446 1969 autem

1869 1977 2099 2042 peccatis
2143 1980 2379 2045 nostris,
2436 1983 2713 2040 audiemus
2761 2005 2946 2046 vocem
2993 1993 3201 2052 Domini
3259 2003 3446 2058 dicen-

1869 2064 1936 2118 tis
1965 2082 1978 2116 :
2014 2066 2175 2132 Quem
2224 2071 2463 2126 mittam?
2508 2075 2576 2129 Et
2617 2082 3058 2149 respondebimus
3089 2106 3104 2142 :
3135 2088 3268 2146 Ecce
3311 2111 3402 2165 ego
3427 2138 3442 2164 ,

1867 2155 2004 2209 mitte
2028 2173 2124 2210 me.

1935 2245 2025 2300 ΩΟ.
2066 2247 2409 2321 Septuaginta
2455 2253 2568 2307 :Et
2623 2259 2795 2312 audivi
2843 2279 3009 2318 uocem
3053 2267 3264 2325 Domini
3331 2276 3439 2350 62

1865 2332 2096 2393 dicentis.
2117 2354 2263 2406 quem
2301 2341 2518 2408 mittant,
2552 2355 2599 2397 et
2623 2348 2735 2416 quis
2756 2349 2845 2403 ibit
2883 2353 2952 2405 ad
2983 2359 3225 2424 populant
3255 2332 3444 2420 isttmt;

1863 2423 2407 2492 Aquila,'l‘lteodotion
2424 2441 2478 2486 et
2492 2435 2842 2505 Symmachus
2857 2460 2870 2496 :
2887 2441 2953 2494 Et
2967 2423 3139 2500 audivi
3150 2465 3316 2506 uocem
3335 2453 3441 2511 Do-

1865 2515 1989 2566 mini
2007 2515 2217 2572 dicentis
2236 2535 2415 2587 :quem
2436 2525 2630 2578 mittam
2647 2527 2672 2580 .’
2687 2538 2734 2580 et
2749 2530 2862 2598 quis
2880 2532 2969 2586 ibit
2993 2537 3134 2591 nobis
3151 2538 3174 2591 γ
3194 2540 3266 2596 De
3286 2558 3438 2599 com-

1863 2606 2138 2674 paratione
2162 2609 2309 2663 lsaizn
2335 2621 2388 2666 et
2416 2612 2600 2686 Moysi,
2629 2621 2897 2686 quomodo
2918 2625 3056 2680 alius
3085 2630 3436 2692 ministerium

1862 2699 2142 2763 recusarit,
2173 2701 2310 2757 alius
2345 2704 2486 2759 ultro
2513 2721 2573 2760 se
2603 2707 2835 2766 oll‘erens
2861 2713 2992 2770 dura
3026 2733 3307 2788 perpessus
3344 2724 3434 2793 sit,

1861 2784 1914 2839 in
1946 2785 2023 2858 (l)
2051 2789 2157 2842 alio
2198 2791 2314 2846 loco
2340 2793 2413 2864 (c)
2443 2795 2852 2865 disputavimus.
2904 2784 3134 2864 Sedine'
3161 2784 3436 2871 videamur

1859 2875 2055 2946 aliquid
2089 2884 2387 2948 praeterisse
2404 2901 2609 2953 earum,
2636 2905 2770 2960 quas
2799 2892 2968 2950 Judmi
2996 2912 3189 2956 vocant
3216 2909 3436 2976 διυτιρώο

1859 2990 1955 3031 εις,
1986 2977 2040 3020 ει
2079 2969 2132 3023 in
2160 2973 2352 3040 quibus
2394 2979 2694 3034 universam
2735 2983 3013 3042 scientiam
3045 3004 3265 3062 ponunt,
3295 3013 3438 3056 nunc

1863 3053 2098 3113 breviter
2136 3060 2264 3116 illud
2308 3066 2616 3136 attingimus
2650 3069 2745 3140 [ιιι.
2791 3053 3141 3154 attingamus],
3173 3053 3338 3153 Quare

1857 3145 2085 3203 Hebraeo
2123 3152 2192 3206 sit
2217 3156 2469 3223 positum,
2503 3170 2549 3212 et
2576 3162 2688 3228 quis
2719 3164 2807 3222 ibit
2836 3145 2978 3222 nobis
2997 3172 3022 3224 .9
3041 3145 3354 3234 Sicut'enim
3380 3183 3432 3238 in

1857 3235 2052 3292 Genesi
2091 3239 2324 3298 dicitur:
2356 3246 2634 3305 Faciamus
2683 3252 2936 3312 hominem
2976 3263 3044 3314 ad
3081 3265 3348 3337 imaginem
3387 3282 3434 3328 et

1856 3326 2236 3385 similitudinem
2265 3344 2489 3390 nostram
2509 3338 2713 3408 (Cenes.
2748 3345 2797 3402 I.
2822 3345 2946 3418 26);
2990 3352 3060 3406 ita
3101 3364 3153 3409 et
3181 3326 3275 3413 ilic
3303 3326 3433 3430 puto

1856 3413 2076 3483 dictum,
2105 3428 2151 3471 et
2188 3423 2297 3490 quis
2333 3424 2423 3478 ibit
2458 3429 2638 3482 nobis?
2674 3431 2839 3488 Nobis
2880 3413 3056 3494 autem
3088 3446 3278 3512 quibus
3303 3413 3434 3507 'aliis

1856 3506 2223 3564 aestimandum
2244 3522 2344 3576 est,
2376 3515 2643 3574 nisi'Patri
2667 3533 2719 3577 et
2741 3524 2876 3578 Filio
2897 3539 2951 3582 et
2971 3506 3192 3601 Spiritui
3210 3535 3428 3610 Sancto,

1855 3595 2047 3664 quibus
2087 3599 2228 3655 vadit
2277 3605 2597 3678 quicumque
2644 3628 2830 3670 eormn
2886 3595 3197 3694 obsequitur
3245 3595 3435 3687 volun:

1857 3688 1988 3741 tati?
2017 3689 2082 3744 Et
2109 3692 2159 3746 in
2205 3710 2269 3749 eo
2296 3698 2512 3766 quidem
2551 3705 2690 3772 quod
2722 3709 2877 3762 unius
2903 3688 3167 3782 loquentis
3205 3735 3432 3787 persona

1854 3781 2193 3849 proponitur,
2222 3786 2516 3845 divinitatis
2562 3804 2646 3848 est
2688 3798 2882 3851 unitas.
2919 3781 2981 3853 lu
3023 3818 3090 3858 eo
3117 3781 3246 3862 vero
3286 3814 3432 3879 quod

1853 3869 2068 3937 dicitur,
2108 3875 2272 3941 nobis,
2302 3894 2654 3947 personarum
2696 3886 2976 3946 diversitas
3009 3893 3293 3954 indicatur.
3321 3901 3434 3956 Le-

1852 3960 2104 4046 gimusin
2134 3964 2365 4023 Canticis
2391 3970 2732 4029 Canticorum
2762 3992 2947 4034 vocem
2992 3987 3172 4054 sponsi
3201 3987 3432 4049 dicentis

1853 4049 1920 4104 ad
1945 4040 2196 4120 sponsam
2226 4072 2241 4108 :
2271 4057 2456 4128 Surge,
2490 4065 2620 4129 veni,
2645 4068 2878 4135 proxima
2904 4089 3034 4141 mea,
3063 4065 3292 4146 speciosa
3319 4065 3430 4139 mea

1853 4137 1896 4158 τ-
1911 4140 1924 4158 ι
2164 4142 2183 4158 ἰ
2321 4147 2333 4158 ι
2430 4151 2440 4158 ·
2839 4150 2842 4152 ⁷
3441 4151 3446 4158 ’

1817 4137 1945 4210 (al.
1975 4142 2209 4215 sponsa],
2253 4147 2486 4240 columba
2513 4169 2625 4208 utea
2653 4173 2672 4210 :
2702 4150 2842 4229 quia
2865 4178 2975 4216 ecce
3005 4137 3179 4236 byents
3207 4137 3424 4240 transiit,

1853 4231 2024 4319 pluuia
2060 4235 2183 4288 abiit
2207 4236 2302 4291 sibi
2327 4238 2494 4308 (Cant.
2523 4245 2578 4299 5.
2605 4246 2683 4317 2).
2732 4251 2955 4317 Quando
2988 4231 3130 4313 eam
3171 4263 3346 4318 anima
3376 4231 3428 4321 ii.

1849 4313 2170 4394 cogitatione
2199 4328 2281 4400 (ά)
2325 4313 2774 4403 tranquillitatem
2805 4347 2990 4415 sentit,
3024 4313 3429 4427 quando‘suwpi‘a

1851 4423 2052 4483 petram
2083 4418 2297 4475 fundata
2333 4433 2436 4488 est,
2465 4435 2520 4480 et
2545 4428 2676 4486 lides
2705 4431 2820 4502 ejus
2849 4436 2952 4490 alta
2984 4418 3163 4499 radice
3194 4447 3293 4502 lixa
3319 4418 3423 4517 est,

1850 4505 2089 4562 universi
2119 4513 2467 4571 tentationem
2498 4517 2686 4575 ﬂuctus
2712 4523 2812 4579 sibi
2841 4538 3214 4596 pertranseunt
3250 4554 3263 4590 :
3293 4549 3348 4593 et
3373 4542 3422 4595 ei

1849 4609 1957 4650 non
2009 4607 2404 4670 pertranscunt,
2450 4609 2538 4676 qui
2590 4620 2842 4670 tentatur.
2889 4618 3188 4679 Notandum
3243 4636 3419 4685 autem

1847 4690 2114 4757 quomodo
2141 4694 2206 4748 ad
2236 4695 2286 4750 id
2313 4699 2452 4767 quod
2483 4701 2736 4762 Dominus
2763 4708 2992 4777 dixerat,
3030 4732 3173 4782 quem
3205 4719 3418 4787 mittam,

1917 4804 1979 4886 (bl
1993 4810 2050 4886 lin
2072 4813 2265 4886 instanti
2286 4816 2409 4880 legit
2427 4819 2518 4869 hoc
2537 4821 2642 4886 loco
2661 4823 3002 4878 Cisterciensis
3024 4830 3150 4880 liber
3160 4846 3268 4881 cum
3286 4843 3428 4886 vetu-

1847 4872 2061 4958 ξιξ
2074 4877 2262 4958 Infert,
2291 4872 2557 4946 et'purgat.
2583 4872 3426 4958 Suﬁri'éiibs‘t‘d

1847 4933 2291 4988 animadvertimus.

1917 4988 1978 5063 (ς)
1998 4993 2352 5079 Praeposterum
2371 5000 2680 5079 hlartianazus
2701 5007 3025 5079 simul'locum
3049 5011 3176 5079 hunc
3191 5015 3255 5065 de
3277 5029 3428 5079 supe-

1845 5051 1975 5133 riori
1999 5068 2058 5133 εις
2067 5051 2304 5133 positione
2328 5051 2788 5133 interpretatum—et—
2799 5051 2992 5116 Ennii
3007 5051 3262 5133 legit-Etim

1847 5112 1991 5184 editis
2005 5112 2217 5196 disputat.
2227 5119 2368 5175 imus,
2387 5112 2477 5196 nisi
2496 5125 2535 5194 si
2551 5112 3262 5196 anteiam'_i.afné’p3}te}ii.'

1845 5172 2310 5260 assesasses
2331 5172 3425 5260 sumsuae'n‘isih'.aaa;'uiaaiaas‘é?£:

1844 5235 2456 5314 scqiﬁp‘tameredidithquod
2480 5235 2998 5314 ratiouullaisus'picari

1843 5292 2005 5370 palam
2025 5303 2127 5370 est,
2161 5297 2261 5370 legi
2295 5292 2488 5370 licitere
2512 5313 2564 5370 u_t
2581 5292 3426 5370 ίἡὸζῖηἶὲὗῧὲιῖἶιίίὲἐἶιωῶἶῖδεεῖδξξ

1845 5360 2117 5431 ἓξεῖθῗιέἓὲἓ
2155 5360 2273 5429 ἒβη·
2313 5360 2691 5431 άίενυιαυίηιιιεη
2712 5371 2824 5420 Mox
2855 5360 3019 5422 autem
3053 5360 3430 5431 sisfe'ééi'iﬁfl

1839 5414 2290 5524 0grsameriisse
2330 5414 2498 5473 eorum
2521 5414 2828 5489 (ιη’ἶῦἇᾶὲῖ
2856 5414 3312 5496 aBHiErJf‘VUc‘éiui

2019 5492 2028 5524 I
2063 5515 2074 5524 .

1877 5487 2074 5526 CULOSIS.

1909 5535 2771 5631 ξεί)Ξίέξιξξξέιεξείξς,ξξξέξιεξίιὲίιθξθ
2793 5559 3032 5625 concedit.
3057 5567 3267 5631 quando.
3293 5575 3418 5621 είω

1988 5603 2243 5670 {universi
2260 5596 2864 5670 cogitationtimﬂil'uwcit'tsjvi

1913 5660 1974 5724 (1)
2010 5661 2060 5710 ln
2083 5660 2664 5734 superiorivexpositione:
