4048 6186
579 244 688 300 575

577 369 626 412 et
673 359 783 427 quis
831 358 918 410 ibit
962 357 1123 418 nobis,
1164 353 1427 418 Protnheta
1469 364 1535 403 ex
1582 357 1731 417 parte
1768 345 2147 416 responderit:

579 449 714 503 Ecce
747 466 860 519 ego,
893 451 1029 500 mitte
1066 461 1164 506 me,
1207 452 1263 496 et
1285 442 1353 496 de
1400 440 1643 510 sequenti
1673 439 1917 501 tacuerit,
1953 438 2150 493 intelli-

576 557 709 611 gens
745 541 946 594 nullum
975 537 1242 590 hominem
1270 534 1486 604 dignum
1517 547 1659 596 esse.
1706 532 1796 601 qui
1825 532 1934 586 Deo
1965 546 2152 600 perge-

577 644 684 697 ret,
724 640 775 684 et
815 642 974 683 omne
996 627 1098 680 iter
1119 639 1275 678 suum
1305 624 1423 693 ejus
1448 624 1650 679 laceret
1673 638 1817 688 eSSe,
1848 622 1940 694 qui
1967 623 2150 676 mitte-

573 734 676 777 ret.
705 721 871 785 Quam
903 716 1253 770 humilitatem
1296 715 1552 770 Dominus
1580 714 1869 769 advertens
1895 715 1974 784 (a)
2010 713 2150 783 quod

573 827 632 867 se
669 807 918 864 secundis
949 816 1159 875 putaret
1201 807 1500 877 indignum,
1539 806 1821 876 imperavit
1848 807 2150 877 sequentia,

569 902 752 956 dicens
785 917 800 953 :
837 897 997 952 Vade.

635 991 726 1045 2|.
769 989 1113 1059 Septuaginta
1149 1007 1162 1042 :
1192 987 1259 1040 Et
1301 989 1431 1041 dixit
1465 1003 1485 1041 :
1513 987 1645 1042 Ecce
1697 1005 1789 1059 ego
1829 1005 1962 1053 sunt,
2011 989 2154 1042 mitte

566 1099 665 1137 me.
709 1084 900 1151 Aquila
949 1092 1006 1137 et
1047 1079 1423 1135 Theodotion:
1456 1079 1589 1136 Ecce
1623 1082 1823 1142 adsum,
1867 1082 2008 1134 mitte
2050 1097 2149 1135 me.

565 1171 920 1241 Symmachus
953 1189 968 1223 :
1001 1170 1153 1232 Ecce,
1186 1173 1326 1224 mitte
1352 1187 1448 1224 me.
1477 1171 1619 1225 Deus
1639 1172 1729 1238 qui
1759 1179 1914 1224 vocat
1940 1186 2002 1224 ea
2031 1187 2153 1238 quae

568 1279 677 1316 non
706 1272 852 1327 sunt,
880 1264 1030 1332 quasi
1057 1264 1184 1325 sint,
1211 1276 1263 1317 et
1292 1263 1382 1329 qui
1402 1260 1535 1315 dixit
1570 1279 1584 1314 :
1618 1260 1727 1331 Ego
1753 1278 1866 1313 sum
1885 1262 1974 1330 qui
2002 1277 2152 1326 sum;

569 1366 626 1410 et
650 1357 774 1408 alibi
804 1373 818 1408 :
852 1354 953 1420 Qui
975 1365 1068 1420 est,
1100 1355 1234 1407 misit
1262 1372 1340 1407 me
1365 1354 1384 1422 (
1416 1353 1586 1407 Exod.
1610 1354 1664 1407 5.
1699 1353 1764 1407 H
1793 1353 1833 1419 ).
1859 1368 2150 1421 quoscumo

571 1460 678 1515 que
701 1446 990 1511 vocaverit,
1014 1447 1193 1499 statim
1217 1442 1344 1500 facit
1366 1446 1692 1500 subsistere:
1717 1443 1858 1513 quod
1887 1445 2017 1497 satis
2040 1444 2154 1497 cla-

571 1547 656 1592 ret
683 1538 945 1606 exemplis
973 1539 1026 1590 in
1052 1538 1266 1592 vivente
1335 1537 1444 1608 63
1518 1536 1768 1591 latthzeo
1791 1534 2150 1604 Evangelista,

568 1640 626 1683 et
645 1630 696 1681 in
724 1628 929 1682 Lalaro
952 1629 1310 1697 quatriduano
1329 1629 1440 1697 jam
1467 1637 1680 1682 mortuo
1712 1645 1726 1681 :
1756 1628 1843 1694 qui
1881 1627 2065 1681 statim
2097 1634 2155 1680 ut

570 1728 698 1771 sunt
715 1720 886 1771 vocati
911 1733 942 1770 a
973 1718 1219 1781 Domino,
1241 1729 1297 1772 et
1314 1719 1403 1773 ille
1427 1719 1734 1787 sepulcrum
1764 1717 2002 1770 avaritia:
2029 1714 2154 1770 reli-

630 1827 703 1885 (α)
726 1825 883 1875 Vetus
907 1828 1024 1876 edit.
1047 1827 1177 1889 quod
1199 1841 1251 1877 se
1268 1829 1501 1888 sequendi
1522 1835 1729 1891 putaret,
1755 1835 1853 1877 etc.

570 1936 3725 1962 _—__________________________________

1887 232 1966 284 SA
1976 231 2129 284 NCTI
2173 233 2540 289 lllERUNYII

3741 242 3854 298 370

2260 350 2397 418 quit,
2417 360 2474 403 et
2496 350 2597 404 iste
2622 365 2733 405 suae
2758 351 2946 405 mortis
2973 348 3165 419 (larc.
3178 350 3235 404 2.
3255 351 3382 404 Lac.
3404 353 3460 408 5.
3480 362 3530 407 et
3550 352 3709 408 locu.
3730 358 3844 426 ll).

2259 439 2503 508 Quom“
2529 456 2691 496 ousu
2722 457 2841 510 qua:
2866 441 3067 510 absque
3091 455 3158 497 eo
3196 451 3345 506 sunt,
3376 457 3484 497 non
3512 455 3658 498 sunt.
3692 444 3846 504 Unde

2260 532 2525 602 Propheta
2577 542 2828 602 purgatus
2878 548 2907 584 a
2940 533 3083 586 vitiis
3126 547 3287 587 ausus
3327 543 3411 588 est
3451 534 3634 590 dicere
3663 553 3677 588 :
3703 534 3841 592 Ecce

2259 639 2351 693 ego
2379 640 2492 676 sunt
2523 638 2544 677 :
2570 623 2695 678 licet
2717 624 2768 677 in
2794 623 2997 677 Latinis
3023 623 3298 678 mdieibus
3323 633 3541 693 pr0pter
3569 625 3842 697 Interpre-

2261 726 2374 770 tum
2424 717 2759 782 varietatem,
2810 733 2946 783 sunt,
2987 731 3094 772 non
3134 717 3205 770 sit
3249 719 3571 785 appositum.
3612 719 3842 787 Quidam

2260 807 2658 862 observandum
2700 817 2910 878 putant,
2956 808 3024 862 ad
3050 823 3188 877 quos
3213 807 3512 878 Prophetas
3553 811 3844 877 mittentis,

2259 908 2352 951 aut
2375 899 2522 952 missi
2567 913 2747 953 sermo
2772 898 3002 964 dicatur,
3033 897 3176 967 quod
3203 908 3287 952 est
3314 897 3499 953 Grece
3541 901 3845 969 Apostolus.

2259 987 2371 1061 δή.
2441 990 2507 1044 Et
2529 990 2670 1044 hane
2686 1005 2805 1044 esse
2821 989 3179 1044 dill'ereutiam
3202 990 3422 1043 volunt:
3441 999 3500 1044 ut
3523 993 3850 1060 quicumque

2261 1083 2563 1146 mittantur,
2605 1091 2660 1136 et
2686 1081 2971 1150 Propheta:
3010 1082 3119 1135 sint
3148 1083 3347 1149 pariter
3375 1091 3432 1136 et
3456 1083 3698 1152 Apostoli
3729 1102 3744 1137 :
3777 1086 3847 1139 ad

2262 1187 2403 1243 quos
2423 1188 2551 1227 vero
2577 1174 2837 1227 mittentis
2866 1188 3047 1227 sermo
3069 1188 3174 1226 non
3204 1175 3441 1243 ponitur,
3471 1184 3675 1229 tantum
3706 1176 3844 1231 Pro-

2261 1264 2438 1336 pheta:
2488 1265 2598 1318 sint
2630 1282 2643 1319 :
2672 1263 2814 1334 quod
2863 1279 2962 1332 ego
3020 1263 3348 1333 superﬂuum
3403 1275 3554 1335 puto.
3609 1266 3675 1320 Et
3720 1270 3848 1336 quia

2262 1355 2430 1410 semel
2461 1354 2526 1408 ad
2558 1365 2839 1409 tractatum
2881 1356 3035 1408 istius
3079 1356 3316 1410 vocabuli
3354 1358 3597 1412 venimus
3624 1374 3636 1409 :
3669 1359 3847 1412 scien-

2260 1447 2409 1512 dum,
2439 1444 2608 1501 Silam
2631 1445 2891 1515 collegam
2915 1446 3065 1499 Pauli
3094 1447 3268 1516 lingua
3304 1447 3524 1502 llebrma
3543 1449 3845 1518 Apostolum

2260 1536 2365 1592 dici
2396 1554 2410 1590 :
2441 1538 2532 1608 qui
2582 1551 2706 1591 cum
2741 1552 2808 1591 eo
2860 1537 3143 1590 nonnullas
3196 1538 3462 1607 Epistolas
3516 1539 3719 1593 scribit.
3777 1539 3847 1594 Et

2263 1629 2452 1684 vitiose
2480 1628 2724 1684 Silvanus
2763 1629 2956 1698 legitur
2985 1642 3080 1696 pro
3107 1627 3245 1694 Sila,
3285 1644 3449 1698 quum
3475 1627 3746 1684 Silvanum
3787 1631 3846 1686 in

2260 1722 2640 1792 Apostolorum
2669 1722 2818 1775 Actis
2844 1735 2948 1774 non
2972 1720 3228 1790 legamus.

1490 2019 2242 2131 SECUNDA
2320 2013 2942 2124 CLASSIS

663 2244 1109 2290 (εονηεετεκε
1152 2247 1512 2303 ενιετοιις,
1559 2249 1719 2302 QUAS
1765 2247 2181 2292 ειειιοςηιυς
2229 2245 2348 2286 PER
2391 2243 2610 2285 FERIIB
2652 2239 3013 2282 TBIENNIUI
3059 2237 3252 2280 ΒΟΙΕ
3296 2238 3574 2281 SCRIPSIT
3615 2240 3695 2281 ΔΒ

1279 2351 1573 2394 ειευκτε
1618 2350 1785 2394 Ακκο
1827 2349 2084 2393 cnntsrt
2127 2328 2247 2388 382
2289 2346 2372 2388 an
2419 2344 2624 2386 unus
2670 2341 2928 2384 κευιωι
2972 2321 3110 2381 385.

1990 2483 2410 2523 -οωθοοξμο-

1041 2599 1370 2656 ΕΙἸΞΤΟΙΑ
1415 2599 1536 2655 XIX
1568 2600 1644 2670 (a)

907 2748 1095 2786 »μηδι
1137 2747 1280 2786 ΡΛΡΒ
1320 2748 1386 2785 ΑΒ
1426 2746 1790 2794 ιιιειοκῐιιυι,

564 2867 700 2933 Quid
724 2867 866 2938 apud
889 2865 1128 2920 chrteos
1154 2878 1294 2920 sonet
1323 2865 1531 2920 Osanna
1559 2868 1824 2936 perspicue
1851 2865 1946 2918 sibi
1977 2866 2145 2935 expli-

1201 2957 1308 3010 cari
1332 2966 1498 3028 rogat.

633 3093 896 3149 Dilectiss.
944 3093 1056 3148 lilio
1089 3093 1408 3148 thuouvlo
1433 3092 1509 3166 (b)
1553 3093 1800 3147 DAIASUS
1848 3091 2145 3160 Episcopus

559 3187 611 3242 in
645 3188 869 3243 Domino
896 3186 1148 3242 salutem.

629 3301 1000 3354 Commentario
1045 3318 1161 3354 cum
1205 3301 1418 3371 legerem
1477 3300 1657 3355 (ἔνθεο
1712 3299 1992 3369 Latinoque
2034 3315 2144 3352 ser-

559 3408 707 3444 mone
736 3394 786 3443 in
817 3391 1206 3461 Evangeliorum
1233 3393 1645 3462 interpretatione
1670 3409 1701 3444 tt
1729 3393 1934 3455 nostris,
1966 3392 2022 3444 id
2047 3401 2140 3458 est,

561 3481 854 3534 orthodoris
879 3483 998 3534 viris
1025 3482 1168 3544 olim,
1195 3497 1257 3533 ac
1283 3499 1444 3548 nuper
1471 3486 1662 3550 scripta
1688 3486 1750 3535 de
1773 3501 1830 3536 eo
1855 3483 1992 3552 quod
2021 3483 2144 3552 legi-

559 3579 664 3631 tur,
711 3568 924 3623 Osanna
974 3569 1084 3623 lilio
1121 3570 1285 3624 David
1325 3571 1538 3640 (Matth.
1587 3573 1676 3626 2|.
1710 3572 1766 3644 9)
1793 3593 1806 3631 ς
1833 3591 1931 3626 ηοη
1979 3575 2144 3628 solum

557 3662 779 3726 diversa,
803 3661 896 3716 sed
923 3662 1078 3716 etiam
1108 3665 1366 3716 contraria
1399 3665 1593 3718 sibimet
1620 3665 1908 3734 proferunt.
1940 3666 2014 3734 (c)
2043 3665 2142 3718 Di-

557 3753 787 3808 lectionis
837 3763 938 3808 tute
975 3762 1068 3817 est,
1117 3764 1170 3808 ttt
1203 3757 1402 3809 ardenti
1443 3757 1533 3810 illo
1562 3758 1872 3810 strenuitatis
1918 3759 2141 3828 ingenio,

552 3847 766 3899 abscisis
819 3846 1160 3916 opinionibus,
1206 3847 1710 3919 ambiguitatibusque
1745 3847 1826 3919 (d)
1865 3849 2141 3919 supplosis,

553 3939 682 4007 quid
707 3955 760 3993 se
779 3940 960 3993 habeat
986 3939 1128 4009 apud
1159 3939 1418 4002 Hebraeos,
1450 3942 1558 3994 vivo
1585 3958 1733 3994 sensu
1761 3941 1953 3994 scribas
1976 3958 1994 4004 ;
2025 3951 2078 3995 ut
2097 3951 2143 3994 et

556 4031 625 4083 de
654 4033 768 4096 hoc,
797 4033 925 4085 sicut
955 4041 1001 4084 et
1028 4033 1090 4085 de
1116 4033 1306 4098 ntultis,
1359 4033 1449 4086 tibi
1484 4049 1621 4087 curta
1646 4043 1830 4088 nostra:
1859 4033 1913 4087 in
1941 4033 2143 4088 Christo

556 4119 686 4174 Jcsu
717 4122 906 4191 gratias
934 4126 1173 4192 referant.

1058 4231 1384 4288 EPISTOLA
1431 4235 1523 4288 xx
1560 4235 1629 4304 (ρ)

771 4379 867 4419 ῧΒυ
896 4380 1221 4420 ιεθειιιρτυιι
1250 4383 1536 4422 ῐιιιειιοκγκι
1568 4384 1634 4422 AD
1660 4385 1924 4423 υΑκΑευιι.

561 4493 701 4558 Quid
739 4511 834 4548 vox
857 4511 1055 4552 ossam
1095 4499 1340 4567 signiﬁcet
1356 4501 1510 4568 juxta
1539 4500 1825 4554 hebraicum
1857 4501 2067 4570 fontem,
2094 4513 2141 4557 et

633 4603 724 4639 cur
753 4586 1005 4640 hcbramm
1033 4591 1128 4641 hoc
1154 4590 1378 4653 verbum,
1407 4592 1480 4644 ita
1507 4601 1560 4644 ut
1586 4603 1658 4645 est
1697 4594 1837 4663 apud
1875 4593 2138 4663 Ilcbrwos,

633 4679 860 4732 relictum
892 4680 1034 4748 apud
1056 4697 1226 4734 omnes
1250 4682 1314 4734 sit
1342 4681 1588 4752 Lingttas,
1623 4684 1786 4738 docet.

633 4815 683 4868 Ι.
739 4813 1010 4868 l’ariorum
1055 4815 1507 4885 interpretationes.
1537 4847 1609 4857 —
1634 4817 1806 4872 MUL'I'I
1846 4836 2009 4890 super
2039 4822 2141 4877 huc

618 4975 690 5042 (ᾳ)
716 4975 788 5042 ᾼΙ.
814 4975 921 5026 126.
947 4977 1137 5042 scripta
1160 4978 1293 5042 circa
1311 4978 1503 5042 initium
1525 4993 1602 5029 an.
1623 4981 1734 5031 383.

592 5098 600 5107 .
631 5035 692 5144 (οξ
722 5036 777 5086 In
801 5051 914 5097 uno,
932 5035 1154 5089 alterove
1178 5040 1265 5090 Ms.
1281 5041 1471 5091 additur
1495 5042 1691 5108 Presbyt
1710 5057 1794 5103 Iro,
1820 5057 1913 5108 qua
1937 5045 2138 5108 quidem

593 5111 670 5144 tttlt
697 5104 795 5144 tate
810 5106 911 5144 lttm
933 5104 1169 5144 temnorls
1183 5101 1528 5144 Hinmnvmttm
1549 5103 1697 5144 filim»,
1717 5106 2014 5144 insignitum,
2042 5121 2135 5144 nnn

554 5095 911 5209 Etim
933 5104 1169 5164 temporis
1182 5101 1528 5167 Hieronymum
1549 5095 1697 5156 fuis§e
1717 5095 2018 5168 insig'nituin,
2041 5095 2138 5158 nou

625 5215 1180 5301 .‘Sl._£"L“li'.‘ft‘-_.X‘!E‘£-
1226 5227 1334 5301 ἕδῖτο
1377 5225 1649 5301 uictumis
1686 5234 1783 5278 ιιιιε
1819 5228 2139 5301 ςινάετιιε..ίιςο

555 5279 767 5348 studium
799 5279 955 5331 (etatis
987 5284 1202 5346 ingenio,
1233 5287 1356 5336 torte
1381 5288 1578 5350 legend.
1607 5303 1703 5337 uno
1738 5292 1888 5338 verbo
1911 5290 2138 5342 studiosi-

557 5343 668 5399 tatts
693 5375 705 5394 ,
750 5344 876 5399 qttod
903 5346 1184 5394 vocabulum
1209 5349 1301 5396 etsi
1326 5349 1471 5399 lontze
1497 5351 1754 5399 barbarum
1777 5352 1888 5399 heic
1911 5350 2001 5399 loci
2035 5365 2137 5399 ma-

559 5356 668 5408 turis
693 5375 705 5394 ,
750 5356 876 5402 quoa
903 5356 1184 5416 vocabulum
1209 5356 1301 5396 etsi
1326 5356 1471 5422 longe
1497 5356 1754 5400 barbarum
1777 5356 1888 5400 heic
1911 5356 2001 5401 loci
2035 5365 2137 5401 ma-

559 5409 633 5468 gis
655 5414 796 5468 quam
819 5409 1111 5455 strenuttatts
1135 5407 1308 5468 placet.
1329 5409 1418 5459 Alit
1445 5428 1467 5456 ι
1488 5412 1700 5460 studium
1725 5413 2138 5468 eraodilectionls

560 5465 657 5503 tute
675 5460 939 5519 deprecor,
963 5473 1058 5521 ut,»
1087 5460 1183 5516 etc.
1209 5468 1288 5517 vel
1313 5488 1335 5515 ι
1356 5473 1473 5520 Ideo
1493 5460 1766 5526 dilectionis
1783 5460 1887 5523 tute
1909 5460 2138 5524 allectum

559 5527 802 5578 rogatum,
827 5529 896 5578 ttt,
922 5538 944 5564 tt
976 5530 1071 5571 etc.

629 5569 700 5648 (ti)
729 5569 824 5648 μὴ
850 5569 912 5626 ex
928 5569 1085 5648 editis
1099 5587 1389 5648 scrupulosis
1418 5604 1433 5640 .‘
1459 5599 1558 5640 tum
1580 5594 1676 5642 duo
1696 5596 1810 5648 Mss,
1840 5596 1930 5648 ptri
1952 5610 2134 5648 sensus.

626 5639 696 5689 η)
721 5638 897 5686 Eodem
921 5645 1128 5691 ίεηιυοτε
1151 5638 1329 5697 atriolo
1350 5638 1443 5702 uno
1465 5638 1802 5704 ii'tocQ‘iJr'."""‘

2260 2609 2508 2650 sermone
2535 2593 2746 2646 diversa
2772 2591 3060 2655 ﬁnxerunt,
3094 2605 3124 2645 e
3151 2593 3343 2660 quibus
3382 2602 3568 2647 noster
3609 2594 3838 2650 Hilarius

2257 2688 2307 2740 in
2349 2684 2763 2740 Commentariis
2809 2681 3041 2736 Μεδιιίιωί
3086 2682 3155 2744 (c.
3182 2681 3272 2736 2|.
3304 2699 3356 2736 η.
3391 2682 3445 2754 5)
3494 2684 3564 2739 ita
3611 2688 3834 2754 posuit:

2258 2776 2466 2831 Osanna
2509 2775 2771 2829 chraico
2800 2789 3051 2828 sermone
3078 2774 3429 2842 signiﬁcatur,
3455 2776 3522 2844 (f)
3557 2776 3838 2846 redentptio

2254 2868 2436 2919 domus
2468 2864 2651 2918 David.
2678 2864 2914 2918 Primum
2942 2864 3218 2933 redemptio
3249 2863 3424 2934 lingua
3455 2865 3672 2919 Hebraea
3701 2867 3840 2922 Pus-

2254 2974 2392 3014 νοτε
2432 2960 2814 3026 interpretatur
2845 2973 2860 3010 :
2886 2956 3080 3011 deinde
3106 2957 3287 3011 domus
3314 2973 3471 3012 aera.
3506 2958 3666 3014 David
3708 2976 3836 3016 vero

2256 3052 2306 3105 in
2348 3051 2447 3106 hoc
2472 3052 2590 3106 loco
2615 3065 2720 3104 non
2752 3066 2873 3106 esse
2903 3066 3096 3106 nomen
3141 3053 3421 3118 insertum,
3464 3055 3714 3110 omnibus
3744 3070 3836 3123 pa-

2256 3155 2349 3199 tet.
2395 3145 2497 3199 Alii
2535 3145 2738 3212 Opinati
2784 3153 2925 3209 sunt,
2964 3143 3194 3210 Osanna,
3239 3146 3461 3216 gloriam
3500 3148 3624 3203 dici.
3667 3148 3834 3203 Porro

2252 3237 2416 3307 gloria
2459 3251 2664 3291 CllABOD
2709 3236 3006 3305 appellatur
3047 3254 3061 3293 :
3116 3238 3354 3291 nonnulli
3399 3239 3622 3308 gratiam
3649 3281 3662 3304 ,
3707 3254 3827 3293 cum

2251 3328 2436 3397 gratia,
2469 3342 2644 3380 τιιουΑ
2672 3326 2786 3380 sive
2817 3341 2956 3380 satis
2989 3336 3346 3394 nuncupetur.

2321 3417 2376 3470 2.
2418 3417 2498 3468 Ad
2547 3415 2817 3469 Hebraeum
2871 3416 3058 3484 [autem
3105 3417 3485 3472 recurrendum.
3536 3449 3605 3458 —
3651 3419 3831 3474 Restat

2251 3523 2401 3575 ergo,
2431 3517 2488 3559 ιιι
2515 3507 2730 3561 omissis
2752 3507 3062 3575 opinionum
3091 3507 3296 3574 rivulis,
3323 3508 3389 3562 ad
3415 3510 3584 3577 ipsum
3607 3508 3826 3576 inuitem,

2253 3599 2391 3654 unde
2416 3599 2485 3653 ab
2517 3599 2868 3668 Evangelistis
2894 3609 3162 3668 sumptum
3194 3611 3296 3666 est,
3319 3615 3677 3655 recurramus.
3702 3602 3827 3656 Nam

2249 3690 2519 3758 quomodo
2547 3691 2674 3746 illud
2705 3706 2878 3760 neque
2901 3692 2952 3745 in
2975 3691 3200 3754 Graecis,
3225 3709 3399 3762 neque
3420 3694 3474 3747 in
3509 3692 3709 3748 Latinis
3736 3709 3828 3747 co-

2249 3781 2456 3835 dicibus
2527 3781 2634 3854 65
2709 3797 2991 3853 possumus
3017 3783 3279 3849 invenire,
3317 3784 3385 3838 Ut
3410 3786 3742 3854 compleretur
3777 3787 3829 3838 id

2249 3873 2384 3941 quod
2405 3872 2596 3926 dictum
2617 3883 2690 3927 est
2711 3890 2802 3943 per
2826 3872 3114 3944 Prophetas
3133 3891 3151 3928 :
3171 3876 3422 3942 Quoniam
3444 3875 3494 3930 Ν
3498 3895 3723 3930 azaraus
3739 3894 3824 3931 vo-

2250 3964 2445 4018 cabitur
2466 3965 2680 4033 (Matth.
2699 3966 2753 4019 2.
2769 3966 2885 4036 25);
2906 3978 2958 4021 et
2975 3967 3124 4033 illud,
3144 3984 3206 4021 ea:
3222 3965 3454 4040 zEgyplo
3479 3969 3650 4022 vocari
3667 3969 3827 4036 [ilium

2252 4075 2412 4112 meum
2445 4057 2604 4126 (Ibid.
2639 4075 2686 4112 υ.
2717 4060 2805 4128 15)
2835 4077 2848 4114 :
2881 4061 2950 4113 ita
2995 4069 3050 4114 et
3095 4076 3235 4114 nunc
3265 4075 3329 4115 ex
3362 4060 3599 4116 Hebraeis
3627 4061 3826 4114 codici-

2252 4149 2349 4202 lms
2378 4151 2572 4204 veritas
2594 4150 2937 4219 exprimenda
2961 4160 3064 4214 est,
3089 4151 3230 4205 unde
3258 4151 3309 4205 in
3333 4151 3471 4206 hanc
3496 4167 3679 4206 vocem
3708 4152 3824 4206 vul-

2248 4255 2346 4308 gus
2391 4249 2446 4294 et
2486 4241 2717 4294 maxime
2747 4255 2984 4294 consona
3015 4241 3153 4295 inter
3196 4256 3256 4296 se
3296 4242 3632 4310 parvulorum
3678 4242 3824 4296 turba

2251 4334 2588 4400 proruperit,
2647 4333 2858 4387 dicente
2908 4333 3156 4388 Mattltmo
3189 4352 3202 4388 :
3239 4333 3421 4387 Turba?
3464 4345 3658 4400 autent,
3715 4351 3828 4404 ante

2252 4424 2620 4490 prteceaebant,
2654 4434 2698 4476 et
2719 4440 2832 4493 qua:
2867 4425 3218 4494 sequebantur,
3253 4425 3539 4479 clamabant
3568 4426 3828 4480 dicentes:

2252 4515 2462 4568 Osanna
2509 4517 2616 4582 ﬁlio
2663 4513 2833 4568 David
2861 4516 3182 4570 :benedictus
3232 4517 3320 4588 qui
3362 4517 3492 4570 venit
3537 4517 3588 4568 in
3629 4517 3830 4570 nomine

2253 4605 2477 4671 Domini,
2505 4606 2712 4661 Osanna
2738 4608 2789 4660 in
2816 4607 3025 4660 excelsis
3049 4605 3224 4675 (Matt.
3251 4607 3340 4660 2|.
3368 4607 3443 4676 2).
3471 4605 3675 4660 Marcus
3702 4622 3829 4660 vero

2249 4697 2320 4752 ita
2364 4698 2540 4765 posuit
2567 4713 2580 4752 :
2613 4694 2912 4752 Clamabunt
2952 4697 3170 4751 dicentes
3191 4739 3205 4761 ,
3261 4696 3469 4750 Osanna
3495 4713 3513 4750 :
3534 4696 3824 4750 benedictus

2247 4789 2334 4858 qui
2359 4789 2488 4841 venit
2517 4789 2569 4841 in
2598 4789 2799 4841 nomine
2839 4787 3044 4841 Domini
3069 4803 3088 4842 :
3113 4787 3424 4842 benedictum
3460 4788 3593 4856 quod
3619 4788 3749 4840 venit
3778 4788 3831 4840 in

2248 4881 2448 4932 nomine
2474 4878 2681 4932 Domini
2709 4895 2917 4948 regnum
2945 4880 3102 4948 patris
3125 4880 3284 4934 nostri
3313 4879 3498 4934 David.
3535 4877 3744 4932 Osanna
3777 4880 3832 4932 in
3867 4869 3874 4873 ’

2247 4971 2454 5026 excelsis
2483 4972 2674 5043 (Marc.
2711 4974 2796 5027 ll.
2828 4973 2906 5041 9).
2945 4972 3177 5028 Joannes
3219 4990 3346 5028 vero
3380 4973 3487 5042 pari
3519 4987 3649 5026 voce
3696 4986 3832 5026 con-

2314 5105 2370 5169 (f)
2406 5105 2570 5169 Palam
2594 5114 2858 5169 est_unum
2883 5105 3000 5169 illud
3015 5105 3329 5169 vocabulum,
3348 5115 3536 5158 Osanna
3556 5105 3652 5156 tria
3685 5105 3838 5169 simul

2245 5166 2620 5229 redemptionem
2658 5166 2827 5216 domus
2871 5166 3023 5216 David
3063 5167 3338 5228 signiﬁcare
3372 5181 3468 5216 non
3494 5180 3637 5229 posse
3656 5202 3671 5223 .
3699 5168 3836 5229 unde

2245 5228 2421 5292 Hilarii
2454 5230 2910 5290 interpretationem
2949 5242 3043 5277 non
3069 5230 3243 5292 probat
3266 5228 3608 5292 Hieronymus.
3634 5228 3735 5292 Sed
3762 5229 3836 5277 fa-

2244 5290 2342 5352 cile
2362 5293 2506 5338 etiam
2525 5297 2727 5352 apparet
2749 5303 2845 5338 non
2864 5292 3072 5352 priorem
3089 5290 3339 5352 dumtaxat
3362 5290 3550 5347 vocem,
3568 5290 3654 5338 sed
3679 5297 3836 5352 totam

2245 5349 2636 5399 acclamationem
2671 5349 2821 5399 latine
2857 5349 2919 5400 ab
2942 5351 3026 5399 illo
3047 5352 3185 5398 reddi
3211 5351 3424 5400 voluisse
3443 5385 3458 5409 ,
3484 5359 3674 5399 Osanna
3695 5351 3834 5400 leben

2250 5411 2437 5477 Davidl
2464 5425 2553 5477 seu
2588 5422 2782 5477 psanna
2816 5412 2928 5477 ﬁlio
2957 5410 3393 5477 Datjid;atque_in
3433 5425 3495 5460 eo
3527 5411 3833 5477 magis_l'alli,

2243 5473 2372 5537 quod
2404 5474 2534 5537 Beth
2564 5473 2748 5533 domus,
2776 5469 2864 5537 pio
2896 5473 3000 5537 Ben
3021 5469 3151 5536 filius
3174 5469 3378 5537 accepit,
3403 5486 3546 5537 quam
3563 5469 3698 5537 quod
3725 5469 3836 5537 ety;

2244 5533 2504 5595 mologias,
2540 5548 2658 5596 (qua:
2702 5533 2798 5584 non
2838 5533 3153 5596 haberentur,
3195 5533 3500 5596 exebggitarit.
3546 5533 3835 5596 Ambrosius

2244 5593 2444 5658 quoque
2467 5593 2515 5658 in
2539 5593 2718 5646 Lucam
2753 5596 2836 5658 lib.
2861 5596 2911 5645 9.
2935 5608 2985 5642 n.
3013 5594 3090 5642 15.
3116 5602 3304 5644 osanna
3325 5593 3429 5658 lilio
3453 5593 3609 5645 David
3632 5595 3830 5645 redem-

2242 5656 2428 5716 ptort‘m
2453 5657 2622 5709 domus
2648 5656 2802 5708 David
2825 5658 3190 5718 interpretatur.
