4048 6186
227 268 289 321 77
1583 263 1917 320 EPISTOLA
1956 261 2077 317 XX.

188 378 343 435 sentit
372 394 388 433 :
422 376 486 431 Et
511 375 815 441 clamabant,
841 375 1050 430 Osanna
1069 391 1089 430 :
1116 376 1402 430 benedictus
1429 377 1516 446 qui
1547 377 1677 430 venit
1705 378 1758 430 in

187 468 386 522 nomine
409 466 636 532 Domini,
660 483 749 521 rat:
767 464 933 520 Israel
958 465 1135 536 (Joan.
1158 465 1244 520 12.
1275 466 1382 537 14).
1406 465 1562 520 Solus
1588 465 1760 520 Lucas

185 562 401 614 verbum
436 559 667 622 Osanna,
699 573 804 612 non
832 559 1028 626 posuit,
1055 559 1106 612 in
1133 559 1338 627 reliqua
1364 557 1758 627 interpretatio-

186 651 268 705 nis
304 659 456 720 parte
505 652 889 705 consentiens:
921 650 1220 704 Benedictus
1257 651 1344 720 qui
1385 650 1514 703 venit
1562 665 1654 703 rex
1707 649 1761 702 in

185 742 385 794 nomine
425 739 652 807 Domini,
699 757 802 810 pas:
849 742 901 795 in
936 742 1083 804 caelo,
1134 750 1179 794 et
1221 741 1385 812 gloria
1433 742 1487 795 in
1526 741 1756 796 excelsis.

185 830 332 898 (Luc.
366 829 454 885 l9.
483 830 600 901 58).
622 829 802 900 Igitur,
831 841 891 886 ut
915 832 1168 896 diximus,
1197 833 1310 901 ipsa
1335 832 1494 886 verba
1534 831 1759 886 Hebrzea

184 920 424 989 ponenda
461 930 605 986 sunt,
644 930 700 976 et
726 923 964 977 omnium
989 923 1356 991 _lnterpretum
1398 922 1580 992 opinio
1608 923 1759 992 dige-

179 1013 368 1080 renda,
395 1028 501 1082 quo
527 1012 736 1067 facilius
776 1014 904 1084 quid
944 1029 1106 1085 super
1137 1015 1238 1070 hoc
1282 1013 1624 1070 sentiendum
1665 1015 1757 1079 sit,

178 1102 252 1172 (a)
286 1119 352 1158 ex
395 1103 774 1159 retractatione
811 1114 1125 1159 cunctorum
1153 1104 1266 1174 ipse
1310 1103 1412 1158 sibi
1449 1103 1644 1159 Lector
1679 1105 1763 1158 in-

170 1193 376 1247 veniat.

245 1285 303 1338 5.
345 1284 686 1355 Interpretum
714 1281 918 1339 Hebraei
949 1296 1113 1339 textus
1138 1287 1329 1356 opinio.
1351 1317 1425 1327 —
1444 1285 1504 1340 In
1527 1286 1760 1340 centesi-

164 1390 267 1429 mo
300 1377 515 1430 decimo
541 1377 766 1444 septimo
797 1376 1032 1443 Psalmo,
1061 1378 1148 1432 ubi
1176 1393 1271 1432 nos
1302 1378 1547 1446 legimus,
1585 1378 1628 1431 0
1661 1378 1765 1431 Do-

163 1467 318 1519 snine
341 1468 537 1520 salvum
561 1485 638 1520 me
663 1472 768 1537 fac,
796 1484 826 1520 ο
857 1466 1070 1522 Domine
1096 1468 1220 1522 bene
1247 1485 1542 1538 prosperare
1564 1485 1582 1522 :
1608 1468 1758 1521 bene-

169 1558 341 1609 dictus
363 1558 452 1622 qui
480 1559 610 1609 venit
639 1558 691 1609 in
724 1558 927 1610 nomine
957 1556 1182 1621 Domini,
1211 1558 1263 1611 in
1295 1557 1520 1611 Hebraeo
1548 1558 1760 1626 legitur,

177 1649 253 1714 (bl
284 1646 468 1701 ANNA
500 1645 772 1707 ADONAI,
802 1646 1118 1707 OSIANNA.
1149 1646 1334 1700 ANNA
1364 1645 1614 1700 ADONAI
1647 1645 1760 1700 AS-

180 1736 463 1798 LlANNA;
497 1735 772 1789 BARUCH
805 1737 984 1790 ABBA
1027 1736 1253 1789 BASEM
1305 1735 1580 1789 ADONAI.
1609 1733 1759 1800 Quod

179 1826 390 1895 Aquila,
425 1824 796 1894 Symmachus,
825 1825 1142 1888 Theodotio,
1173 1833 1228 1878 et
1252 1825 1443 1891 Quinta
1467 1824 1663 1884 Editio.
1692 1839 1760 1880 ne

178 1917 302 1986 quid
330 1917 381 1969 in
409 1916 478 1985 (c)
505 1915 697 1969 Latino
723 1927 936 1970 mutare
961 1915 1262 1981 videamur,
1292 1915 1362 1969 ita
1407 1917 1714 1984 exprimunt
1740 1932 1753 1968 :

174 2010 211 2061 ὅ
227 2013 289 2070 δὴ
311 2015 457 2076 Κύριε
486 2019 628 2060 σῶσον
654 2011 733 2071 δὴ,
753 2007 790 2059 ὖ
818 2010 874 2066 δὴ
898 2014 1044 2076 Κὺριι
1067 2009 1286 2059 resinae»
1313 2009 1392 2069 δὴ,
1411 2009 1712 2072 sole/mulso;
1735 2010 1759 2058 ὁ

172 2106 420 2171 ἔρχόμνος
465 2105 512 2152 ιν
555 2102 752 2165 ὀνόματι
795 2105 997 2167 Κυρίου.
1043 2096 1164 2151 Sola
1206 2095 1367 2151 Sexta
1411 2095 1590 2150 Editio
1636 2110 1758 2150 cum

173 2190 566 2259 lnterpretihtts
595 2187 944 2257 Septuaginta
976 2189 1048 2240 ita
1073 2189 1347 2256 congruit,
1373 2195 1430 2240 ut
1460 2185 1546 2240 ubi
1575 2186 1758 2240 cmteri

173 2289 470 2350 posuerunt
493 2280 530 2333 ὅ
558 2283 614 2340 δὴ
633 2321 647 2343 ,
683 2279 758 2332 illi
783 2279 1096 2347 scripserint
1115 2279 1172 2332 ὅ.
1197 2277 1263 2331 Ει
1289 2278 1411 2346 quia
1433 2277 1755 2341 OSIANNA,

169 2371 319 2441 quod
373 2385 472 2425 nos
528 2379 780 2440 corrupte
845 2381 1062 2440 propter
1117 2370 1471 2440 ignorantiam
1531 2369 1761 2424 dicimus

171 2458 448 2515 OSANNA
475 2502 490 2525 ,
541 2460 808 2527 salvi/ica,
857 2459 972 2512 sive
1017 2460 1215 2512 salvum
1263 2459 1347 2526 [ac
1392 2458 1756 2527 exprimatur,

171 2549 418 2604 (minium
491 2548 603 2619 66
673 2549 1114 2616 interpretatione
1161 2548 1426 2617 signatum
1468 2557 1588 2602 est:
1622 2563 1762 2602 nunc

171 2640 305 2695 illud
332 2642 384 2695 in
411 2656 535 2696 cura
557 2651 662 2703 est,
684 2640 807 2710 quid
827 2639 905 2712 (ά)
929 2635 1043 2694 Siue
1066 2639 1366 2707 adjectione
1389 2639 1647 2701 salvaudi,
1672 2654 1761 2692 so-

171 2732 261 2786 lus
278 2731 458 2785 ANNA
493 2745 670 2785 sermo
696 2730 978 2798 signiﬁcet.
1004 2729 1398 2799 Sciendumque
1426 2728 1566 2799 quod
1585 2729 1635 2783 in
1659 2728 1760 2784 hoc

171 2823 298 2876 loco
326 2833 406 2876 ter
425 2821 633 2876 dicatur
652 2821 869 2885 ANNA;
899 2830 954 2875 et
981 2821 1209 2889 primum
1236 2820 1450 2889 quidem
1475 2835 1536 2873 ac
1561 2835 1754 2874 secun-

172 2912 305 2966 dum
325 2912 513 2966 iisdem
539 2912 729 2966 litteris
758 2910 1028 2973 scribitur,
1056 2911 1298 2974 ALEPH,
1324 2909 1485 2974 NUN,
1515 2909 1627 2975 HE,
1655 2921 1761 2964 ter-

176 3010 311 3058 tium
335 3020 462 3059 vero
490 3003 613 3070 HE,
646 3002 783 3058 NUN
804 3045 820 3068 ,
847 3002 962 3057 HE.
987 3002 1339 3072 Symmachus
1365 3003 1546 3072 igitur,
1581 3003 1668 3071 qui
1703 3003 1756 3055 in

177 3097 474 3152 centesimo
514 3094 724 3150 decimo
755 3095 986 3161 septimo
1021 3095 1234 3148 Psalmo
1254 3108 1373 3147 cum
1406 3094 1645 3146 omnium
1676 3093 1759 3145 in-

177 3186 561 3255 terpretatione
604 3193 987 3249 consenserat,
1030 3192 1087 3237 ut
1131 3181 1756 3236 nobis-mauifestiorem

177 3277 439 3331 tribueret
488 3275 836 3338 intellectum,
869 3276 920 3328 in
967 3277 1264 3330 centesimo
1313 3273 1523 3328 decimo
1567 3282 1760 3342 quarto

178 3365 412 3426 Psalmo.
443 3366 528 3418 ubi
551 3365 744 3419 dicitur
767 3382 781 3417 :
809 3363 852 3418 0
880 3364 1113 3426 Domine,
1137 3362 1295 3416 libera
1314 3364 1540 3416 animam
1567 3379 1754 3431 meam,

177 3461 252 3514 ita
277 3460 654 3527 interpretatus
673 3467 792 3514 est:
819 3456 1054 3522 Obsecro,
1083 3455 1319 3520 Domine,
1349 3456 1506 3510 libera
1529 3457 1762 3510 animum

178 3567 363 3603 meam.
406 3550 507 3606 Ubi
550 3559 724 3604 autem
767 3550 1112 3620 Septuaginta
1131 3590 1146 3615 ,
1173 3550 1238 3615 ὦ,
1265 3559 1320 3603 et
1349 3549 1436 3603 ille
1455 3591 1471 3615 ,
1497 3549 1716 3604 Obsecro
1737 3592 1752 3617 ,

180 3643 602 3706 transtulerunt,
634 3645 856 3713 Aquila,
884 3653 938 3698 et
983 3643 1192 3696 caeteris
1236 3642 1572 3696 Editionihus
1615 3643 1651 3696 ὧ
1699 3647 1758 3704 δὴ

178 3733 656 3801 interpretantibus
679 3775 692 3796 ,
726 3733 776 3786 in
806 3732 1030 3786 llcbrzeo
1052 3731 1304 3786 scribitur
1324 3731 1510 3786 ΑΝἲὶΑ
1534 3749 1548 3784 :
1572 3747 1758 3786 verum

177 3822 250 3876 ita
276 3831 332 3873 ut
357 3823 408 3875 in
437 3823 694 3890 principio
719 3821 943 3875 ALEPH
978 3821 1199 3886 habent,
1235 3838 1340 3874 non
1384 3821 1496 3876 ΗΕ.
1542 3819 1622 3876 L‘s
1651 3836 1761 3891 quo

175 3915 694 3978 animadvertimus,
737 3914 783 3966 si
829 3929 896 3966 ex
948 3913 1173 3966 ALEPH
1224 3914 1492 3967 scribatur
1533 3912 1714 3968 ANNA
1743 3955 1758 3980 ,

176 4007 470 4076 signiﬁcari
501 4005 736 4065 obsecro;
774 4004 857 4055 sin
899 4012 1074 4055 autem
1105 4019 1168 4056 ex
1203 4004 1325 4066 IIE,
1371 4019 1490 4057 esse
1531 4007 1760 4074 conjun-

175 4101 417 4155 ctionem
442 4135 454 4158 ,
486 4095 600 4147 sive
626 4092 1048 4161 intcrjectionem
1073 4132 1086 4154 ,
1113 4107 1228 4159 qua:
1257 4093 1394 4161 apud
1423 4093 1637 4148 Grmcos
1665 4113 1761 4164 po-

179 4195 326 4246 uitnr
367 4193 455 4253 δὴ,
490 4196 544 4242 ct
573 4197 656 4240 est
685 4187 736 4238 in
768 4199 911 4238 σῶσον
941 4189 998 4243 δὴ
1018 4225 1032 4247 ,
1075 4185 1226 4252 cujus
1271 4184 1760 4253 interpretationem

176 4284 402 4338 Latinus
432 4293 612 4333 sermo
647 4292 754 4331 non
787 4276 1055 4344 exprimit.
1426 4295 1428 4297 >

248 4389 312 4454 ia)
352 4389 664 4454 Cistercieus.
700 4387 790 4454 his.
809 4399 874 4436 ea:
896 4384 1173 4454 tractatione
1199 4397 1216 4445 ,°
1239 4397 1348 4432 mox
1383 4383 1604 4448 plerique
1623 4385 1759 4449 editi,

181 4446 331 4504 lec'lo'r
355 4451 472 4508 quid
491 4455 725 4504 sequatur
748 4446 971 4508 inveniat.

245 4513 318 4575 (b)
341 4506 460 4561 Hmc
477 4511 722 4562 Hebraiee
744 4509 814 4558 sic
836 4506 1074 4575 habentur
1097 4539 1111 4563 ,
1135 4511 1200 4557 Nil
1241 4509 1447 4563 morm
1494 4509 1608 4559 rrrn
1652 4514 1760 4562 mn

1279 4583 1495 4716 signa:
1516 4583 1761 4707 sese

181 4710 374 4757 modum
402 4719 485 4768 pro
507 4706 723 4768 aslianna
743 4704 1234 4768 ACistercieusis‘liber
1265 4704 1495 4756 aslienua.

252 4767 310 4836 (τ)
351 4765 507 4817 Antea
535 4767 712 4817 eratin
735 4766 935 4816 latinum
962 4781 979 4816 :
1005 4765 1145 4829 paulo
1169 4773 1276 4828 post
1299 4780 1448 4815 unum
1468 4767 1556 4817 Ms.
1583 4782 1757 4818 exem-

181 4830 284 4893 plar
298 4830 426 4893 ’φάν
450 4855 493 4889 ιιι
521 4842 618 4893 pro
663 4837 723 4893 δῇ.

251 4889 321 4957 (τι)
350 4888 469 4957 Haec
490 4888 880 4957 sinegdj'ectione
900 4888 1117 4939 salvrmdi
1139 4889 1289 4957 verba
1322 4901 1382 4938 eo
1405 4889 1659 4940 intellectu
1682 4892 1757 4940 di-

177 4949 318 5014 xisse
356 4951 546 4998 videtur
577 4951 900 5014 Hieronymus
919 4990 932 5008 ,
967 4949 1337 5014 utexcluderet
1352 4987 1365 5010 ,
1392 4960 1756 5014 seponeretqne

177 5011 302 5060 illud
343 5022 497 5073 anna,_
521 5013 645 5072 quod
678 5011 828 5062 verbo
843 5013 1073 5066 salvandi,
1099 5012 1144 5060 id
1171 5018 1248 5059 est
1269 5011 1368 5061 asia
1389 5011 1579 5062 additur
1601 5027 1616 5073 ;
1643 5011 1758 5062 tunc

180 5074 315 5122 enim
355 5078 437 5136 ter
469 5069 715 5136 dumtaxat
739 5073 980 5136 reliquum
1015 5081 1120 5134 est;
1149 5080 1199 5136 e_t
1235 5074 1438 5136 primum
1460 5069 1677 5136 quidetn,
1702 5088 1758 5136 ac

176 5132 452 5183 secundum
475 5143 584 5179 cum
618 5132 782 5180 initiati
804 5132 946 5196 al'eph
969 5141 1084 5183 ante
1107 5132 1309 5190 '4donai.
1337 5132 1532 5182 tertiu'm
1559 5146 1676 5182 vero
1697 5135 1754 5182 ad

177 5206 388 5254 verbum
411 5199 551 5258 aslia.
570 5199 741 5266 ultima
755 5203 900 5253 vocali
920 5205 1081 5254 littera
1098 5203 1241 5252 initio
1266 5205 1331 5250 Nl
1359 5218 1445 5266 per
1467 5204 1652 5266 daghes
1675 5205 1759 5266 im-

213 5278 347 5314 ressa
373 5278 387 5325 ;
426 5263 826 5325 quemadmodum
861 5279 1036 5314 revera
1069 5266 1214 5315 etiam
1235 5267 1295 5312 ad
1317 5263 1418 5314 asia
1439 5263 1642 5313 verbum
1675 5264 1758 5313 ha-

243 5335 340 5384 tur,
365 5323 456 5388 Sed
482 5323 600 5372 illud
620 5336 677 5372 se
699 5324 814 5374 dicit
836 5339 1081 5388 seponere
1099 5325 1208 5388 data
1223 5337 1389 5388 Opera.
1414 5325 1624 5388 interim
1634 5327 1757 5375 hanc

175 5386 459 5450 Hieronymi
493 5392 715 5450 mentem
743 5399 854 5435 esse
879 5385 971 5450 non
996 5385 1386 5450 animadvertetis
1408 5385 1572 5450 Editor
1593 5386 1757 5450 Bene-

174 5446 401 5506 dictinus,
437 5446 664 5495 eumdem
705 5447 948 5496 immerito
970 5454 1163 5496 accusat
1197 5448 1412 5503 incuriae,
1443 5446 1569 5506 quod
1595 5446 1756 5504 junior

172 5511 326 5559 adhuc
370 5509 429 5559 ad
465 5506 724 5556 Damasum
756 5509 978 5556 scribens
1017 5521 1112 5556 non
1148 5509 1243 5556 nisi
1278 5513 1354 5555 ter
1387 5508 1436 5554 in
1461 5506 1555 5555 hoc
1576 5507 1754 5556 Psalmi

173 5568 277 5621 loco
293 5585 424 5621 anna
447 5581 561 5618 esse
580 5569 783 5630 dixerit.
807 5581 916 5616 cum
935 5574 1159 5630 quartum
1183 5568 1351 5617 haberi
1375 5573 1580 5616 constet.
1595 5567 1757 5615 Victo-

170 5634 268 5682 rius
281 5647 312 5685 e
333 5640 525 5686 contra,
545 5628 662 5678 olim
674 5627 920 5678 Hebraica
939 5627 1239 5689 exemplaria
1257 5631 1406 5678 tertio
1424 5636 1606 5679 tantum
1629 5640 1757 5678 arma

169 5692 398 5751 habuisse
423 5695 474 5746 in
499 5691 552 5742 S.
580 5689 804 5742 Doctoris
826 5690 1190 5741 excusationem
1217 5698 1519 5746 commentus
1543 5696 1635 5740 est.

3340 267 3447 324 578

1938 377 1991 430 4.
2019 374 2123 430 Sed
2149 375 2398 445 quoniam
2427 373 2509 427 hae
2531 375 2766 429 minutim
2788 383 2840 430 et
2869 376 3167 432 istiusmodi
3197 378 3439 448 disputa-

1869 469 2027 524 tionis
2051 483 2327 531 arcanum,
2353 476 2571 537 propter
2598 467 2898 522 barbariem
2925 469 3120 540 lingua:
3151 472 3351 540 pariter
3377 487 3442 526 ac

1867 560 2187 624 litterarum,
2211 560 2408 630 legenti
2431 560 2729 615 molestiam
2751 561 3009 627 tribuunt,
3027 562 3091 615 ad
3123 563 3444 631 explanandi

1865 652 2240 719 compendium
2285 652 2479 716 venio,
2513 661 2572 706 ut
2613 641 2784 706 dicam
2815 651 2882 706 de
2908 655 3202 708 centesimo
3227 657 3438 711 decimo

1865 742 2094 810 septimo
2117 742 2346 808 Psalmo,
2376 743 2465 810 qui
2494 741 2772 796 manifeste
2794 742 2859 797 de
2885 743 3099 798 Christo
3126 746 3434 815 prOphetat,

1865 841 1918 886 et
1947 832 1998 884 in
2027 831 2310 902 synagogis
2336 830 2642 886 Judzeorum
2667 832 2742 900 (ε)
2778 831 3103 886 creberrime
3145 833 3444 903 legebatur,

1868 923 2008 979 unde
2037 933 2091 979 et
2121 925 2330 994 populis
2362 925 2538 978 notior
2565 934 2701 989 erat,
2737 926 2833 978 hos
2866 939 3056 978 versus
3082 938 3203 979 esse
3229 940 3444 979 assum-

1867 1023 1986 1085 ptos
2009 1032 2022 1068 :
2047 1015 2188 1083 quod
2216 1016 2327 1081 ille,
2351 1017 2439 1084 qui
2467 1015 2936 1084 repromittebatur
2956 1015 3022 1070 de
3043 1032 3239 1086 genere
3258 1017 3444 1084 David,

1867 1105 2072 1158 venerit
2101 1105 2405 1159 salvaturus
2429 1105 2624 1168 Israel,
2656 1106 2872 1160 dicente
2901 1105 3096 1171 David,
3135 1125 3153 1158 ι
3187 1106 3444 1177 Lapidem

1868 1208 2026 1262 quem
2071 1195 2493 1262 rcprobavcrunt
2533 1195 2879 1260 aediﬁcantes,
2914 1195 3001 1251 hic
3047 1195 3217 1252 factus
3258 1206 3342 1252 est
3391 1199 3442 1250 in

1867 1293 2027 1352 caput
2053 1284 2252 1352 anguli.
2285 1286 2326 1337 A
2358 1285 2581 1338 Domino
2602 1325 2617 1348 ,
2647 1284 2717 1356 (Γ)
2747 1284 2947 1340 factum
2977 1298 3079 1341 est.
3111 1287 3206 1341 llic
3235 1297 3315 1341 est
3347 1287 3447 1340 mi-

1868 1373 2048 1428 rabilis
2076 1374 2128 1428 in
2153 1374 2320 1428 oculis
2346 1375 2569 1428 nostris.
2609 1375 2732 1429 Ilzec
2758 1385 2841 1430 est
2867 1375 2980 1430 dies
3010 1392 3165 1446 quam
3193 1375 3317 1431 fecit
3347 1377 3449 1429 Do-

1868 1463 2045 1517 minus
2071 1479 2085 1517 :
2116 1465 2416 1519 exultemus
2446 1474 2501 1518 et
2528 1465 2772 1520 laetemur
2801 1466 2855 1518 in
2882 1480 2963 1519 ea.
3003 1466 3046 1520 Ο
3075 1466 3298 1520 Domine
3337 1465 3447 1519 sal-

1867 1567 1991 1607 vum
2015 1569 2098 1607 me
2125 1553 2208 1608 fac
2235 1571 2249 1607 :
2272 1569 2304 1607 o
2332 1555 2557 1608 Domine
2588 1555 2722 1609 bene
2748 1569 3070 1625 prosperare
3095 1573 3107 1608 :
3133 1555 3445 1610 benedictus

1866 1644 1954 1709 qui
1982 1644 2128 1698 venit
2158 1644 2210 1697 in
2242 1644 2460 1698 nomine
2487 1643 2719 1697 Domini.
2766 1644 3146 1698 Benediximus
3184 1645 3338 1699 vobis
3379 1646 3447 1700 de

1862 1732 1970 1803 67
2043 1733 2204 1786 domo
2232 1733 2472 1786 Domini:
2507 1733 2643 1788 Deus
2676 1733 2930 1788 Dominus
2957 1745 3009 1787 et
3041 1735 3214 1788 illuxit
3241 1735 3394 1789 nobis
3423 1755 3443 1787 ι

1865 1821 2036 1890 (Psal.
2051 1823 2067 1875 Ι
2082 1823 2168 1876 17.
2182 1821 2274 1876 2‘2.
2289 1825 2441 1892 etc.).
2462 1821 2615 1877 Unde
2634 1831 2688 1876 et
2709 1822 3165 1892 Evangelistarum
3185 1827 3448 1893 scriptura

1863 1920 2271 1976 commemorat,
2300 1911 2603 1967 Pharisaaos
2634 1923 2686 1969 et
2713 1913 2929 1969 Scribas
2957 1915 3056 1969 hac
3083 1916 3446 1985 indignatione

1863 2015 2192 2069 commotos,
2219 2005 2358 2074 quod
2384 2005 2627 2059 viderent
2655 2007 2906 2075 populum
2929 2048 2945 2073 ,
2978 2007 3176 2061 Psalmi
3211 2009 3440 2077 pr0phe-

1866 2096 1990 2150 tiam
2017 2111 2180 2165 super
2199 2095 2415 2150 Christo
2437 2097 2732 2166 intelligere
2758 2099 3096 2167 completam,
3123 2112 3176 2155 et
3202 2101 3442 2154 claman-

1865 2196 1945 2242 tes
1985 2189 2233 2257 parvulos
2276 2187 2504 2242 Osianna
2523 2229 2537 2251 ,
2573 2188 2680 2256 ﬁlio
2709 2189 2877 2243 David
2897 2232 2911 2256 ,
2941 2190 3140 2245 dixisse
3168 2192 3218 2246 ei
3247 2209 3261 2245 :
3287 2193 3447 2246 Audis

1863 2278 1984 2348 quid
2003 2279 2086 2332 isti
2107 2278 2420 2346 loquuntur?
2439 2287 2493 2332 et
2517 2277 2698 2333 Jesum
2726 2279 3067 2348 respondisse
3093 2280 3170 2335 eis
3202 2298 3214 2334 :
3254 2300 3273 2331 ‹
3301 2281 3447 2336 Nun-

1864 2384 2020 2440 quam
2053 2370 2288 2439 legistis.
2321 2368 2456 2436 Quia
2487 2384 2553 2424 ex
2590 2385 2685 2425 ore
2720 2371 2997 2424 infantium
3037 2380 3090 2425 et
3132 2372 3442 2426 lactentinm

1865 2458 2130 2529 perfecisti
2175 2458 2386 2513 laudem
2423 2479 2442 2511 s
2465 2459 2682 2529 (Matth.
2709 2459 2797 2514 21.
2827 2459 2953 2516 Luc.
2990 2461 3078 2516 l9.
3111 2461 3266 2515 Joan.
3295 2461 3397 2534 12)
3423 2463 3449 2516 τ

1865 2552 2214 2605 centesimum
2271 2551 2539 2607 decimum
2591 2556 2877 2621 septimum
2938 2554 3211 2608 Psalmum
3266 2557 3445 2610 octavi

1865 2641 2062 2696 Psalmi
2092 2643 2389 2698 assertione
2413 2643 2732 2696 firmantem.
2759 2643 2823 2696 Et
2848 2643 2916 2697 de
2943 2658 3008 2697 eo
3034 2645 3270 2713 quidem,
3303 2645 3445 2714 quod

1869 2732 2017 2787 facile
2043 2732 2268 2801 exprimi
2299 2741 2531 2803 poterat,
2562 2751 2581 2784 ι
2620 2733 2942 2788 Benedictus
2971 2735 3057 2802 qui
3091 2734 3234 2789 venit
3264 2735 3316 2786 in
3349 2750 3444 2788 no-

1866 2826 2011 2878 mine
2055 2824 2295 2890 Domini,
2325 2842 2344 2876 ι
2372 2825 2610 2879 omnium
2665 2824 3125 2894 Evangelistarum
3171 2822 3445 2891 Scriptura

1866 2916 2149 2969 consentit.
2185 2915 2258 2969 De
2287 2917 2449 2970 verbo
2476 2923 2656 2969 autem
2688 2913 3009 2977 OSlANNA,
3038 2915 3159 2983 quia
3203 2915 3255 2966 in
3296 2912 3446 2967 Grae-

1865 3018 1986 3057 cum
2033 3019 2138 3056 non
2188 3014 2438 3073 poterant
2486 3003 2780 3058 transferre
2823 3017 3160 3068 sermonem,
3207 3003 3344 3057 sicut
3390 3003 3443 3056 in

1867 3092 2246 3158 ALLELUIA,
2279 3103 2333 3148 et
2378 3094 2431 3147 in
2475 3091 2697 3157 ΑΜΕΝ,
2729 3102 2782 3146 et
2828 3094 2880 3145 in
2932 3092 3203 3161 plerisque
3249 3091 3444 3145 factum

1865 3181 2144 3245 videmus,
2207 3183 2378 3252 ipsum
2435 3181 2716 3236 Hebraeum
2781 3190 3109 3251 posuerunt,
3165 3181 3448 3246 dicentes,

1866 3273 2182 3329 OSIANNA.
2229 3274 2401 3328 Lucas
2433 3275 2628 3344 igitur,
2659 3273 2748 3343 qui
2777 3274 2918 3328 inter
2948 3289 3137 3328 omnes
3167 3276 3449 3344 Evangeli-

1867 3373 1979 3418 stas
2025 3363 2196 3418 Graeci
2241 3364 2506 3418 sermonis
2552 3364 2949 3419 eruditissimus
2990 3364 3122 3430 fuit,
3155 3367 3354 3436 quippe
3394 3376 3452 3421 ut

1869 3455 2126 3518 medicus,
2151 3465 2204 3508 et
2224 3457 2312 3525 qui
2338 3454 2682 3525 Evangelium
2717 3454 2795 3526 (g)
2827 3454 3031 3510 Grrecis
3056 3457 3293 3526 scripsit,
3327 3460 3448 3528 quia

1867 3561 1927 3601 se
1953 3547 2083 3600 vidit
2115 3547 2495 3616 proprietatem
2524 3545 2793 3601 sermonis
2819 3546 3112 3602 transferre
3139 3564 3242 3601 non
3269 3563 3447 3617 posse,

1869 3639 2062 3694 melius
2088 3639 2377 3693 arbitratus
2404 3646 2487 3693 est
2519 3648 2734 3705 tacere,
2763 3654 2922 3710 quam
2969 3639 3020 3693 id
3063 3656 3263 3709 ponere
3305 3641 3448 3709 quod

1867 3731 2058 3800 legenti
2088 3731 2284 3785 faceret
2312 3730 2685 3800 qumstionem.

1937 3823 1992 3877 5.
2037 3821 2116 3875 Ad
2144 3836 2432 3883 summam,
2460 3820 2618 3874 sicuti
2649 3835 2749 3874 nos
2773 3820 2824 3872 in
2857 3820 3035 3888 lingua
3066 3820 3250 3874 Latina
3283 3822 3448 3875 habe.

1869 3928 1985 3966 mus
2014 3912 2412 3980 interjectioues
2446 3909 2740 3978 quasdam,
2775 3919 2830 3962 ut
2865 3910 3172 3962 insultando
3205 3911 3449 3965 dicamus

1865 4003 1982 4064 vah,
2010 4012 2062 4054 et
2106 4001 2156 4053 in
2200 3999 2513 4052 admirando
2559 4013 2742 4069 papa,
2775 4008 2828 4052 et
2875 4000 2925 4052 in
2971 3999 3202 4054 dolendo
3233 4001 3448 4058 Iteu:el

1867 4093 2078 4163 quando
2105 4092 2376 4145 silentium
2406 4091 2653 4143 volumus
2693 4091 2968 4158 imponere
2990 4132 3003 4152 ,
3038 4091 3238 4144 strictis
3269 4091 3444 4144 dentis

1866 4183 1965 4237 bus
2002 4182 2250 4250 spiritum
2289 4189 2624 4235 coarctamus
2655 4179 2736 4249 (It)
2768 4191 2821 4235 et
2848 4181 3056 4250 agimus
3083 4190 3286 4236 tantum
3313 4183 3450 4238 sibi-

1867 4273 1974 4326 lum
1995 4313 2010 4334 ,
2041 4269 2335 4325 insonando
2359 4269 2458 4322 sitit
2487 4285 2506 4322 :
2535 4271 2604 4322 ita
2652 4270 2860 4324 Hebrzei
2894 4273 3032 4324 inter
3059 4273 3292 4342 reliquas
3324 4288 3451 4342 pro.

1866 4363 2114 4432 prietates
2144 4361 2336 4430 lingua:
2358 4374 2468 4414 sua:
2495 4359 2691 4414 habent
2720 4361 3170 4430 intcrjectionem,
3204 4373 3260 4416 ut
3279 4379 3451 4432 quau.

1864 4453 1934 4508 do
1963 4453 2149 4506 volunt
2189 4451 2470 4505 Dominum
2513 4451 2828 4520 deprecari,
2870 4453 2937 4519 (i)
2981 4463 3182 4523 ponant
3225 4455 3446 4509 verbum

1866 4545 2093 4616 petentis
2107 4544 2318 4610 aﬂectu,
2339 4551 2394 4600 et
2412 4545 2612 4611 dicant,
2638 4561 2775 4600 ANNA
2796 4545 3029 4613 Domine,
3054 4546 3194 4616 quod
3215 4547 3446 4616 Septua.

1863 4638 2006 4708 ginta
2032 4636 2300 4700 dixerunt,
2325 4654 2355 4690 o
2386 4636 2623 4692 Domine.
2654 4637 2745 4692 OSI
2775 4653 2902 4709 ergo
2928 4640 3156 4707 salvi/ica
3190 4642 3446 4707 interprev

1866 4736 2036 4792 tatur;
2071 4743 2208 4782 ANNA
2237 4728 2534 4798 interjectio
2560 4729 2898 4798 deprecantis
2926 4739 3028 4785 est.
3062 4730 3115 4784 Si
3145 4747 3208 4784 ex
3235 4729 3444 4784 duobus

1866 4819 1947 4872 his
1973 4817 2105 4872 velis
2131 4821 2486 4888 compositum
2516 4820 2735 4874 verbum
2769 4819 2945 4875 facere
2963 4861 2977 4882 ,
3009 4820 3155 4872 dices
3183 4833 3405 4872 OSIANNA
3427 4862 3443 4885 ,

1864 4910 1976 4964 sive
2012 4919 2072 4964 ut
2111 4926 2210 4964 nos
2253 4911 2551 4981 loquimur,
2582 4926 2781 4966 osanna
2803 4952 2818 4978 ,
2847 4911 3016 4964 media
3062 4909 3231 4962 vocali
3263 4909 3442 4965 littera

1863 5139 1908 5191 le
1909 5079 2009 5191 ἐιςῆ
2011 5081 2093 5189 :1.
2118 5081 2447 5142 celeberrime,
2469 5083 2650 5133 deinde
2673 5096 2762 5145 pro
2785 5081 3026 5145 legebatur
3049 5083 3164 5134 Mss.
3177 5084 3272 5134 duo
3290 5089 3447 5138 nostri

1980 5156 2055 5189 nr.

1909 5155 2257 5267 gﬁuizictorius
2288 5204 2444 5267 factus
2470 5203 2666 5267 est/rio;
2689 5209 2734 5267 et
2766 5209 2836 5253 est
2867 5203 3116 5261 mirabilis,
3145 5214 3241 5257 etc.
3267 5207 3448 5267 Sicque

1863 5262 2048 5332 habent
2069 5271 2248 5336 vetera
2278 5262 2500 5336 quaedam
2519 5262 2758 5336 l’salteria
2793 5278 2958 5336 manu_
2970 5276 3186 5336 esarata,
3211 5277 3262 5336 et
3284 5269 3338 5320 S.
3360 5262 3449 5336 Cy-

1864 5323 2065 5390 prianus
2081 5322 2114 5371 Ι.
2138 5322 2479 5390 2._:I‘es'timon.
2504 5327 2762 5390 Augustin.
2787 5338 2908 5390 vero
2929 5327 3083 5388 {actus
3106 5322 3182 5377 est
3197 5329 3258 5390 ei,
3287 5337 3383 5381 etc.

2028 5383 2163 5455 Unus
2185 5384 2273 5457 his.
2297 5386 2348 5436 in
2370 5385 2550 5436 Grecis
2573 5383 2836 5457 scripserit.

1962 5459 1977 5492 t
2026 5444 2337 5492 Ctstercnens.
2359 5447 2553 5492 duoaue
2575 5445 2656 5492 altt
2681 5448 2793 5492 Mss.
2827 5467 2836 5492 ι

1871 5505 1881 5517 ο
1931 5444 1996 5509 (lt)
2026 5444 2337 5517 Cisterciens.
2359 5447 2553 5517 duoque
2575 5445 2656 5495 alii
2674 5444 2793 5496 Mss.
2827 5455 3143 5510 coarctamus,
3162 5458 3208 5503 et
3230 5454 3446 5517 cogimus

1864 5505 2202 5566 insanandum,
2229 5507 2316 5566 ita,
2343 5516 2441 5558 etc.

1932 5565 2126 5636 (i)_Mss.
2145 5569 2239 5618 duo
2263 5565 2426 5636 proba;
2444 5575 2570 5618 nota:
2593 5575 2768 5624 ponant
2782 5569 2970 5636 uerbum
2993 5573 3270 5636 exprimens
3291 5582 3456 5636 peten-

2243 5629 2294 5682 et
2317 5630 2458 5695 paulo
2480 5638 2609 5694 post,
2637 5639 2760 5695 Ergo
2779 5631 2906 5696 quod
2929 5640 2999 5684 est
3021 5629 3122 5700 osi,
3141 5629 3355 5705 salmﬁ'ca
3375 5639 3454 5691 in-

1885 5700 2174 5758 erpretntnr.
