4048 6186
188 318 287 375 581

196 427 371 504 (Rom.
405 430 460 485 3.
485 430 597 497 20).
633 428 731 495 Et,
768 447 786 480 ο
816 427 958 483 misit
993 426 1135 483 Deus
1179 425 1345 480 illium
1390 438 1543 480 suum
1573 423 1650 494 (α)
1683 422 1765 477 fa-

185 532 336 577 ctum
364 535 431 576 ex
460 521 686 575 muliere
714 539 733 573 ι
769 518 926 591 (Gal.
966 519 1020 574 4.
1045 520 1079 573 4
1098 520 1139 588 ),
1181 518 1271 587 qui
1298 517 1571 571 destructo
1592 514 1769 570 medio

184 614 392 683 pariete
417 654 432 679 ,
464 613 590 668 fecit
620 622 840 681 utraque
866 628 1027 666 unum
1057 610 1273 684 (Ephes.
1306 610 1363 664 2.
1394 608 1474 679 2),
1505 616 1560 662 et
1586 616 1769 662 auste-

189 706 407 761 ritatem
435 704 591 775 Legis
620 705 891 774 Evangelii
930 705 1098 774 gratia
1129 704 1472 771 temperavit.
1520 700 1674 756 Unde
1716 706 1773 752 et

192 797 386 852 Paulus
413 798 477 851 ad
503 798 766 851 Ecclesias
788 796 1027 851 scribens
1056 814 1070 849 :
1105 814 1122 845 ι
1154 794 1335 871 Gratia
1368 776 1518 846 vobis
1537 833 1553 854 ,
1601 789 1771 858 inquit

192 898 245 945 et
272 905 369 958 pax
394 906 424 944 a
458 890 564 944 Deo
593 890 752 943 Patre
781 899 987 954 nostro,
1012 898 1065 942 et
1108 886 1332 940 Domino
1351 884 1475 939 Jesn
1503 884 1714 937 Christo
1744 899 1763 933 ι

192 982 213 1052 (
236 982 383 1036 Rom.
420 983 445 1035 1
472 980 491 1052 )
519 1001 532 1036 :
561 981 729 1052 gratia
752 995 870 1050 qua:
904 996 1009 1034 non
1039 995 1105 1033 ex
1144 978 1336 1031 merito
1365 976 1641 1033 retrilntta,
1671 972 1765 1027 sed

192 1087 255 1126 ex
282 1072 517 1127 dooante
546 1086 801 1126 concessa
830 1081 931 1125 est.
966 1070 1072 1123 Pax
1121 1084 1253 1123 vero
1295 1081 1397 1135 qua
1443 1063 1773 1119 reconciliati

193 1161 303 1215 Deo
332 1176 537 1224 sumus,
575 1160 832 1213 habentes
873 1158 1272 1227 propitiatorem
1323 1154 1603 1208 Dominum
1645 1166 1773 1207 nos-

190 1260 331 1306 trum
360 1252 543 1306 JeSum
572 1250 863 1314 Christum,
891 1248 979 1317 qui
1005 1246 1221 1301 donavit
1255 1245 1407 1299 nobis
1438 1245 1628 1298 delicta
1674 1257 1774 1297 no-

186 1353 301 1398 stra
324 1361 339 1407 ;
364 1353 421 1398 et
448 1342 648 1397 delevit
672 1339 1083 1410 chirographum
1110 1338 1321 1398 mortis,
1340 1335 1479 1406 quod
1510 1344 1625 1389 erat
1643 1348 1774 1387 con-

186 1442 268 1487 tra
300 1446 426 1497 nos,
455 1432 675 1502 affigens
706 1431 834 1485 illud
864 1431 1009 1484 cruci
1039 1445 1057 1482 :
1082 1438 1135 1483 et
1158 1427 1489 1497 principatus
1535 1436 1589 1479 et
1624 1433 1777 1494 pote-

186 1531 358 1577 States
388 1521 514 1575 fecit
556 1521 810 1581 ostentui,
854 1518 1187 1587 triumphans
1221 1531 1315 1571 eas
1355 1518 1406 1569 in
1451 1516 1611 1585 ligno.
1647 1515 1777 1581 Qua:

188 1626 367 1669 autem
383 1613 556 1680 major
574 1620 746 1679 potest
766 1624 887 1664 esse
904 1609 1207 1673 clementia,
1226 1622 1385 1676 quam
1406 1616 1461 1659 ut
1480 1605 1640 1659 Filius
1661 1605 1774 1670 Dei,

189 1696 426 1760 hominis
452 1702 618 1756 Filius
656 1701 731 1773 (ὁ)
755 1699 1103 1755 nasceretur?
1124 1697 1309 1751 decem
1335 1696 1594 1750 mensium
1627 1694 1775 1747 fasti—

188 1797 277 1852 dia
302 1792 634 1849 sustineret?
664 1802 847 1860 partus
886 1796 1222 1858 exspectaret
1255 1786 1581 1841 adventum?
1607 1783 1775 1837 invol-

188 1894 406 1941 veretur
429 1882 619 1953 pannis
633 1884 658 1934 ἲ
679 1880 1033 1949 sulijiceretur
1050 1876 1359 1946 parentibus
1380 1877 1402 1926 ?
1424 1890 1519 1944 per
1538 1874 1776 1943 singulas

188 1976 434 2032 adoleret
460 1983 643 2027 aetates
667 1972 692 2025 .’
720 1971 788 2025 Et
816 1978 938 2039 post
966 1966 1319 2024 contumelias
1345 1981 1561 2027 vocum,
1593 1966 1775 2034 alapas

188 2078 247 2124 et
269 2068 493 2139 flagella,
513 2066 687 2120 crucis
708 2078 918 2134 quoque
939 2078 1037 2132 pro
1061 2061 1214 2115 nobis
1232 2059 1384 2113 fieret
1410 2056 1774 2121 maledictum,

186 2170 253 2214 ut
285 2173 381 2213 nos
404 2174 432 2211 a
468 2154 749 2211 maledicto
769 2155 901 2225 legis
937 2153 1258 2213 absolveret,
1286 2151 1425 2205 Patri
1449 2151 1616 2203 factus
1640 2149 1775 2202 obe-

187 2249 348 2304 diens
375 2262 541 2317 usque
571 2245 637 2300 ad
666 2256 892 2300 mortem
916 2258 935 2297 :
960 2253 1015 2298 et
1036 2242 1087 2297 id
1116 2257 1279 2309 onere
1299 2241 1609 2310 compleret,
1635 2237 1775 2308 quod

184 2350 321 2395 ante
341 2354 404 2392 ex
430 2350 656 2407 persona
677 2335 987 2391 mediatoris
1007 2328 1176 2387 fuerat
1196 2324 1539 2400 deprecatus,
1566 2329 1773 2383 dicens:

196 2451 216 2485 ι
251 2433 410 2488 Pater
437 2432 579 2497 volo,
609 2441 666 2483 ttt
691 2428 960 2499 quomodo
984 2443 1083 2497 ego
1108 2436 1162 2480 et
1187 2436 1241 2480 tu
1266 2441 1427 2479 ttnum
1468 2422 1489 2496 [
1515 2423 1585 2477 al.
1608 2420 1776 2493 idem]

193 2540 400 2590 sumus,
436 2525 505 2578 ita
524 2535 577 2579 et
606 2524 691 2577 isti
720 2524 769 2576 in
793 2522 946 2575 nobis
973 2536 1133 2574 unum
1160 2521 1264 2574 sint
1297 2538 1316 2571 ι
1346 2518 1525 2588 (Joan.
1550 2518 1635 2571 17.
1661 2516 1776 2586 92).

195 2618 344 2688 Ergo
419 2617 523 2687 71
599 2616 720 2684 quia
752 2614 817 2666 ad
848 2615 947 2666 hoc
977 2622 1230 2674 venerat,
1260 2621 1315 2663 ut
1346 2610 1485 2681 quod
1512 2598 1647 2673 erat,
1680 2609 1780 2661 im-

193 2708 454 2780 possibile
475 2706 649 2776 I.egis,
669 2704 790 2775 quia
812 2718 969 2758 nemo
987 2718 1049 2756 ex
1068 2717 1128 2756 ea
1144 2701 1557 2771 justificabatur,
1588 2698 1777 2754 ineffa-

195 2800 288 2855 bili
305 2790 668 2853 misericordia
699 2797 956 2857 vinceret,
980 2794 1295 2863 publicanos
1315 2802 1368 2847 et
1383 2800 1690 2861 peccatores
1710 2790 1776 2843 ad

196 2891 564 2958 penitentiam
586 2884 1234 2957 provocabat.convivium
1256 2898 1466 2952 quoque
1479 2897 1662 2936 eorum
1681 2896 1777 2935 ex-

196 2974 497 3053 petens,'ut
535 2972 587 3033 in
610 2977 863 3033 convivio
889 2975 1212 3029 docerentur
1238 2995 1250 3029 :
1280 2974 1416 3027 sicut
1442 2972 1779 3026 manifestum

197 3089 320 3130 esse
344 3071 543 3141 poterit
562 3071 630 3133 ei,
660 3070 748 3139 qui
772 3068 1060 3137 Evangelia
1087 3067 1310 3121 sollicita
1340 3075 1517 3120 mente
1541 3066 1782 3135 perlege-

196 3165 290 3231 rit,
318 3161 585 3234 quomodo
606 3170 661 3215 et
683 3161 834 3214 cibus
859 3159 978 3227 ejus
1007 3166 1061 3212 et
1086 3168 1271 3226 potus,
1306 3165 1360 3210 et
1398 3155 1777 3219 deambulatio,

196 3265 256 3313 et
282 3256 524 3309 universa
552 3268 670 3322 qua:
701 3251 866 3320 gessit
896 3250 947 3302 in
977 3262 1226 3316 corpore,
1250 3247 1478 3301 salutem
1506 3246 1780 3299 hominum

195 3345 559 3418 procurarint.
591 3342 704 3397 Hoc
725 3342 969 3394 videntes
994 3338 1196 3393 Scriba:
1218 3348 1270 3392 et
1293 3337 1567 3400 Plitﬂ'iStl‘i,
1592 3336 1781 3389 adver-

198 3452 295 3492 sus
325 3436 517 3505 Legem
538 3450 662 3489 eum
693 3433 867 3487 facere
895 3430 1146 3485 dicebant
1172 3447 1184 3481 :
1224 3448 1242 3482 ι
1273 3429 1410 3483 Ecce
1440 3430 1597 3481 homo
1620 3443 1782 3482 vorax

196 3540 255 3584 et
279 3528 385 3581 vini
412 3536 639 3597 potator,
667 3524 869 3579 amicus
892 3522 1291 3592 publicanorum
1316 3531 1365 3574 et
1398 3529 1733 3589 peccatorum
1759 3537 1777 3570 ι

200 3619 437 3691 (Matth.
487 3616 701 3688 11.19)
766 3616 898 3671 Nam
951 3624 1073 3669 ante
1119 3612 1573 3682 reprehenderant
1618 3626 1783 3680 quare

199 3721 414 3767 curaret
437 3710 491 3763 in
511 3709 765 3763 sabbatis.
798 3708 1054 3760 Dominus
1093 3719 1260 3776 ergo,
1309 3715 1365 3758 ut
1413 3704 1551 3757 hanc
1595 3718 1781 3758 eorum

198 3802 599 3857 accusationem
628 3799 879 3854 clementi
910 3799 1120 3852 ratione
1146 3806 1454 3867 superaret,
1491 3806 1597 3849 tres
1626 3811 1783 3865 para-

200 3894 360 3949 bolas
390 3892 710 3963 proposuit:
743 3906 773 3944 e
803 3890 998 3957 quibus
1024 3905 1125 3942 una
1148 3897 1249 3953 est,
1281 3890 1563 3957 nonaginta
1593 3903 1783 3941 novem

199 3984 383 4039 ovium
413 3982 467 4035 in
495 3979 763 4033 montibus
784 3978 1113 4043 relictarum,
1138 3986 1188 4031 et
1216 3979 1371 4031 unius
1395 3977 1636 4045 perditae,
1665 3992 1785 4042 qua:

197 4071 444 4144 pastoris
472 4067 714 4122 humeris
757 4076 839 4120 est
866 4076 1097 4120 revecta.
1142 4066 1257 4118 Alia
1292 4066 1595 4130 draclimm,
1627 4080 1784 4134 quam

198 4165 403 4221 mulier
428 4174 659 4216 accenso
685 4158 885 4212 lumine
908 4157 1239 4227 perquisivit,
1266 4166 1318 4211 et
1348 4157 1560 4210 inventa
1593 4172 1677 4223 ea,
1704 4156 1785 4209 vi-

199 4256 356 4312 cinas
381 4251 450 4306 ad
479 4250 722 4305 laztitiam
753 4248 1102 4312 convocavit,
1127 4247 1349 4302 dicens:
1401 4264 1419 4298 ε
1449 4246 1788 4316 Congratula-

200 4348 336 4405 mini
355 4336 508 4410 mihi,
527 4343 650 4413 quia
682 4340 857 4395 inveni
887 4340 1195 4393 drachmam
1215 4353 1370 4407 quam
1401 4338 1734 4409 perdideram
1762 4357 1782 4389 ι

204 4440 226 4507 (
249 4440 373 4493 Luc.
406 4438 497 4493 15.
528 4435 625 4504 9).
656 4432 836 4489 Tertia
866 4446 997 4486 vero
1022 4432 1247 4485 duorum
1275 4429 1505 4485 filiorum
1527 4470 1541 4497 ,
1565 4428 1632 4484 de
1660 4445 1785 4500 qua,

208 4542 269 4587 ut
295 4530 625 4600 disputarem
656 4538 843 4596 pauca,
867 4521 1093 4593 iussisti.

278 4624 331 4680 3.
366 4622 434 4678 Et
461 4620 529 4676 de
558 4633 658 4674 ove
687 4616 928 4689 quidem,
958 4629 1023 4670 ac
1048 4612 1301 4669 drachma
1322 4655 1336 4681 ,
1366 4612 1494 4668 licet
1525 4612 1593 4667 ad
1624 4628 1788 4668 unum

206 4715 513 4788 pertineant
540 4710 893 4775 intellectum,
923 4722 1027 4763 non
1049 4716 1131 4763 est
1153 4706 1307 4762 istius
1325 4707 1581 4777 temporis
1603 4706 1786 4775 dispu-

208 4809 341 4864 tatio
364 4824 380 4874 ;
409 4806 512 4862 hoc
535 4813 740 4860 tantum
760 4801 963 4858 dixisse
986 4799 1236 4864 sufficiat,
1259 4800 1329 4854 ob
1354 4798 1405 4854 id
1435 4798 1532 4854 has
1559 4799 1780 4868 parabo-

206 4901 289 4957 las
314 4913 436 4955 esse
460 4895 781 4971 propositas,
817 4902 877 4949 ut
903 4891 1172 4965 quomodo
1195 4891 1267 4946 ibi
1291 4891 1344 4945 in
1370 4891 1675 4946 inventione
1698 4906 1789 4960 pe-

205 4990 357 5047 coris
382 4997 437 5042 et
454 4988 717 5047 drachma:
738 4986 921 5042 ltetitia
948 4992 1030 5039 est
1051 4984 1395 5053 Angelorum,
1425 4991 1481 5037 et
1508 4984 1646 5037 circa
1670 4998 1787 5036 ma-

207 5078 455 5136 nentium
489 5077 818 5131 vicinarum:
867 5076 947 5130 sic
985 5076 1038 5129 in
1086 5074 1489 5144 publicanorum
1538 5085 1787 5141 peceato-

206 5183 437 5238 rumqne
488 5167 793 5236 paenitentia
816 5207 832 5231 ,
860 5164 1101 5219 omnium
1132 5163 1329 5218 debere
1355 5177 1474 5216 esse
1517 5161 1783 5228 laetitiam,
1874 5178 1879 5181 ·

206 5261 401 5332 quibus
449 5274 555 5313 non
603 5266 689 5312 est
726 5255 1029 5312 necessaria
1070 5254 1402 5321 poenitentia.
1444 5250 1598 5306 Unde
1623 5251 1787 5305 vehe-

273 5393 678 5461 (a)_Ci_sterciens.
704 5391 793 5461 his.
820 5396 1058 5461 commate
1082 5388 1262 5449 frictum
1284 5398 1348 5435 ea:
1370 5384 1570 5435 muliere
1592 5388 1786 5445 omisso,

202 5449 452 5505 subsiituit
476 5467 692 5515 sequens
721 5454 900 5514 factum
920 5451 1009 5515 sua
1031 5449 1149 5515 lege.

272 5516 332 5583 [0)
360 5518 454 5565 Pro
478 5506 757 5583 nasceretur
782 5506 1183 5583 Mss._Codd.'duo
1205 5506 1626 5583 putaretttr._littnc
1649 5520 1788 5583 porro

202 5569 358 5629 locum
386 5592 447 5626 ex
488 5576 789 5637 Hieronymo
811 5578 1001 5634 recitat,
1027 5569 1347 5637 atqueurget
1370 5569 1657 5637 Agobardns
1677 5582 1789 5637 eon-

201 5627 271 5689 tra
296 5636 646 5701 Feliceurcap.
673 5627 750 5687 10.
767 5637 858 5687 sed
880 5627 1053 5686 vitiose
1072 5627 1199 5697 apud
1222 5627 1334 5683 etim
1350 5627 1589 5683 dentetttia
1606 5627 1788 5692 legitur

199 5714 283 5763 pro
305 5699 578 5751 clementia.

1567 294 1897 353 EPISTULA
1938 293 2079 351 XXI.

3350 300 3458 373 sas

1882 431 2091 477 menter
2117 421 2388 489 admiror,
2420 422 2809 479 Tertullianum
2840 426 2891 480 in
2920 442 2985 482 eo
3011 428 3170 495 libro,
3196 444 3355 500 quem
3385 432 3454 490 de

1877 514 2134 569 Pudicitia
2161 515 2443 569 adversum
2473 516 2848 586 penitentiam
2879 519 3122 588 scripsit,
3154 531 3209 576 et
3232 533 3454 578 senten-

1881 607 2005 662 tiam
2021 620 2275 674 veterem,
2291 624 2428 663 nova
2444 610 2694 676 Opinione
2709 609 3078 675 dissolvit,hoc
3097 614 3325 670 voluisse
3341 631 3458 671 sen-

1880 699 2083 769 tire,(r)
2100 702 2240 770 quod
2261 702 2529 756 Publicani
2546 711 2597 756 et
2620 710 2949 770 peccatores,
2978 702 3066 771 qui
3088 718 3206 756 cum
3232 706 3456 762 Domino

1879 792 2272 851 vescebantur,
2322 791 2536 845 Ethnici
2587 792 2825 857 fuerint,
2879 791 3091 846 dicente
3145 782 3457 861 Scriptura:

1885 901 1904 934 t
1937 882 2051 936 Non
2083 884 2186 937 erit
2216 884 2436 953 vectigal
2467 883 2706 952 pendens
2736 899 2799 937 ex
2830 882 2992 937 Israel
3018 881 3037 954 (
3064 881 3215 936 Deut.
3246 884 3334 938 2'5.
3368 886 3456 939 l8.

1880 974 2155 1027 secundum
2187 973 2337 1028 LXX
2366 977 2423 1041 ):
2454 976 2603 1045 quasi
2633 991 2759 1030 vero
2788 984 2843 1029 et
2887 975 3189 1041 Matthatns,
3239 992 3342 1031 non
3390 993 3454 1033 ex

1878 1064 2302 1121 Circumcisione
2327 1067 2482 1120 fuerit
2504 1066 2844 1130 Publicanus,
2869 1074 2923 1120 et
2952 1066 3043 1120 ille
3062 1068 3150 1135 qui
3173 1082 3293 1121 cum
3322 1067 3462 1121 Pha-

1885 1154 2045 1208 risaeo
2076 1155 2127 1207 in
2160 1155 2386 1224 Temple
2416 1171 2593 1218 orans,
2626 1157 2810 1210 oculos
2836 1156 2901 1209 ad
2932 1157 3126 1212 coelum
3158 1171 3260 1210 non
3292 1158 3462 1212 aude-

1881 1246 1969 1300 bat
1996 1248 2225 1318 erigere,
2258 1264 2365 1302 non
2398 1264 2460 1303 ex
2488 1246 2652 1303 Israel
2677 1248 2835 1303 fuerit
2860 1250 3180 1304 Publicanus
3203 1268 3215 1303 :
3240 1258 3331 1304 aut
3354 1264 3460 1305 non

1883 1338 2057 1393 Lucas
2080 1348 2341 1394 memoret
2372 1358 2386 1393 :
2426 1358 2444 1391 t
2479 1341 2544 1394 Et
2570 1342 2743 1395 omnis
2768 1341 2992 1410 populus
3008 1341 3248 1399 audiens.
3279 1350 3333 1396 et
3354 1341 3463 1395 Pu—

1884 1426 2079 1482 blicani
2093 1428 2516 1497 justificaverunt
2538 1430 2726 1493 Deum,
2748 1430 2995 1499 baptizati
3019 1430 3461 1499 baptismoloan-

1884 1519 1967 1574 nis
1991 1538 2010 1571 ι
2046 1518 2196 1588 (Luc.
2220 1520 2272 1573 7.
2291 1519 2537 1589 29.);ant
2564 1522 2811 1587 cuiquam
2830 1521 3087 1575 credibile
3111 1519 3462 1589 possitvideri

1884 1609 2171 1664 Etlmicum
2227 1609 2511 1678 Templum
2586 1611 2691 1680 72
2767 1611 3101 1679 ingressum,
3148 1620 3242 1664 aut
3272 1610 3456 1664 Domi-

1883 1714 2009 1752 num
2038 1714 2158 1752 cum
2190 1698 2430 1752 Etltnicis
2478 1699 2728 1753 habuisse
2753 1700 3076 1764 convivium,
3106 1716 3226 1754 cum
3266 1700 3316 1752 id
3344 1715 3461 1753 ma-

1882 1788 2023 1842 xime
2049 1798 2282 1851 caveret,
2301 1804 2367 1842 ne
2389 1788 2581 1859 Legem
2603 1790 2811 1843 solvere
2838 1790 3136 1844 videretur:
3156 1799 3208 1843 et
3234 1791 3462 1858 primum

1881 1878 2089 1933 venerit
2138 1878 2202 1932 ad
2243 1894 2373 1933 oves
2415 1879 2647 1949 perditas
2685 1881 2877 1935 domus
2906 1880 3104 1945 Israel;
3142 1879 3464 1937 Chanantea:

1881 1987 2095 2041 quoque
2140 1971 2447 2042 deprecanti
2502 1989 2597 2043 pro
2644 1973 2815 2028 salute
2865 1974 3021 2039 liliaz,
3064 1976 3402 2044 responderit
3444 1993 3459 2029 :

1889 2081 1907 2114 ι
1933 2062 2049 2117 Non
2080 2072 2289 2132 oportet
2319 2063 2509 2118 tollere
2550 2079 2738 2133 panem
2776 2063 3004 2118 filiorum
3027 2107 3043 2130 ,
3092 2075 3145 2119 et
3173 2064 3304 2120 dare
3338 2080 3461 2120 eum

1883 2156 2127 2210 canibus.
2154 2157 2218 2209 Et
2246 2156 2373 2210 alibi
2400 2156 2681 2225 discipulis
2708 2158 3019 2225 prteceperit
3046 2174 3059 2207 :
3092 2156 3147 2208 In
3173 2157 3309 2209 viatn
3332 2171 3463 2225 gen-

1884 2247 2015 2300 tium
2046 2262 2113 2300 ne
2141 2247 2412 2313 abieritis,
2452 2256 2507 2301 et
2548 2248 2599 2301 in
2627 2247 2867 2301 civitates
2905 2247 3358 2301 Samaritanorum
3395 2262 3465 2301 ne

1883 2337 2209 2391 intraveritis
2240 2341 2257 2407 (
2284 2338 2469 2390 Matth.
2506 2337 2589 2392 l0.
2618 2338 2711 2406 5).
2745 2337 2824 2391 Ex
2850 2338 3042 2407 quibus
3066 2338 3315 2391 omnibus
3334 2339 3462 2392 edo-

1886 2445 2074 2485 cemur
2095 2471 2107 2493 ,
2140 2430 2193 2483 in
2221 2430 2551 2497 Publicanis,
2584 2445 2688 2485 non
2722 2441 2824 2483 tam
2854 2430 3163 2493 Gentilium,
3187 2446 3345 2499 quam
3368 2446 3466 2501 ge-

1884 2524 2143 2579 neraliter
2171 2525 2407 2577 omnintn
2439 2534 2782 2593 peccatorum
2806 2565 2820 2588 ,
2856 2523 2904 2577 id
2936 2532 3038 2585 est,
3087 2525 3176 2592 qui
3214 2539 3369 2577 erant
3413 2533 3467 2577 et

1883 2616 1950 2670 de
1976 2616 2260 2681 Gentibus,
2289 2624 2343 2671 et
2380 2617 2447 2671 de
2486 2616 2685 2671 Jttdrt-is
2708 2657 2721 2678 ,
2766 2617 2933 2685 accipi
2983 2622 3138 2685 pbsse
3186 2631 3461 2685 personas.

1887 2707 1979 2761 Ille
2007 2718 2183 2760 autem
2209 2707 2297 2776 qui
2329 2704 2421 2779 [aL
2453 2706 2593 2779 quia}
2630 2707 2776 2775 juxta
2807 2707 3020 2760 insanas
3044 2717 3097 2761 et
3126 2707 3463 2774 blasphemas

1886 2796 2111 2852 feminas
2143 2813 2288 2857 suas.
2319 2798 2368 2851 id
2399 2797 2664 2867 dogmatis
2694 2798 3035 2863 defendebat,
3069 2815 3176 2866 quo
3202 2798 3466 2851 Christia-

1885 2904 1982 2944 nos
2012 2889 2176 2944 nollet
2199 2889 2426 2958 rt'cipit-e
2470 2890 2811 2959 ptenitentes,
2842 2889 3039 2943 frustra
3070 2897 3467 2958 argumentatus

1885 2990 1989 3046 est,
2025 2982 2347 3057 Publicanos
2376 2978 2590 3036 Inda-es
2612 2998 2719 3035 non
2740 2982 2937 3057 :fttisse,
2972 2982 3100 3034 utin
3129 2994 3352 3049 persona
3375 2996 3467 3034 eo-

1885 3087 2006 3126 rum
2029 3071 2319 3126 Gentilium
2349 3080 2551 3125 tantnm
2578 3072 2803 3141 populus
2828 3073 2994 3140 possit
3019 3071 3261 3141 intelligi.
3286 3071 3468 3139 Itaque

1887 3178 1955 3216 ne
1984 3162 2198 3231 longum
2228 3161 2417 3215 faciam
2440 3203 2453 3223 ,
2486 3162 2597 3230 ipsa
2629 3161 2903 3228 Evangelii
2939 3160 3094 3215 verba
3129 3176 3418 3230 proponam
3450 3177 3466 3224 ;

1888 3263 1942 3309 et
1982 3254 2033 3307 in
2063 3252 2276 3306 modum
2318 3253 2724 3318 commentarii,
2755 3250 2881 3320 quid
2909 3249 3038 3304 mihi
3079 3250 3326 3305 videatur
3348 3290 3364 3316 ,
3395 3250 3463 3305 ad

1887 3345 2093 3415 singula
2121 3359 2346 3415 qua-que
2370 3344 2703 3398 subnectam.

1958 3440 2012 3494 4.
2046 3438 2214 3492 llomo
2241 3439 2447 3506 quidam
2474 3438 2682 3491 habebat
2713 3437 2840 3490 duos
2870 3434 3042 3504 ﬁlios(
3068 3434 3193 3491 Luc.
3220 3436 3307 3491 15.
3341 3437 3397 3490 11
3422 3434 3463 3505 ).

1890 3520 2171 3584 ilominem
2207 3531 2367 3582 Deum
2395 3527 2521 3591 dici,
2556 3524 2735 3581 multis
2768 3527 3085 3581 testimoniis
3106 3527 3465 3596 approbatur,

1889 3630 1945 3674 ut
1977 3621 2047 3674 ibi
2082 3638 2095 3674 :
2132 3638 2151 3671 α
2188 3619 2419 3673 Duorum
2451 3619 2723 3673 hominum
2758 3618 3117 3673 testimooium
3150 3632 3332 3671 verum
3364 3627 3466 3671 est.

1890 3711 2001 3781 Ego
2018 3713 2085 3765 de
2112 3727 2198 3765 me
2229 3712 2587 3765 testimonium
2622 3710 2761 3774 dico,
2790 3720 2844 3763 et
2870 3709 3028 3763 Pater
3054 3710 3141 3778 qui
3166 3724 3251 3763 me
3278 3708 3420 3761 misit
3438 3718 3465 3759 ⁷»

1894 3803 2089 3875 (Joan.
2122 3803 2210 3857 10.
2247 3804 2332 3856 17.
2368 3804 2502 3867 18).
2537 3802 2594 3856 In
2624 3802 2723 3854 alia
2754 3800 3000 3869 parabola
3032 3799 3237 3858 Pastor.
3279 3800 3330 3851 in
3367 3799 3470 3853 alia

1892 3896 2281 3967 paterfamilias
2316 3904 2685 3963 nuncupatur,
2728 3892 2780 3945 in
2812 3891 2912 3943 alia
2959 3890 3170 3942 vineam
3214 3889 3387 3952 locat,
3418 3888 3470 3942 in

1889 3988 1990 4041 alia
2021 3986 2206 4039 imitat
2234 3984 2298 4038 ad
2324 3978 2553 4053 nuptias,
2578 3992 2629 4036 et
2649 3982 2875 4037 diversis
2897 3979 3334 4035 similitudinibus
3355 3993 3471 4033 rem

1891 4080 2157 4150 significat
2182 4076 2448 4138 eamdem,
2475 4088 2531 4129 ut
2548 4075 2852 4129 Judacornm
2876 4072 3177 4142 superbiam
3200 4058 3469 4139 reprobel:

1891 4179 1946 4224 et
1974 4171 2026 4222 in
2054 4166 2321 4222 communi
2349 4166 2584 4219 omnium
2610 4174 2946 4232 peccatorum
2971 4204 2985 4223 ,
3015 4163 3126 4216 sive
3155 4160 3470 4225 Gentilium,

1892 4260 2005 4313 sive
2050 4256 2407 4311 Israelitarum
2450 4255 2819 4324 paenitentiam
2865 4254 3071 4322 probet.
3112 4252 3265 4319 Quod
3295 4260 3472 4306 autem

1891 4349 1987 4414 ait,
2011 4349 2139 4401 duo:
2166 4348 2318 4415 ﬁlios,
2350 4360 2540 4400 omnes
2564 4360 2698 4414 pene
2725 4344 3017 4413 Scriptura:
3039 4343 3106 4398 de
3132 4344 3358 4398 duorum
3377 4357 3474 4399 vo-

1892 4441 2104 4496 catione
2133 4440 2450 4509 pepulorum
2479 4427 2652 4509 plena:
2680 4446 2806 4491 sunt
2829 4437 3194 4491 sacramentis.

1873 4548 1880 4556 '
1965 4534 2025 4589 5.
2054 4550 2073 4583 ι
2103 4530 2179 4586 Et
2198 4531 2331 4586 dixit
2363 4530 2439 4585 illi
2464 4520 2890 4585 adolescentior:
2922 4528 3079 4584 Pater
3101 4528 3166 4582 da
3196 4528 3325 4583 mihi
3351 4543 3475 4599 por-

1895 4624 2095 4679 tionem
2140 4622 2487 4689 substantiae,
2539 4636 2658 4692 qua:
2704 4636 2790 4676 me
2834 4620 3112 4691 contingit.
3146 4639 3167 4673 ι
3210 4619 3474 4675 Substan-

1896 4715 1967 4769 tia
1996 4714 2087 4769 Dei
2117 4721 2221 4781 est,
2249 4728 2410 4769 omne
2435 4713 2576 4783 quod
2600 4712 2848 4776 vivimus,
2872 4711 3131 4781 sapimus,
3155 4709 3473 4778 cogitamus,

1896 4811 1951 4865 in
1979 4808 2140 4864 verba
2174 4807 2591 4878 prorumpimns.
2634 4804 2758 4859 Haac
2790 4804 2932 4859 Deus
2957 4800 3234 4872 aequaliter
3262 4800 3478 4852 univer-

1895 4899 1971 4953 sis
1997 4907 2052 4953 et
2080 4899 2132 4952 in
2160 4912 2444 4953 commune
2474 4892 2824 4965 largitus'est,
2855 4891 3192 4961 Evangelista
3221 4887 3435 4942 dicente
3458 4906 3472 4941 :

1900 5007 1919 5040 ι
1950 4988 2080 5043 Erat
2108 4989 2198 5042 lux
2232 5004 2376 5051 vera,
2407 5003 2525 5054 quae
2556 4986 2824 5039 illuminat
2850 4995 3064 5035 onmem
3095 4978 3364 5033 hominem
3387 4993 3474 5032 ve-

1892 5082 2129 5136 nientem
2160 5082 2214 5133 in
2256 5080 2396 5133 hunc
2436 5077 2689 5132 mundum
2725 5095 2745 5129 ι
2795 5072 2997 5145 (Joan.
3028 5072 3079 5125 1.
3112 5071 3208 5140 9).
3236 5071 3343 5125 Iste
3383 5079 3466 5125 est.

1875 5356 1879 5359 -
1946 5323 2024 5432 Rc)
2049 5317 2331 5369 Tertulliani
2352 5315 2485 5365 locus
2498 5314 2581 5362 lib.
2606 5314 2669 5363 de
2687 5311 3070 5381 Pudicit.cap.9.
3094 5307 3473 5369 esthujusmodl,

1899 5402 1921 5429 ι
1989 5392 2041 5431 ut
2056 5384 2095 5429 si
2121 5383 2229 5432 quis
2250 5379 2440 5426 dubitat
2475 5376 2693 5425 ethnicos
2729 5376 2878 5423 fuisse
2914 5371 3195 5432 ptthlmanos
3228 5369 3351 5432 apud
3380 5369 3473 5432 du-

1989 5369 2041 5431 u't
2056 5384 2095 5429 si
2121 5383 2229 5443 quis
2250 5379 2440 5443 dubitat
2475 5376 2693 5443 ethnicos
2729 5376 2878 5443 fuisse
2914 5369 3195 5443 I‘Pjhlicanos
3228 5369 3351 5443 apud
3379 5369 3473 5443 du-

1890 5430 2042 5495 daaam
2078 5430 2351 5500 usurlatam
2384 5439 2482 5501 jam
2529 5430 2972 5501 pridemgPomneii
3001 5448 3163 5501 manu,
3197 5430 3344 5501 atque
3376 5430 3473 5479 Lu-

1892 5507 2024 5565 culli,
2052 5504 2189 5565 legat
2198 5496 2639 5565 'Deutet‘onornium
2666 5514 2677 5548 :
2702 5498 2807 5548 Non
2822 5498 2922 5565 erit
2940 5496 3145 5565 vectigal
3164 5496 3388 5565 pendens
3408 5506 3475 5542 ex

1890 5558 2021 5615 ﬁliis'
2044 5558 2212 5614 Israel.
2237 5581 2257 5607 ι
2288 5559 2499 5623 Voculas
2527 5567 2689 5609 tamen
2728 5573 2791 5611 ea:
2831 5558 2945 5623 ﬁliis
2982 5561 3027 5607 in
3052 5559 3143 5607 hoc
3164 5558 3474 5623 Deu_ter_ono~

1890 5630 1972 5677 mii
2011 5627 2117 5675 loco
2140 5625 2332 5675 codices
2350 5622 2711 5685 Hieronymiani
2746 5616 2843 5672 non
2867 5621 3058 5686 legunt,
3092 5620 3282 5671 tametsi
3306 5616 3476 5666 Victo-

1892 5692 1993 5738 rius
2014 5688 2266 5738 addiderit.

1892 5692 1993 5739 rius
2014 5688 2266 5738 addiderit.
