4048 6186
580 275 690 331 383

585 397 776 451 dexter
813 390 1019 455 oculus,
1048 387 1186 457 quia
1224 379 1490 436 scandalis
1513 375 1875 432 observandus
1895 384 2015 430 cst:
2044 375 2161 431 haec

586 489 807 544 lucerna
831 481 1068 552 corporis
1095 494 1111 532 ε
1143 482 1245 530 hoc
1282 475 1538 528 talentum
1570 470 1712 541 quod
1747 486 1852 524 non
1891 481 1971 524 est
2001 471 2053 522 in
2079 485 2169 522 su-

588 580 741 632 dario
770 570 1146 641 eolligaudum,
1175 568 1226 621 id
1251 575 1333 620 est
1351 605 1367 630 ,
1391 564 1616 618 delicate
1636 563 1917 630 otioseque
1937 570 2166 614 tractatio

588 669 714 723 dum
739 685 752 727 ;
787 678 881 715 nec
910 664 960 713 in
991 670 1128 712 terra
1160 655 1566 721 defodiendum,
1592 654 1823 708 terrenis
1845 651 2054 706 scilicet
2071 665 2165 705 co-

581 755 929 826 gitationibus
955 750 1373 806 obscurandum.

653 849 760 919 73
833 847 885 900 6.
915 845 1012 910 Qui
1037 843 1205 896 divisit
1234 843 1305 895 eis
1325 838 1677 894 substantiam.
1699 834 2094 906 Signiﬁcantius
2114 835 2167 888 in

581 943 772 998 (ἔπιεεο
799 937 996 1007 legitur
1040 940 1205 988 suam
1241 938 1401 993 αὐτοῖς
1426 941 1506 986 τόν
1537 941 1668 1001 βίον,
1698 928 1748 982 id
1777 938 1883 991 est,
1914 927 2062 981 dedit
2090 926 2168 980 eis

581 1035 807 1090 liberum
834 1028 1143 1089 arbitrium,
1171 1024 1321 1076 dedit
1345 1022 1541 1076 mentis
1578 1019 1810 1088 propria:
1843 1018 2164 1080 libertatem,

583 1136 635 1178 et
675 1133 733 1176 ut
772 1123 977 1176 viveret
1004 1115 1374 1184 unusquisque
1424 1128 1530 1165 non
1557 1127 1624 1164 ex
1671 1109 1898 1177 imperio
1930 1107 2024 1160 Dei
2072 1104 2165 1160 sed

583 1213 840 1277 uiquio
863 1225 976 1268 suo,
1005 1207 1053 1259 id
1073 1217 1174 1264 est,
1197 1220 1299 1256 non
1324 1218 1387 1256 ex
1408 1202 1744 1262 inuecssitate,
1775 1198 1865 1250 sed
1889 1212 1952 1250 ex
1973 1195 2163 1248 volunv

587 1321 713 1368 tate,
767 1317 824 1358 ut
856 1306 1021 1356 virtus
1063 1301 1284 1353 haberet
1313 1299 1509 1354 locum,
1553 1302 1609 1346 ut
1638 1308 1665 1344 a
1693 1291 1903 1346 caeteris
1919 1291 2166 1343 animan-

585 1401 728 1453 tibus
755 1399 1100 1455 distaretnus,
1128 1391 1254 1442 dum
1277 1387 1342 1440 ad
1364 1377 1676 1452 exemplum
1703 1383 1815 1445 Dei,
1847 1381 2166 1449 permiSsum

583 1501 666 1544 est
696 1489 850 1544 nobis
878 1486 1057 1540 lacere
1083 1481 1228 1552 quod
1253 1480 1500 1533 velimus.
1527 1475 1677 1531 Unde
1699 1475 1824 1528 etin
1857 1481 2167 1541 peccatores

584 1597 798 1651 :equum
824 1577 1110 1647 judicium,
1133 1583 1189 1626 et
1215 1572 1268 1625 in
1294 1578 1514 1623 sanctos
1540 1567 1785 1634 etjustos
1803 1564 2006 1632 justum
2032 1577 2168 1631 prte-

586 1673 752 1726 mium
783 1668 1168 1722 retribueretur
1196 1661 1311 1734 [a|.
1344 1661 1644 1713 retribuetur
1658 1655 1700 1726 ].

658 1765 713 1817 7.
746 1759 1009 1825 Quomodo
1031 1770 1202 1809 sumus
1218 1769 1328 1808 tum
1351 1750 1478 1813 Deo,
1501 1749 1576 1802 vel
1601 1748 1664 1800 ab
1685 1763 1742 1800 eo
1771 1743 2168 1799 discedimus.—

593 1855 658 1908 Et
689 1869 788 1905 non
814 1860 922 1919 post
940 1849 1124 1900 multos
1145 1845 1270 1907 dies,
1294 1842 1516 1895 collectis
1533 1838 1785 1900 omnibus,
1806 1835 2169 1888 adolescentior

589 1948 728 2014 [ilius
774 1957 977 2012 peregre
1000 1940 1257 2007 profectus
1284 1945 1356 1988 est
1383 1935 1433 1986 in
1457 1933 1710 2002 regionem
1738 1930 2083 1998 longinquam.
2111 1925 2165 1979 Si

591 2042 732 2096 Deus
757 2036 954 2092 caelum
982 2041 1127 2086 tenet
1156 2029 1353 2098 palmo,
1381 2035 1435 2080 et
1461 2036 1656 2078 terram
1685 2022 1882 2092 pugillo
1907 2037 1920 2072 :
1952 2029 2006 2073 et
2026 2018 2169 2073 Jere-

588 2133 722 2186 ntias
749 2128 897 2189 dicit,
915 2123 1054 2177 Deus
1068 2119 1484 2189 appropinquans
1505 2131 1523 2168 :
1538 2125 1703 2168 etnon
1725 2113 1862 2166 Deus
1887 2113 1949 2164 de
1967 2113 2169 2182 longin-

584 2239 684 2291 quo
710 2218 925 2290 (Jerem.
951 2214 1047 2283 23)
1072 2229 1087 2266 :
1112 2227 1207 2281 per
1235 2208 1398 2263 David
1427 2221 1668 2276 quoque,
1693 2206 1814 2273 quia
1843 2204 2020 2257 nullus
2038 2204 2166 2258 abs-

581 2331 691 2383 que
715 2326 782 2366 eo
810 2311 959 2363 locus
999 2305 1091 2369 sit,
1141 2300 1496 2372 praedicatur;
1549 2294 1821 2366 quomodo
1848 2294 1987 2346 (ilius
2016 2307 2170 2361 pere-

585 2421 678 2476 gre
705 2398 1079 2472 proﬁciscitur,
1097 2402 1152 2448 et
1171 2408 1199 2446 a
1223 2403 1375 2462 patre
1391 2388 1655 2444 discedit?
1675 2385 1950 2441 sciendum
1985 2386 2163 2456 igitur,

589 2513 695 2552 non
726 2497 962 2548 locorum
990 2487 1176 2557 spatiis
1203 2525 1219 2548 ,
1249 2481 1346 2538 sed
1375 2480 1590 2544 aﬂ‘ectu,
1634 2488 1726 2532 aut
1771 2493 1890 2532 esse
1917 2492 2019 2531 nos
2046 2491 2166 2530 cum

588 2587 722 2649 Deo,
749 2592 841 2636 aut
865 2580 932 2633 ab
954 2593 1020 2633 eo
1044 2572 1341 2629 discedere.
1373 2568 1653 2636 Quomodo
1681 2569 1822 2622 enim
1845 2568 1910 2620 ad
1931 2567 2169 2636 discipu-

585 2679 670 2734 los
696 2674 928 2744 loquitur
965 2686 980 2723 :
1012 2667 1144 2722 Ecce
1174 2680 1264 2736 ego
1288 2663 1539 2717 robiscum
1566 2676 1678 2714 sum
1717 2659 1947 2712 omnibus
1971 2658 2165 2721 diebus,

586 2782 744 2837 usque
769 2764 838 2816 ad
863 2757 1343 2814 consummationem
1363 2753 1536 2808 seculi
1566 2751 1780 2821 (Matth.
1807 2749 1896 2805 28.
1926 2750 2019 2822 20)
2054 2769 2067 2804 :
2098 2751 2166 2804 ita

584 2857 652 2912 ad
683 2871 777 2910 eos
803 2853 895 2924 qui
938 2848 1021 2904 sui
1063 2846 1379 2918 jactantiam
1423 2845 1714 2913 prmferuut
1739 2882 1755 2904 ,
1785 2851 1839 2896 et
1879 2855 2000 2895 eSse
2046 2856 2167 2894 cum

585 2949 812 3004 Domino
856 2958 962 2999 non
994 2948 1299 3004 merentur,
1331 2937 1505 2992 dicit:
1539 2933 1797 2990 Discedite
1851 2950 1884 2985 a
1929 2950 2026 2999 me,
2068 2951 2168 2988 non

583 3041 698 3098 novi
741 3055 849 3104 vos,
875 3035 965 3107 qui
1017 3031 1300 3102 operamini
1347 3027 1668 3099 iniquitatem
1699 3025 1864 3096 (Ibid.
1894 3026 1946 3079 7.
1979 3025 2094 3094 23).

657 3131 713 3186 8.
753 3127 975 3186 Recessit
994 3140 1115 3193 ergo
1148 3121 1331 3193 junior
1358 3120 1496 3190 filius
1522 3135 1638 3172 cum
1675 3118 1909 3171 uniuersa
1936 3117 2171 3170 substan-

581 3225 656 3278 tia
679 3238 712 3275 a
737 3228 878 3290 patre
900 3259 916 3284 ,
941 3226 990 3271 et
1019 3231 1229 3285 peregre
1255 3215 1510 3283 profectus
1538 3220 1632 3266 est.
1660 3209 1725 3263 Et
1744 3209 1876 3264 Cain
1919 3223 2168 3279 egressus

582 3332 613 3368 ω
646 3310 781 3365 facie
810 3307 1020 3362 Domini
1051 3304 1312 3358 habitavit
1339 3303 1392 3356 in
1421 3311 1563 3356 terra
1594 3300 1735 3353 Naid
1757 3342 1772 3366 ,
1816 3300 1958 3370 quod
2006 3301 2169 3355 inter-

589 3412 865 3473 pretatur,
894 3397 1182 3469 fluctuatio.
1207 3394 1539 3463 Quicumque
1581 3408 1613 3446 a
1660 3393 1770 3448 Deo
1795 3393 2016 3456 recedit,
2055 3404 2168 3448 sta-

589 3493 684 3546 tim
723 3488 903 3544 smculi
934 3485 1180 3541 ﬂuctibus
1203 3485 1440 3554 quatitur
1464 3493 1520 3537 et
1538 3494 1820 3538 moventur
1835 3483 1998 3552 pedes
2027 3484 2162 3553 ejus.

585 3582 717 3640 Nam
751 3590 1027 3650 postquam
1059 3577 1188 3632 moti
1220 3584 1346 3630 sunt
1373 3575 1618 3630 homines
1659 3577 1727 3628 ab
1772 3578 2002 3639 oriente,
2035 3586 2090 3632 et
2134 3592 2166 3632 a

586 3687 717 3728 vero
743 3671 945 3726 lumine
971 3677 1328 3732 recesserunt,
1356 3675 1480 3720 tunc
1499 3665 1756 3721 adversus
1777 3666 1943 3721 Deum
1973 3667 2166 3738 impie-

586 3765 710 3818 tatis
736 3778 846 3816 sua:
874 3759 1206 3814 aediﬁcavere
1238 3757 1423 3811 turrim
1447 3772 1463 3821 ;
1491 3764 1618 3810 tunc
1645 3755 1946 3826 dogmatum
1975 3773 2165 3828 super-

589 3853 705 3908 hias
750 3849 1146 3914 conﬁnxerunt,
1175 3849 1417 3903 volentes
1447 3847 1759 3902 curiositate
1789 3863 1896 3908 non
1925 3848 2067 3903 licita
2113 3849 2165 3904 in

583 3946 750 4014 ipsius
776 3943 899 3999 εωιί
930 3942 1036 3996 alta
1068 3950 1370 4010 penetrare.
1407 3939 1472 3996 Et
1520 3948 1742 3995 vocatus
1781 3949 1865 3995 est
1893 3940 2046 3997 locus
2077 3941 2168 3996 ille

587 4036 767 4098 Babel,
796 4035 845 4090 id
872 4043 977 4099 est,
1011 4033 1266 4103 confusio.

659 4128 713 4183 9.
735 4126 798 4194 Et
814 4125 884 4180 ibi
899 4124 1164 4192 dissipavit
1181 4123 1511 4180 substantiam
1523 4141 1690 4192 suam,
1702 4125 1868 4180 virens
1885 4125 2163 4181 luxuriose.

585 4217 819 4281 Luxuria
853 4217 1064 4274 inimica
1097 4215 1226 4282 Deo,
1249 4215 1460 4271 inimica
1536 4213 1644 4288 74
1714 4216 2018 4280 virtutibus,
2039 4232 2164 4286 per-

585 4308 666 4369 dit
679 4322 890 4362 omnem
909 4306 1260 4364 substantiam
1279 4305 1472 4376 patris;
1487 4316 1540 4361 et
1561 4307 1626 4359 ad
1645 4321 1880 4374 praesens
1897 4309 2168 4376 voluptate

586 4396 872 4462 deliniens,
895 4398 1124 4453 futuram
1154 4413 1260 4452 non
1292 4397 1420 4451 sinit
1439 4397 1675 4465 cogitare
1703 4406 2090 4466 paupertatem.

659 4490 751 4544 10.
792 4490 1016 4556 Cumque
1057 4489 1447 4558 consumpsisset
1496 4488 1687 4554 omnia,
1727 4492 1863 4559 facta
1904 4500 1977 4543 est
2006 4491 2167 4558 fames

583 4577 755 4640 valida
785 4595 875 4649 per
899 4580 1149 4648 regionem
1181 4578 1347 4638 illam,
1380 4580 1676 4648 Accepcrat
1703 4593 1735 4632 a
1766 4589 1915 4648 patre
1941 4581 2165 4638 faculta-

587 4683 688 4740 tes,
718 4682 775 4727 ut
795 4670 1081 4727 invisibilia
1119 4670 1238 4739 ejus
1265 4685 1359 4739 per
1383 4685 1446 4724 ea
1477 4685 1596 4740 qua:
1622 4679 1774 4724 erant
1799 4671 2026 4728 visibilis
2070 4689 2164 4728 co-

582 4773 906 4837 gnosceret,
936 4771 992 4818 et
1021 4778 1087 4817 ex
1140 4761 1533 4832 pulchritudine
1566 4771 1929 4818 creaturarum
1978 4779 2166 4821 conse-

585 4869 812 4929 quenter
833 4857 1152 4927 intelligeret
1182 4854 1514 4912 Creatorem.
1543 4855 1646 4922 Qui
1677 4857 1955 4911 veritatem
1989 4857 2066 4928 (α)
2111 4857 2162 4912 in

584 4949 838 5018 injustitia
867 4947 1146 5012 detinens,
1175 4957 1230 5003 et
1260 4962 1356 5016 pro
1387 4947 1497 5002 Deo
1537 4946 1677 5002 idola
1704 4948 1908 5011 colens,
1959 4958 2165 5004 natura

589 5040 724 5094 bona
756 5039 1002 5094 universa
1040 5039 1410 5108 consumpsit:
1434 5046 1488 5092 et
1530 5037 1863 5108 consumptis
1891 5038 2157 5102 omnibus,

586 5130 748 5198 etrapit
771 5143 930 5198 egere
951 5127 1256 5192 virtutibus,
1280 5127 1542 5182 derelicto
1565 5127 1710 5181 fonte
1745 5127 2020 5182 virtutum.
2058 5126 2165 5180 Fa-

591 5229 672 5272 cta
712 5228 784 5272 est
814 5222 974 5288 fames
999 5217 1170 5270 valida
1202 5233 1290 5285 per
1312 5218 1568 5288 regionem
1611 5217 1772 5270 illam.
1801 5217 1989 5271 Omnis
2018 5217 2165 5271 locus

587 5322 741 5376 quem
764 5317 912 5376 patre
939 5307 1220 5360 incolimus
1246 5307 1488 5370 absente,
1516 5304 1693 5370 famis,
1715 5307 1950 5374 penuria:
1969 5316 2018 5360 ει
2042 5321 2167 5376 ege-

585 5401 736 5453 statis
761 5409 863 5452 est.
899 5396 1079 5450 Famis
1110 5397 1181 5467 (b)
1209 5405 1386 5452 autem
1414 5399 1538 5466 μτά
1565 5405 1798 5469 typus-io;
1842 5396 2017 5452 valide
2049 5397 2164 5452 lucc

651 5575 718 5696 in)
755 5575 895 5623 Hand
923 5574 1055 5642 bene
1073 5573 1316 5623 Victorius
1335 5575 1386 5624 in
1399 5575 1611 5636 justitia.

675 5641 724 5696 υ)
762 5632 1068 5681 Multil'artam
1088 5632 1245 5696 locum
1268 5636 1416 5695 hunc,
1449 5646 1500 5685 et
1524 5650 1611 5696 pra=

675 5632 724 5696 υ)
762 5632 1068 5697 Multitariam
1088 5632 1245 5697 locum
1268 5632 1416 5695 hunc,
1449 5646 1500 5685 et
1524 5637 1792 5697 pravarum
1814 5649 1998 5697 graecas
2019 5650 2166 5686 voces

582 5693 838 5760 hocneque
853 5695 1124 5756 depravant
1143 5693 1355 5745 editores
1363 5693 1550 5745 omnes.
1573 5696 1636 5746 Et
1647 5693 1943 5746 vetustiores
1967 5699 2165 5760 quidem

1889 261 2125 319 SANCTI
2162 260 2540 319 HIERONYMI

3760 280 3872 340 584

2275 387 2357 432 est
2384 379 2552 448 regio,
2575 378 2643 434 de
2668 394 2769 449 qua
2802 379 3000 434 dicitur
3027 397 3128 452 per
3161 383 3481 452 Prnphetam
3516 403 3531 440 :
3568 391 3675 456 Qui“
3715 394 3866 449 habi.

2273 471 2388 522 tatis
2411 469 2464 522 in
2503 471 2706 539 regione
2732 471 2926 524 umbra
2955 475 3132 527 mortis
3151 515 3166 538 ,
3215 477 3307 528 luat
3332 477 3544 548 fulgebit
3595 497 3751 551 super
3779 501 3866 541 eos

2275 561 2409 632 (Isa.
2439 562 2494 617 9.
2513 562 2592 632 2).
2625 566 2695 616 At
2718 574 2906 618 contra
2930 575 3015 621 est
3039 567 3141 620 alia
3161 570 3332 638 regio,
3357 586 3520 640 quam
3553 582 3865 643 possessuri

2272 669 2456 706 smnus
2481 656 2680 708 mundo
2705 655 2867 710 corde
2893 667 3054 726 atque
3084 675 3220 727 puro
3249 662 3509 727 viventes,
3542 681 3707 735 quam
3729 684 3864 724 san-

2272 752 2390 798 ctus
2419 745 2581 798 David
2607 744 2900 811 desiderat,
2931 748 3120 803 dicens
3144 767 3159 804 :
3187 749 3350 804 Credo
3394 754 3563 809 uidere
3588 757 3722 812 bona
3751 757 3865 816 Do-

2274 837 2399 888 mini
2423 838 2476 889 in
2505 847 2639 890 terra
2667 837 2933 893 viventium
2958 839 3130 907 (Psal.
3157 840 3246 894 26.
3278 842 3391 913 15).

2347 929 2432 982 11.
2474 927 2542 981 Et
2571 930 2679 997 ipse
2700 932 2847 999 carpit
2874 949 3039 1000 egere,
3065 942 3111 986 et
3138 934 3282 998 abiit,
3311 945 3360 987 et
3384 938 3644 1006 conjunxit
3673 958 3729 996 se
3772 946 3866 998 uni

2273 1017 2336 1070 de
2357 1019 2665 1088 principibus
2690 1022 2910 1090 regionis
2939 1021 3099 1075 illius.
3129 1023 3354 1078 Deserto
3381 1029 3641 1094 nutricio,
3669 1034 3763 1100 qui
3790 1035 3857 1088 ad

2275 1110 2498 1173 primam
2527 1125 2712 1164 vocem
2745 1111 2881 1166 bona
2907 1112 2957 1166 ei
2979 1111 3153 1166 fuerat
3177 1123 3366 1168 cuncta
3397 1116 3617 1186 largitus
3637 1162 3652 1181 ,
3679 1121 3863 1189 junxit

2273 1213 2329 1251 se
2351 1201 2575 1268 principi
2602 1199 2758 1269 hujus
2786 1202 2990 1266 mutuli,
3019 1201 3070 1256 id
3094 1211 3197 1268 est,
3220 1204 3454 1270 diabolo,
3483 1211 3678 1264 rectori
3708 1222 3861 1267 teneo

2274 1291 2510 1344 brarum.
2545 1292 2613 1360 (c)
2646 1293 2813 1359 Quem
2865 1309 3008 1348 nunc
3058 1297 3332 1350 inimicum
3365 1300 3667 1366 hominem,
3713 1320 3857 1362 nunc

2266 1381 2500 1449 judicem
2553 1383 2878 1451 iniquitatis,
2930 1401 3072 1439 nunc
3117 1386 3426 1452 draconem,
3473 1406 3612 1445 nunc
3663 1392 3852 1465 Satan,

2273 1489 2412 1527 nunc
2442 1474 2716 1540 malleum,
2753 1489 2894 1529 nunc
2921 1477 3212 1544 perdicem,
3270 1495 3411 1533 nunc
3452 1480 3652 1549 Belial,
3713 1503 3856 1542 nunc

2275 1565 2570 1634 rugientem
2601 1567 2832 1631 leonem,
2863 1583 3006 1621 nunc
3032 1568 3344 1637 Leviathan,
3373 1589 3516 1630 nunc
3541 1575 3849 1647 Thaninim,

2273 1669 2414 1709 nunc
2441 1656 2758 1722 BehemOth,
2786 1665 2843 1712 et
2887 1659 3070 1713 multis
3094 1660 3215 1716 aliis
3265 1663 3540 1722 vocabulis
3578 1669 3854 1738 Scriptura

2272 1749 2636 1815 cognominat.
2691 1748 2844 1814 Quod
2892 1758 3072 1804 autem
3126 1753 3223 1815 ait,
3278 1754 3368 1806 uni
3411 1756 3476 1808 de
3519 1759 3849 1827 principibus,

2274 1840 2455 1908 plures
2474 1855 2594 1896 esse
2626 1841 3026 1911 intelligendum
3054 1853 3157 1909 est,
3195 1846 3284 1913 qui
3307 1862 3404 1915 per
3443 1847 3604 1904 istum
3633 1851 3854 1908 volitent

2273 1946 2475 1994 aerem,
2506 1941 2561 1986 et
2589 1932 2926 1987 diversorum
2951 1934 3137 1990 fraude
3171 1938 3448 2006 vitiorum,
3472 1955 3640 2010 genus
3683 1945 3856 2002 homi-

2274 2037 2400 2075 num
2429 2037 2540 2076 sua:
2569 2023 2856 2090 subjiciant
2883 2026 3146 2080 servituti.

2345 2111 2434 2168 12.
2471 2115 2573 2182 Qui
2598 2117 2732 2170 misit
2783 2118 2930 2170 illum
2973 2120 3026 2171 in
3069 2135 3248 2190 agrum
3286 2138 3470 2189 suum,
3499 2130 3572 2177 'ut
3628 2138 3856 2194 pasceret

2275 2224 2475 2275 porcos.
2500 2208 2702 2262 Porcus
2727 2209 2925 2262 animal
2955 2211 3287 2266 immundum
3313 2222 3416 2278 est,
3447 2216 3588 2284 quod
3617 2233 3777 2274 caeno
3800 2230 3857 2276 et

2272 2299 2522 2354 sordibus
2551 2299 2871 2354 delectatur.
2899 2299 3044 2354 Talis
3085 2310 3169 2356 est
3209 2302 3513 2359 da-monum
3544 2309 3851 2376 multitudo,

2274 2405 2392 2460 qua:
2466 2389 2571 2460 75
2648 2405 2744 2459 per
2765 2389 2906 2444 idola
2931 2390 3562 2462 manufacta,(l)cruore
3587 2399 3851 2466 pecudum

2274 2491 2329 2534 et
2350 2481 2583 2534 victimis
2605 2485 2876 2548 pascitur;
2897 2489 2951 2534 et
2973 2482 3264 2537 novissime
3282 2485 3606 2553 saginatiore
3623 2489 3853 2558 quadam

2275 2571 2476 2636 hostia,
2513 2572 2681 2641 ipsius
2705 2571 2941 2626 hominis
2979 2583 3151 2628 morte
3203 2584 3499 2632 saturatur.
3527 2578 3673 2634 llisit
3723 2598 3854 2653 ergo

2273 2682 2394 2719 cmn
2425 2666 2478 2718 in
2511 2667 2904 2734 possessionem
2927 2682 3102 2733 suam,
3127 2666 3180 2722 id
3207 2677 3311 2732 est,
3340 2685 3495 2725 suum
3525 2672 3703 2728 ellecit
3733 2669 3858 2732 esse

2276 2756 2552 2820 ramulum,
2601 2765 2658 2810 ut
2689 2767 2935 2827 pasceret
2960 2772 3187 2826 porcos,
3217 2760 3498 2817 immolans
3541 2763 3592 2818 ei
3617 2764 3854 2823 animam

2272 2865 2448 2903 suam.

2346 2943 2432 2995 15.
2468 2939 2533 2993 Et
2554 2941 2784 3010 cupiebat
2806 2941 3015 3006 implere
3035 2951 3252 2996 ventrem
3277 2944 3501 2999 suumde
3525 2946 3721 3018 siliquis
3737 2965 3856 3018 por-

2275 3046 2479 3094 corum;
2514 3040 2560 3082 et
2587 3047 2732 3084 nemo
2753 3031 2830 3084 illi
2851 3031 3024 3085 dabat.
3049 3031 3106 3086 ln
3123 3032 3266 3102 quod
3314 3035 3367 3088 in
3419 3036 3698 3094 Ezechiele
3731 3055 3853 3095 cum

2277 3123 2642 3192 increpatione
2663 3122 2858 3178 dicitur
2885 3124 2951 3179 ad
2977 3123 3276 3179 Jerusalem
3310 3143 3325 3178 :
3361 3125 3430 3180 Et
3455 3132 3650 3198 factum
3686 3143 3760 3186 est
3800 3132 3855 3185 in

2275 3229 2321 3270 te
2345 3232 2634 3285 perversum
2663 3216 2799 3269 ultra
2826 3216 3061 3271 mulieres
3087 3216 3162 3288 (ό)
3186 3233 3300 3286 qua:
3319 3229 3435 3273 mite
3470 3222 3856 3292 fornicationem

2275 3317 2435 3370 tuam,
2484 3315 2532 3362 et
2560 3316 2670 3378 post
2702 3316 2749 3361 te
2771 3315 2887 3360 sunt
2941 3308 3240 3377 fornicata,
3290 3309 3344 3362 in
3390 3324 3449 3364 eo
3491 3312 3626 3381 quod
3669 3314 3851 3367 dedisti

2271 3451 2374 3500 iam
2384 3451 2530 3507 ισιέηου
2537 3437 2660 3507 idest
2677 3437 2834 3489 valide
2843 3477 2856 3499 ,
2868 3439 3060 3507 adscitis
3071 3453 3132 3489 ex
3150 3438 3418 3507 Evangelia
3428 3443 3591 3492 verbis
3600 3444 3852 3507 legebant,

2272 3500 2699 3569 qu.am_'lectionem
2720 3500 2983 3550 emendare
3005 3509 3207 3552 conatus
3224 3501 3452 3552 Erasmus
3469 3517 3498 3554 e
3518 3500 3855 3569 manuscriptis

2273 3562 2721 3626 substit_uit,Fames
2735 3570 2891 3612 autem
2905 3576 2997 3622 μετά
3013 3576 3050 3612 ιι
3066 3578 3224 3620 στάσιας
3237 3576 3392 3626 ὶστυθὸς.
3413 3574 3528 3616 Herc
3542 3572 3627 3624 est,
3637 3574 3732 3616 etc.
3745 3562 3856 3626 qua:

2277 3623 2516 3688 Victorius
2537 3625 2586 3671 in
2610 3635 2672 3671 eo
2696 3631 2879 3688 tantum
2913 3637 3008 3688 non
3034 3627 3218 3685 probat,
3241 3623 3371 3688 quod
3397 3639 3569 3685 ιιτασαις
3591 3623 3856 3688 legendum

2274 3684 2396 3747 velit
2418 3696 2503 3744 ιιι-ο
2527 3697 2697 3742 ludam
2719 3685 2846 3747 quod
2863 3684 3055 3747 scilicet
3077 3697 3218 3747 ἶιτιφς
3229 3684 3613 3747 productitmem,
3637 3684 3746 3738 Sive
3769 3704 3856 3740 ex-

2275 3745 2825 3808 tensionem_signilicet,
2844 3745 3068 3808 dictaque
3088 3748 3150 3794 sit
3166 3745 3319 3808 fames
3339 3746 3416 3796 illa
3432 3761 3542 3796 cum
3563 3752 3855 3802 extensione

2276 3806 2445 3854 valida.
2472 3805 2856 3873 Seduterque'a
2877 3805 3200 3873 Benedictino
3233 3807 3422 3857 editore
3447 3811 3652 3873 vapulat,
3678 3813 3763 3873 qui
3788 3812 3857 3859 lo-

2274 3881 2383 3916 cum
2417 3867 2638 3934 suhsidio
2673 3867 3247 3934 decemgexemplar‘ium
3289 3867 3721 3934 manuscriptorum
3765 3876 3855 3924 sibi

2272 3929 2541 3996 gratulatur
2579 3930 2644 3996 ita
2684 3930 2995 3996 restituisse,
3021 3929 3181 3996 Famis
3230 3936 3390 3996 autem
3426 3929 3664 3996 μεταέοραις
3699 3934 3857 3985 valide

2276 3989 2380 4039 [nec
2402 3995 2472 4038 est
2495 3989 2642 4056 regio,
2659 3998 2756 4039 etc.
2777 3991 2876 4038 Nos
2896 3989 3097 4056 Graecas
3112 3989 3306 4040 litteras
3324 3994 3371 4039 in
3388 3989 3725 4056 nianuseriptis
3747 3997 3857 4046 hac-

2276 4059 2419 4112 tenus
2441 4051 2594 4112 probe
2629 4051 2782 4100 lectas
2797 4064 3052 4112 negamus,
3070 4051 3191 4112 licet
3203 4064 3287 4100 eas
3312 4062 3480 4102 vetera
3505 4051 3669 4104 nostra
3688 4070 3747 4105 ex
3756 4070 3857 4106 em-

2305 4111 2419 4160 laria
2440 4111 2517 4162 vel
2533 4113 2724 4160 omnino
2755 4125 2848 4160 non
2866 4111 3093 4168 habeant,
3112 4111 3198 4175 vel
3213 4114 3608 4175 depravatissime
3630 4117 3856 4168 habeant.

2315 4175 2506 4235 egimus
2526 4181 2691 4237 autem
2714 4200 2806 4234 μετα
2829 4187 3001 4237 uisam,
3043 4173 3220 4230 mlide,
3242 4173 3435 4223 minima
3456 4184 3510 4224 ut
3535 4177 3672 4225 vides
3693 4179 3858 4228 immu-

2277 4239 2462 4284 tatione
2492 4237 2554 4282 ab
2593 4235 2813 4300 aliisipm
2835 4235 3032 4292 mm
3073 4238 3178 4285 sive
3217 4244 3484 4300 heia-wet
3514 4257 3766 4300 ωτιφρωίς,
3797 4254 3858 4290 ea

2273 4302 2436 4345 tamen
2469 4299 2761 4354 necessaria,
2808 4303 2862 4344 ut
2901 4309 3079 4344 sensus
3121 4304 3331 4354 constet,
3365 4296 3417 4346 et
3460 4296 3688 4349 Auctoris
3718 4314 3859 4350 mens

2272 4365 2454 4421 pateat,
2473 4357 2577 4405 vult
2601 4356 3077 4421 enimllieronymus
3107 4372 3165 4405 ea
3189 4359 3238 4406 in
3259 4356 3562 4421 vocreﬁvalide
3585 4360 3857 4421 signiﬁcan-

2273 4420 2447 4468 tiorem
2480 4431 2593 4467 esse
2613 4420 2985 4484 gravioremun
3020 4431 3248 4479 sensum,
3273 4420 3358 4480 qui
3377 4420 3583 4483 ﬁgurate
3619 4420 3858 4484 emphati-

2273 4492 2378 4537 CUS,
2402 4493 2492 4528 seu
2516 4477 2802 4540 μιτὰ
2825 4477 3114 4540 appellatur.

2340 4542 2410 4602 (c)
2432 4539 2687 4603 Victorius
2707 4539 3050 4603 additltarum.
3073 4539 3226 4590 Paulo
3250 4546 3357 4603 post
3399 4541 3654 4592 schemata
3679 4557 3859 4594 nomen

2271 4601 2450 4650 omittit
2473 4601 2788 4652 Cistercieus.
2813 4601 2957 4650 liber.

2335 4663 2413 4723 (ά)
2436 4662 2538 4711 Etsi
2579 4676 2672 4711 non
2700 4663 3023 4722 immutamus,
3046 4664 3295 4714 veriorem
3327 4672 3489 4714 tamen
3512 4665 3756 4714 credimus
3779 4666 3861 4717 Ci-

2265 4714 2555 4774 sterc'iensis
2590 4723 2678 4772 Ms.
2721 4723 2983 4772 lectionem
3007 4714 3130 4772 hanc
3158 4738 3171 4772 :
3203 4743 3224 4769 ι
3241 4724 3365 4774 ultra
3391 4723 3622 4774 mulieres
3638 4727 3688 4774 in
3714 4714 3865 4777 torni-

2271 4787 2467 4833 catione
2491 4793 2590 4844 tua,
2611 4795 2663 4834 et
2686 4792 2795 4846 post
2818 4791 2869 4834 te
2891 4798 2987 4833 non
3008 4793 3122 4835 sunt
3146 4787 3408 4844 tornicatte,
3430 4803 3453 4831 ι
3490 4787 3548 4836 ad
3574 4787 3705 4837 hunc
3729 4792 3864 4839 enim

2273 4847 2464 4894 modum
2488 4845 2761 4896 Ezechielis
2797 4853 2967 4896 textus
2989 4847 3138 4896 habet
3173 4851 3220 4896 in
3258 4847 3394 4898 libris
3413 4848 3667 4904 omnibus,
3705 4852 3748 4898 si
3777 4865 3866 4899 ne-

2272 4908 2416 4978 gandi
2441 4906 2720 4978 particulam
2739 4906 2864 4968 apud
2887 4905 3028 4956 LXX.
3055 4909 3203 4970 idque
3228 4911 3274 4957 in
3298 4909 3449 4957 Vatic.
3474 4916 3659 4958 tantum
3687 4922 3867 4960 exem-

2273 4966 2392 5016 ulart
2419 4969 2652 5016 excipias.

2353 4981 2392 5016 ΙΊ
2419 4980 2652 5016 exctmas.

2273 4981 2392 5029 plan
2419 4981 2652 5029 excipias.

2334 5029 2406 5091 (1)
2446 5027 2737 5090 Origeuiaua
2760 5030 3006 5079 sententia
3032 5037 3125 5086 est,
3142 5030 3402 5080 Damones
3423 5030 3674 5082 nidoribus
3695 5034 3864 5083 satiari

2273 5098 2325 5140 et
2357 5093 2615 5151 sanguine,
2641 5095 2812 5150 utpote
2836 5093 2917 5151 qui
2953 5093 3063 5140 cibo
3102 5094 3397 5151 indigerent.
3423 5091 3513 5140 His
3537 5095 3669 5151 paria
3709 5093 3867 5143 habet

2273 5104 2325 5140 et
2357 5104 2462 5138 sant
2483 5104 2615 5146 uiue,
2641 5104 2812 5150 utpOte
2836 5104 2917 5151 qui
2953 5104 3063 5140 cibo
3102 5104 3198 5140 tnui
3240 5104 3397 5140 erant.
3424 5104 3513 5140 ms
3597 5104 3669 5142 ria
3711 5104 3865 5143 habet

2271 5104 2557 5220 (fertttllgian.
2593 5151 3008 5220 advers.___g_eutes
3038 5165 3146 5214 cap.
3181 5106 3243 5200 ἓξ
3266 5160 3318 5201 ει
3339 5153 3402 5200 23
3423 5161 3475 5200 et
3498 5106 3674 5220 liliide
3699 5155 3865 5220 Idolo-

2271 5211 2382 5261 latr.
2403 5226 2452 5283 ξ.
2481 5213 2720 5283 inatque
2757 5210 2890 5282 alibi.
2913 5210 3255 5283 athenagoras
3275 5225 3482 5283 quoque
3513 5214 3560 5261 in
3587 5215 3867 5283 Legatiotre

2271 5288 2359 5335 pro
2399 5272 2695 5335 Christianis,
2721 5275 2834 5334 quin
2875 5275 3019 5322 etiam
3044 5272 3251 5335 (ἴε-ἔλεον.
3275 5272 3602 5335 Nazianzenus
3618 5272 3752 5324 urat.
3786 5276 3864 5324 18.

2271 5331 2513 5383 Arnobius
2551 5332 2647 5396 lib.
2671 5331 2798 5396 ὄζει
2821 5335 2867 5383 5.
2895 5343 3060 5383 contra
3101 5331 3291 5396 gentes
3320 5331 3497 5396 aliique
3545 5336 3867 5387 ecclesiastici

2270 5395 2537 5466 scriptores
2553 5394 2736 5466 antiqui
2751 5397 2963 5466 ictu-ilius“
2973 5394 3209 5466 Paganica
3221 5395 3384 5466 isthmc
3403 5394 3567 5466 ofinio
3584 5411 3678 5445 non
3703 5411 3868 5466 usque

2272 5457 2394 5505 adeo
2418 5457 2728 5518 improbatur.
2757 5457 2864 5518 V'iid.
2890 5457 3011 5504 infra
3037 5456 3229 5518 epistol.
3267 5456 3551 5516 Synodicam
3576 5471 3707 5506 num.
3733 5456 3796 5506 3C
3814 5469 3870 5508 et

2307 5530 2382 5565 nte
2407 5517 2473 5565 ibi
2493 5517 2795 5579 adnotamus:
2806 5517 3128 5579 Hieronymus
3149 5529 3268 5565 vero
3284 5527 3522 5578 αλλητορυιςις
3541 5518 3646 5566 haec
3661 5518 3728 5579 de
3754 5522 3871 5569 cibo

2307 5532 2382 5565 uie
2407 5532 2473 5565 tm
2493 5532 2788 5565 auntnamus.
2806 5532 3128 5579 meronyntus
3149 5532 3268 5565 vero
3284 5532 3522 5578 αλλητορυιςις
3541 5532 3646 5566 haec
3661 5532 3728 5567 ae
3754 5532 3871 5569 cttio

2270 5532 2543 5650 :lmtnonum
2566 5579 2750 5650 dixisse
2773 5576 2913 5650 facile
2938 5578 3177 5650 putandus
3198 5585 3435 5650 estucutn
3450 5583 3627 5647 passim
3651 5578 3873 5641 Origcni

2273 5640 2539 5706 exprobret
2561 5639 2690 5698 quod
2713 5634 2981 5706 crediderit
3011 5649 3271 5698 corporeae
3293 5634 3464 5697 (nime;
3495 5638 3601 5701 ipse
3623 5634 3869 5706 vero'pe-

2276 5698 2409 5749 nitus
2431 5700 2742 5760 incorporeus
2760 5698 2990 5747 senserit.
