4048 6186
188 285 296 342 535

193 394 444 451 mercedes
465 436 480 460 ,
512 400 558 449 et
582 390 830 448 mercedes
869 389 957 444 tibi
991 403 1094 442 non
1119 395 1237 442 sunt
1281 384 1417 439 data
1441 380 1662 458 (Emit.
1693 380 1780 436 16.

193 491 308 558 δι).
337 487 584 543 videmus
600 486 654 541 in
676 483 786 540 ﬁlio
808 483 1018 538 minore
1040 479 1388 548 completum.
1413 475 1779 532 Suhstantiam

192 597 346 636 suam
377 581 430 635 in
482 579 700 649 regione
728 575 983 647 principis
1013 573 1281 643 perdidit;
1310 579 1366 628 et
1402 577 1523 640 post
1549 565 1783 636 perditas

189 671 476 754 facultates
503 711 518 734 ,
559 669 757 724 missus
801 667 868 722 ad
917 679 1113 737 porcos
1140 706 1156 732 ,
1205 671 1442 733 egestate
1484 658 1774 715 contabuit.

151 742 475 820 V'Dauonuu
499 776 649 818 cratis
677 770 759 816 est
784 759 1042 823 ebrietas,
1072 757 1305 816 luxuria,
1355 752 1637 807 lornicatio
1657 739 1690 817 ,’
1726 757 1782 804 et

195 859 446 913 universa
467 857 616 911 vitia.
643 853 770 909 Haec
797 852 994 908 blanda
1023 859 1151 904 sunt
1177 858 1234 904 et
1257 846 1476 910 lasciva,
1510 854 1563 898 et
1589 857 1782 898 sensus

191 953 470 1022 voluptate
504 949 810 1004 demulcent
843 945 1171 1013 :statimque
1211 950 1267 996 ut
1293 937 1657 1010 apparuerint,
1713 934 1778 988 ad

190 1060 351 1099 usum
381 1043 468 1098 sui
494 1047 804 1112 provocant.
832 1036 1036 1104 Quibus
1078 1033 1201 1089 ideo
1248 1031 1553 1087 luxuriosus
1595 1025 1750 1082 adole

190 1149 356 1189 seeos
383 1150 490 1188 non
520 1139 730 1202 poterat
751 1129 978 1184 saturari
999 1166 1015 1190 ,
1043 1125 1165 1196 quia
1193 1138 1407 1194 semper
1435 1120 1679 1188 voluptas
1707 1116 1782 1169 fa-

193 1246 348 1286 mem
376 1231 459 1284 sui
486 1227 683 1290 habet;
715 1233 771 1279 et
817 1229 1080 1278 transacta
1108 1234 1214 1274 non
1241 1217 1400 1272 satiat
1431 1233 1444 1268 :
1474 1221 1529 1270 et
1558 1213 1781 1268 Satanas

185 1337 320 1377 cum
373 1322 609 1389 aliquem
662 1332 758 1370 sua
802 1322 922 1369 arte
970 1309 1286 1380 deceperit,
1315 1316 1370 1363 et
1413 1303 1690 1376 proprium
1733 1301 1781 1356 ei

183 1414 522 1481 imposuerit
570 1410 795 1478 jugttnt,
846 1405 987 1459 ultra
1016 1403 1082 1456 ad
1111 1398 1488 1456 abundantiam
1531 1394 1782 1448 vitiorum

187 1519 305 1558 non
335 1509 616 1571 procurat,
644 1498 820 1552 sciens
849 1510 970 1551 esse
985 1494 1095 1564 jam
1141 1500 1435 1552 mortuum,
1465 1486 1622 1542 sicuti
1648 1483 1784 1538 mul-

188 1607 284 1651 tos
328 1593 640 1648 idololatras
690 1590 932 1643 videmus
977 1585 1130 1656 panis
1173 1584 1392 1640 miseria
1446 1590 1501 1636 et
1548 1587 1784 1649 egestate

190 1685 495 1742 conlectos.
525 1683 589 1737 Hi
616 1692 740 1736 sunt
763 1680 815 1734 itt
843 1679 1034 1749 quibus
1056 1676 1410 1746 Propheticus
1432 1687 1611 1728 sermo
1636 1686 1785 1725 cont—

192 1779 379 1848 pletur
410 1793 424 1828 :
455 1793 473 1826 t
501 1771 761 1827 Omnibus
804 1767 1176 1824 meretricibus
1223 1765 1418 1819 dantur
1455 1760 1730 1816 mercedes
1764 1774 1784 1812 :

192 1879 257 1923 tu
288 1875 463 1923 autem
484 1863 677 1919 dedisti
697 1859 972 1915 mercedes
1002 1858 1248 1913 omnibus
1295 1854 1626 1908 amatoribus
1653 1851 1778 1917 tuis,

194 1971 256 2016 et
282 1974 384 2013 non
411 1955 662 2024 accepisti
689 1950 964 2007 mercedes
998 1968 1018 2002 ο
1061 1947 1278 2019 (Exerit.
1313 1946 1400 2001 16.
1431 1945 1548 2014 55).
1580 1944 1780 1998 Possu-

195 2065 324 2107 mus
365 2060 545 2103 autem
571 2056 624 2100 et
650 2045 808 2098 aliter
834 2043 1054 2110 siliquas
1076 2037 1439 2108 interpretari.
1468 2037 1780 2091 Darmonum

195 2143 355 2197 cibus
395 2137 754 2195 est.earmiua
816 2135 1122 2196 Poetarum,
1178 2130 1451 2186 sazcularis
1499 2128 1780 2198 sapientia,

199 2230 610 2286 Rhetoricorum
663 2239 854 2295 pompa
911 2222 1218 2278 verborum.
1275 2220 1400 2274 litec
1441 2232 1536 2274 sua
1581 2231 1784 2284 .omnes

195 2321 462 2376 suavitate
481 2318 748 2372 delectant
780 2322 867 2368 :et
885 2313 1012 2368 dum
1041 2326 1199 2368 aures
1226 2309 1472 2366 versibus
1492 2307 1635 2362 dulci
1664 2321 1784 2360 mo.

194 2413 475 2468 dulatione
493 2409 832 2465 currentibus
858 2407 1096 2476 capiunt,
1123 2404 1358 2459 animam
1384 2415 1598 2472 quoque
1618 2413 1786 2469 pene-

197 2513 369 2568 trant,
395 2512 448 2557 et
475 2501 705 2572 pectoris
735 2500 942 2553 interna
974 2495 1304 2552 devinciunt.
1327 2492 1524 2547 Verum
1548 2489 1636 2545 ubi
1663 2504 1784 2544 cum

198 2612 420 2652 summo
445 2594 623 2649 studio
651 2592 848 2646 l'uerint
874 2606 939 2645 ac
963 2589 1146 2644 labore
1169 2585 1426 2656 perlecta,
1456 2582 1590 2638 nihil
1616 2580 1784 2646 aliud,

197 2688 307 2742 nisi
337 2688 550 2740 inanem
579 2698 795 2747 sonum,
824 2690 879 2735 et
905 2693 1216 2734 sermonum
1260 2675 1542 2744 strepitum
1570 2672 1684 2726 suis
1712 2672 1788 2726 le-

203 2777 446 2833 ctoribus
468 2776 707 2830 tribuunt
734 2791 747 2826 :
771 2787 942 2827 unus
971 2787 1042 2824 tat
1071 2780 1357 2824 sunmus
1376 2764 1638 2826 veritatis,
1665 2763 1786 2817 nul-

203 2871 257 2925 la
279 2869 498 2924 reiectio
523 2867 743 2936 justitia:
773 2865 1058 2934 reperitur.
1082 2859 1314 2916 Studiosi
1337 2872 1521 2913 earum
1551 2857 1603 2912 in
1680 2855 1789 2926 76

204 2964 345 3016 tame
370 2961 503 3024 veri,
527 2969 584 3014 et
601 2957 855 3013 virtutum
877 2955 1097 3024 penuria
1122 2961 1483 3022 perseverant.
1504 2949 1672 3019 Hujus
1700 2963 1787 3002 sa-

203 3053 419 3125 pientiae.
447 3063 638 3122 typus,
668 3058 722 3103 et
752 3049 802 3102 itt
836 3044 1251 3102 Deuterououtio
1280 3042 1380 3098 sub
1405 3041 1649 3096 mulieris
1697 3053 1787 3093 ea-

201 3144 364 3214 ptivte
383 3142 550 3211 ﬁgura
574 3139 899 3194 describitur
927 3155 939 3189 :
965 3135 1034 3190 de
1055 3148 1155 3203 qua
1183 3132 1364 3187 divina
1395 3145 1498 3186 vox
1522 3129 1783 3199 praecipit,

202 3244 265 3289 ut
292 3235 336 3289 si
355 3232 626 3288 lsraelites
643 3247 760 3286 eam
783 3228 983 3283 habere
1004 3225 1232 3280 voluerit
1259 3238 1501 3286 uxorem,
1514 3221 1785 3276 calvitium

201 3329 256 3383 ei
285 3327 463 3390 iaciat,
493 3339 695 3394 ungues
731 3328 1008 3392 prmsecet,
1039 3325 1095 3371 et
1123 3316 1258 3386 pilos
1292 3313 1538 3369 auferat:
1575 3323 1630 3368 et
1665 3325 1786 3367 cum

204 3416 403 3472 munda
428 3416 588 3471 fuerit
611 3415 822 3476 cﬁ‘ccta,
857 3421 982 3465 tunc
1009 3415 1242 3462 transeat
1267 3405 1318 3458 in
1336 3403 1554 3459 victoris
1583 3402 1788 3472 ample-

203 3523 328 3564 xus.
360 3507 484 3562 Haec
509 3507 554 3560 si
583 3503 878 3560 secundum
913 3501 1146 3555 litteram
1198 3494 1562 3563 intelligimus,
1612 3507 1788 3548 nonne

203 3601 432 3656 ridicula
454 3597 617 3654 sunt?
641 3598 824 3666 itaque
850 3602 904 3649 et
943 3607 1041 3648 nos
1073 3590 1250 3645 facere
1291 3588 1549 3651 solemus,
1575 3585 1788 3656 quando

205 3691 566 3760 Philosopbos
591 3690 816 3758 legimus
836 3729 851 3753 ,
882 3684 1096 3756 quando
1123 3683 1176 3737 in
1208 3696 1398 3736 manus
1426 3690 1636 3735 nostras
1666 3677 1786 3733 libri

203 3784 427 3838 veniunt
461 3779 737 3850 sapientiae
767 3776 1056 3839 smcuiaris,
1088 3772 1280 3844 siquid
1308 3773 1360 3827 in
1386 3773 1467 3828 eis
1487 3771 1614 3826 utile
1636 3784 1790 3838 repe-

203 3877 396 3939 rimus,
424 3872 492 3926 ad
517 3881 760 3925 nostrum
789 3867 980 3936 dogma
1007 3865 1372 3920 convertimus
1401 3880 1414 3916 :
1438 3864 1483 3919 si
1513 3863 1640 3932 quid
1663 3877 1790 3917 vero

203 3963 564 4035 superﬂuum,
595 3960 668 4030 (η)
699 3959 768 4012 de
795 3957 974 4023 idolis,
997 3956 1062 4011 de
1089 3970 1294 4020 amore,
1321 3955 1388 4010 de
1409 3969 1536 4009 cura
1567 3953 1791 4008 saecula-

205 4060 347 4114 rium
372 4068 580 4114 rerum,
609 4050 725 4102 hzec
769 4047 1027 4113 radimus,
1062 4047 1144 4100 his
1169 4047 1440 4100 calvitium
1469 4045 1787 4112 inducimus,

207 4150 326 4203 haec
359 4146 412 4198 itt
443 4141 696 4211 unguium
728 4153 930 4192 morem
959 4137 1101 4191 l'crro
1128 4137 1436 4190 acutissimo
1455 4135 1790 4192 desecamus.

210 4236 368 4293 Unde
398 4241 454 4288 et
483 4229 774 4299 Apostolus
806 4227 1068 4296 prohibet,
1101 4241 1170 4281 nc
1193 4226 1242 4280 in
1272 4225 1432 4280 idolio
1451 4226 1570 4295 quis
1589 4241 1795 4281 recum-

208 4330 323 4393 hat,
354 4325 542 4380 dicens
577 4339 590 4373 :
630 4339 650 4372 ί
689 4319 878 4373 Videte
900 4327 1108 4384 autem,
1142 4332 1209 4372 ne
1238 4315 1353 4370 hinc
1380 4316 1591 4370 licentia
1620 4324 1794 4372 vestra

212 4416 590 4474 oll’endicnlum
631 4412 720 4466 ﬁat
747 4410 992 4466 inﬁrmis.
1019 4409 1074 4466 Si
1103 4409 1246 4465 enim
1277 4409 1399 4479 quis
1437 4408 1630 4463 viderit
1649 4423 1792 4476 eum,

213 4511 306 4580 qui
338 4509 495 4564 habet
531 4507 841 4568 scientiam,
888 4501 940 4556 in
973 4501 1136 4556 idolio
1163 4501 1585 4565 recumbentem,
1617 4515 1796 4556 nonne

215 4599 542 4658 conscientia
591 4597 708 4665 ejus
749 4609 870 4648 cum
916 4593 987 4648 sit
1045 4593 1298 4657 inﬁrma,
1331 4590 1682 4646 :ediﬁcahitur
1729 4591 1795 4646 ad

219 4689 646 4747 manducandum
681 4685 1000 4756 idolothyta,
1027 4693 1082 4739 et
1104 4684 1294 4754 peribit
1331 4684 1420 4754 qui
1452 4682 1696 4738 inﬁrmus
1716 4692 1800 4740 est

218 4786 271 4837 in
319 4792 406 4836 tua
438 4778 662 4835 scientia
713 4778 898 4841 frater,
928 4784 1146 4846 propter
1170 4791 1330 4845 quem
1359 4773 1606 4830 Christus
1655 4791 1801 4831 mor-

218 4883 344 4926 tuus
365 4879 447 4924 est
476 4889 496 4922 ι
530 4869 606 4940 (l.
638 4866 757 4923 Cor.
783 4867 835 4922 8.
867 4867 960 4932 9)?
989 4866 1176 4921 Nonne
1198 4866 1290 4920 tibi
1319 4866 1526 4921 videtur
1553 4867 1654 4922 sub
1679 4867 1800 4922 aliis

217 4962 406 5016 verbis
420 4961 619 5026 dicere,
643 4976 708 5014 ne
731 4961 875 5029 legas
894 4957 1265 5028 Philosophos,
1287 4957 1560 5024 Oratores,
1585 4959 1799 5026 Poetas;

217 5068 325 5108 nec
347 5052 400 5106 in
432 5063 615 5105 eorum
640 5052 866 5106 lectione
894 5050 1233 5120 requiescas?
1259 5049 1370 5104 Nec
1394 5051 1547 5105 nobis
1562 5050 1802 5104 blandia-

218 5160 361 5210 mur,
394 5145 441 5200 si
463 5143 518 5199 iu
542 5144 638 5209 eis,
663 5161 778 5214 qua:
806 5155 929 5200 sunt
975 5145 1193 5214 scripta,
1214 5160 1320 5198 non
1363 5144 1654 5210 credimus,
1678 5159 1800 5199 cum

218 5241 443 5294 aliorum
473 5237 798 5292 conscientia
825 5237 1167 5300 vulneretur,
1198 5243 1254 5288 et
1280 5245 1526 5303 putemur
1551 5235 1800 5304 probare,

222 5345 342 5399 qua:
370 5329 498 5384 dum
531 5327 756 5397 legimus
781 5369 798 5392 ,
835 5341 940 5381 non
977 5323 1350 5393 reprobamus.
1395 5325 1604 5393 Alioqui
1647 5324 1804 5394 quale

224 5424 344 5488 erit,
374 5431 430 5474 ttt
457 5421 830 5475 existimemus
859 5416 1171 5488 Apostolum
1200 5413 1337 5481 ejus,
1369 5415 1458 5483 qui
1487 5415 1806 5469 vescebatur

224 5512 274 5567 in
306 5512 488 5578 idolio,
523 5510 908 5565 conscientiam
942 5505 1346 5577 comprobasse,
1371 5515 1424 5560 et
1448 5520 1569 5560 euut
1598 5505 1805 5561 dixisse

280 5697 351 5760 (ιι)
383 5697 495 5746 Duo
521 5695 638 5744 Mss.
668 5692 960 5758 superfluunt
983 5691 1263 5757 apparuerit
1288 5693 1348 5742 ιι.»
1373 5689 1535 5752 idolis,
1565 5697 1658 5739 etc.

1573 261 1898 322 EPISTOLA
1939 264 2080 323 XXI.

3358 287 3464 344 386

1889 379 2206 448 perfectum,
2238 400 2401 455 quem
2437 386 2603 443 sciret
2649 388 2717 444 de
2754 390 3061 466 idolothytis
3105 398 3465 458 manducare?

1884 470 2057 537 Absit,
2089 482 2146 527 ut
2173 473 2239 530 de
2264 491 2357 532 ore
2385 476 2693 534 Christiano
2721 493 2898 550 sonet,
2934 503 2952 535 t
2981 485 3186 556 Jupiter
3211 493 3460 564 omnipo-

1885 574 2030 630 tens;
2055 577 2109 622 et
2135 583 2224 623 me
2240 569 2487 636 Hercule,
2513 582 2564 626 et
2593 589 2678 628 me
2705 573 2910 640 Castor,
2937 595 2956 628 ›
2991 590 3044 632 et
3072 591 3262 638 caatera
3295 589 3464 657 mag's

1885 666 2126 724 portenta
2149 700 2164 724 ,
2198 675 2354 728 quam
2385 660 2460 733 (ὸ)
2491 665 2726 718 numina.
2749 667 2820 720 At
2846 682 2987 721 nunc
3015 671 3174 725 etiam
3200 674 3462 733 Sacerdo-

1883 757 1964 802 tes
1993 748 2118 815 Dei,
2170 751 2384 805 omissis
2429 753 2734 825 Evangeliis
2762 766 2817 810 et
2849 757 3131 828 Prophctis
3153 803 3168 826 ,
3222 765 3464 823 videmus

1879 838 2183 897 Commdias
2230 844 2448 914 legere,
2495 849 2751 902 amatoria
2791 850 3160 908 Bucolicorum
3215 871 3464 914 versuum

1883 931 2047 986 verba
2094 948 2312 1001 canere,
2359 945 2544 992 tenere
2571 937 2847 1008 Virgilium
2885 959 2898 994 :
2927 952 2981 997 et
3006 943 3058 998 id
3086 961 3223 1010 uuon
3253 963 3303 1002 IN
3334 964 3466 1004 rus-

1882 1036 1963 1076 nts
1980 1025 2314 1079 necessitatis
2339 1036 2439 1092 est,
2460 1028 2662 1083 crimen
2694 1030 2744 1084 in
2768 1047 2828 1084 se
2850 1033 3028 1090 facere
3057 1035 3128 1107 (ο)
3154 1039 3460 1108 voluptatis.

1882 1110 2185 1168 Cavendum
2217 1115 2394 1184 igitur,
2473 1119 2578 1189 77
2654 1121 2698 1174 si
2726 1123 2989 1191 captivam
3021 1127 3242 1184 velimus
3269 1130 3467 1191 habere

1884 1218 2132 1303 uxorem,
2165 1221 2230 1260 ne
2261 1207 2309 1259 itt
2357 1208 2518 1262 idolio
2559 1214 2964 1282 recumbamus;
2992 1228 3083 1272 aut
3111 1221 3156 1274 si
3178 1232 3325 1278 certe
3354 1225 3467 1281 lue-

1883 1300 2051 1346 rimus
2077 1300 2192 1362 ejus
2234 1311 2418 1353 amore
2445 1300 2672 1370 decepti,
2711 1305 3026 1360 mundemus
3052 1325 3192 1377 eam,
3232 1326 3284 1367 et
3319 1319 3462 1372 omni

1884 1385 2122 1438 sordium
2168 1402 2353 1442 errore
2413 1406 2716 1459 purgemus,
2750 1411 2816 1449 ne
2865 1399 3176 1455 scandalum
3238 1405 3466 1472 patiatur

1887 1472 2084 1539 lrater,
2116 1491 2211 1544 pro
2241 1493 2346 1546 quo
2397 1479 2640 1537 Christus
2685 1494 2925 1541 mortuus
2964 1501 3084 1556 est,
3114 1507 3234 1548 cum
3277 1497 3330 1550 in
3370 1515 3465 1554 ore

1883 1563 2168 1655 Christiani
2192 1571 2427 1624 carmina
2456 1572 2509 1626 in
2539 1573 2799 1632 idolorum
2819 1578 3026 1636 laudem
3051 1589 3343 1655 composita
3365 1607 3464 1646 au-

1883 1654 2042 1709 dierit
2066 1673 2163 1726 per
2191 1675 2406 1717 sonare.

1957 1745 2043 1798 M.
2074 1745 2375 1803 Mercenan’i
2399 1753 2628 1821 quinam.
2652 1786 2725 1796 ——
2750 1776 2770 1810 t
2800 1758 2854 1813 In
2882 1776 2942 1816 se
2967 1773 3143 1820 autem
3171 1739 3466 1830 conversus

1881 1835 2056 1891 dixit:
2084 1838 2278 1904 Quanti
2321 1847 2641 1900 mercenarii
2673 1849 2725 1901 in
2752 1849 2914 1912 domo
2956 1858 3118 1924 patris
3146 1863 3251 1915 mei
3292 1864 3464 1920 abun-

1881 1927 2008 2030 dant
2054 1931 2315 2030 panibus,
2344 1950 2446 2004 ego
2480 1949 2657 1994 autem
2692 1940 2779 1996 hic
2809 1941 2949 2001 fame
2993 1963 3174 2016 pereo.
3209 1971 3228 2005 ι
3259 1954 3459 2012 Merce-

1884 2023 2064 2074 narios
2113 2023 2405 2078 secundum
2438 2026 2519 2097 (d)
2546 2029 2710 2084 alium
2765 2032 3096 2092 intellectum
3143 2056 3238 2096 eos
3287 2048 3465 2101 anim-

1882 2109 2212 2169 advertimus
2252 2131 2318 2169 ex
2360 2115 2598 2186 Jttdteis,
2641 2122 2752 2189 qui‘
2779 2124 2849 2178 ob
2911 2133 3194 2196 pra'sentia
3262 2144 3465 2193 tantum

1886 2201 2059 2271 bona,
2100 2204 2258 2275 Legis
2300 2221 2563 2280 prmcepta
2608 2215 2935 2272 custodiunt.
2975 2220 3039 2275 lli
3082 2224 3212 2292 justi
3251 2240 3375 2283 sunt
3414 2243 3468 2288 et

1886 2295 2264 2396 tttisericordes
2282 2340 2312 2396 ,_
2330 2315 2437 2354 non
2465 2302 2534 2356 ob
2562 2302 2731 2373 ipsam
2767 2306 3062 2376 justitiam,
3093 2325 3148 2370 et
3185 2317 3254 2372 ob
3293 2319 3467 2389 ipsum

1887 2387 2270 2442 misericordim
2299 2389 2494 2446 bonum
2519 2409 2535 2458 ;
2563 2395 2656 2450 sed
2685 2405 2793 2451 uta
2823 2399 2930 2455 Deo
2957 2412 3184 2462 terrena:
3206 2387 3470 2470 felicitatis

1885 2489 1940 2532 ct
1983 2478 2157 2550 longa:
2202 2483 2325 2537 vita:
2367 2488 2648 2554 prtemium
2696 2507 3110 2564 consequantur.
3152 2501 3250 2570 Qui
3287 2516 3466 2564 autem

1889 2571 1985 2623 ista
2011 2571 2302 2640 desiderat,
2332 2578 2526 2632 merito
2546 2583 2882 2650 compellitur
2908 2587 2971 2642 ad
2994 2589 3306 2662 obsequium
3333 2613 3473 2668 pra:-

1886 2673 2186 2734 ccptorum,
2217 2683 2286 2722 ne
2310 2684 2497 2725 eorum
2529 2677 2966 2742 prtevaricatione
2993 2699 3110 2750 qua:
3143 2685 3292 2756 jussa
3319 2702 3465 2757 sunt,

1887 2762 2410 2858 careat‘eottcupitis.
2444 2765 2611 2818 Porro
2641 2769 2728 2822 tibi
2760 2779 2933 2826 metus
2959 2784 3060 2839 est,
3096 2793 3199 2833 non
3229 2789 3312 2836 est
3338 2784 3473 2840 dile-

1887 2849 2016 2903 ctio.
2048 2849 2290 2906 Perfecta
2319 2853 2516 2925 quippe
2554 2857 2772 2913 dilectio
2816 2861 2958 2918 foras
2997 2867 3159 2922 mittit
3200 2871 3469 2933 timorem.

1888 2938 2021 3041 l‘iam
2053 2942 2140 3010 qui
2169 2943 2360 3013 diligit,
2387 2962 2492 2998 uou
2526 2947 2645 3002 ideo
2675 2949 2931 3018 imperata
2962 2958 3353 3030 custodit,quia
3381 2976 3472 3022 aut

1890 3039 2080 3085 timore
2112 3047 2388 3100 ptenarum
2408 3074 2424 3100 ,
2456 3048 2548 3090 aut
2591 3040 2791 3105 praemii
2823 3043 3072 3099 aviditate
3100 3053 3471 3120 compellitur;

1889 3124 1984 3179 sed
2007 3126 2128 3189 quia
2153 3126 2254 3180 hoc
2277 3127 2447 3196 ipsum
2469 3129 2609 3198 quod
2637 3147 2667 3185 a
2696 3132 2804 3186 Deo
2825 3133 3064 3202 jubetur,
3087 3150 3169 3194 est
3189 3144 3467 3210 optimum.

1890 3215 2094 3271 Sensus
2122 3216 2302 3288 itaque
2328 3219 2427 3274 iste
2451 3229 2534 3275 est
2561 3237 2576 3276 :
2606 3221 2800 3288 Quanti
2827 3241 2891 3281 ex
2921 3227 3118 3285 Judzcis
3139 3233 3208 3288 ob
3237 3250 3475 3304 pratsen-

1893 3307 1960 3361 tia
1986 3315 2194 3362 tantum
2226 3309 2363 3401 bona
2393 3325 2421 3363 a
2454 3311 2546 3367 Dei
2577 3312 2835 3384 obsequio
2866 3332 2972 3374 non
2997 3322 3273 3395 recedunt,
3297 3337 3351 3384 et
3373 3345 3475 3401 ego

1890 3407 2126 3470 egestate
2151 3399 2426 3456 conﬁcior.

1963 3493 2050 3548 15.
2087 3510 2105 3544 t
2138 3491 2372 3562 Surgeus
2399 3493 2484 3548 ibo
2513 3494 2579 3549 ad
2610 3505 2814 3565 patrem
2841 3515 3038 3556 meum.
3073 3522 3095 3556 ι
3126 3505 3355 3567 Pulchre
3377 3513 3473 3580 ait,

1891 3601 2100 3656 surgens
2130 3599 2151 3640 :
2179 3591 2331 3654 patre
2359 3585 2558 3655 quippe
2584 3588 2828 3655 absente,
2859 3607 2966 3647 non
2998 3603 3241 3653 steterat.
3272 3601 3474 3658 Psecas

1893 3689 2064 3733 torum
2088 3679 2287 3748 jacere,
2315 3681 2578 3748 justorum
2607 3693 2751 3739 stare
2780 3695 2880 3741 est.
2909 3688 2989 3743 Ad
3017 3691 3230 3764 Moysen
3257 3697 3453 3756 dicitur

1897 3788 1915 3820 ι
1947 3770 2024 3824 Tu
2054 3785 2182 3825 vero
2213 3770 2300 3825 hic
2333 3781 2416 3826 sta
2444 3788 2653 3828 mecum
2688 3795 2707 3827 ι
2735 3775 2908 3846 (Deut.
2941 3781 2992 3834 5.
3024 3745 3136 3849 5i

1896 3862 2086 3917 tesimo
2119 3863 2390 3918 tricesimo
2431 3865 2589 3918 tertio
2619 3865 2833 3919 Psalmo
2863 3887 2875 3920 :
2912 3887 2930 3919 t
2970 3869 3111 3926 Ecce
3140 3890 3281 3930 nunc
3305 3877 3475 3935 bene—

1893 3955 2052 4010 dicite
2083 3954 2367 4008 Dominum
2389 3997 2404 4021 ,
2435 3970 2625 4011 omnes
2666 3958 2804 4012 servi
2848 3959 3095 4029 Domini,
3125 3968 3212 4034 qui
3241 3970 3394 4024 statis
3423 3972 3485 4038 in,

1893 4047 2055 4102 domo
2102 4046 2344 4109 Domini,
2383 4065 2402 4098 ι
2433 4046 2498 4100 ad
2542 4047 2968 4106 benedictionem
3021 4053 3225 4112 Domini
3274 4067 3486 4124 stantes

1899 4138 2161 4207 l‘ropheta
2195 4137 2246 4190 in
2277 4137 2439 4191 domo
2471 4138 2678 4193 Domini
2714 4141 3044 4200 cohortatur.

1971 4229 2087 4284 l6.t
2108 4228 2174 4282 Et
2191 4227 2362 4282 dicam
2387 4229 2459 4282 illi
2486 4246 2500 4283 :
2526 4229 2702 4296 Pater,
2718 4235 2927 4300 peccavi
2952 4235 3002 4288 in
3018 4239 3209 4294 caelum
3227 4250 3281 4297 et
3294 4258 3484 4310 coram.

1901 4331 1972 4387 te,
1988 4321 2096 4390 jam
2121 4333 2225 4374 non
2248 4334 2366 4373 sum
2390 4319 2582 4389 dignus
2604 4322 2777 4376 vocari
2801 4321 2942 4378 ﬁlius
2963 4334 3103 4383 tuus.
3131 4329 3482 4400 tPeccaverat

1901 4413 1953 4466 itt
1969 4410 2186 4476 caalum,
2209 4411 2300 4480 qui
2319 4409 2616 4466 Jerusalem
2630 4413 2904 4471 caelestem
2929 4417 3214 4489 reliquerat
3231 4435 3476 4490 matrem.

1902 4504 2222 4559 Peccaverat
2250 4517 2430 4556 coram
2472 4513 2641 4572 patre,
2669 4503 2758 4575 qui
2787 4504 3078 4566 Conditore
3105 4511 3338 4583 deserto,
3367 4517 3484 4576 fueq

1902 4607 1984 4650 rat
2012 4597 2148 4667 ligna
2175 4605 2477 4652 veneratus.
2501 4597 2618 4652 Non
2644 4609 2758 4653 erat
2778 4599 2968 4670 dignus
2994 4608 3168 4664 vocari
3198 4607 3339 4662 ﬁlius
3361 4611 3478 4678 Dei,

1902 4689 1991 4758 qui
2013 4702 2202 4744 servus
2221 4703 2342 4744 esse
2368 4689 2629 4744 maluerat
2657 4690 2942 4747 idolorum.
2967 4711 2986 4744 t
3016 4695 3200 4750 Omnis
3228 4699 3367 4751 enim
3391 4703 3484 4768 qui

1901 4781 2029 4835 facit
2053 4791 2352 4851 peccatum,
2393 4781 2461 4852 (ε)
2493 4781 2559 4836 de
2598 4780 2812 4837 diabolo
2853 4793 3002 4853 patre
3031 4797 3186 4842 natus
3214 4796 3314 4842 cst.
3350 4806 3369 4839 ι
3406 4791 3482 4858 (1.

1902 4871 2060 4926 Joan.
2086 4873 2136 4927 5.
2168 4872 2246 4941 7.)

1979 4965 2070 5021 17.
2104 4983 2121 5015 t
2160 4962 2266 5018 Fac
2308 4979 2394 5021 me
2431 4963 2568 5016 sicut
2607 4979 2768 5016 unum
2809 4963 2875 5017 tle
2917 4969 3259 5029 mercenariis
3299 4973 3422 5025 tuis.
3461 4993 3483 5032 ι

1909 5055 2014 5108 Fac
2042 5069 2147 5118 me,
2179 5055 2366 5122 inquit,
2395 5053 2530 5106 sicut
2559 5069 2719 5105 lllttlm
2744 5069 2811 5106 ex
2835 5053 3051 5118 Judteis,
3076 5057 3163 5125 qui
3190 5066 3242 5112 te
3260 5059 3330 5120 ob
3351 5076 3490 5129 pra}-

1907 5146 2140 5200 sentittm
2173 5152 2374 5196 tantum
2416 5157 2592 5195 rerum
2662 5143 2771 5213 78
2845 5144 3101 5210 promissa
3142 5161 3486 5216 venerantur,

1912 5236 2112 5304 Recipe
2143 5233 2307 5286 ﬁlium
2339 5232 2709 5299 pmniteutem,
2739 5233 2826 5300 qui
2856 5239 3201 5292 ttiercettat'iis
3227 5239 3328 5294 tuis
3359 5256 3490 5310 pec,

1915 5328 2158 5382 cantibus
2189 5324 2489 5391 smpissime
2511 5323 2812 5390 pepercisti.

1975 5439 2046 5502 (ὁ)
2073 5439 2272 5502 Quidam
2298 5436 2413 5502 editi
2438 5449 2494 5484 ac
2528 5434 2644 5484 Mss.
2671 5449 2814 5496 quam
2837 5436 3044 5502 nomina.

1999 5496 2048 5613 ξ)
2073 5496 2147 5550 Al.
2176 5496 2440 5569 voluntatis,
2469 5506 2519 5566 et
2543 5510 2652 5544 mox
2677 5510 2735 5544 tua
2757 5498 2998 5558 captivam
3021 5514 3107 5563 pro
3129 5503 3189 5554 si.

2039 5565 2057 5613 l
2082 5563 2390 5612 Marttauaeus
2412 5557 2619 5608 alienum
2641 5557 2946 5610 intellecttun.

2039 5565 2057 5626 )
2082 5561 2390 5626 Martiauaeus
2412 5557 2619 5626 alienum
2641 5557 2946 5626 intellet‘tum.

2004 5621 2052 5694 ρ)
2079 5625 2394 5694 Ιιιιριδείειςςιιῃ¹
2418 5621 2851 5694 vetustiores-editi
2885 5636 3049 5694 servus
3071 5633 3140 5676 est
3163 5629 3360 5692 peccati,
3389 5637 3475 5688 etc

1916 5666 2758 5745 sats;si;suasa-notasse
2775 5666 3139 5742 δάέρῑέεῑιὶλῐιῑιῖῐ
