4048 6186
669 401 755 456 18.
796 419 814 454 ι
849 399 919 455 Et
946 395 1086 452 venit
1124 405 1289 459 usque
1317 385 1382 440 ad
1423 393 1624 454 patrem
1651 395 1830 436 suum.
1868 398 1889 434 ι
1915 378 2172 434 Venimus

594 491 662 546 ad
704 502 932 562 patrem,
959 481 1169 554 quando
1196 477 1494 532 recedimus
1523 489 1550 525 a
1583 486 1866 542 porcorum
1907 468 2168 538 pastione.

594 559 888 636 secundum
920 573 1045 629 illud
1079 589 1093 624 :
1131 589 1150 622 ‹
1187 567 1376 624 Statim
1407 575 1463 619 ut
1491 577 1784 620 conversus
1816 559 2168 629 ingemueris,

595 675 772 727 salvus
797 670 903 724 eris
937 686 956 718 ι
985 664 1201 734 (Ezech.
1231 663 1345 732 18).

664 760 753 814 19.
787 776 806 809 ι
839 757 1080 824 Cumque
1121 753 1294 808 adhuc
1319 754 1475 822 longe
1501 760 1666 815 esset,
1714 748 1839 803 vidit
1867 762 1986 802 eum
2023 753 2172 813 pater

591 851 741 919 ejus,
791 858 848 904 et
893 846 1257 902 misericordia
1302 855 1476 900 motus
1516 853 1618 897 est.
1659 843 1956 910 Antequam
1997 836 2173 905 dignis

591 940 864 1009 operibus.
896 946 952 992 ct
975 953 1098 992 vera
1129 938 1438 1006 poenitentia
1481 935 1546 988 ad
1583 943 1787 1005 patrem
1830 931 2028 986 rediret
2069 945 2170 983 an-

590 1032 827 1098 tiquum,
859 1029 1030 1091 Deus,
1077 1025 1217 1096 apud
1253 1041 1408 1094 quem
1443 1036 1630 1079 cuncta
1675 1023 1849 1077 futura
1886 1021 1995 1090 jam
2034 1019 2172 1074 facta

589 1129 736 1185 sunt,
759 1131 811 1175 et
840 1119 930 1189 qui
959 1125 1043 1172 est
1065 1117 1301 1171 omnium
1337 1117 1589 1184 prmscius
1617 1114 1933 1177 futurorum,
1963 1111 2027 1165 ad
2056 1111 2172 1178 ejus

591 1210 869 1280 praecurrit
893 1208 1198 1268 adventum.
1224 1217 1278 1260 et
1307 1221 1402 1274 per
1431 1205 1658 1259 Verbum
1685 1218 1861 1264 suum.
1886 1201 2028 1277 quod
2053 1215 2170 1256 car-

591 1316 714 1355 nem
756 1299 985 1370 sumpsit
1029 1314 1096 1353 ex
1124 1297 1375 1366 Virgine,
1419 1295 1646 1350 reditum
1694 1295 1785 1348 lilii
1821 1294 1902 1348 sui
1942 1293 2170 1364 junioris

587 1393 865 1462 anticipat.

659 1483 750 1536 20.
775 1501 794 1532 ‹
824 1482 890 1536 Εῑ
913 1494 1248 1551 praecurrens
1273 1477 1512 1532 incubuit
1536 1491 1696 1545 super
1722 1475 1914 1530 collum
1946 1473 2164 1542 ipsius.»

588 1574 728 1627 Ante
757 1573 900 1627 venit
925 1571 990 1624 ad
1021 1580 1240 1632 terram,
1271 1585 1428 1639 quam
1459 1568 1545 1620 ille
1574 1567 1788 1620 domum
1817 1564 2170 1620 confessionis

588 1664 830 1717 intraret.
865 1661 1106 1716 Incubuit
1135 1675 1298 1728 super
1326 1659 1520 1713 collum
1549 1657 1734 1724 ipsius.
1769 1656 1819 1710 id
1849 1664 1948 1715 est,
1975 1667 2169 1723 corpus

587 1755 814 1824 sumpsit
831 1754 1141 1807 humanum.
1159 1751 1225 1805 Et
1247 1751 1400 1804 sicuti
1415 1749 1650 1804 Joannes
1671 1763 1832 1816 super
1847 1755 2027 1816 pectus
2039 1745 2166 1800 Jesu

587 1844 834 1900 recubuit
861 1842 1038 1913 (Joan.
1075 1843 1186 1910 15),
1216 1842 1306 1911 qui
1337 1851 1664 1895 secretorum
1695 1838 1812 1907 ejus
1840 1837 2062 1892 effectus
2085 1845 2169 1891 est

587 1938 850 2008 particeps
881 1954 894 1990 :
925 1937 996 1991 ita
1025 1946 1080 1990 et
1103 1934 1290 2005 jugum
1323 1948 1477 1988 suum
1511 1934 1648 1997 leve,
1678 1932 1728 1985 id
1756 1940 1857 1996 est,
1891 1930 2167 1984 mandato-

585 2045 706 2084 rum
742 2044 958 2084 suorqu
989 2027 1162 2083 facilia
1191 2037 1454 2096 praecepta
1477 2066 1492 2090 ,
1520 2040 1585 2079 ex
1613 2024 1779 2095 gratia
1811 2023 1978 2092 magis
2006 2036 2164 2092 quam

581 2135 648 2175 ex
675 2119 867 2174 merito
889 2133 1051 2188 super
1081 2117 1352 2186 juniorem
1383 2117 1549 2170 lilium
1574 2114 1879 2169 collocavit.

651 2211 744 2265 21.
775 2229 794 2262 ι
831 2211 899 2265 Et
935 2210 1208 2264 osculatus
1236 2219 1319 2263 est
1357 2224 1516 2272 eum;
1553 2227 1572 2260 ι
1597 2208 1747 2277 juxta
1779 2204 1911 2260 illud
1941 2203 2082 2275 quod
2112 2205 2164 2258 in

579 2301 800 2358 Cantico
825 2300 1164 2356 Canticorum
1193 2289 1434 2355 Ecclesia
1461 2299 1530 2353 de
1562 2299 1759 2366 sponsi
1786 2305 2036 2368 precatur
2063 2295 2162 2350 ad-

579 2405 740 2449 ventu
765 2412 780 2449 :
808 2412 828 2445 σ
857 2393 1136 2449 Osculetur
1164 2407 1251 2446 me
1278 2391 1462 2446 osculo
1487 2391 1597 2446 oris
1624 2389 1726 2444 sui.
1752 2407 1772 2441 ι
1801 2387 1974 2458 (Cant.
1999 2389 2050 2442 1.
2085 2387 2161 2454 1.)

579 2486 717 2541 Nolo
744 2486 904 2550 mihi,
930 2486 1113 2540 dicens
1134 2527 1148 2549 ,
1182 2499 1277 2555 per
1305 2483 1520 2556 Moysen
1545 2523 1560 2548 ,
1590 2483 1715 2537 nolo
1743 2497 1837 2552 per
1863 2479 2161 2550 Prophetas

580 2578 827 2650 loquatur
855 2595 869 2631 :
898 2579 1012 2648 ipse
1039 2594 1216 2634 meum
1243 2592 1438 2646 corpus
1462 2583 1723 2640 assumat,
1755 2577 1869 2645 ipse
1895 2590 1983 2630 me
2007 2589 2163 2628 oscu-

581 2671 722 2725 letur
750 2671 802 2724 in
826 2685 989 2725 carne
1017 2689 1032 2724 :
1062 2681 1120 2725 ut
1141 2680 1194 2726 et
1227 2669 1355 2724 illud
1382 2685 1594 2740 quoque
1619 2669 1762 2739 quod
1787 2668 1838 2722 in
1870 2668 2002 2723 Isaia
2029 2668 2163 2722 scri-

582 2774 728 2832 ptum
755 2773 878 2829 est,
910 2765 1030 2818 huic
1069 2763 1349 2817 sententiae
1393 2772 1705 2830 eoaptemus
1734 2779 1747 2814 :
1783 2779 1804 2814 ι
1835 2762 1889 2816 Si
1927 2761 2153 2831 quaris,

576 2870 756 2923 quaere
780 2872 794 2907 :
821 2863 878 2909 et
903 2855 970 2909 ad
994 2870 1079 2908 me
1101 2854 1277 2908 habita
1305 2853 1358 2907 iu
1387 2853 1545 2908 saltu.
1580 2873 1598 2904 ι
1618 2851 1753 2921 (ιτα.
1781 2853 1872 2907 21.
1899 2853 2158 2927 12.juxta

575 2942 774 3013 LXX.)
805 2945 870 2998 Et
899 2944 968 2999 ibi
994 2944 1192 3014 quippe
1233 2942 1368 2998 ﬂens
1407 2942 1645 2998 Ecclesia
1682 2943 1915 2998 clamare
1939 2943 2159 3012 jubetur

576 3048 648 3088 ex
675 3032 794 3088 Seir
814 3050 828 3098 ;
850 3033 973 3103 quia
1001 3034 1141 3098 Seir,
1172 3031 1364 3102 pilosus
1387 3041 1441 3086 et
1467 3030 1698 3097 hispidus
1735 3031 2116 3102 interpretatur
2139 3051 2153 3088 :

575 3133 634 3178 ut
671 3134 726 3179 et
763 3125 1037 3193 antiquum
1081 3123 1368 3179 Gentilium
1415 3123 1678 3194 significet
1719 3123 1795 3193 (a)
1840 3123 2152 3189 horrorem,

573 3214 662 3269 illa
695 3215 806 3283 pari
835 3214 1185 3269 similitudine
1214 3213 1572 3283 respondente
1603 3230 1616 3266 :
1652 3231 1672 3264 ι
1701 3212 1860 3284 Nigra
1887 3198 2036 3282 sum,
2059 3214 2155 3270 sed

573 3303 828 3368 formosa,
860 3305 981 3358 lilia:
1012 3303 1307 3358 Jerusalem
1338 3322 1358 3355 ι
1390 3301 1563 3371 (Cant.
1597 3305 1649 3358 1.
1679 3304 1760 3372 4).

644 3394 734 3449 22.
768 3413 786 3445 ι
825 3395 965 3449 Dixit
990 3404 1166 3447 autem
1203 3394 1275 3447 illi
1306 3393 1444 3450 [ilius
1475 3411 1488 3447 :
1515 3394 1692 3458 Pater,
1723 3395 1934 3463 peccavi
1961 3395 2012 3449 in
2040 3409 2153 3451 οω-

575 3486 684 3541 lum
713 3493 768 3540 et
795 3499 979 3539 coram
1009 3493 1060 3537 te
1083 3523 1097 3546 ,
1122 3483 1230 3551 jam
1272 3498 1378 3538 non
1422 3499 1540 3538 sum
1575 3485 1768 3554 dignus
1806 3487 1983 3542 vocari
2016 3487 2156 3542 filius

576 3585 718 3631 tuus.
753 3593 772 3628 ι
807 3575 942 3628 Dicit
965 3587 1025 3628 se
1048 3589 1153 3627 non
1179 3588 1300 3628 esse
1323 3574 1541 3644 dignmn
1567 3574 1732 3628 filium
1760 3577 2072 3645 nuncupari,
2101 3585 2156 3632 et

576 3676 753 3722 tamen
790 3681 854 3720 ex
886 3674 1091 3718 natura:
1122 3679 1285 3730 voce,
1317 3679 1386 3719 ex
1421 3665 1506 3718 illa
1536 3665 1863 3732 substantia,
1895 3682 2051 3737 quam
2078 3667 2153 3723 illi

577 3765 726 3826 pater
751 3754 926 3809 fuerat
961 3753 1248 3823 aliquando
1290 3753 1540 3823 largitus,
1585 3754 1638 3807 in
1683 3769 1875 3809 nomen
1918 3755 2154 3825 trepidus

574 3848 812 3904 veritatis
840 3847 1074 3915 erumpit
1105 3863 1118 3898 :
1151 3845 1326 3911 Pater,
1352 3846 1627 3916 inquiens,
1660 3850 1856 3917 peccavi
1880 3850 1931 3903 in
1951 3851 2149 3905 calum.

572 3938 792 3994 Frustra
824 3937 984 4007 igitur
1006 3937 1222 4007 quidam
1258 3947 1721 4008 argumentantur,
1753 3954 1946 3994 nomen
1989 3942 2152 4010 patris

573 4030 626 4084 in
648 4028 1248 4084 sanctostantummodo
1264 4030 1593 4083 convenire:
1657 4029 1777 4101 .79
1847 4046 1969 4086 cum
1990 4033 2150 4087 etiam

575 4119 741 4175 Deum
764 4118 851 4172 hic
875 4127 1079 4188 patrem
1098 4128 1274 4184 vocet,
1287 4119 1380 4188 qui
1409 4133 1469 4174 se
1497 4119 1587 4174 lilii
1618 4123 1836 4176 nomine
1867 4123 2152 4178 confitetur

573 4209 848 4280 indignum
903 4227 920 4264 :
971 4211 1073 4266 nisi
1121 4209 1258 4265 forte
1303 4211 1426 4266 ideo
1469 4221 1674 4282 patrem
1714 4213 1875 4269 audet
1905 4214 2146 4282 vocare,

574 4305 697 4373 quia
729 4303 882 4373 plena
912 4313 1091 4358 mente
1120 4319 1415 4359 conversus
1442 4313 1546 4360 est.

643 4394 732 4448 25.
769 4411 788 4446 ι
823 4393 963 4448 Dixit
992 4402 1168 4448 autem
1203 4403 1356 4465 pater
1379 4395 1448 4450 ad
1486 4411 1683 4465 pueros
1717 4411 1885 4452 suos:
1913 4398 2151 4453 Celerius

572 4482 808 4553 proferte
849 4485 1039 4539 stolam
1072 4485 1302 4554 priorem
1322 4525 1338 4550 ,
1367 4495 1421 4540 et
1446 4486 1648 4543 induite
1672 4504 1794 4542 eum
1818 4505 1833 4554 ;
1871 4509 1890 4542 ι
1919 4491 2109 4544 stolam
2131 4529 2146 4554 ,

571 4591 732 4646 quam
755 4575 922 4630 Adam
951 4576 1221 4645 peccando
1246 4576 1572 4644 perdiderat,
1600 4578 1816 4640 stolam,
1839 4595 1958 4648 qua:
1979 4581 2028 4633 in
2049 4581 2150 4634 alia

571 4667 826 4739 para'bola
857 4668 1226 4724 indumentum
1266 4668 1462 4723 dicitur
1499 4670 1736 4740 nuptiale
1763 4669 1990 4741 (Matth.
2023 4671 2147 4742 22),

569 4759 624 4814 id
655 4769 757 4825 est,
785 4769 990 4816 vestem
1019 4761 1253 4830 Spiritus
1282 4760 1486 4826 Sancti,
1514 4775 1672 4829 quam
1705 4760 1796 4830 qui
1825 4775 1931 4815 non
1960 4761 2149 4816 habue-

567 4851 657 4916 rit,
687 4865 792 4905 non
825 4859 1002 4920 potest
1031 4851 1173 4921 regis
1201 4851 1462 4904 interesse
1486 4849 1760 4903 convivio.

639 4941 728 4995 21.
765 4959 784 4993 t
819 4942 884 4994 Et
911 4941 1036 4995 date
1073 4940 1327 4993 annulum
1359 4939 1414 4993 in
1457 4953 1617 4993 manu
1646 4939 1822 5005 illius;
1853 4959 1874 4992 ι
1901 4941 2118 5012 signaeu

569 5035 680 5084 lum
709 5030 1074 5084 similitudinis
1096 5028 1315 5093 Christi,
1343 5029 1635 5083 secundum
1665 5029 1791 5084 illud
1820 5049 1834 5084 :
1865 5049 1884 5082 ‹
1914 5031 1966 5085 In
1991 5049 2150 5102 quem

566 5121 871 5185 credentes,
888 5121 1082 5191 signati
1103 5121 1234 5176 estis
1259 5121 1447 5190 spiritu
1473 5123 1902 5189 repromissionis
1928 5135 2144 5180 sancto»

568 5214 784 5281 (Ep/tes.
809 5215 865 5269 1.
895 5215 1011 5284 15).
1044 5212 1109 5267 Et
1133 5211 1200 5266 ad
1229 5213 1522 5282 principem
1550 5213 1747 5268 dicitur
1785 5216 1931 5286 Tyri,
1957 5219 2046 5286 qui
2074 5219 2150 5272 si-

570 5305 925 5360 militudinem
966 5303 1270 5359 Conditoris
1309 5305 1606 5359 amiserat:
1645 5323 1663 5356 (
1697 5305 1775 5360 Tu
1816 5307 2148 5376 signaculum

631 5499 704 5558 (a)
729 5497 802 5545 Ita
825 5497 1104 5600 reponimus
1137 5511 1166 5547 e
1187 5500 1435 5548 vetustiss.
1463 5501 1680 5550 editione
1696 5537 1709 5558 ,
1735 5517 1828 5564 qua
1851 5506 2029 5566 srepius
2052 5507 2148 5555 uti-

634 5572 693 5600 lr-
718 5569 829 5600 cum
853 5570 877 5600 :l
902 5569 933 5600 ll
959 5557 1073 5600 cdlll
1098 5572 1154 5600 ac.
1177 5559 1289 5600 M14-
1314 5573 1527 5600 terrm-pm
1553 5561 1796 5600 I9.anan
1825 5566 1984 5600 minue
2011 5576 2148 5600 νηί-ιη

567 5569 829 5624 m_ur_,_cum
853 5557 1073 5624 alii-editi
1098 5572 1154 5604 ac.
1177 5559 1290 5607 Mss.
1313 5557 1800 5624 erroremlegeretit,
1825 5557 1985 5624 minus
2011 5576 2148 5615 recte

567 5618 630 5688 ad
667 5618 951 5688 Hieran-gitti
973 5624 1218 5688 flentem,
1244 5621 1326 5688 qui
1360 5620 1472 5668 Seir
1495 5618 1662 5682 piloso,
1687 5631 1836 5684 atque
1859 5623 2068 5688 hispida,
2094 5636 2154 5682 ul.

569 5671 945 5738 interpretatur,
972 5671 1235 5723 Gentilium
1260 5671 1510 5727 horrorem
1532 5671 1790 5742 comparati.

1890 267 2129 324 SANCTI
2172 262 2469 321 IIIERONY
2479 262 2570 318 111.

3761 264 3865 322 588

2279 374 2677 443 similitudinis,
2708 384 2764 432 et
2799 390 2995 431 corona
3027 377 3269 444 decoris,
3302 377 3355 432 in
3392 377 3600 433 deliciis
3630 377 3861 447 paradisi

2282 467 2374 521 Dei
2405 475 2560 522 natus
2581 482 2641 522 es
2678 486 2697 518 ι
2735 466 2946 538 (Ezech.
2971 467 3063 522 28.
3096 469 3182 522 12.
3213 469 3325 536 15).
3367 468 3531 522 Isaias
3555 483 3768 538 quoque
3795 467 3856 523 do

2279 561 2382 616 hoe
2419 561 2694 628 signaculo
2724 561 2959 630 loquitur
2991 577 3006 617 :
3041 578 3059 610 ι
3093 560 3242 614 Tunc
3280 559 3554 614 manifesti
3584 569 3746 615 erunt
3772 563 3858 631 qui

2279 653 2575 721 signantur.
2609 671 2627 703 ι
2660 651 2772 704 lloc
2809 651 3138 719 signaculum
3169 650 3222 703 in
3248 665 3408 703 manu
3435 650 3614 717 datur,
3647 652 3857 718 quando

2279 758 2440 811 opera
2465 741 2685 810 justitia:
2712 741 2985 809 Scriptura
3012 739 3305 810 significat,
3335 749 3394 794 ut
3433 741 3544 794 ibi:
3580 759 3600 792 ι
3638 742 3858 797 Factum

2277 844 2361 889 est
2384 833 2604 888 verbum
2638 833 2848 886 Domini
2872 834 2923 886 in
2948 847 3109 886 manu
3131 832 3310 900 Aggazi
3337 832 3618 901 Prophetas
3646 852 3666 885 ι
3701 834 3856 904 (Agg.

2281 927 2332 980 1.
2360 935 2404 979 et
2428 923 2510 994 2),
2541 925 2770 980 dicentis
2793 924 2859 978 ad
2887 923 3181 979 Jerusalem
3211 941 3225 976 :
3265 941 3284 975 ι
3319 923 3514 978 Oruavi
3545 935 3629 992 te,
3654 924 3860 995 inquit.

2278 1028 2593 1073 ornamento
2619 1058 2635 1083 ,
2678 1026 2734 1072 et
2779 1018 3007 1086 imposui
3051 1017 3144 1071 tibi
3189 1016 3427 1071 armillas
3465 1017 3607 1074 circa
3665 1033 3858 1071 manus

2280 1117 2397 1161 tuas
2425 1125 2444 1159 ι
2482 1108 2694 1177 (Ezech.
2724 1108 2809 1162 16.
2846 1106 2958 1176 11).
2987 1107 3219 1161 Rursum
3242 1107 3308 1161 ad
3335 1123 3455 1162 eum
3485 1107 3558 1178 (ὁ)
3583 1109 3674 1178 qui
3702 1109 3857 1162 indu-

2279 1207 2362 1251 tus
2396 1206 2479 1252 est
2517 1198 2742 1267 podcre,
2775 1198 2912 1251 alius
2943 1198 3090 1251 locus
3119 1197 3376 1265 signaculi
3406 1197 3804 1254 demonstratur
3833 1219 3848 1256 :

2283 1306 2301 1339 ι
2333 1288 2603 1342 Pertrausi
2632 1303 2728 1358 per
2756 1289 2984 1342 mediam
3011 1287 3329 1355 Jerusalem,
3356 1297 3412 1344 et
3435 1289 3498 1342 da
3521 1289 3855 1358 signaculum

2277 1379 2330 1432 in
2375 1378 2638 1433 frontibus
2685 1378 2921 1434 virorum
2961 1379 3287 1449 gementium
3314 1419 3328 1442 ,
3369 1387 3424 1433 et
3459 1378 3756 1434 dolentium
3799 1384 3856 1433 in

2276 1469 2525 1524 omnibus
2569 1467 2936 1539 iniquitatibus
2959 1509 2974 1534 ,
3003 1485 3122 1538 qua:
3153 1469 3285 1522 fiunt
3314 1469 3366 1523 in
3403 1469 3584 1524 medio
3607 1484 3794 1525 eorum
3825 1489 3843 1524 ι

2278 1557 2439 1630 (Ibid.
2470 1558 2523 1614 9.
2552 1561 2632 1627 4).
2659 1559 2868 1626 Quare?
2905 1567 2961 1612 ut
2991 1567 3174 1628 postea
3216 1560 3423 1629 possint
3455 1559 3639 1615 dicere
3667 1577 3681 1614 :
3718 1578 3738 1612 ‹
3769 1561 3858 1616 εἰς

2272 1659 2488 1720 gnatum
2533 1659 2616 1704 est
2652 1665 2814 1719 super
2851 1664 2950 1718 nos
2985 1650 3164 1704 lumen
3199 1650 3374 1705 vultus
3411 1651 3523 1717 tui,
3560 1651 3782 1708 Domine
3825 1669 3845 1704 ι

2274 1740 2441 1811 (Ρεαι.
2471 1743 2527 1796 4.
2553 1741 2630 1811 7).

2341 1835 2432 1890 25.
2463 1853 2483 1886 ι
2519 1834 2587 1888 Ει
2623 1834 3041 1889 αιιωθηιειιιιιπι
3070 1833 3123 1888 in
3163 1833 3389 1904 pedibus
3431 1833 3568 1903 ejus.
3607 1853 3626 1888 ι
3657 1834 3852 1906 Sponsi

2271 1925 2466 1994 quippe
2497 1925 2799 1994 perdiderat
2825 1924 3169 1996 dignitatem,
3199 1933 3255 1980 et
3294 1924 3451 1979 nudis
3479 1925 3705 1995 pedibus
3743 1925 3848 1981 Pa-

2270 2019 2395 2073 scha
2421 2018 2694 2074 celebrare
2715 2033 2820 2073 non
2849 2026 3076 2088 poterat.
3103 2016 3229 2072 llaec
3255 2026 3378 2071 sunt
3401 2017 3759 2074 calceamenta
3780 2017 3850 2074 de

2269 2109 2462 2178 quibus
2502 2109 2758 2163 Dominus
2790 2109 2864 2163 ait
2893 2127 2910 2162 :
2944 2127 2962 2159 ι
2996 2107 3063 2162 Et
3092 2107 3323 2163 calceavi
3362 2116 3414 2162 te
3450 2107 3755 2179 hiacyntho.
3782 2108 3851 2164 Et

2268 2202 2629 2256 calceamenta
2655 2201 2708 2255 in
2735 2199 2958 2268 pedibus
2983 2199 3140 2268 ejus'»
3171 2198 3346 2270 (Ezec.
3378 2198 3464 2253 16.
3490 2198 3615 2265 10);
3640 2213 3740 2254 nec
3759 2199 3844 2254 ubi

2268 2292 2489 2348 coluber
2519 2291 2798 2356 insidians,
2819 2291 3056 2360 plantam
3082 2289 3429 2360 ingredientis
3451 2289 3725 2344 invaderet
3749 2306 3762 2342 :
3791 2297 3847 2344 et

2268 2399 2433 2453 super
2457 2383 2771 2451 scorpiones
2795 2393 2850 2436 et
2877 2389 3154 2451 serpentes
3179 2381 3420 2434 securius
3443 2380 3767 2446 ambularet;
3790 2390 3846 2436 ut

2269 2484 2658 2543 prmpararetur
2675 2474 2742 2528 ad
2765 2473 3106 2542 Evangelium
3135 2472 3280 2540 pacis
3305 2490 3318 2525 :
3331 2471 3439 2545 jam
3463 2487 3568 2527 non
3593 2470 3844 2541 gradiens

2265 2565 2561 2620 secundum
2580 2579 2818 2630 carnem,
2843 2563 2937 2618 sed
2953 2561 3242 2618 secundum
3265 2563 3506 2630 spiritum
3526 2577 3542 2626 ;
3565 2570 3619 2615 et
3642 2562 3842 2617 dictum

2263 2660 2311 2713 ci
2357 2655 2730 2728 Propheticum
2773 2657 3129 2710 conveniret:
3165 2673 3183 2706 ι
3217 2654 3384 2720 Quam
3418 2654 3646 2724 speciosi
3678 2653 3843 2723 pedes

2263 2751 2740 2822 evangelizantium
2761 2764 2966 2820 pacem,
2987 2748 3460 2818 evangelizantium
3482 2747 3619 2801 bona
3644 2766 3662 2799 ι
3686 2745 3842 2818 (lsat'.

2263 2843 2351 2899 52.
2380 2844 2460 2911 7).

2331 2935 2423 2990 26.
2457 2952 2476 2986 ‹
2511 2935 2575 2989 Et
2601 2933 2788 2990 aﬂ'erte
2816 2932 3039 2989 vitulum
3067 2933 3392 3004 saginatum,
3421 2943 3477 2988 et
3499 2932 3759 3001 occidite,
3788 2944 3846 2990 et

2261 3027 2668 3094 manducemus,
2702 3036 2756 3083 et
2783 3027 3102 3097 epulamur;
3132 3027 3380 3098 quoniam
3410 3026 3495 3081 hic
3525 3026 3665 3080 filius
3691 3041 3846 3080 meus

2263 3130 2504 3175 mortuus
2531 3121 2723 3186 fuerat,
2755 3129 2808 3175 et
2836 3121 3047 3184 revixit,
3073 3122 3324 3190 perierat,
3352 3128 3406 3175 et
3433 3120 3679 3175 inventus
3699 3129 3838 3174 est.»

2263 3210 2470 3265 Vitulns
2485 3211 2758 3282 saginatus
2773 3211 2861 3281 qui
2883 3211 2950 3265 ad
2966 3211 3034 3282 (c)
3054 3212 3358 3281 pmnitentis
3381 3212 3688 3266 immolatur
3701 3212 3848 3266 salu-

2261 3312 2367 3359 tem
2388 3345 2402 3368 ,
2435 3304 2548 3374 ipse
2577 3303 2824 3358 Salvator
2851 3312 2964 3369 est,
2993 3303 3145 3371 cujus
3184 3303 3422 3373 quotidie
3489 3305 3604 3376 80
3678 3319 3846 3361 carne

2258 3395 2550 3465 pascimur,
2569 3409 2758 3450 cruore
2774 3404 3039 3464 potamur.
3061 3394 3261 3450 Fidelis
3278 3397 3672 3450 mecnmlector
3686 3396 3846 3452 intel-

2259 3486 2381 3556 ligis
2399 3528 2413 3551 ,
2447 3501 2550 3556 qua
2579 3484 2902 3555 pinguedine
2926 3486 3145 3540 saturati
3164 3526 3179 3550 ,
3213 3486 3264 3538 in
3294 3497 3502 3541 ructum
3530 3487 3703 3544 laudis
3725 3490 3846 3559 ejus

2259 3576 2612 3644 erumpimus,
2633 3571 2914 3630 dicentes:
2945 3593 2964 3626 ι
2997 3576 3272 3630 Eructavit
3293 3593 3389 3631 cur
3411 3593 3588 3632 meum
3616 3580 3843 3636 verbum

2258 3668 2488 3732 bonum,
2518 3666 2638 3720 dico
2665 3681 2766 3738 ego
2791 3681 2954 3736 opera
2985 3683 3102 3723 mea
3140 3669 3249 3739 regi
3284 3690 3303 3723 ι
3337 3669 3455 3740 (Ps.
3477 3673 3568 3731 ιι.
3591 3673 3644 3743 1)
3669 3690 3685 3738 ;
3718 3676 3848 3732 licet

2258 3761 2474 3832 quidam
2503 3760 2872 3831 superstitiose
2897 3760 3270 3833 magis,.quam
3293 3777 3441 3829 vero,
3469 3779 3572 3819 non
3594 3769 3846 3826 conside-
3913 3785 3916 3787 λ

2259 3859 2442 3905 rantes
2471 3857 2676 3903 textum
2711 3849 2930 3915 Psalmi,
2960 3865 3026 3904 ex
3055 3849 3227 3904 Patris
3256 3867 3484 3921 persona
3511 3855 3847 3915 arbitrentur

2261 3942 2362 3998 hoc
2389 3940 2632 4011 intelligi.
2659 3941 2814 4009 Quod
2842 3949 3042 4005 autem,
3071 3941 3165 4008 ait,
3196 3960 3216 3993 ‹
3251 3943 3551 4013 epulemur,
3583 3950 3844 4018 quoniam

2259 4033 2347 4088 hic
2373 4031 2513 4086 filius
2543 4047 2692 4086 meus
2721 4041 2964 4088 mortuus
2993 4032 3194 4096 fuerat,
3226 4041 3281 4088 et
3310 4034 3538 4102 revixit,
3571 4041 3842 4109 perierat,

2257 4133 2312 4178 et
2356 4124 2602 4179 inventus
2637 4131 2752 4188 est,
2789 4141 2808 4174 ι
2842 4122 2908 4177 ad
2946 4121 3196 4178 eumdem
3235 4126 3506 4194 parabolae
3545 4131 3846 4199 superioris

2257 4214 2490 4284 pertinet
2530 4228 2746 4269 sensum
2771 4253 2786 4278 ,
2820 4214 2873 4268 in
2904 4229 3007 4283 qua
3037 4214 3234 4270 dicitur
3261 4234 3276 4271 :
3305 4234 3324 4268 ‹
3357 4216 3448 4273 Sic
3488 4218 3609 4276 dico
3646 4223 3800 4279 vobis
3820 4268 3839 4292 ,

2256 4307 2378 4375 quia
2405 4305 2656 4377 gaudium
2684 4307 2787 4360 erit
2814 4321 2997 4361 coram
3028 4307 3247 4378 Angelis
3275 4308 3370 4364 Dei
3400 4326 3564 4382 super
3586 4329 3695 4371 uno
3715 4332 3848 4388 pee-

2257 4409 2441 4456 catore
2473 4400 2838 4470 paenitentiam
2865 4410 3077 4470 agente.
3108 4419 3128 4453 ι

2325 4491 2416 4544 27.
2450 4509 2470 4542 ‹
2501 4492 2569 4546 Ει
2589 4500 2870 4561 coeperunt
2889 4493 3114 4562 epulari.
3140 4511 3160 4546 ι
3190 4492 3303 4550 Hoc
3325 4497 3629 4554 convivium
3659 4503 3847 4572 quoti-

2256 4582 2344 4637 die
2367 4581 2690 4645 celebratur,
2718 4582 2958 4652 quotidie
2986 4595 3139 4654 pater
3169 4585 3337 4642 filium
3363 4588 3558 4660 recipit
3583 4611 3600 4646 :
3625 4606 3851 4662 semper

2256 4671 2499 4727 Christus
2525 4671 2866 4727 credentibus
2891 4674 3219 4730 immolatur.

2326 4763 2418 4818 28.
2447 4782 2468 4814 ί
2503 4763 2633 4817 Erat
2656 4772 2832 4818 autem
2857 4766 2998 4821 filius
3024 4766 3164 4822 illius
3189 4767 3372 4825 senior
3395 4773 3448 4825 ln
3470 4785 3620 4842 agro.
3654 4789 3676 4826 ι
3703 4773 3855 4830 Huc-

2258 4869 2426 4924 usqne
2450 4854 2518 4910 de
2547 4869 2772 4924 persona
2805 4856 2897 4911 lilii
2924 4857 3149 4927 iunioris
3177 4860 3502 4931 disputatum
3529 4873 3643 4930 est,
3676 4882 3858 4935 quem

2257 4947 2551 5002 secundum
2595 4959 2914 5018 pra-sentem
2956 4950 3300 5020 parabolam,
3346 4954 3399 5009 in
3444 4954 3748 5024 publicanis
3793 4973 3858 5016 et

2259 5038 2657 5107 peccatoribus,
2690 5039 2778 5107 qui
2807 5055 2837 5094 λ
2868 5040 3098 5095 Domino
3126 5042 3193 5096 ad
3234 5045 3599 5113 pmnitentitfm
3643 5063 3854 5117 provo-

2257 5128 2548 5194 cabautur,
2597 5128 2858 5183 debemus
2904 5132 3148 5200 accipere
3192 5151 3206 5185 :
3247 5136 3539 5190 secundum
3585 5139 3856 5209 mysticos

2257 5227 2436 5272 autem
2470 5219 2811 5286 intellectus,
2838 5219 2905 5275 de
2935 5221 3108 5276 futura
3139 5237 3349 5292 quoque
3384 5227 3668 5282 vocatione
3696 5228 3855 5284 Gen-

2258 5311 2389 5364 tium
2439 5309 2769 5379 prophetari.
2816 5311 2968 5367 Nunc
3017 5314 3082 5368 ad
3129 5315 3396 5370 seniorem
3446 5317 3613 5372 filium
3663 5335 3857 5376 sermo

2321 5443 2392 5509 (b)
2415 5443 2660 5509 Eictorius
2679 5444 2745 5494 ad
2767 5457 2876 5494 eum
2900 5445 3053 5495 cirum
3075 5446 3174 5509 qui.
3201 5452 3297 5496 etc.

2321 5504 2400 5575 (c)
2425 5504 2613 5575 Erasm.
2638 5519 2869 5575 eumque
2887 5504 3096 5557 secutus
3113 5508 3422 5575 Mart-ianteus
3442 5511 3740 5575 ρφῃὶιεηιίω
3760 5528 3857 5575 pro

2291 5565 2526 5639 mittentis
2541 5601 2554 5622 ,
2579 5566 2767 5639 scilicet
2782 5565 2871 5635 filii
2897 5581 2909 5615 :
2940 5577 3004 5638 et.
3023 5583 3133 5638 mox
3157 5565 3594 5639 quia_ping_u'edine
3615 5588 3708 5636 pro
3729 5565 3854 5637 qua.

2305 5628 2459 5675 ectius
2479 5627 2576 5692 duo
2597 5627 2712 5676 Mss.
2735 5627 2850 5692 quia
2871 5641 2936 5676 ea:
2956 5629 3060 5690 ejus
3059 5627 3403 5692 yinguqdinef
3407 5627 3658 5684 Notandtis
3680 5627 3859 5688 autem

2259 5688 2356 5748 hic,
2383 5692 2436 5736 et
2461 5685 2770 5752 subsequens
2787 5685 2922 5737 locus
2945 5685 3032 5751 pro
3053 5685 3368 5740 Eucharistiae
3389 5704 3718 5749 sacrameth
