4048 6186
177 299 283 360 389

179 412 602 484 transgreditur,
649 425 805 482 quem
851 411 1000 466 multi
1043 410 1360 482 simpliciter
1403 409 1468 465 ad
1512 410 1755 465 oniuium

178 502 501 558 Sanctarum
529 516 836 571 personam,
865 499 1016 556 multi
1046 501 1258 570 proprie
1284 499 1349 554 ad
1373 498 1588 554 .IudmOs
1614 498 1756 554 refe-

176 603 322 650 runt.
351 587 420 647 Et
443 591 510 648 de
535 593 744 647 Sanctis
769 587 982 662 quidem
1010 607 1114 647 non
1137 591 1367 646 diflicilis
1388 590 1756 660 interpretatio

176 694 290 748 est,
323 685 376 740 in
404 699 470 740 eo
497 683 639 753 quod
683 677 910 749 dicitur,
945 699 1213 753 nunquam
1257 682 1562 737 mandatum
1606 689 1754 735 tuum

177 770 444 847 praeterivi
469 781 486 830 ’ξ
514 775 638 832 licet.
667 776 794 830 illud
822 776 1064 830 videatur
1089 775 1370 836 obsistere,
1399 765 1540 842 quod
1567 786 1752 826 rever-

176 869 311 922 sioni
355 867 537 922 fratris
577 867 828 921 invideat.
858 866 914 921 In
942 865 1156 922 Iudaeos
1183 874 1360 920 autem
1391 879 1512 918 eum
1547 863 1678 916 livor
1701 862 1753 916 in

175 959 355 1015 fratris
395 959 566 1014 salute
609 959 930 1024 conveniat,
965 958 1068 1013 hoc
1104 965 1400 1027 repugnat,
1431 950 1572 1024 quod
1613 970 1755 1007 nun-

175 1066 332 1118 quam
357 1066 416 1106 se
441 1051 583 1105 dicat
612 1051 730 1119 ejus
760 1050 1063 1119 prmterisse
1089 1046 1432 1109 mandatum;
1467 1035 1533 1099 de
1560 1038 1755 1112 quibus

173 1141 298 1211 quid
323 1136 478 1196 nobis
501 1141 765 1206 videatur,
797 1139 907 1194 suis
930 1140 983 1194 in
1014 1138 1144 1193 locis
1169 1131 1485 1192 conabimur
1503 1134 1756 1203 explana-

171 1246 249 1286 re.
280 1250 298 1283 ‹
331 1226 463 1286 Erat
485 1241 660 1286 autem
690 1228 830 1285 ﬁlius
861 1222 1003 1284 illius
1029 1231 1209 1284 senior
1234 1228 1287 1282 in
1319 1241 1468 1297 agro,
1505 1245 1523 1278 ι
1559 1226 1610 1279 in
1644 1233 1753 1278 ter-

168 1325 317 1377 renis
345 1319 600 1394 operibus
627 1321 812 1379 labore
835 1323 1128 1390 desudans,
1152 1321 1309 1392 longe
1335 1336 1363 1374 a
1390 1319 1558 1391 gratia
1587 1317 1753 1388 Spiri~

169 1425 254 1469 tus
281 1414 492 1479 Sancti,
521 1423 575 1470 et
607 1431 638 1471 a
667 1416 892 1471 consilio
933 1417 1099 1486 patris
1125 1415 1376 1470 extorris.
1410 1405 1508 1467 liie
1533 1421 1633 1478 est,
1663 1409 1752 1480 qui

167 1507 240 1560 ait
271 1524 285 1560 :
325 1523 348 1557 ι
381 1508 582 1574 Agrum
616 1508 720 1562 emi
743 1547 756 1570 ,
783 1516 838 1561 et
864 1517 1083 1562 necesse
1123 1504 1295 1560 habeo
1319 1504 1469 1560 exire
1493 1513 1546 1558 et
1574 1502 1756 1556 videre

167 1591 319 1649 illum
351 1613 366 1651 :
398 1611 528 1666 rogo
555 1606 627 1662 te,
657 1597 795 1652 habe
820 1613 906 1652 me
936 1605 1243 1652 excusatum
1279 1615 1299 1648 ι
1336 1585 1486 1667 (Luc.
1519 1593 1605 1648 η.
1637 1591 1750 1660 18).

170 1686 302 1752 llic,
344 1687 434 1756 qui
469 1686 595 1756 jnga
637 1685 798 1742 boum
843 1687 976 1743 emit
1009 1687 1278 1758 quinque,
1309 1700 1361 1741 et
1397 1685 1553 1756 Legis
1586 1699 1753 1737 onere

165 1776 476 1850 depressus,
501 1788 838 1835 terrenorum
864 1794 1119 1835 sensuum
1143 1779 1414 1848 voluptate
1441 1773 1748 1846 perfruitur.

160 1865 300 1937 llic,
331 1863 423 1942 qui
459 1887 623 1927 uxore
648 1863 839 1937 ducta,
876 1871 954 1926 ire
978 1871 1044 1925 ad
1073 1869 1284 1940 nuptias
1322 1885 1426 1923 non
1452 1873 1667 1938 potest;
1696 1874 1752 1920 et

161 1961 390 2018 effectus
418 1949 562 2030 caro,
590 1977 922 2034 nequaquam
950 1978 1109 2017 unum
1138 1970 1314 2031 potest
1341 1974 1461 2014 esse
1488 1973 1609 2012 cum
1637 1951 1747 2027 spi-

162 2055 294 2108 ritu.
321 2053 378 2108 ln
407 2053 561 2123 hujus
590 2069 817 2124 persona
848 2047 1008 2109 etiam
1046 2051 1189 2107 illius
1223 2044 1492 2122 parabolae
1517 2047 1748 2116 operarii

161 2155 487 2218 «ingruunt,
522 2149 573 2202 in
604 2162 705 2218 qua
733 2147 920 2217 prima,
953 2145 1126 2210 tertia,
1153 2153 1324 2206 sexta,
1345 2152 1482 2196 neua
1511 2139 1665 2206 hora,
1697 2129 1748 2193 id

161 2251 276 2306 est,
303 2231 668 2296 vocationibus
691 2235 851 2293 variis
867 2239 1149 2293 mittuntur
1165 2227 1232 2290 ad
1258 2235 1487 2298 vincam,
1527 2233 1635 2304 8,1
1696 2240 1752 2286 et

161 2333 511 2402 indignantur
534 2325 632 2387 sibi
665 2330 960 2385 undecimae
987 2329 1132 2383 hora:
1157 2324 1434 2397 operarios
1459 2323 1745 2392 eoa-queri.

237 2418 331 2481 29.
378 2443 398 2477 ι
437 2426 649 2480 Etcum
674 2425 914 2488 veniret,
957 2432 1009 2477 et
1046 2419 1500 2491 appropinquaret
1544 2414 1749 2478 domui,

159 2517 368 2573 audivit
398 2515 771 2588 symphoniam
794 2523 847 2568 et
868 2511 1113 2567 chorum.
1144 2529 1164 2562 ι
1195 2501 1330 2564 Illud
1360 2506 1500 2579 quod
1530 2507 1584 2560 in
1612 2521 1749 2576 quo-

160 2604 292 2664 dam
321 2609 534 2663 Psalmo
558 2596 976 2677 superscribitur
1005 2619 1102 2676 pro
1139 2617 1375 2666 ιειετη,
1419 2599 1544 2655 huic
1569 2599 1749 2654 sensui

161 2699 438 2755 cenvenit.
465 2697 739 2769 Siquidem
767 2711 1003 2762 IELETB,
1035 2694 1230 2750 chorus
1271 2694 1323 2748 in
1360 2707 1521 2747 unum
1565 2689 1746 2746 conci-

163 2805 301 2845 nens
331 2790 544 2845 dicitur.
574 2789 708 2844 Male
737 2797 912 2844 autem
939 2788 1014 2860 (a)
1045 2786 1259 2857 quidam
1288 2786 1354 2841 de
1375 2776 1576 2839 Latinis
1605 2797 1750 2854 sym-

167 2880 420 2950 phoniam
447 2889 634 2950 putant
679 2891 799 2934 esse
842 2892 1011 2950 genus
1050 2878 1258 2948 organi,
1289 2891 1410 2932 cum
1437 2889 1664 2930 concors
1694 2874 1745 2928 in

169 2965 265 3024 Dei
295 2963 543 3025 laudibus
573 2979 886 3034 conuentus,
932 2969 1035 3024 hoc
1064 2968 1328 3023 vocabulo
1368 2959 1699 3034 significetur
1729 2981 1745 3018 :

167 3071 410 3132 συμφωνία
431 3057 626 3130 quippe
647 3059 981 3114 consonantia
1005 3058 1322 3128 caprimitur
1351 3055 1402 3110 in
1433 3056 1638 3110 Latino.

237 3154 328 3208 30.
376 3171 397 3205 ι
429 3152 496 3207 Et
524 3152 732 3206 vocavit.
771 3167 934 3206 unum
966 3150 1032 3206 de
1062 3149 1264 3221 pueris,
1315 3159 1370 3204 et
1399 3146 1750 3216 interrogavit

164 3245 421 3316 quidnam
468 3251 650 3299 essent
690 3240 826 3298 haec.
854 3261 874 3296 ι
924 3241 993 3296 Et
1034 3255 1176 3296 nunc
1220 3241 1513 3309 interrogat
1563 3238 1745 3304 Israel,

165 3351 334 3408 quare
352 3337 491 3391 Deus
515 3337 566 3391 in
585 3335 832 3392 Gentium
857 3333 1223 3404 assumptione
1239 3331 1448 3386 lauetur
1472 3348 1486 3384 :
1508 3339 1564 3384 et
1584 3344 1750 3383 amm-

165 3429 367 3485 Iatione
391 3429 678 3498 cruciatus,
707 3435 984 3500 paternam
1024 3426 1165 3482 scire
1214 3439 1323 3480 non
1356 3430 1533 3495 potest
1562 3423 1751 3476 volun-

165 3532 215 3576 ta
223 3532 352 3577 tem.

235 3607 330 3667 3i.
377 3629 396 3664 ι
429 3609 621 3678 Quiait
641 3605 738 3676 illi,
762 3604 1012 3681 quoniam
1043 3607 1207 3664 frater
1232 3615 1354 3662 tuus
1381 3601 1546 3672 venit,
1579 3614 1634 3662 et
1659 3619 1751 3660 occ

163 3701 300 3758 cidit
329 3711 481 3772 pater
509 3712 630 3757 tuus
660 3701 884 3756 vitulum
914 3701 1234 3772 saginatum,
1263 3699 1516 3770 quoniam
1544 3692 1751 3751 incolu-

163 3807 307 3847 mem
341 3791 492 3846 illum
548 3792 774 3861 recepit.
809 3810 827 3842 ›
858 3787 1034 3846 Causa
1073 3790 1294 3855 lzetitiae,
1341 3789 1482 3860 quod
1534 3791 1645 3851 pari
1695 3790 1748 3842 in

162 3876 260 3938 Dei
289 3883 474 3938 laudes
503 3890 615 3936 toto
642 3880 772 3936 orbe
801 3882 1124 3948 concinitur,
1171 3879 1314 3936 salus
1363 3891 1446 3935 est
1473 3875 1745 3945 Gentium,

163 3974 310 4032 salus
343 3985 428 4030 est
455 3981 840 4044 peccatorum:
875 3973 1123 4026 laetantur
1170 3971 1360 4042 Angeli
1407 3989 1420 4024 :
1473 3973 1646 4024 omnis
1696 3973 1748 4025 in

163 4068 422 4138 gaudium
473 4069 721 4118 creatura
775 4062 1097 4127 consentit;
1154 4069 1210 4115 et
1268 4061 1336 4115 de
1386 4057 1504 4115 solo
1555 4056 1750 4114 dicitur

166 4159 327 4215 Israel
355 4175 370 4212 :

233 4248 326 4304 52.
374 4266 393 4300 ‹
431 4246 605 4302 Iratus
632 4253 812 4300 autem
837 4239 1005 4298 noluit
1023 4243 1240 4299 intrare.
1269 4261 1288 4296 ι
1316 4241 1566 4298 irascitur
1587 4259 1644 4298 se
1659 4243 1752 4298 ab-

166 4351 318 4398 sente
348 4339 574 4394 fratrem
601 4351 723 4393 esse
751 4346 1082 4406 susceptum,
1113 4336 1364 4391 irascitur
1387 4351 1509 4390 eum
1541 4337 1744 4402 vivere,

167 4449 324 4505 quem
359 4431 579 4504 putabat
606 4427 899 4485 extinctum
924 4447 938 4484 :
969 4437 1024 4484 et
1045 4444 1186 4484 nunc
1211 4429 1339 4484 foris
1364 4437 1471 4484 stat
1494 4428 1677 4492 Israel,
1696 4437 1752 4484 et

168 4540 312 4580 nunc
337 4519 618 4594 discipulis
666 4519 955 4590 Evangelia
999 4520 1052 4575 in
1100 4521 1340 4576 Ecclesia
1386 4518 1744 4586 audientibus,

168 4625 341 4669 mater
388 4615 506 4684 ejus
559 4623 614 4668 et
666 4609 861 4667 fratres
909 4609 1040 4668 foris
1086 4621 1231 4667 stant
1275 4623 1579 4684 qutereutes
1623 4628 1748 4668 eum

169 4699 381 4776 μιαιιιι.
417 4705 531 4774 te).

240 4796 329 4852 35.
378 4815 398 4848 ι
429 4794 692 4866 Egressus
736 4806 912 4851 autem
963 4805 1114 4866 pater
1167 4794 1312 4851 illius
1354 4796 1517 4866 cmpit
1558 4807 1748 4866 rogare

165 4903 314 4942 eum.
347 4905 366 4938 ι
392 4887 560 4952 Quam
577 4886 839 4956 benignus
855 4895 909 4941 et
925 4887 1162 4943 clemens
1179 4896 1361 4956 pater:
1386 4898 1535 4957 rogat
1559 4887 1746 4952 tilium,

162 4987 226 5032 ut
252 4975 452 5029 latitia:
472 4976 657 5031 domus
673 4978 939 5046 particeps
962 4978 1051 5031 Iiat
1072 4995 1085 5031 :
1111 4987 1261 5047 rogat
1282 4987 1458 5032 autem
1487 4985 1639 5047 pater
1656 4992 1750 5046 per

164 5065 485 5138 Apostolus,
515 5077 662 5136 rogat
690 5083 782 5138 per
813 5069 1084 5138 Evangelii
1131 5069 1532 5137 prmdicatores.
1563 5062 1605 5121 Ε
1629 5069 1748 5136 qui-

165 5159 270 5213 bus
315 5151 512 5210 Paulus
537 5155 612 5210 ait
635 5174 649 5211 :
684 5175 703 5208 ι
737 5158 1028 5213 Precamur
1050 5168 1150 5227 pro
1173 5157 1410 5223 Christo,
1437 5158 1753 5211 reconciliao

165 5246 298 5302 mini
333 5245 444 5300 Deo
468 5239 544 5318 (2.
577 5245 693 5300 Cor.
719 5248 772 5302 5.
800 5243 914 5315 20).
944 5264 963 5298 ι
990 5247 1056 5300 Et
1080 5242 1206 5300 alibi
1230 5265 1247 5298 ι
1282 5247 1445 5302 Vobis
1465 5248 1752 5315 oportebat

166 5341 398 5409 primum
423 5340 728 5394 annuntiari
767 5339 859 5411 [aL
888 5336 1208 5408 annuntiure]
1249 5341 1469 5394 verbum
1494 5340 1624 5394 Dei:
1654 5339 1749 5395 sed

233 5536 414 5617 (9.ἓὲ
434 5536 1609 5617 “3%,Eiid°fllﬂ9Qiiﬁif’ibi‘fz.fl“°9_9‘filef¥
1621 5541 1752 5617 295i:

168 5599 419 5672 quioribus
461 5603 687 5662 sumpsit,
727 5599 1064 5663 symphoniam
1078 5637 1091 5657 ,
1135 5599 1285 5659 dicit,
1331 5599 1470 5664 vulgo
1512 5599 1752 5670 appellari

168 5662 347 5735 lignum
370 5675 548 5735 cavum
558 5669 858 5735 exorti-gone
874 5668 1009 5735 parte
1031 5660 1156 5723 pelle
1177 5668 1390 5726 extensa,
1421 5675 1566 5726 quam
1590 5675 1750 5728 virgu-

167 5723 227 5776 ιδ
247 5725 360 5777 hinc
380 5725 499 5777 inde
524 5723 697 5775 ,διιωὶσὶ
718 5723 913 5784 feriunt.

658 5807 720 5866 S.
769 5806 1138 5868 Hrenox‘wt
1185 5807 1233 5868 Ι.

1557 291 1887 354 EPISTOLA
1928 294 2067 352 XXI.

3344 304 3450 372 390

1868 411 1995 479 quia
2017 409 2298 480 repulistis
2320 409 2468 477 illud,
2498 419 2555 468 et
2579 408 2823 483 indignos
2849 429 2942 469 vos
2974 414 3256 486 iudicastis
3285 428 3448 476 :etcr.

1863 516 1946 556 na:
1967 503 2111 568 vitaz,
2139 517 2265 558 ecce
2293 504 2660 560 convertimur
2688 503 2754 560 ad
2777 513 2962 574 gentes
2997 526 3017 559 ι
3049 508 3184 578 (Act.
3215 510 3301 566 l3.
3326 512 3447 583 l6).

1931 583 2022 648 36.
2068 611 2089 646 ι
2126 593 2245 666 Ipse
2271 605 2452 649 autem
2478 595 2831 664 respondens,
2854 597 2930 650 ait
2968 600 3100 666 patri
3143 615 3275 656 suo:
3307 603 3447 660 Ecce

1863 691 1943 738 tot
1986 685 2142 740 anuis
2185 687 2364 742 servio
2404 687 2518 741 tibi.
2552 687 2711 741 Pater
2755 689 2984 758 supplex
3013 691 3078 744 ad
3104 695 3443 751 concordiam

1860 775 2210 847 deprecatur:
2238 778 2326 834 ille
2349 779 2633 849 juStitiam,
2663 795 2781 850 quae
2811 780 2863 834 in
2896 780 3035 851 Lege
3061 792 3163 848 est,
3193 799 3444 853 sequi-ns,

1863 866 1956 921 Dei
1978 863 2202 937 justitire
2231 886 2337 924 non
2364 871 2664 940 subjicitur.
2692 862 2859 926 Porro
2888 888 3009 941 qua:
3049 868 3222 942 major
3242 870 3446 944 justitia

1863 955 1982 1022 Dei,
2007 973 2164 1027 quam
2194 958 2271 1031 (ὸ)
2303 960 2584 1030 ignoscere
2622 962 3030 1031 pmniteutibus,
3064 958 3230 1018 tilium
3272 968 3447 1021 susci-

1860 1061 1988 1115 pere
2015 1048 2363 1104 redeuntem?
2397 1069 2416 1103 ι
2443 1041 2581 1106 Ecce
2605 1061 2684 1106 tot
2703 1053 2857 1106 anuis
2879 1054 3056 1108 servio
3080 1052 3195 1120 tibi,
3230 1065 3285 1110 ct
3306 1075 3447 1112 nun-

1859 1152 2018 1206 quam
2048 1140 2356 1196 mandatum
2404 1149 2551 1196 tuum
2597 1144 2895 1213 prmterivi;
2944 1147 3094 1216 quasi
3128 1147 3230 1202 hoc
3271 1150 3444 1219 ipsum

1858 1228 1968 1298 83
2041 1245 2147 1284 non
2174 1232 2243 1285 sit
2271 1233 2544 1301 praeterire
2569 1234 2899 1301 mandatum,
2928 1236 3083 1290 saluti
3106 1238 3329 1293 alterius
3361 1242 3444 1295 in-
3518 1295 3526 1302 ,

1862 1320 2072 1387 videre,
2094 1331 2218 1376 ante
2244 1323 2413 1378 Deum
2441 1339 2498 1378 se
2524 1323 2726 1392 jactare
2743 1319 2982 1394 justitizr,
3005 1341 3125 1381 cum
3161 1345 3318 1382 nemo
3348 1345 3444 1384 co-

1860 1426 1974 1465 ram
1993 1427 2059 1467 eo
2079 1414 2312 1470 mundus
2333 1415 2422 1470 sit.
2441 1415 2570 1483 Quis
2589 1417 2728 1470 enim
2753 1417 3018 1472 laetabitur
3039 1426 3243 1472 castum
3264 1435 3323 1474 se
3347 1421 3444 1474 ha-

1861 1501 1987 1558 bere
2007 1519 2122 1569 cor,
2153 1521 2218 1561 ne
2237 1505 2331 1578 {aL
2358 1507 2454 1579 vel]
2481 1509 2526 1562 si
2557 1511 2713 1562 unius
2739 1509 2955 1578 quidem
2986 1509 3088 1564 diei
3120 1509 3314 1565 fuerit?
3339 1512 3444 1564 Da-

1861 1593 1943 1645 vid
1968 1597 2286 1652 contitetur:
2316 1616 2335 1648 ‹
2363 1597 2417 1654 In
2445 1599 2811 1668 iniquitatibus
2837 1611 3126 1670 conceptus
3147 1617 3285 1669 sum,
3316 1615 3368 1659 et
3391 1607 3442 1660 in

1856 1689 2062 1743 delictis
2091 1690 2337 1757 concepit
2367 1705 2452 1743 me
2495 1699 2668 1744 mater
2709 1706 2826 1744 mea
2862 1709 2881 1742 ι
2919 1691 3039 1762 (Ps.
3069 1693 3157 1747 50.
3192 1694 3266 1761 7).
3291 1693 3359 1747 Et
3390 1696 3441 1749 in

1855 1777 1961 1830 alio
1987 1776 2144 1832 loco:
2170 1795 2190 1828 ι
2227 1777 2280 1831 Si
2309 1778 2642 1847 iniquitatem
2669 1780 2919 1845 attendis,
2947 1782 3188 1846 Domine,
3220 1787 3338 1852 Quis
3352 1800 3443 1839 su-

1855 1867 2075 1923 stinebit
2103 1887 2122 1920 ι
2150 1866 2270 1935 (Ps.
2299 1868 2423 1923 129.
2456 1859 2514 1937 3)
2533 1871 2556 1922 ἰ)
2575 1869 2646 1924 Ει
2673 1870 2758 1924 hic
2785 1869 2917 1925 dicit
2941 1889 3208 1943 nunquam
3227 1889 3284 1929 se
3306 1891 3443 1944 pra“

1857 1961 2042 2014 terisse
2059 1959 2388 2026 mandatum,
2407 1961 2563 2015 toties
2585 1961 2653 2015 ob
2678 1961 3030 2018 idololatriam
3045 1967 3441 2034 captivitatibus

1859 2050 2103 2104 traditus.
2133 2068 2152 2102 ι
2184 2050 2323 2106 Ecce
2357 2061 2430 2105 tot
2475 2051 2632 2106 annis
2678 2053 2856 2106 servio
2897 2055 3024 2118 tibi,
3071 2065 3125 2110 et
3165 2074 3438 2129 nunquam

1854 2141 2161 2195 mandatum
2191 2150 2338 2196 tuum
2369 2143 2701 2211 prmterivi.»
2752 2137 2864 2199 IIoc
2921 2156 3002 2200 est
3051 2148 3192 2217 quod
3245 2150 3440 2205 I’anlus

1855 2233 2143 2301 Apostolus
2174 2233 2441 2303 loquitur:
2481 2251 2500 2284 ι
2536 2233 2673 2300 Quid
2696 2250 2824 2304 ergo
2851 2231 3129 2290 dicemus?
3157 2239 3278 2308 quia
3308 2255 3440 2310 gen—

1857 2333 1936 2379 tes
1963 2340 2082 2392 qnze
2109 2338 2214 2378 non
2258 2324 2606 2378 sectabantur
2645 2325 2926 2394 justitiam,
2967 2325 3442 2398 appreltcnderunt

1849 2412 2134 2481 justitiam,
2168 2414 2240 2486 (c)
2266 2406 2524 2483 justitiam
2549 2425 2726 2470 autem
2751 2432 2871 2488 quae
2901 2435 2964 2472 ex
3000 2420 3103 2474 lide
3131 2432 3232 2474 est.
3272 2420 3438 2479 Israel

1853 2519 1984 2560 vero
2015 2504 2272 2560 sectando
2299 2503 2468 2577 legem
2491 2501 2736 2577 justitiar,
2768 2509 2833 2563 ad
2871 2511 3036 2579 legem
3067 2512 3286 2580 justitim
3327 2530 3436 2570 non

1855 2597 2096 2664 pervenit
2121 2614 2140 2648 ι
2173 2589 2354 2664 (Rom.
2386 2597 2438 2652 9.
2469 2595 2559 2653 50.
2603 2609 2650 2652 et
2679 2598 2794 2668 5i).
2821 2599 3036 2668 Quare?
3058 2604 3180 2672 quia
3223 2619 3328 2657 non
3369 2619 3439 2660 ex

1854 2687 1960 2743 lide
1979 2728 1992 2751 ,
2023 2687 2120 2743 sed
2148 2690 2298 2757 quasi
2331 2705 2396 2744 ex
2424 2689 2676 2760 operibus
2709 2689 2887 2762 Legis.
2921 2695 3103 2749 Potest
3133 2711 3261 2765 ergo
3288 2707 3343 2752 et
3368 2714 3437 2753 cx

1851 2769 1966 2848 (litis
2007 2789 2234 2849 persona
2271 2773 2396 2846 dici,
2439 2781 2527 2851 qui
2550 2781 2697 2851 juxta
2739 2784 2986 2838 eumdem
3025 2784 3339 2855 Apostolum
3368 2788 3422 2842 in

1847 2869 2071 2940 justitia,
2107 2886 2226 2942 qua:
2243 2887 2307 2926 ex
2333 2871 2449 2942 lege
2474 2879 2575 2938 cst,
2606 2873 2722 2927 sine
2743 2871 3164 2943 reprehensione
3190 2886 3437 2934 versatus

1852 2952 1923 3014 sit
1945 2979 1956 3012 :
1979 2961 2102 3015 licet
2125 2956 2252 3015 mihi
2275 2963 2516 3017 videatur
2538 2958 2706 3032 magis
2722 2963 2997 3033 sejactare
3017 2959 3256 3031 Juda-us,
3276 2980 3437 3034 quam

1852 3065 1976 3104 vera
2009 3050 2207 3115 dicere,
2258 3051 2324 3104 ad
2351 3050 2654 3120 exemplum
2687 3050 2826 3106 illius
2864 3047 3141 3120 Pharismi,
3170 3051 3432 3110 dicentis:

1858 3157 1877 3191 ι
1918 3137 2059 3193 Deus
2090 3141 2286 3210 gratias
2315 3155 2415 3209 ago
2447 3139 2562 3206 tibi,
2610 3141 2731 3210 quia
2779 3157 2885 3197 non
2924 3160 3040 3197 sum
3085 3146 3222 3200 sicut
3251 3143 3436 3202 eatteri

1855 3223 2117 3310 homines,
2143 3242 2408 3300 raptores,
2440 3231 2649 3300 iujusti,
2681 3232 2932 3299 adulteri,
2961 3230 3096 3289 sicut
3127 3246 3179 3292 et
3214 3233 3302 3292 hic
3324 3237 3436 3292 Pu-

1853 3315 2094 3376 blicanns
2135 3341 2155 3374 ι
2191 3320 2341 3391 (Luc.
2377 3318 2463 3377 l8.
2495 3325 2604 3392 ll).
2644 3325 2751 3378 Oro
2777 3334 2850 3389 te,
2883 3341 3060 3382 nonne
3092 3324 3182 3383 tibi
3227 3331 3436 3387 videtur

1852 3425 1913 3464 ca
1944 3427 2060 3473 uiue
2084 3408 2173 3466 ille
2200 3411 2268 3468 de
2300 3413 2584 3482 publicano
2609 3413 2841 3484 dixerat,
2873 3418 3053 3475 dicere
3093 3417 3194 3476 iste
3220 3420 3287 3477 de
3326 3422 3435 3479 fra-

1854 3502 1966 3558 tre?
2001 3503 2096 3560 Ilie
2125 3507 2321 3575 estqui
2353 3507 2588 3561 comedit
2629 3523 2843 3563 omnem
2871 3507 3223 3566 substantiam
3255 3503 3430 3582 suam,

1853 3593 2035 3649 vivens
2084 3607 2206 3650 cum
2238 3593 2632 3654 meretricibus.
2678 3599 2759 3653 Ad
2811 3595 2863 3654 id
2906 3611 3085 3656 autem
3127 3603 3269 3674 quod
3311 3606 3430 3660 ait:

1858 3706 1876 3739 ι
1911 3685 2208 3744 Mandatum
2242 3699 2389 3746 tuum
2420 3707 2691 3763 nunquam
2725 3696 3014 3763 prarterivi,
3046 3716 3066 3750 ι
3103 3700 3269 3768 patris
3311 3716 3432 3757 ser-

1851 3793 1942 3833 mo
1981 3794 2085 3833 non
2114 3776 2524 3851 congruit:non
2575 3785 2720 3838 enim
2763 3788 3098 3842 conﬁrmavit
3142 3806 3266 3844 vera
3312 3808 3436 3850 esse

1853 3883 1972 3938 qua:
2001 3867 2211 3925 dixerat
2239 3871 2402 3937 ﬁlius,
2433 3872 2527 3928 sed
2559 3874 2880 3929 irascentem
2909 3876 3011 3931 alia
3035 3880 3244 3935 ratione
3267 3895 3433 3936 eom-

1855 3962 2092 4032 pescuit:
2129 3980 2148 4013 ‹
2175 3962 2296 4029 Fili,
2351 3973 2408 4018 tu
2459 3979 2674 4035 semper
2718 3980 2929 4021 mecum
2975 3984 3054 4024 es.
3085 3988 3104 4023 ι
3139 3970 3430 4044 Numquid,

1853 4055 1947 4119 ait,
1981 4051 2117 4108 bene
2141 4055 2358 4124 quidem
2384 4051 2541 4122 dicis,
2565 4066 2620 4113 et
2666 4053 2838 4114 fecisti
2867 4069 3059 4116 cuncta
3099 4077 3218 4132 qua:
3257 4065 3434 4133 jusse-

1853 4146 2004 4198 ram?
2043 4144 2120 4215 (ά)
2148 4141 2253 4200 Sed
2283 4160 2474 4200 mecum
2517 4164 2588 4213 es,
2630 4149 2820 4220 inquit,
2852 4167 3069 4222 semper.
3115 4152 3323 4212 Mecum
3369 4173 3432 4214 es

1855 4235 1971 4307 lege
2000 4252 2102 4306 qua
2126 4237 2408 4308 stringeris
2429 4257 2442 4293 :
2467 4250 2676 4294 meeum
2692 4256 2772 4306 es,
2795 4241 2920 4296 dum
2950 4244 3080 4298 mihi
3109 4256 3160 4300 et
3184 4247 3234 4302 in
3258 4265 3336 4318 ea]
3357 4251 3433 4305 ti-

1854 4327 2103 4382 vitatibus
2128 4327 2358 4382 erudiris
2383 4345 2395 4381 :
2419 4343 2628 4384 mecum
2650 4345 2731 4396 es,
2755 4346 2859 4387 non
2880 4335 3002 4402 quia
3031 4348 3295 4408 praecepta
3314 4356 3431 4398 mea

1853 4417 2230 4488 compleveris,
2272 4417 2366 4474 sed
2418 4420 2559 4490 quod
2605 4429 2657 4477 te
2685 4423 2738 4477 in
2784 4422 3126 4497 longinquam
3156 4434 3430 4502 regionem

1854 4509 2002 4565 abire
2032 4525 2136 4565 non
2165 4521 2351 4580 passus
2380 4527 2533 4568 sum:
2563 4529 2772 4570 mecum
2803 4531 2863 4572 es
2885 4517 2951 4572 ad
2993 4529 3314 4587 extremum,
3344 4541 3435 4581 se-

1853 4601 2084 4656 eundum
2117 4602 2244 4656 illud
2276 4602 2414 4673 quod
2446 4602 2695 4675 loquutus
2723 4622 2839 4662 sum
2869 4607 2934 4664 ad
2967 4608 3168 4673 David:
3195 4633 3217 4667 ι
3250 4615 3305 4671 Si
3335 4617 3434 4670 dc-

1854 4693 2169 4760 reliqueriut
2194 4692 2286 4748 filii
2309 4695 2425 4764 ejus
2452 4694 2626 4766 legem
2657 4714 2852 4764 meam,
2881 4708 2936 4754 et
2976 4701 3026 4754 in
3053 4703 3267 4773 judiciis
3297 4706 3436 4760 meis

1853 4799 1958 4840 non
1984 4787 2404 4856 ambulaverint;
2434 4790 2478 4844 si
2501 4789 2732 4860 justitias
2758 4810 2777 4845 ι
2808 4792 2928 4863 (Ps.
2959 4795 3050 4849 88.
3074 4794 3162 4849 51.
3190 4805 3238 4850 et
3268 4798 3435 4868 seqq.)

1859 4896 1880 4930 ‹
1920 4894 2066 4934 meas
2094 4881 2513 4950 profanaverint,
2533 4891 2588 4937 et
2616 4883 2865 4938 mandata
2890 4900 3006 4938 mea
3036 4901 3142 4940 non
3162 4887 3436 4943 custodie-

1853 4969 1984 5034 rint,
2010 4969 2241 5025 visitabo
2273 4972 2324 5025 in
2353 4974 2499 5041 virga
2528 4973 2837 5042 iniquitates
2863 4988 3071 5040 eorum,
3096 4986 3150 5030 et
3172 4975 3223 5030 in
3252 4975 3436 5046 ﬂagel-

1855 5059 1923 5113 lis
1969 5057 2260 5128 injustitias
2305 5074 2527 5114 eorum:
2555 5057 2982 5115 misericordiam
3036 5073 3214 5118 autem
3259 5080 3436 5123 meam

1855 5163 1962 5203 non
2003 5149 2240 5204 auferam
2281 5147 2350 5203 ab
2379 5145 2458 5204 eis
2486 5145 2576 5220 [aL
2614 5149 3048 5225 juslt'ﬁcalt'oues].
3081 5172 3100 5206 ι
3135 5154 3252 5220 Quo
3281 5159 3438 5212 testi-

1941 5299 1989 5370 ὁ)
2024 5299 2225 5370 Quidam
2248 5299 2634 5370 mssqigrtoscere
2656 5300 3065 5370 delinquentibus,
3078 5314 3190 5370 ietc.

1943 5361 1992 5435 ς)
2025 5361 2136 5435 Duo
2161 5361 2326 5435 verba,
2341 5361 2745 5435 .juslt'tiu‘autem,
2769 5361 2952 5435 quaeet
2978 5361 3442 5435 inHieronymtanls

1853 5421 2668 5498 ΨῙΡΗΞΡΕΨ1¹ῩᾸ¹¹ΞῙΗὲἙΡῨὲί⁰¹³ε
2858 5425 3208 5498 invenientur.
3231 5421 3440 5498 iuser

1855 5481 2081 5532 omnibus
2104 5481 2289 5554 Gracia
2312 5481 2592 5546 Latinisque
2624 5485 2746 5535 sacri
2770 5492 2936 5536 textus
2953 5481 3218 5554 codicibus,
3242 5481 3440 5547 uiridi

1857 5557 1994 5594 usus
2018 5552 2122 5604 post
2142 5543 2390 5592 Erasmum
2415 5557 2474 5593 ex
2484 5543 2738 5604 punxerat.

1879 5603 2944 5684 ..(1)Εθξέιὶάἑρξιῖιέςεξὲεφι)ε·αὐοηίιειοε
2968 5610 3078 5680 loco
3105 5614 3444 5684 (immensa

1857 5664 2003 5752 liber,
2024 5664 2386 5752 es‘qunovpa‘uolo‘
2397 5668 2518 5717 iul’ra
2543 5664 2754 5752 ILe'g‘imus
2774 5671 2832 5744 in.
2850 5664 3437 5752 ιοῃῃὶηηιιαήἲτίὲἀῖὁᾶἷῖιίξ

1862 5741 1972 5778 cum
1997 5734 2141 5780 antea
2165 5730 2334 5781 excusi
2357 5741 2531 5783 omnes
2551 5730 2792 5786 haberent
2813 5733 2865 5785 in
3189 5730 3326 5835 ἔξιθι

2883 5817 3174 5898 (Τνρετσ.)
