4048 6186
579 325 676 400 ab:

583 462 764 518 monio
833 454 943 528 83
1014 460 1066 504 et
1093 446 1142 501 id
1173 447 1224 500 in
1253 456 1361 514 quo
1386 440 1523 495 lillns
1548 437 1730 493 senior
1753 435 2029 528 gloriatur,
2051 431 2152 528 fal-

581 571 700 611 sun‘i
718 566 836 608 esse
846 525 1198 601 convincitur,
1221 537 1346 589 dum
1360 535 1411 587 iu
1431 532 1522 587 Dei
1543 530 1756 601 judieiis
1774 543 1878 581 non
1894 525 2150 590 ambulat,

582 653 636 701 et
651 645 764 711 ejus
785 634 1025 692 mandata
1046 646 1149 683 non
1171 625 1386 680 facit.Et
1404 620 1672 693 quomodo
1689 621 1787 673 ista
1809 633 1912 671 non
1933 615 2156 680 faciens,

581 710 700 791 eum
722 739 866 800 patre
893 739 1106 793 semper
1136 720 1297 775 fuisse
1318 717 1512 771 dicitur
1527 718 1550 769 ?
1574 715 1705 768 Dum
1727 725 1953 782 peccans
1975 710 2160 763 visita-

584 838 670 881 tur
693 826 742 877 in
772 821 917 889 virga
935 858 950 880 ,
974 825 1028 871 et
1051 814 1263 868 visitato
1277 807 1643 866 misericordia
1663 821 1766 860 non
1787 813 2028 875 negatur.
2053 801 2162 855 Nec

582 909 880 970 mirandum
907 905 1041 977 patri
1072 919 1193 959 eum
1219 916 1409 954 ausum
1435 899 1598 953 fuisse
1629 895 1866 958 mentiri,
1895 895 1981 963 qui
2013 892 2162 947 fratri

583 1005 750 1076 potuit
777 1001 1048 1056 invidere:
1079 997 1310 1051 maxime
1359 1008 1479 1047 cum
1525 992 1578 1045 in
1609 989 1696 1044 die
1733 987 1918 1058 judieii
1947 985 2161 1056 quidam

583 1093 946 1166 impudentius
976 1089 1323 1148 mentiantur,
1347 1085 1626 1138 dicentes:
1657 1100 1676 1134 ι
1707 1079 1895 1135 Nonne
1918 1078 1968 1132 in
2003 1076 2168 1131 nomi-

586 1204 654 1243 ne
680 1198 768 1240 tuo
796 1181 1130 1240 comedimus
1161 1187 1216 1232 et
1244 1176 1497 1238 bibimus,
1532 1182 1586 1228 et
1615 1173 1841 1225 virtutes
1873 1169 2067 1222 multas
2092 1167 2168 1222 fe-

585 1281 776 1341 cimus,
827 1282 882 1330 et
922 1269 1185 1329 dannonia
1231 1267 1488 1338 ejccimus
1527 1261 1738 1334 (Matth.
1775 1263 1825 1314 7.
1855 1259 1986 1330 21)?
2030 1257 2166 1324 Quid

587 1384 715 1424 vero
737 1367 828 1433 sil,
858 1375 904 1420 et
929 1363 1100 1419 omnia
1127 1376 1236 1414 mea
1254 1368 1340 1418 tua
1367 1365 1504 1421 sunt,
1529 1369 1626 1410 suo
1649 1353 1768 1408 loco
1788 1347 2169 1420 congruentius

587 1457 966 1528 explicabitur.

661 1550 750 1605 '55.
798 1567 816 1600 ι
851 1547 917 1601 Et
945 1558 1218 1616 nunquam
1261 1540 1455 1596 dedisti
1504 1535 1635 1592 mihi
1683 1533 1916 1599 haedum,
1962 1541 2019 1586 ut
2048 1545 2170 1586 cum

591 1640 777 1694 amicis
807 1639 940 1692 meis
965 1637 1234 1706 epularer.
1267 1651 1287 1684 ›
1319 1632 1541 1694 Tantus,
1595 1627 1788 1698 inquit,
1842 1624 2000 1680 Israel
2050 1638 2174 1677 san-

591 1731 710 1800 guis
739 1727 939 1783 effusus
965 1733 1068 1790 est,
1101 1733 1178 1778 tot
1205 1723 1481 1776 hominum
1527 1733 1666 1774 ctesa
1713 1725 1838 1772 sunt
1885 1715 2066 1779 millia,
2120 1721 2175 1768 et

595 1818 772 1872 nullus
794 1830 981 1870 eorum
1005 1823 1203 1867 nostra:
1233 1810 1436 1864 exstitit
1463 1809 1650 1863 salutis
1687 1808 2012 1874 redemptor.
2057 1803 2174 1873 lpse

595 1910 769 1967 Josias
793 1908 882 1979 qui
913 1907 1113 1977 placuit
1141 1904 1194 1958 in
1227 1911 1516 1971 conspectu
1550 1909 1640 1953 tuo
1677 1896 1752 1968 (4.
1789 1895 1914 1967 Reg.
1957 1893 2090 1973 23),:
2123 1900 2178 1948 et

597 2015 770 2070 nuper
803 1995 1122 2058 Machabazi,
1150 1992 1238 2062 qui
1267 2006 1363 2061 pro
1387 2000 1476 2045 tua
1504 1988 1815 2042 lnereditate
1852 1984 2174 2054 pugnabant,

599 2103 783 2150 contra
836 2089 917 2144 fas
968 2084 1288 2148 sanctitatis,
1345 2081 1577 2136 hostium
1629 2077 1819 2148 gladiis
1873 2073 2178 2144 interempti

599 2196 742 2250 sunt,
769 2193 822 2238 et
845 2181 1040 2236 nullius
1065 2192 1225 2233 cruor
1255 2175 1407 2230 nobis
1439 2171 1669 2228 reddidit
1693 2171 2018 2225 libertatem.
2045 2167 2181 2222 Ecce

600 2279 776 2333 adhuc
804 2275 1048 2330 Romano
1079 2269 1306 2340 imperio
1349 2266 1722 2337 subjacemus:
1753 2280 1857 2319 non
1890 2261 2177 2332 PrOpheta,

602 2387 709 2426 non
735 2365 1019 2431 Sacerdos,
1066 2380 1172 2418 non
1218 2362 1395 2432 justus
1422 2359 1702 2431 quisquam
1750 2356 2054 2411 iuunolatus
2100 2360 2183 2408 est

606 2477 702 2531 pro
730 2458 903 2514 nobis.
938 2456 1004 2511 Et
1031 2471 1124 2524 pro
1158 2451 1434 2508 luxurioso
1463 2449 1592 2516 lilio,
1626 2448 1678 2503 id
1712 2459 1812 2511 est,
1861 2462 1956 2517 pro
2005 2446 2181 2517 genti-

607 2552 727 2614 bus,
761 2563 857 2617 pro
881 2545 1274 2618 peccatoribus,
1300 2543 1465 2598 totius
1490 2550 1750 2596 creatura:
1771 2539 2037 2609 g'oriosus
2060 2553 2186 2592 san-

605 2642 722 2713 guis
765 2639 965 2696 effusus
1011 2646 1115 2692 est.
1159 2633 1401 2705 Cumque
1447 2632 1776 2687 merentibus
1827 2631 2030 2684 minora
2079 2646 2182 2683 non

608 2733 842 2798 dederis,
877 2728 1160 2785 immeritis
1193 2730 1396 2797 majora
1437 2723 1694 2780 tribuisti.
1728 2742 1747 2775 ι
1782 2722 2060 2792 Nunquam
2092 2721 2188 2776 de-

606 2826 732 2881 disti
761 2825 889 2880 mihi
924 2821 1157 2885 haedum,
1191 2830 1248 2874 ut
1279 2835 1400 2876 cum
1452 2816 1640 2872 amicis
1683 2815 1817 2869 meis
1862 2814 2127 2884 epularer.
2161 2831 2182 2865 ι

609 2920 791 2983 Erras,
821 2913 1134 2971 Israelzdic
1184 2912 1378 2983 potius,
1435 2919 1492 2965 ut
1544 2919 1717 2964 tecum
1766 2907 2034 2978 epularer.
2085 2908 2189 2961 Aut

611 3019 786 3086 potest
815 3024 937 3065 esse
968 3003 1066 3061 tibi
1111 3005 1286 3074 aliqua
1311 3000 1644 3072 jncnuditas,
1679 2999 1780 3054 nisi
1813 3009 1962 3070 patre
2011 3007 2186 3052 tecum

609 3105 915 3160 celebrante
944 3097 1280 3156 convivium?
1325 3095 1529 3150 Saltem
1557 3092 1807 3161 exemplo
1833 3092 2026 3145 docere
2053 3105 2192 3160 pra:-

612 3195 772 3250 senti.
803 3193 1036 3248 Reverso
1060 3187 1420 3258 liliojuuiore,
1450 3195 1503 3239 et
1531 3192 1681 3253 pater
1706 3182 1914 3237 la-tatur
1940 3189 1994 3235 et
2017 3181 2187 3250 pueri.

615 3284 1003 3348 Manducemus,
1056 3281 1152 3346 ait,
1200 3289 1249 3333 et
1299 3276 1560 3348 epulcmur
1589 3291 1608 3329 :
1651 3291 1755 3329 non
1788 3274 2108 3340 manducata,
2140 3283 2194 3328 et

613 3374 910 3447 epulamini.
942 3375 1010 3428 At
1037 3381 1092 3425 tu
1132 3385 1193 3425 ea
1226 3376 1424 3437 mente,
1453 3383 1555 3438 qua
1597 3367 1802 3422 invides
1829 3365 2001 3431 fratri,
2035 3382 2134 3438 qua
2162 3382 2190 3422 a

615 3467 783 3537 patris
828 3462 1037 3519 recedis
1080 3468 1322 3529 aspectu,
1351 3468 1406 3514 et
1434 3474 1646 3528 semper
1676 3458 1728 3511 in
1762 3472 1891 3528 agro
1939 3472 2021 3523 es,
2054 3473 2195 3513 nunc

614 3571 829 3628 quoque
857 3555 936 3607 vis
961 3567 1027 3607 eo
1054 3551 1278 3604 absente
1321 3550 1456 3603 inire
1494 3547 1818 3603 cooviviuut.
1858 3566 1876 3599 ι
1911 3547 2191 3617 Nunquam

618 3645 811 3702 dedisti
841 3642 970 3698 mihi
1012 3640 1246 3696 bardum.
1277 3657 1294 3690 ι
1326 3637 1606 3708 Nunquam
1637 3647 1786 3705 pater
1817 3637 2081 3691 deteriora
2106 3639 2196 3693 dat

621 3752 838 3792 uulnera
863 3751 878 3789 :
910 3732 1074 3787 babes
1098 3730 1316 3784 vitulum
1337 3729 1665 3783 immolatum
1690 3745 1702 3781 :
1725 3728 2022 3799 ingredere,
2043 3745 2194 3782 man-

617 3829 750 3882 duca
778 3842 898 3881 cum
922 3826 1098 3878 fratre.
1124 3820 1259 3890 Quid
1302 3820 1514 3875 luetlum
1541 3819 1758 3889 (IliiL‘l'iS,
1801 3820 1884 3875 cui
1921 3835 2086 3890 agnus
2115 3832 2196 3875 est

617 3917 847 3974 missus?
878 3915 943 3970 Et
971 3929 1036 3970 ne
1071 3913 1291 3969 simules
1333 3919 1384 3967 te
1430 3911 1658 3976 nescire,
1698 3911 1836 3981 quod
1871 3911 2063 3966 missus
2093 3921 2195 3976 est,

617 4011 851 4067 Joannes
902 4008 994 4061 tibi
1044 4021 1166 4062 eum
1219 4007 1272 4060 in
1323 4020 1506 4060 eremo
1557 4003 1978 4062 demonstravit:
2008 4023 2027 4057 ι
2058 4004 2199 4060 Ecce

620 4105 801 4170 Agnus
829 4100 940 4164 Dei,
983 4113 1108 4152 ecce
1135 4097 1223 4166 qui
1258 4095 1632 4166 tollitpeecata
1664 4097 1843 4151 mundi
1878 4115 1896 4148 ι
1932 4095 2109 4168 (.lomt.
2150 4098 2196 4153 l.

617 4187 733 4258 20).
782 4189 844 4242 Et.
869 4197 1016 4256 pater
1035 4185 1247 4257 quidem
1276 4184 1427 4255 quasi
1454 4185 1712 4251 clemens,
1755 4194 1810 4240 et
1834 4187 2198 4257 pmoitentiam

623 4280 884 4343 tribuens,
916 4288 967 4333 te
996 4277 1241 4332 hortatur
1267 4276 1332 4331 ad
1353 4277 1598 4343 vitulum,
1627 4294 1731 4332 non
1765 4277 2048 4332 immolatis
2093 4278 2203 4332 Ine-

621 4370 768 4433 dum,
802 4384 956 4438 quem
990 4377 1131 4422 stare
1161 4367 1263 4422 scit
1306 4366 1371 4421 ad
1421 4367 1714 4421 sinistram.
1746 4367 1823 4421 Tu
1855 4385 1981 4422 vero
2014 4369 2064 4422 in
2097 4369 2200 4424 line

622 4457 1380 4528 smeuli,ipsetibieslaudum
1415 4455 1786 4511 immolaturus
1858 4456 1970 4530 84
2043 4459 2200 4513 Anti-

622 4553 912 4615 Christum,
958 4561 1014 4606 et
1047 4567 1167 4606 cum
1195 4550 1382 4604 amicis
1412 4549 1538 4616 tuis,
1568 4551 1845 4620 spiritibus
1887 4553 2196 4622 immundis,

621 4647 738 4716 ejus
768 4659 930 4698 carne
959 4641 1277 4696 saturandus
1301 4680 1316 4706 ,
1344 4639 1558 4710 expleto
1589 4641 1874 4697 vaticinio:
1907 4663 1925 4695 ι
1951 4645 1992 4698 Τ
2000 4661 2031 4700 u
2071 4662 2202 4702 con-

621 4735 828 4807 fregisti
853 4742 1010 4805 caput
1039 4731 1284 4788 draconis
1313 4733 1491 4803 magni
1513 4749 1528 4785 :
1549 4731 1739 4788 dedisti
1756 4749 1877 4789 eum
1901 4749 2077 4792 escam
2106 4756 2204 4810 po-

623 4829 732 4900 puli
755 4826 1072 4896 A‘Itbiopum
1103 4823 1276 4895 (Psal.
1309 4824 1397 4878 73.
1422 4823 1536 4897 M).

691 4920 782 4975 36.
829 4935 848 4970 ι
884 4916 1017 4973 Cum
1065 4925 1242 4972 autem
1291 4914 1431 4972 filius
1463 4926 1584 4972 laus
1631 4917 1738 4984 hic,
1789 4921 1879 4992 qui
1928 4922 2203 4982 devoravit

622 5027 838 5068 nionem
871 5009 1224 5065 substantiam
1251 5023 1424 5077 suam,
1453 5009 1639 5065 vivens
1662 5026 1782 5067 cum
1806 5015 2199 5084 meretricibus,

624 5104 790 5168 venit,
818 5101 1059 5157 occidisti
1096 5100 1149 5156 ei
1177 5100 1400 5155 vitulum
1429 5102 1750 5174 saginatum.
1779 5122 1799 5157 ι
1828 5104 2127 5161 Confitetur
2148 5115 2204 5162 et

627 5211 766 5251 nunc
792 5194 956 5251 lsracl
983 5195 1281 5266 saginatum
1313 5193 1534 5250 vitulum
1564 5194 1731 5252 fuisse
1751 5197 1841 5268 qui
1869 5211 2042 5254 ctesus
2083 5209 2198 5255 est:

628 5287 925 5358 intelligunt
951 5287 1162 5341 venisse
1186 5285 1495 5341 Christum:
1525 5286 1619 5342 sed
1643 5295 1959 5359 torqueantur
1982 5289 2201 5360 invidia,

623 5387 686 5432 et
705 5376 916 5439 nolunt,
940 5377 1102 5430 fratre
1132 5392 1238 5430 non
1271 5386 1546 5445 pereunte,
1578 5379 1793 5434 salvari.

701 5467 792 5521 57.
839 5483 858 5518 ι
886 5467 1002 5535 Ipse
1033 5476 1208 5520 autem
1234 5465 1367 5522 dixit
1395 5467 1504 5523 illi:
1537 5468 1658 5535 Fili,
1684 5477 1737 5524 tu
1760 5485 1975 5541 semper
1996 5487 2204 5530 mecum

635 5571 715 5615 es.
746 5566 797 5609 et
828 5570 942 5609 mea
969 5555 1147 5608 omnia
1189 5565 1275 5610 tua
1305 5566 1451 5612 sunt.
1481 5575 1500 5609 ι
1537 5557 1732 5614 Filium
1759 5572 1934 5626 vocat,
1966 5563 2089 5618 licet
2121 5565 2206 5618 in-

635 5655 782 5700 trare
811 5645 1102 5699 nolentem.
1132 5646 1411 5710 Quomodo
1437 5659 1614 5704 autem
1650 5653 1743 5705 Dei
1769 5655 1946 5708 omnia
1986 5655 2206 5712 Indico-

635 5751 751 5790 rum
784 5734 939 5790 sunt?
991 5733 1238 5803 Nunquid
1269 5735 1472 5804 Angeli,
1519 5737 1745 5806 Throni,
1788 5741 2204 5814 Dominali-~nes,

1853 293 2514 393 SANCTlluERONYMl

3743 319 3854 381 392

2263 445 2577 504 caztermque
2612 436 2882 493 Virtutes?
2905 438 3095 494 Omnia
3126 455 3255 510 ergo
3296 441 3684 512 intelligamus,
3743 445 3851 502 Le-

2264 540 2406 594 gem,
2440 527 2756 597 PrOphetas,
2791 531 2998 600 eloquia
3029 531 3230 586 divina.
3268 532 3393 588 llaec
3423 534 3472 588 ei
3502 533 3673 599 dedit,
3708 546 3764 590 ut
3797 537 3851 592 in

2268 617 2384 684 lege
2406 619 2522 685 ejus
2555 620 2941 675 meditarentur
2968 622 3055 678 die
3083 639 3146 679 ac
3175 633 3352 690 nocte,
3377 625 3670 680 secundum
3703 627 3852 682 illum

2266 725 2524 763 canonem
2549 727 2706 780 quem
2738 728 2882 784 sa'pe
2907 715 3253 784 exposuimus
3281 717 3700 790 Scripturarum,
3734 721 3853 775 0m-

2270 799 2352 853 nia
2381 816 2485 853 non
2512 801 2576 854 ad
2611 811 2776 857 totum
2801 805 3077 859 referenda
3101 822 3243 872 esse,
3285 809 3378 864 sed
3405 810 3470 863 ‘ad
3503 821 3707 880 partem
3740 829 3854 867 ma-

2269 893 2485 958 ximam,
2517 904 2572 948 ut
2597 895 2666 949 ibi
2691 913 2702 948 :
2734 915 2752 948 ι
2778 896 2973 952 Omnes
2999 898 3424 969 declinaverunt,
3449 904 3604 960 simul
3633 905 3858 960 inutiles

2271 983 2393 1038 facti
2441 993 2566 1039 sunt
2592 1004 2610 1037 ι
2657 986 2829 1058 (Psal.
2865 990 2978 1056 15).
3010 990 3076 1043 Et
3103 991 3228 1046 alibi
3255 1010 3267 1044 :
3297 1011 3316 1043 ι
3345 992 3542 1050 Omnes
3565 997 3653 1066 qui
3687 1012 3859 1052 vene-

2270 1085 2394 1129 runt
2414 1086 2539 1131 ante
2559 1093 2665 1142 me,
2693 1079 2834 1133 fures
2855 1078 3066 1135 fuerunt
3087 1089 3140 1136 et
3163 1081 3429 1138 latrones»
3457 1083 3634 1156 (loco.
3660 1087 3750 1141 10.
3773 1087 3856 1157 8).

2274 1164 2338 1218 Et
2365 1165 2558 1220 Paulus
2586 1166 2652 1221 ad
2679 1167 3022 1224 Corinthios:
3065 1190 3083 1222 ι
3117 1170 3400 1240 Omnibus,
3431 1175 3621 1245 inquit,
3673 1179 3858 1234 omnia

2273 1253 2442 1308 factus
2470 1272 2609 1321 sum,
2645 1266 2699 1312 ut
2730 1275 2918 1315 onmes
2945 1260 3311 1318 lucrifacerem
3338 1282 3357 1316 ι
3389 1265 3471 1336 (l.
3503 1265 3624 1324 Cor.
3654 1267 3708 1323 9.
3733 1267 3856 1340 2‘2).

2274 1345 2339 1399 Et
2383 1346 2448 1401 ad
2489 1347 2895 1419 Philippeuses:
2931 1371 2948 1403 ι
2982 1350 3182 1407 Omnes
3221 1355 3364 1408 enim
3405 1371 3524 1427 qua:
3568 1373 3661 1411 sua
3707 1369 3874 1426 sunt,

2273 1448 2546 1506 qnterunt;
2579 1457 2682 1495 non
2709 1456 2772 1496 ea
2798 1457 2916 1512 quae
2939 1442 3204 1500 snntJesu
3234 1444 3433 1502 Christi
3459 1467 3478 1500 ι
3509 1447 3765 1520 (Philipp.
3797 1449 3857 1504 2.

2273 1527 2390 1599 2t).
2441 1529 2754 1602 Quanquam
2807 1533 2940 1588 nihil
2982 1552 3211 1605 unquam
3253 1536 3330 1593 illi
3367 1553 3595 1610 negasse
3635 1539 3862 1596 creden-

2276 1619 2402 1674 dum
2430 1622 2520 1688 sit,
2548 1638 2707 1693 quem
2739 1622 2816 1697 (a)
2837 1625 2903 1679 ad
2933 1626 3079 1680 vituli
3109 1627 3356 1682 hortatur
3379 1643 3554 1684 esum.

2349 1713 2441 1770 58.
2490 1733 2508 1765 ι
2545 1715 2761 1786 Epulari
2785 1731 2883 1771 nos
2902 1726 3131 1787 oportet,
3153 1729 3204 1773 et
3219 1721 3477 1790 gaudere,
3502 1722 3751 1792 quoniam
3772 1720 3864 1779 hic

2279 1806 2446 1862 frater
2475 1816 2595 1863 tuus
2625 1819 2867 1864 mortuus
2896 1809 3091 1877 fuerat,
3133 1820 3191 1868 et
3239 1813 3462 1878 revixit;
3508 1814 3760 1882 perierat,
3807 1824 3871 1870 et

2280 1902 2528 1956 inventus
2556 1909 2656 1956 est.
2686 1921 2706 1953 ›
2730 1901 3072 1958 Conlidamus
3099 1903 3259 1975 igitur
3285 1913 3338 1958 et
3367 1918 3466 1959 nos
3495 1905 3674 1961 vivere
3703 1919 3866 1976 posse

2282 2005 2378 2061 per
2403 1993 2790 2060 pmnitentiam,
2818 1993 2907 2063 qui
2933 1993 3204 2049 fueramus
3227 1996 3418 2049 mortui
3447 2011 3542 2065 per
3563 1995 3774 2052 delicta.
3799 1997 3876 2064 Et,

2283 2081 2368 2136 hic
2385 2083 2597 2151 quidem
2613 2083 2728 2153 ipse
2750 2084 2886 2138 filius
2906 2086 3191 2140 revertitur
3213 2104 3224 2139 :
3251 2086 3302 2140 in
3321 2087 3688 2156 superioribus
3709 2103 3862 2154 vero,

2283 2171 2336 2226 in
2364 2172 2472 2227 Ove
2488 2172 2712 2238 scilicet,
2742 2183 2793 2228 et
2820 2174 2873 2228 in
2901 2175 3182 2242 Dracluna,
3212 2174 3354 2244 quod
3379 2188 3672 2245 erraverat,
3702 2178 3868 2233 alier-

2286 2271 2398 2327 tur;
2431 2271 2484 2317 et
2512 2263 2653 2332 quod
2681 2265 2913 2334 perierat
2943 2266 3248 2322 invenitur:
3279 2276 3332 2322 et
3356 2268 3518 2324 simili
3549 2279 3658 2326 tres
3699 2286 3869 2340 para-

2286 2354 2421 2408 bolae
2453 2354 2556 2408 fine
2585 2355 2924 2423 clauduntur,
2956 2356 3082 2411 dum
3112 2358 3164 2412 in
3209 2358 3306 2412 ista
3339 2361 3578 2430 ponitur,
3623 2361 3867 2431 perierat,

2286 2457 2332 2500 et
2361 2449 2589 2501 iuventus
2611 2459 2724 2502 est:
2754 2458 2811 2502 ut
2839 2449 3198 2520 intelligamus
3240 2449 3468 2506 diversis
3502 2452 3872 2508 similitudini-

2288 2538 2406 2604 bus,
2437 2539 2503 2593 de
2532 2540 2718 2594 eadem
2747 2551 3086 2611 pcecatorutn
3118 2549 3459 2613 susceptione
3481 2547 3761 2616 signatum.
3798 2546 3873 2602 Et

2291 2629 2404 2685 hzee
2433 2632 2646 2701 quidem
2678 2634 2730 2687 in
2757 2634 2968 2689 Ethnici
2999 2649 3225 2705 persona
3252 2635 3394 2691 dicta
3435 2636 3564 2703 sint,
3592 2646 3645 2692 et
3672 2637 3870 2692 Judzci.

2361 2724 2449 2778 ΞΒ.
2492 2723 2777 2779 Videamus
2806 2736 2982 2781 autetn
3016 2726 3286 2796 quomodo
3315 2743 3477 2798 super
3501 2738 3683 2783 sancto
3706 2744 3878 2799 gene—

2290 2815 2474 2871 raliter
2494 2825 2548 2870 et
2579 2827 2857 2885 peccatore
2901 2818 3152 2889 parabola
3184 2819 3282 2873 ista
3316 2820 3484 2889 possit
3525 2820 3768 2891 intelligi.
3806 2822 3877 2876 Et

2290 2907 2359 2962 de
2392 2909 2600 2963 caeteris
2628 2909 2755 2980 quin
2781 2909 2926 2980 justo
2948 2909 3252 2977 conveniat,
3274 2926 3380 2965 non
3412 2913 3711 2983 ambigitur.
3737 2913 3878 2969 Illud

2293 3007 2395 3063 est,
2425 2999 2607 3069 inquo
2634 2999 2826 3070 legenti
2858 3001 3139 3071 scrupulus
3162 3012 3551 3068 commovetur,
3581 3018 3677 3058 cur
3695 3003 3880 3074 justus

2293 3089 2446 3142 Saluti
2481 3091 2778 3158 peccatoris
2801 3090 3067 3146 invideat:
3094 3101 3149 3146 et
3177 3092 3226 3146 in
3253 3101 3455 3148 tantum
3485 3095 3755 3150 iracundia
3784 3111 3876 3151 re-

2295 3180 2518 3250 pleatnr,
2538 3191 2592 3234 ut
2662 3182 2772 3254 85
2849 3197 2946 3236 nec
2976 3181 3151 3238 fratris
3180 3181 3568 3248 misericordia,
3595 3186 3879 3255 necpatris

2296 3270 2566 3340 precibus,
2596 3288 2692 3326 nec
2717 3273 2882 3338 totius
2903 3273 3095 3327 domus
3114 3274 3447 3343 jncunditate
3473 3285 3772 3346 superetur.
3792 3278 3876 3334 Ad

2295 3365 2435 3433 quod
2481 3365 2712 3420 breviter
2740 3367 3213 3435 respondebimus:
3246 3382 3462 3422 omnem
3507 3368 3691 3423 mundi
3722 3371 3878 3425 istius

2291 3453 2573 3524 justitiam,
2601 3457 2666 3510 ad
2694 3457 2782 3512 Dei
2820 3459 3276 3527 comparationem
3307 3475 3412 3514 non
3446 3475 3567 3515 esse
3588 3461 3876 3530 justitiam.

2297 3547 2575 3614 Quomodo
2602 3550 2742 3604 enim
2773 3566 2834 3602 ex
2857 3554 3086 3621 peccatis
3113 3551 3435 3618 Jerusalem,
3459 3552 3691 3608 Sodoma
3712 3555 3878 3625 justi-

2300 3639 2504 3702 llratur,
2527 3658 2630 3695 non
2645 3641 2784 3712 quod
2801 3641 2911 3710 ipsa
2928 3643 2995 3696 sit
3009 3643 3175 3712 justa,
3200 3644 3292 3699 sed
3309 3643 3448 3714 quod
3482 3645 3768 3716 majoribus
3783 3646 3882 3702 de-

2300 3730 2437 3786 lictis
2457 3732 2534 3802 (b)
2561 3731 2686 3785 fiant
2705 3733 2908 3786 minora
2928 3733 3116 3789 delicta
3141 3752 3155 3789 :
3179 3735 3248 3789 ita
3268 3745 3319 3789 et
3336 3735 3609 3790 hominum
3638 3737 3882 3792 omnium

2301 3822 2546 3876 universa
2588 3823 2791 3891 jnstitia
2833 3839 2938 3878 non
2971 3836 3050 3878 cst
3083 3825 3190 3880 Deo
3219 3825 3408 3881 collata
3448 3827 3672 3896 justitia.
3707 3828 3886 3884 Deni—

2301 3927 2404 3981 que
2433 3911 2627 3966 Paulus
2649 3914 2736 3982 qui
2767 3914 2973 3968 dixerat
2995 3931 3008 3970 :
3033 3934 3050 3965 ‹
3088 3915 3363 3987 Quotquot
3385 3933 3512 3988 ergo
3536 3919 3752 3988 perfecti
3782 3935 3881 3974 su-

2302 4019 2440 4068 mus,
2473 4003 2574 4060 hoc
2600 4005 2868 4075 Stljtiilnlls
2898 4026 2915 4058 ι
2952 4006 3212 4080 (Philipp.
3263 4011 3316 4065 5.
3355 4011 3466 4082 15),
3514 4011 3564 4066 in
3615 4013 3720 4066 alio
3761 4013 3894 4068 loco

2302 4095 2607 4161 confitetur,
2639 4106 2693 4150 et
2721 4083 2960 4151 clamitat
2997 4115 3010 4151 :
3054 4116 3073 4148 ι
3122 4097 3166 4153 O
3211 4101 3533 4169 profundum
3574 4103 3888 4158 divitiarum

2302 4185 2577 4254 sapientia:
2606 4195 2661 4240 et
2689 4188 2926 4242 scientia:
2978 4187 3089 4252 Dei,
3137 4205 3294 4258 quam
3343 4191 3704 4247 inscrutabilia
3757 4205 3893 4248 sunt

2298 4275 2494 4344 judicia
2518 4270 2653 4345 ejus,
2685 4287 2737 4331 et
2771 4277 3228 4347 iniuvestigabiles
3258 4281 3358 4335 via:
3387 4281 3502 4351 ejus
3531 4301 3549 4334 ι
3582 4281 3757 4355 (Rom.
3793 4285 3888 4338 11.

2303 4365 2428 4438 55)?
2457 4369 2517 4422 Et
2540 4368 2686 4434 alibi,
2745 4388 2762 4420 ι
2793 4370 2872 4424 Ex
2922 4380 3072 4439 parte
3117 4375 3513 4442 cognoscimus,
3560 4383 3609 4430 et
3639 4391 3703 4431 ex
3732 4387 3894 4445 parte

2305 4459 2702 4530 prophetamus.
2733 4479 2750 4512 ι
2784 4459 2869 4527 Et,
2905 4480 2924 4512 ι
2964 4461 3111 4517 Nunc
3141 4463 3381 4520 videmus
3407 4481 3504 4536 per
3530 4467 3809 4536 speculum
3833 4470 3896 4523 in

2305 4553 2588 4620 a-nigmate
2617 4570 2637 4603 ι
2672 4549 2748 4623 (Ι.
2779 4550 2897 4605 Cor.
2934 4553 3017 4608 15.
3052 4552 3108 4608 9.
3138 4563 3185 4607 et
3213 4554 3327 4626 19.).
3358 4555 3423 4612 Et
3460 4555 3526 4610 ad
3574 4557 3844 4611 Romanos
3881 4578 3896 4613 :

2310 4663 2329 4694 ι
2368 4643 2523 4698 Miser
2549 4659 2647 4714 ego
2677 4643 2856 4708 homo,
2879 4645 2997 4715 quis
3018 4661 3103 4700 me
3132 4646 3376 4701 liberabit
3395 4648 3463 4703 de
3489 4663 3713 4720 corpore
3735 4665 3896 4703 mor-

2306 4738 2374 4790 tis
2398 4737 2554 4806 hujus
2587 4753 2606 4787 ι
2636 4735 2812 4806 (Rom.
2842 4737 2896 4791 7.
2925 4735 3051 4810 2t)?
3076 4738 3152 4793 Ex
3181 4739 3375 4808 quibus
3416 4741 3663 4795 omnibus
3689 4740 3900 4797 edoce-

2304 4845 2444 4894 mnr,
2478 4829 2569 4883 Dei
2601 4828 2769 4883 Solius
2811 4829 3101 4899 perfectam
3146 4846 3268 4887 esse
3287 4832 3566 4902 justitiam,
3595 4833 3683 4901 qui
3711 4833 3899 4890 solem

2303 4935 2458 4975 suum
2477 4919 2607 4974 oriri
2635 4918 2941 4990 facitsuper
2960 4921 3134 4990 justos
3160 4931 3213 4976 et
3243 4923 3497 4992 injustos:
3527 4921 3619 4975 dat
3646 4921 3897 4992 pluviam
3957 4960 3959 4962 -

2305 5011 2596 5066 serotinam
2638 5018 2693 5064 et
2721 5011 3056 5076 matulinam,
3085 5013 3416 5068 merentibus
3452 5012 3654 5083 pariter
3679 5023 3734 5068 et
3775 5030 3896 5072 non

2306 5102 2670 5167 merentibus;
2699 5102 2788 5170 qui
2839 5101 2907 5157 de
2937 5104 3090 5170 vicis,
3135 5106 3361 5174 angulis,
3394 5115 3450 5160 et
3475 5106 3672 5176 plateis
3696 5107 3900 5164 invitat

2305 5193 2372 5248 ad
2401 5194 2628 5264 nuptias,
2654 5202 2709 5248 et
2734 5191 2805 5266 (ε)
2831 5192 3049 5251 deintus
3070 5196 3330 5267 quosdam
3351 5195 3463 5267 jam
3486 5198 3644 5269 quasi
3661 5212 3894 5254 securos

2367 5328 2444 5392 (a)
2475 5328 2610 5395 Idem
2634 5328 2945 5395 Cisterciens.
2967 5337 3020 5382 et
3034 5337 3225 5395 vetusta
3241 5331 3422 5395 ater-ius
3443 5331 3635 5384 laudata
3652 5334 3805 5386 editio
3818 5338 3896 5392 ad

2306 5389 2447 5443 suum
2465 5389 2662 5441 vitulum
2683 5391 2900 5442 hortatur
2915 5393 3172 5443 edendum.

2372 5453 2447 5520 (ὸ)
2479 5453 2681 5520 Quidam
2719 5467 2834 5520 mss.
2851 5463 3124 5520 apparemu
3147 5468 3243 5520 pro
3265 5453 3384 5520 [iam
3406 5454 3585 5507 eodem
3623 5469 3775 5508 sensu
3795 5497 3811 5520 ,
3833 5467 3896 5511 ut

2311 5513 2457 5577 etiam
2480 5513 2622 5577 paulo
2645 5522 2753 5576 post
2775 5513 2978 5565 altitudo
3001 5515 3105 5565 loco
3126 5513 3438 5577 profundum.

2373 5574 2444 5638 (ε)
2478 5574 2794 5644 Totum—istud
2814 5589 2997 5644 comma
3011 5583 3064 5644 ‘et
3081 5574 3269 5644 (tanta;
3286 5577 3517 5641 quosdam
3528 5578 3641 5643 jam
3661 5582 3800 5644 quod
3813 5596 3898 5634 se.

2311 5636 2448 5686 curet
2471 5636 2668 5708 expellit
2699 5638 2848 5718 [:orqs.
2875 5637 3024 5718 velut'i
3068 5636 3343 5718 al‘ietnt_tln.'a
3387 5636 3656 5718 proposito,
3674 5636 3730 5714 'et
3755 5646 3897 5708 quod

2310 5711 2506 5778 inlisum
2531 5699 2686 5778 ips‘qm
2711 5699 2907 5766 turbare
2933 5699 3180 5778 videretur
3201 5701 3312 5778 ερὲς.
3353 5699 3601 5778 Citii-Ini}.
3616 5699 3899 5778 Episcopus

2313 5758 2564 5821 Reatims,
2599 5759 2852 5810 Brixiaaos
2886 5759 3134 5822 quosdam,
3161 5770 3215 5809 ac
3238 5758 3543 5812 Florentioos
3567 5758 3773 5816 Codices
3797 5758 3897 5818 ’ςε-
