4048 6186
254 248 365 313 593

253 369 479 440 expellit
505 368 681 426 foras:
712 371 766 426 et
789 385 966 439 ovem,
999 383 1122 444 qua:
1147 369 1216 428 ad
1261 375 1566 444 exemplum
1596 376 1686 432 filii
1719 393 1838 447 poe-

252 463 478 518 nitentis
500 463 611 532 ipsa
638 463 816 519 redire
843 480 948 519 non
979 475 1210 535 poterat,
1240 467 1322 522 vel
1352 467 1594 535 nolebat,
1619 472 1835 538 quaerit,

249 565 307 610 'et
328 555 562 619 invenit;
609 563 664 609 et
706 554 977 611 inventam
1005 557 1119 612 suis
1148 557 1386 613 humeris
1414 568 1652 630 reportat
1683 559 1833 630 (Luc.

253 648 369 716 15).
399 646 616 701 Multum
644 649 785 702 enim
813 651 1046 704 errando
1083 651 1442 706 laboraverat.

320 739 410 794 40.
453 738 519 795 Ut
546 748 722 794 autem
752 738 1041 796 doceamur
1066 743 1117 796 iu
1146 742 1374 800 Sanctos
1394 760 1608 814 quoque
1637 745 1830 800 cadere

249 845 406 902 posse
432 833 704 898 invidiam,
733 842 788 889 et
815 835 913 890 soli
947 835 1054 890 Deo
1105 850 1293 906 puram
1341 836 1678 891 clementiam
1729 839 1830 892 de-

246 925 496 994 relinqui,
559 926 792 980 filiorum
852 924 1097 982 Zehedaai
1162 927 1568 984 consideremus
1638 943 1826 982 exem-

245 1017 393 1086 plum
430 1035 442 1070 :
472 1033 570 1088 pro
597 1017 790 1088 quibus
830 1033 951 1074 cum
982 1029 1154 1074 mater
1196 1030 1337 1074 mota
1367 1020 1578 1088 pietatis
1605 1019 1821 1087 all'eettt,

239 1109 407 1165 nimis
452 1110 672 1181 grandia
722 1111 1066 1179 postulasset,
1119 1112 1306 1180 reliqui
1343 1111 1528 1166 decem
1581 1111 1827 1182 discipuli

236 1201 505 1272 indignati
537 1211 679 1256 sunt.
709 1202 775 1256 Et
801 1201 960 1257 Jesus
984 1202 1252 1257 advocatis
1271 1217 1384 1264 eos,
1412 1204 1547 1257 dixit
1571 1221 1586 1257 :
1613 1223 1632 1256 ι
1666 1205 1826 1259 Scitis

230 1291 362 1360 quia
415 1292 685 1361 prin‘Cipes
727 1292 965 1361 gentium
1010 1287 1353 1348 dominantur
1379 1309 1600 1357 eorum;
1644 1304 1699 1349 ct
1735 1296 1825 1364 qui

229 1382 476 1451 majores
514 1391 658 1448 sunt,
706 1393 1027 1454 potestatem
1062 1397 1315 1442 exercent
1349 1386 1402 1440 in
1441 1387 1538 1441 eis.
1580 1386 1696 1441 Non
1754 1389 1824 1444 ita

231 1473 337 1527 erit
369 1473 513 1527 inter
541 1488 636 1528 vos
659 1491 674 1527 :
702 1475 796 1530 sed
820 1475 1142 1546 quicumque
1165 1478 1387 1533 voluerit
1416 1478 1555 1532 inter
1578 1493 1675 1534 vos
1706 1491 1823 1533 mn-

226 1565 316 1634 jnr
371 1578 535 1629 esse,
596 1565 666 1619 sit
717 1576 898 1622 vester
955 1568 1320 1623 ministerzet
1363 1573 1682 1640 quicumque
1725 1586 1822 1626 ve-

232 1665 404 1710 strum
437 1654 667 1710 voluerit
699 1657 842 1711 inter
866 1669 962 1713 vos
990 1672 1112 1714 esse
1160 1659 1383 1728 primus,
1412 1662 1481 1715 sit
1503 1671 1680 1716 vester
1700 1676 1818 1716 ser-

230 1760 329 1801 vus
354 1746 466 1817 :(a)
487 1747 736 1816 quoniam
761 1746 930 1803 Filius
945 1748 1176 1804 hominis
1198 1765 1303 1805 non
1324 1752 1471 1806 venit
1501 1752 1814 1819 ministrari,

228 1837 320 1893 sed
349 1838 657 1894 ministrare
677 1879 694 1903 ,
720 1847 776 1893 et
803 1838 932 1894 dare
956 1840 1186 1894 animam
1215 1856 1364 1896 suam
1390 1842 1814 1913 redemptionem

229 1941 324 2000 pro
337 1931 520 1986 multis
539 1949 557 1983 ι
581 1929 794 2002 (Matth.
809 1932 899 1988 20.
917 1932 1005 1988 95.
1021 1943 1069 1987 et
1092 1935 1252 2005 seqq).
1271 1935 1412 1991 Nulli
1431 1938 1808 2008 periculosum,

229 2023 354 2077 nulli
390 2023 640 2080 videatur
679 2040 800 2081 esse
848 2025 1240 2098 blasphemum,
1316 2029 1430 2101 εθ
1497 2033 1638 2102 quod
1677 2034 1812 2089 etin

227 2116 517 2186 Apostolos
533 2116 749 2172 invidia:
769 2118 967 2173 malum
988 2118 1222 2176 diximus
1244 2124 1480 2192 potuisse
1496 2125 1808 2193 subrepere,

224 2221 344 2263 cum
381 2209 550 2265 etiam
576 2207 644 2265 de
665 2209 886 2282 Angelis
916 2211 1017 2266 hoc
1037 2211 1237 2267 dictum
1256 2225 1520 2283 putemus.
1568 2234 1588 2268 ι
1622 2216 1810 2272 Sidera

223 2301 422 2371 quippe
460 2318 566 2357 non
607 2312 732 2358 sunt
753 2303 948 2358 munda
978 2305 1030 2358 in
1058 2315 1347 2376 conspectu
1376 2305 1511 2376 ejus,
1544 2317 1592 2362 et
1622 2319 1807 2364 contra

221 2395 458 2466 Angelos
486 2411 612 2452 suos
639 2411 946 2467 perversum
974 2397 1099 2468 quid
1133 2398 1427 2453 intellexit»
1462 2397 1582 2468 (Job
1617 2396 1696 2455 l5.
1715 2401 1802 2454 lii.

221 2489 344 2543 ut.
375 2473 516 2559 is):
543 2489 609 2544 Et
656 2491 708 2544 in
751 2490 978 2545 psalmis
1005 2490 1202 2546 dicitur
1235 2512 1249 2548 ε
1285 2510 1304 2543 ς
1339 2491 1452 2546 Νοη
1491 2492 1808 2561 ,ῇιιειὶιὶρυιήι

219 2585 301 2632 tur
327 2579 377 2634 iu
418 2590 711 2649 conspectu
741 2588 831 2634 tuo
876 2581 1050 2636 omnis
1082 2583 1284 2636 vivens.
1325 2599 1344 2634 ›
1371 2581 1486 2636 Non
1509 2583 1604 2648 ait,
1640 2602 1660 2636 ι
1698 2599 1804 2639 non

215 2669 592 2739 justifieabitur
620 2671 796 2724 omnis
823 2671 1003 2738 homo,
1041 2689 1060 2723 ι
1087 2672 1182 2727 sed
1209 2691 1228 2723 ‹
1264 2675 1440 2728 omnis
1471 2676 1674 2742 vivens,
1700 2693 1719 2728 ι
1751 2675 1803 2731 id

216 2771 311 2828 est,
341 2779 456 2817 non
496 2761 855 2832 Evangelista,
888 2777 994 2818 non
1025 2766 1311 2835 Apostolus
1331 2807 1346 2832 ,
1376 2783 1480 2821 non
1510 2767 1824 2838 Pruplieta.°

217 2853 291 2907 Ad
345 2855 555 2923 majora
595 2854 933 2922 conscendo,
981 2872 1086 2910 non
1132 2859 1346 2927 angeli,
1401 2875 1506 2913 non
1560 2859 1797 2925 Throni,

215 2958 313 2998 non
345 2945 755 3000 Dominationes
784 2983 799 3011 ,
827 2961 933 3001 non
965 2947 1263 3003 Potestates
1287 2989 1303 3016 ,
1335 2960 1649 3021 caetertrqtte
1685 2951 1801 3005 Vir-

214 3043 367 3092 tutes.
393 3037 560 3093 Solus
592 3037 732 3092 Deus
759 3047 863 3103 est,
909 3038 960 3092 iu
991 3049 1145 3107 quem
1171 3049 1446 3108 peccatum
1470 3057 1574 3096 non
1604 3043 1746 3096 cadit
1779 3060 1795 3097 :

211 3137 394 3183 cetera
432 3142 556 3182 cum
582 3129 690 3184 sint
715 3127 870 3182 liberi
898 3130 1142 3195 arbitrii,
1181 3133 1331 3198 juxta
1359 3131 1497 3199 quod
1529 3142 1584 3186 et
1632 3133 1796 3189 homo

209 3220 272 3274 ad
289 3220 580 3291 imaginem
601 3229 658 3277 et
676 3220 1078 3275 similitudinem
1095 3221 1187 3275 Dei
1206 3221 1374 3274 factus
1395 3231 1496 3285 est,
1523 3224 1574 3276 in
1588 3232 1793 3278 utram-

208 3328 306 3383 que
331 3322 544 3384 partem
574 3323 796 3384 possunt
819 3327 974 3368 suam
1001 3311 1216 3368 ﬂectere
1250 3313 1599 3368 voluntatem.
1638 3315 1793 3383 Quod

208 3407 248 3460 si
272 3406 367 3462 hac
393 3407 670 3462 sententia
696 3421 802 3460 non
823 3404 1131 3470 adduceris,
1163 3405 1352 3461 saltem
1387 3406 1530 3460 illius
1558 3409 1793 3462 auctori-

208 3504 308 3552 tate
350 3497 625 3568 parabolze
665 3511 1028 3564 commovere,
1077 3498 1130 3551 in
1171 3513 1272 3567 qua
1316 3512 1412 3568 per
1451 3507 1615 3552 totum
1645 3499 1787 3555 diem

205 3589 437 3657 operarii
486 3590 768 3644 mittuntur
807 3588 874 3644 ad
927 3590 1136 3644 vineam
1170 3588 1384 3658 (Matth.
1427 3590 1572 3664 20);
1629 3601 1682 3646 et
1735 3592 1788 3648 in

207 3681 370 3749 prima
418 3682 549 3736 hora
599 3689 856 3736 vocantur
897 3681 1088 3746 Adam,
1141 3681 1299 3745 Abel,
1345 3682 1474 3737 Seth
1517 3701 1530 3736 :
1574 3684 1626 3738 iu
1680 3693 1788 3739 εει-δ

208 3771 272 3823 tia
300 3771 412 3828 Noe
437 3783 451 3827 ':
476 3773 529 3826 in
573 3781 722 3827 sexta
764 3773 1032 3827 Abraham
1078 3788 1093 3825 :
1149 3772 1200 3826 in
1240 3787 1379 3828 noua
1418 3773 1628 3846 Moysvs
1675 3794 1688 3829 :
1731 3777 1784 3832 in

205 3863 483 3918 undecima
514 3861 764 3916 Gentium
819 3864 1043 3931 populus
1067 3904 1082 3928 ,
1114 3862 1200 3917 cui
1229 3864 1427 3918 dicitur
1459 3883 1471 3918 :
1521 3865 1658 3932 Quid
1700 3867 1785 3920 hic

202 3956 342 4007 statis
369 3963 473 4006 tota
502 3953 586 4005 die
610 3953 755 4006 otiosi
773 3953 798 4005 τι
839 3962 893 4008 et
917 3955 988 4008 illi
1016 3958 1408 4023 responderunt
1439 3977 1452 4011 :
1483 3957 1647 4012 Nemo
1689 3976 1782 4014 nos

201 4045 466 4099 conduxit.
499 4043 649 4110 Quod
668 4055 844 4099 autem
876 4055 1110 4100 extrema
1141 4046 1292 4110 hora,
1323 4052 1488 4102 nostri
1517 4052 1584 4104 sit
1605 4052 1781 4108 Salva-

203 4137 330 4190 toris
356 4135 642 4201 adventus,
669 4137 819 4190 testis
841 4145 923 4191 est
949 4135 1182 4192 Joannes
1204 4140 1512 4208 Apostolus,
1541 4143 1730 4198 dicens
1761 4163 1775 4199 :

209 4242 225 4274 ι
257 4225 499 4289 Fratres,
525 4226 813 4281 novissima
847 4227 975 4281 hora
1006 4237 1108 4282 est.
1140 4230 1348 4284 Etenim
1371 4232 1507 4286 sicut
1535 4235 1774 4302 audistis,

203 4317 316 4385 quia
344 4319 705 4374 Antichristus
732 4321 893 4385 venit,
928 4335 1068 4375 nunc
1089 4333 1264 4377 autem
1293 4322 1600 4380 Antichristi
1627 4330 1775 4386 multi

202 4408 314 4465 facti
353 4421 497 4477 sunt,
553 4422 774 4482 propter
810 4413 950 4483 quod
996 4415 1400 4485 cognoscimus,
1446 4419 1568 4488 quia
1599 4420 1774 4475 novis-

203 4500 325 4557 sima
356 4501 486 4558 hora
513 4510 597 4558 est
625 4520 644 4555 ι
678 4504 856 4564 (Joan.
880 4504 936 4558 2.
962 4505 1072 4575 18).
1099 4505 1156 4562 Si
1184 4506 1296 4562 htcc
1327 4509 1574 4579 displicet
1604 4511 1770 4565 inter-

202 4593 416 4657 pretatio
439 4633 456 4660 ,
487 4608 684 4662 sequor
713 4609 1050 4666 quocumque
1091 4597 1311 4653 duxeris
1351 4617 1364 4652 :
1401 4601 1470 4654 ita
1505 4611 1680 4656 tamen
1715 4612 1770 4657 ut

201 4692 285 4734 eos
312 4684 402 4752 qui
432 4684 605 4737 vocati
633 4693 756 4739 sunt
783 4685 975 4754 primi,
997 4686 1172 4756 justos
1207 4705 1327 4746 esse
1356 4690 1586 4747 fatearis.
1615 4694 1767 4760 Quod

200 4781 314 4824 cum
372 4774 675 4840 obtinuero,
728 4775 856 4831 illud
907 4777 1129 4834 inferam
1182 4797 1196 4834 :
1237 4792 1289 4836 et
1332 4785 1598 4852 quomodo
1635 4785 1765 4854 justi

199 4867 957 4924 morniuraveruntadversum
988 4870 1448 4942 patremfamilias,
1478 4877 1720 4932 dicentes
1748 4895 1761 4932 :

205 4964 224 4998 ι
262 4947 326 5003 lli
355 4955 619 5013 novissimi
664 4969 960 5027 venerunt,
995 4970 1050 5016 et
1076 4978 1180 5018 una
1213 4964 1342 5018 hora
1383 4966 1624 5023 fecerunt
1657 4986 1670 5022 :
1711 4979 1766 5025 ct

195 5042 424 5111 aequales
465 5047 580 5102 illos
609 5051 760 5106 nobis
806 5049 998 5114 fecisti,
1042 5054 1134 5123 qui
1183 5058 1512 5126 portavimus
1556 5061 1762 5127 pondus

195 5127 293 5186 diei
339 5144 392 5190 et
435 5140 632 5195 aestus?
662 5141 920 5196 Videntur
964 5141 1176 5211 quidem
1218 5146 1363 5216 juste
1414 5147 1593 5204 dicere
1618 5191 1634 5216 ,
1663 5167 1761 5207 nos

194 5227 438 5294 aqualem
469 5231 669 5288 debere
687 5248 807 5288 esse
836 5233 1134 5286 mercedem
1156 5235 1292 5303 ejus,
1316 5240 1404 5306 qui
1430 5239 1599 5308 prima
1629 5241 1757 5298 hora

192 5315 251 5369 ad
284 5333 484 5378 noetem
517 5339 688 5391 usque
717 5324 1023 5389 sudaverit,
1050 5333 1103 5378 et
1147 5326 1261 5395 ejus
1290 5330 1379 5397 qui
1407 5345 1508 5385 uua
1536 5331 1665 5386 hora
1689 5335 1761 5390 sit

193 5407 239 5461 in
266 5411 442 5470 labore
461 5427 724 5472 versatus.
754 5416 858 5472 Sed
891 5419 989 5472 ista
1010 5416 1216 5487 justitia
1239 5417 1398 5474 habet
1427 5421 1480 5475 in
1521 5437 1582 5476 se
1627 5423 1757 5478 livo-

193 5549 357 5619 Sutus_;_
371 5560 458 5619 nos
473 5562 585 5598 cum
609 5551 825 5601 habeant
849 5551 1146 5616 exemplaria
1165 5561 1347 5619 nostra,
1381 5552 1563 5619 aliique
1586 5569 1758 5609 omnes

192 5602 379 5667 “ligati,
407 5616 510 5660 loco
534 5625 738 5667 movere
763 5622 948 5663 tantum
979 5602 1073 5664 non
1097 5602 1352 5666 audemus:

250 5666 483 5746 idem
503 5666 736 5746 lieatiniss
761 5675 1174 5746 ed_ilor_supet‘i_ori
1196 5691 1315 5728 voce
1339 5684 1747 5746 vestrumomissi,

196 5730 412 5784 quoude
430 5730 549 5796 legit
573 5748 660 5798 pro
683 5737 906 5796 quoniam
921 5730 1061 5801 jux'ta
1085 5739 1307 5795 Gracum
1331 5751 1383 5796 et
1399 5730 1681 5809 ’Vulgatum‘.

1626 251 1956 324 EPISTULA
1996 256 2164 328 XXII.

3425 301 3534 363 εει

1951 397 2095 486 δη),
2146 401 2266 442 cum
2317 391 2540 450 alterius
2593 397 2833 456 invideat
2891 399 3150 466 felicitati.
3197 412 3434 486 Denique
3473 431 3530 478 et

1943 473 2199 570 Dominus
2222 483 2438 539 oculum
2483 487 2535 542 in
2570 490 2651 545 eis
2696 496 2872 564 arguit
2912 497 3258 570 invidentem,
3291 473 3522 567 dicens]

1945 563 2018 674 Eb)
2045 566 2238 634 Amice,
2255 579 2542 674 faecula:
2573 590 2687 638 tuus
2714 563 2930 655 nequam
2949 600 3044 657 est,
3118 563 3255 666 87'
3297 563 3524 674 quia

2118 675 2231 712 sum
2251 661 2278 714 .9
2303 663 2456 721 Unde
2481 676 2537 724 et
2571 671 2639 726 ab
2675 652 2934 744 Apostolo
2966 652 3342 752 sol‘usTu-stus'.

1935 745 2130 848 dicitur
2174 752 2528 815 immortalis:
2555 770 2663 818 'nou
2711 766 2856 835 quod
2900 770 3092 842 Augeli
3127 745 3228 830 sint
3260 745 3439 848 iniusti
3466 745 3524 841 et

1933 843 2209 943 mortales,
2252 847 2349 903 sed
2395 852 2537 921 quod
2589 855 2702 924 ipse
2745 859 2816 913 sit
2863 860 3183 921 immortalis
3212 879 3265 924 et
3301 843 3520 943 justus,

1933 929 2017 983 cui
2047 933 2240 992 collata
2271 940 2520 998 universa
2555 944 2789 1014 justitia.
2819 949 3072 1022 iniquitas
3099 929 3391 1016 invenitur.

2003 1022 2093 1077 ﬂ.
2127 1024 2197 1118 Ut
2226 1038 2402 1085 autem
2427 1033 2479 1087 in
2508 1033 2610 1091 hac
2634 1037 2822 1094 eadem
2852 1045 3126 1111 parabola,
3177 1065 3338 1118 quam
3374 1070 3520 1113 nunc

1934 1116 2342 1213 proposuimus,
2396 1122 2705 1193 injustitiam
2783 1132 3049 1205 intelligas
3101 1116 3519 1213 conductorum,

1930 1205 2146 1306 attende
2189 1211 2480 1283 paulisper.
2527 1217 2631 1284 Qui
2675 1221 2845 1289 prima
2890 1225 3019 1282 hora
3063 1233 3360 1293 conductus
3407 1205 3512 1306 est,

1931 1295 2050 1362 plus
2079 1311 2314 1358 meretur
2337 1306 2404 1360 ab
2432 1321 2518 1374 eo,
2543 1312 2631 1380 qui
2655 1312 2784 1369 hora
2826 1321 2980 1373 tertia
3023 1325 3219 1382 missus
3243 1340 3323 1384 est
3344 1332 3412 1387 ad
3437 1295 3516 1387 vi;

1929 1398 2087 1442 neam
2120 1407 2135 1443 :
2167 1406 2377 1450 rursum
2397 1396 2542 1454 hora:
2569 1404 2738 1458 tertia:
2755 1410 3051 1478 operarius,
3082 1423 3138 1470 et
3165 1430 3333 1473 sextte
3360 1420 3512 1478 hora:

1928 1479 2231 1569 operarium
2273 1488 2542 1543 antecedit
2595 1509 2610 1546 :
2650 1501 2708 1548 et
2750 1506 2916 1552 sexta:
2953 1500 3121 1569 horai,
3167 1522 3322 1564 nona:
3362 1510 3512 1568 hom

1927 1567 2090 1661 vincit
2118 1576 2444 1640 Operarium.
2476 1579 2755 1647 Quomodo
2795 1587 2957 1657 igitur
2997 1595 3292 1653 novissimo
3319 1616 3510 1661 omnes

1923 1655 2256 1759 'i't‘ividenttet
2275 1667 2518 1722 eamdem
2547 1669 2685 1726 inter
2699 1688 2760 1729 so
2778 1655 3039 1744 justitiam
3062 1699 3168 1738 non
3188 1655 3508 1759 requirunt

1920 1744 2131 1855 Tu.qui
2176 1749 2307 1808 hora
2345 1771 2485 1813 nona
2514 1761 2811 1820 conductus
2848 1783 2930 1836 es,
2959 1785 3056 1827 cur
3107 1744 3311 1836 invides
3337 1784 3384 1838 ei
3414 1787 3504 1855 qui

1917 1839 2192 1950 undecima
2213 1845 2351 1946 .hora
2372 1858 2455 1904 est
2482 1853 2679 1912 missus
2720 1858 2773 1913 iu
2815 1861 3074 1922 vineam?
3115 1839 3503 1950 Quodcumque

1915 1933 2276 2000 responderis,
2316 1943 2560 2008 quamvis
2597 1945 2870 2006 diversum
2907 1933 3204 2017 asserueris
3233 1933 3498 2040 labore-ni,

1914 2030 1970 2127 tit
1994 2031 2050 2078 et
2066 2028 2342 2127 premium
2368 2035 2539 2103 majus
2564 2037 2616 2092 in
2648 2039 2863 2099 diverso
2892 2046 3076 2105 labore
3105 2059 3382 2127 merearis,
3413 2028 3497 2116 ei:

1913 2111 2032 2222 dem
2080 2117 2222 2185 apud
2263 2131 2480 2222 sextum
2528 2131 2810 2187 sententize
2851 2136 3174 2205 subjacebis.
3216 2111 3299 2202 Et
3322 2111 3382 2205 tu
3406 2111 3497 2222 qui

1914 2201 2043 2257 hora
2063 2216 2211 2261 sexta
2241 2212 2538 2268 conductus
2564 2232 2624 2272 es
2651 2255 2668 2286 ,
2698 2201 2990 2281 novissimo
3016 2229 3222 2289 invides
3241 2269 3257 2304 -,
3274 2201 3386 2295 cur

1911 2303 2029 2348 cum
2045 2295 2343 2365 denarium,
2371 2303 2420 2358 id
2442 2316 2547 2372 est,
2566 2312 2824 2379 mqualem
2842 2329 3206 2392 consequatur
3229 2295 3494 2390 salutem:

1911 2385 2033 2441 litet
2059 2389 2246 2446 salutis
2291 2409 2386 2462 pro
2416 2397 2602 2456 labore
2643 2403 2854 2462 diversa
2882 2411 2949 2465 sit
2977 2385 3146 2484 gloria
3168 2461 3183 2485 ,
3211 2385 3495 2484 eademde

1911 2487 1962 2584 te
1990 2489 2163 2584 potest
2189 2487 2377 2584 tertius
2403 2489 2618 2550 dicere:
2650 2505 2704 2551 et
2741 2497 2808 2554 de
2837 2505 2994 2559 tertio
3019 2522 3233 2567 rursum
3262 2515 3490 2584 primus.

1909 2566 2103 2624 Verum
2127 2573 2224 2644 ipsi
2254 2577 2392 2633 inter
2408 2595 2468 2637 se
2496 2584 2566 2640 ob
2590 2601 2695 2643 non
2723 2594 2982 2662 mquaiem
3016 2566 3289 2672 laborem,r
3307 2619 3362 2664 et
3391 2627 3492 2667 vo-

1902 2662 2126 2719 cationis
2178 2671 2348 2736 spatia
2398 2673 2630 2744 diversa,
2680 2685 2882 2753 :rquale
2928 2695 3206 2759 prmmium
3253 2662 3488 2759 libenter

1903 2754 2174 2858 accipiunt
2204 2773 2220 2810 :
2249 2761 2301 2814 in
2342 2765 2633 2823 novissimo
2673 2781 2874 2830 tantum
2905 2754 3190 2851 operatio,
3223 2789 3275 2843 id
3303 2801 3406 2858 est,
3432 2795 3487 2852 iu

1901 2841 2148 2945 fientiunt
2198 2851 2369 2907 salute
2411 2855 2758 2929 discordant,
2785 2873 2840 2920 et
2868 2841 3091 2928 Doiniuo
3121 2841 3487 2947 injuiriain—‘fa':

1899 2934 2082 3004 ciunt,
2111 2949 2164 2993 et
2193 2943 2291 2997 sub
2334 2949 2582 3004 omnibus
2614 2956 2880 3020 parabolis
2925 2934 3220 3033 arguunttir
3249 2934 3482 3032 invidi—te.

1968 3028 2060 3131 .42.
2091 3029 2207 3084 Non
2228 3037 2456 3106 ambigo,
2483 3042 2609 3109 quin
2642 3045 2836 3101 iuculta
2863 3051 2953 3106 tibi
2983 3028 3180 3114 nostra:
3208 3028 3484 3131 parvitatis

1900 3115 2138 3172 videatur
2165 3125 2370 3192 oratio;
2405 3131 2496 3183 sed
2525 3146 2668 3203 srrpe
2690 3150 2940 3195 causatus
2965 3157 3104 3211 sum,
3127 3115 3350 3221 expoliri
3375 3173 3480 3214 non

1899 3222 2055 3304 posse
2079 3225 2408 3283 sermonem,
2438 3220 2538 3275 nisi
2561 3239 2716 3293 quem
2747 3232 2957 3300 propria
2983 3220 3478 3304 mauuslimaverit.

1894 3297 2075 3368 Itaque
2104 3302 2318 3372 ignosce
2346 3307 2648 3368 dolentibus
2673 3297 2884 3387 oculis,
2921 3324 2970 3377 id
3015 3338 3096 3382 est
3115 3371 3129 3393 ,
3160 3297 3375 3402 ignosce
3399 3339 3481 3394 di~

1891 3393 2074 3455 ctanti,
2100 3396 2330 3452 maxime
2373 3414 2494 3455 cum
2534 3405 2583 3457 in
2609 3407 2985 3469 ecclesiasticis
3025 3393 3310 3479 rebusvnon
3332 3443 3480 3498 quam

1891 3489 2076 3536 rantur
2121 3486 2302 3553 verba,
2353 3491 2447 3544 sed
2475 3507 2665 3550 sensus
2689 3532 2704 3562 ,
2739 3499 2790 3554 id
2834 3513 2916 3558 est
2941 3541 2957 3572 ,
2998 3511 3222 3577 panibus
3249 3517 3316 3572 sit
3348 3486 3477 3576 .vita

1888 3579 2233 3634 sustentanda
2255 3620 2270 3648 ,
2299 3597 2402 3637 non
2430 3585 2654 3656 siliquis.

2265 3694 2594 3756 EPlS'l‘OLA
2631 3702 2778 3761 xxu
2829 3709 2922 3782 (c).
2995 3717 3108 3789 εο

2242 3823 2310 3862 ΔΙ)
2331 3825 2684 3884 ευετοοιιιυκ,
2713 3835 2896 3878 ΡΑυιε
2928 3841 3128 3884 Πιιμί.

2307 3919 2386 3978 De
2439 3928 2670 3983 custodia
2708 3932 3028 4004 uirginitatis.

1882 4026 2218 4128 Eustochium
2254 4035 2534 4128 virginem,
2564 4041 2750 4101 Paula
2773 4050 3001 4107 nobilia.
3023 4059 3165 4127 apud
3205 4055 3466 4128 Romanos

1951 4119 2204 4216 Afatronte
2230 4126 2420 4196 Imma,
2444 4131 2587 4186 docet
2615 4141 2866 4204 quomodo
2910 4119 3257 4216 Virginitatem
3295 4119 3465 4215 rimo:

1948 4211 2058 4312 dire
2083 4214 2258 4315 debeat
2283 4257 2316 4317 ,ι
2345 4235 2506 4289 quam.
2525 4229 2754 4296 professa
2800 4243 2906 4286 erat
2934 4251 2953 4289 ε
2978 4211 3129 4308 atque
3152 4260 3237 4300 eos
3262 4211 3462 4317 qui

1946 4302 2130 4404 uitatis
2179 4309 2345 4376 specie
2382 4315 2538 4368 uentri
2565 4320 2888 4391 avaritiaque
2935 4302 3210 4389 inserviunt
3229 4378 3243 4404 ,
3272 4302 3464 4399 acriter

1945 4405 2240 4452 insectatur.

2020 4505 2055 4590 It
2080 4489 2218 4544 Audi
2248 4490 2376 4559 filia,
2421 4506 2477 4552 et
2504 4499 2624 4557 vide
2644 4545 2657 4569 ,
2686 4513 2741 4559 et
2767 4507 2959 4567 inclina
2988 4525 3172 4573 aurem
3206 4527 3372 4590 tuam,
3407 4534 3461 4584 et

1871 4579 2188 4640 obliviscere
2216 4590 2466 4657 populum
2501 4605 2668 4663 tuum,
2700 4608 2754 4654 et
2791 4602 3012 4662 domum
3063 4615 3228 4681 patris
3260 4579 3371 4682 tuii

1870 4675 2212 4778 concupiscet
2268 4696 2362 4736 rex
2407 4683 2654 4743 decorem
2689 4700 2834 4748 tuum
2874 4714 2892 4748 ι
2939 4675 3190 4768 (Ρείη.
3223 4706 3282 4761 Η
3305 4675 3367 4778 ).'
3396 4709 3454 4766 lu

1869 4763 2275 4868 quadragesimo
2290 4785 2482 4841 quarto
2497 4775 2710 4833 Psalmo
2729 4781 2866 4839 Deus
2887 4763 2954 4840 ad
2975 4789 3204 4844 animam
3214 4763 3455 4868 loquitur

1869 4852 2154 4946 humanam
2174 4899 2189 4921 .
2219 4871 2276 4914 ut
2302 4866 2594 4922 secundum
2638 4876 2939 4943 exemplum
2974 4880 3203 4935 Abrahae
3225 4925 3237 4945 ,
3265 4852 3451 4946 caicus

1871 4941 2099 5034 determ
2118 4962 2235 5014 sua,
2267 4960 2322 5004 et
2347 4951 2413 5006 de
2436 4959 2752 5024 cognatione
2768 4941 2883 5028 sua,
2901 4963 3163 5034 relinquat
3183 4941 3449 5033 Citaldtro;

1865 5033 1955 5100 qui
1996 5038 2144 5104 quasi
2181 5037 2437 5096 damonia
2477 5044 2918 5116 interpretantur,
2955 5064 3008 5108 et
3037 5033 3242 5115 habitet
3269 5063 3322 5117 in
3355 5081 3446 5122 re-

1862 5123 2022 5192 gione
2063 5126 2350 5186 viventium
2373 5167 2389 5199 ,
2417 5147 2574 5201 quam
2623 5136 2750 5193 alibi
2778 5139 3046 5212 PrOpheta
3076 5151 3330 5224 suspirat,
3360 5155 3446 5213 di-

1922 5321 2603 5411 ἔρηὲξὲἐέὶξίίίὲξῖθὲξῗθέίνὲ
2621 5349 2803 5411 γοοθιη,
2819 5341 2980 5411 λεπίδα
3017 5345 3221 5411 delevit.
3237 5355 3368 5411 quod
3396 5359 3448 5411 in

1858 5391 2318 5470 ΞὲἷὲςῬέῗίέῗΞἮηίὲ
2339 5391 2478 5470 Ρίῖίὲἀ·
2503 5407 2599 5470 "9"
2620 5401 2826 5470 νθηθείι·
2864 5391 3440 5470 εφίθτῖιῖιῖεὲὑῖἰιἭῖἆ-ὁῖ

1859 5452 2520 5533 ξέἰ¹¹¹ῗὲ¹33ἓέἒῖἷὲτ¹’Ξεῗὲηοὲθ
2545 5465 2642 5533 ἕοὶε
2663 5452 3439 5533 οριιτίθνεῖησείἐέῖῧῖεῧῖἓῖιῖἱῦὶῗιῖ

1861 5505 2260 5598 Ξὲρδξρῗξιέἒὲἐξξ
2277 5523 2414 5598 eo
2441 5513 2497 5598 ε
2521 5525 2573 5598 st
2589 5505 3238 5598 9-.ﬁt'ét'i'ic't'55si'ei'iio?

2406 5565 3077 5653 quanto'delectu'

2238 5626 2284 5726 ςᾲ
2311 5626 2824 5726 esseesse
2847 5626 3436 5726 ίῖῖῖυἶτὶειῖἒέῗὲἱέἒῖἓῗ

1859 5697 2211 5760 pugilatum“,
2237 5697 2286 5750 in
2311 5712 2593 5760 perversum
2615 5697 2816 5758 tl‘ah'it,’
2847 5697 2864 5702 ⁷
2884 5697 2929 5702 ’⁷
2960 5697 3008 5706 "
3047 5697 3194 5721 -ι-υι-
3215 5697 3364 5747 ..νηη-

1921 5749 1981 5817 (ει
2031 5751 2159 5808 Alias
2180 5749 2364 5824 «pioqize
2384 5749 2780 5833 εεζὲὲἷὶρὶὶῖἇὶῐῖ
2793 5771 2902 5822 εει.
