4048 6186
498 315 605 371 395

498 447 675 486 cens:
714 448 731 480 ι
780 427 950 483 Credo
991 423 1170 476 videre
1211 419 1345 471 bona
1375 413 1581 468 Domini
1624 412 1676 465 in
1724 421 1862 464 terra
1893 410 2078 461 viveno

503 526 638 579 tium
673 541 692 575 ι
729 519 848 590 (Ps.
873 518 964 572 26.
994 515 1104 583 13).
1139 510 1332 565 Verum
1374 521 1478 561 non
1507 504 1703 560 sufticit
1725 503 1815 557 tibi
1841 502 1988 557 exire
2010 500 2080 554 de

505 628 648 672 terra
692 623 776 668 tua
810 651 824 673 ,
864 607 964 662 nisi
1004 601 1338 659 obliviscaris
1391 597 1570 668 p0puli
1621 596 1734 659 tui,
1784 602 1840 648 et
1889 592 2079 647 domus

501 710 669 777 patris
696 704 808 765 tui,
841 709 899 752 ut
924 711 1084 751 carne
1111 702 1449 763 contempta,
1489 689 1670 757 sponsi
1690 687 1928 756 jungaris
1961 699 2080 738 am-

501 796 764 868 plexibus.
830 810 849 842 ι
894 789 972 846 Ne
1019 787 1362 856 respexeris,
1447 783 1658 852 inquit.
1729 789 1874 834 retro
1921 794 1936 830 :
1983 791 2083 831 nec

500 888 713 945 steteris
741 888 792 938 in
821 881 966 937 omni
1004 883 1144 934 circa
1175 879 1392 948 regione
1419 917 1433 941 ,
1460 875 1553 930 sed
1587 875 1641 928 in
1670 882 1852 928 monte
1875 872 2081 926 salvum

500 990 552 1034 te
583 977 685 1040 far,
704 989 771 1030 nc
797 973 931 1027 forte
957 967 1432 1040 comprehendaris
1461 985 1480 1018 ι
1514 965 1676 1037 (Cen.
1704 965 1793 1020 19.
1821 965 1934 1033 17).
1965 962 2082 1015 Non

499 1068 715 1140 expedit
757 1064 1096 1135 apprehenso
1119 1071 1302 1114 aratro
1327 1101 1342 1122 ,
1391 1059 1660 1126 respicere
1700 1065 1821 1126 post
1851 1065 2080 1123 tergum,

501 1175 602 1217 nec
626 1159 693 1212 de
714 1172 841 1225 agro
861 1153 1054 1208 reverti
1078 1151 1318 1213 domum,
1336 1163 1434 1202 nec
1457 1155 1577 1217 post
1594 1145 1795 1201 Christi
1825 1144 2080 1205 tunicam,

501 1252 569 1306 ad
613 1247 902 1304 tollendum
952 1242 1095 1297 aliud
1147 1241 1522 1296 vestimentum
1576 1247 1715 1292 tecto
1759 1233 2088 1290 descendere

503 1339 717 1404 (JIatth.
742 1338 860 1405 21).
892 1333 1105 1389 Grande
1129 1331 1441 1386 miraculum
1472 1345 1486 1381 :
1519 1328 1678 1381 Pater
1708 1325 1867 1379 ﬁliam
1888 1323 2086 1378 cohor-

503 1441 648 1486 tatur
672 1471 687 1495 ,
721 1445 788 1483 ne
815 1425 1118 1482 meminerit
1156 1423 1323 1494 patris
1362 1421 1465 1475 sui.
1503 1437 1522 1470 ι
1559 1417 1666 1473 Vos
1705 1416 1772 1471 dc
1801 1425 1950 1486 patre
1974 1414 2090 1468 dia-

503 1522 630 1577 bolo
671 1520 820 1582 estis,
870 1527 924 1572 et
962 1514 1225 1570 desideria
1259 1511 1422 1580 patris
1470 1509 1631 1563 vestri
1661 1507 1822 1561 vultis
1849 1505 2029 1559 lacere
2060 1523 2079 1556 ι

507 1612 687 1683 (Joan.
726 1610 781 1666 8.
821 1609 911 1678 44)
940 1649 956 1673 ,
1005 1607 1200 1661 dicitur
1241 1603 1306 1656 ad
1359 1601 1594 1656 Iudaeos.
1629 1599 1696 1652 Et
1733 1597 1855 1651 alibi
1885 1615 1898 1650 :
1933 1613 1951 1646 t
1988 1595 2091 1660 Qui

508 1707 631 1762 facit
675 1712 953 1774 peccatum
974 1742 990 1766 ,
1039 1698 1104 1753 de
1132 1695 1348 1750 diabolo
1375 1704 1458 1748 est
1494 1712 1511 1743 ι
1549 1691 1741 1761 (Joan.
1783 1691 1838 1744 5.
1865 1688 1942 1757 8).
1974 1687 2091 1742 Tali

508 1801 740 1868 primum
771 1802 986 1864 parente
1020 1789 1295 1860 generati,
1332 1787 1465 1854 nigri
1493 1797 1696 1848 sumus,
1730 1791 1784 1836 ct
1812 1790 1931 1849 post
1962 1793 2083 1847 pa:-

512 1889 795 1944 nitentiam
823 1927 837 1949 ,
869 1899 968 1940 nec
997 1883 1123 1938 dum
1159 1880 1394 1935 culmine
1442 1875 1652 1930 virtutis
1683 1887 1926 1938 ascenso,
1953 1869 2091 1925 dici-

511 1995 632 2036 mus
665 1998 679 2035 :
709 1977 879 2048 Nigra
925 1992 1036 2030 sum
1058 2015 1072 2037 ,
1102 1974 1178 2040 (a)
1224 1971 1312 2025 sed
1341 1969 1570 2037 speciosa
1593 2007 1607 2031 ,
1639 1966 1761 2034 ﬁlice
1805 1963 2093 2019 Jerusalem

511 2072 682 2142 (Cant.
731 2070 784 2124 1.
835 2068 916 2136 4).
948 2065 1098 2120 Exivi
1150 2063 1218 2118 de
1264 2061 1425 2115 domo
1477 2058 1712 2112 infantiae
1741 2071 1894 2118 mete,
1927 2055 2093 2108 oblita

510 2176 630 2217 sum
663 2157 828 2227 patris
874 2156 1003 2219 mei,
1042 2166 1294 2208 renascor
1338 2151 1391 2204 in
1421 2149 1654 2202 Christo.
1702 2146 1837 2214 Quid
1865 2159 1962 2215 pro
1992 2145 2094 2198 hoc

511 2248 773 2305 mercedis
800 2245 1049 2315 accipio?
1075 2243 1326 2311 Sequitur
1356 2257 1370 2293 :
1401 2239 1468 2294 Et
1497 2239 1818 2307 concupiscet
1840 2253 1931 2291 rex
1946 2242 2094 2291 deco-

507 2358 612 2396 rem
638 2350 803 2394 tuum.
835 2337 947 2392 lloc
975 2350 1102 2405 ergo
1132 2332 1259 2388 illud
1291 2346 1537 2401 magnum
1564 2339 1646 2385 est
1668 2328 2091 2384 Sacramenttmt.

517 2434 745 2502 Ρτοιιιριν
765 2432 866 2484 hoc
891 2429 1152 2497 relinquet
1171 2431 1332 2480 homo
1349 2434 1576 2494 patrem,
1595 2433 1650 2477 et
1675 2432 1898 2476 matrem
1917 2436 2092 2486 suam,

510 2538 565 2582 et
593 2523 886 2580 adlicerebit
926 2522 1076 2574 uxori
1121 2534 1254 2584 suae,
1289 2527 1344 2573 et
1369 2527 1524 2572 crunt
1552 2516 1730 2579 ambo,
1803 2517 1917 2586 89
1982 2515 2093 2583 jam

512 2632 643 2681 non,
667 2623 723 2669 ut
747 2614 838 2679 ibi,
868 2611 920 2666 in
949 2626 1052 2666 una
1068 2624 1229 2664 carne
1251 2607 1406 2677 (Gen.
1431 2607 1486 2660 2.
1508 2607 1620 2677 44),
1649 2605 1741 2660 sed
1774 2607 1825 2659 in
1854 2621 1960 2659 uno
1981 2620 2094 2674 spt-

512 2708 641 2764 ritu.
683 2705 796 2762 Non
823 2713 905 2760 est
942 2717 1172 2774 sponsus
1204 2711 1324 2754 tuus
1350 2713 1624 2768 arrogans,
1664 2713 1769 2751 non
1811 2697 2093 2766 superbus,

512 2799 898 2868 [Ethiopissam
926 2795 1309 2851 duxituxorem
1328 2807 1342 2845 :
1360 2791 1536 2845 statim
1556 2800 1613 2844 ut
1635 2789 1866 2844 volueris
1881 2789 2097 2858 sapien-

513 2892 638 2946 tiam
663 2889 848 2943 audire
876 2887 989 2942 veri
1019 2883 1342 2947 Salomonis,
1374 2890 1428 2938 et
1451 2881 1518 2937 ad
1545 2897 1668 2937 eum
1696 2882 1906 2936 veneris
1933 2921 1950 2946 ,
1977 2896 2100 2936 con-

513 2981 748 3036 titebitur
790 2979 883 3033 tibi
934 2985 1124 3034 cuncta
1153 2989 1273 3044 qua:
1301 2973 1467 3039 novit,
1499 2983 1552 3028 et
1583 2973 1798 3027 inducet
1842 2983 1893 3028 te
1922 2989 2014 3027 rex
2045 2973 2098 3027 in

512 3069 816 3128 cubiculum
839 3083 1016 3133 suum,
1039 3076 1094 3122 et
1117 3065 1311 3119 mirum
1335 3063 1388 3118 in
1417 3063 1630 3117 modum
1661 3062 1843 3117 Colore
1870 3072 2093 3128 mutato,

511 3178 690 3220 sermo
715 3162 807 3216 tibi
836 3161 922 3215 ille
961 3159 1241 3214 conveniet
1272 3173 1284 3209 :
1320 3155 1444 3221 Qua:
1484 3165 1557 3208 est
1591 3157 1711 3220 ista,
1733 3169 1847 3224 ante
1870 3155 2099 3209 ascendit

514 3255 752 3308 dealbata
791 3251 964 3323 (Cant.
994 3253 1049 3307 5.
1079 3250 1132 3304 6.
1162 3257 1209 3302 et
1238 3248 1293 3302 8.
1325 3247 1404 3319 5).

583 3345 638 3399 2.
699 3342 935 3396 Domina:
974 3341 1191 3410 virgines
1220 3337 1479 3391 uocandte.
1504 3367 1576 3377 —-—
1607 3336 1731 3391 [hec
1773 3335 1996 3403 idcirco,
2026 3336 2098 3391 mi

516 3437 744 3492 Domina
779 3432 1153 3496 Eustochium,
1185 3431 1364 3485 scribo
1409 3429 1722 3500 (Dominam
1753 3429 1953 3499 quippe
2000 3443 2098 3484 vo-

516 3541 642 3582 care
669 3524 841 3579 debeo
863 3536 1116 3593 sponsam
1146 3518 1357 3574 Domini
1389 3520 1528 3588 mei)
1577 3529 1634 3572 ut
1663 3536 1726 3573 ex
1750 3519 1869 3589 ipso
1897 3521 2100 3590 princi-

521 3619 611 3689 pio
633 3615 877 3672 lectionis
901 3626 1242 3684 agnosceres,
1276 3625 1382 3666 non
1432 3626 1517 3666 me
1559 3626 1700 3666 nunc
1740 3611 1949 3666 laudem
1976 3611 2101 3668 Vir-

521 3710 763 3781 ginitatis
802 3722 924 3763 esse
947 3705 1240 3772 dicturum,
1271 3717 1431 3774 quam
1469 3702 1704 3772 probasti
1742 3704 2020 3773 optimam,
2048 3714 2104 3760 et

519 3809 804 3858 consecuta
859 3814 920 3855 es
961 3815 974 3853 :
1019 3811 1121 3852 nec
1183 3803 1621 3852 enumeraturum
1683 3793 1960 3850 molestias
1999 3811 2102 3849 nu.

522 3897 778 3966 ptiarum,
809 3891 1082 3965 quomodo
1113 3898 1298 3945 uterus
1329 3887 1670 3951 intumescat,
1703 3885 1880 3941 infans
1903 3888 2100 3958 vagiat,

524 3987 726 4042 cruciet
757 3984 960 4055 pellex,
989 3981 1182 4037 domus
1221 3993 1350 4034 cura
1379 3977 1656 4044 sollicitet,
1685 3987 1739 4032 et
1765 3979 1943 4032 omnia
1983 3995 2104 4048 qua:

523 4085 778 4149 putantur
800 4075 961 4137 bona,
985 4086 1132 4127 mors
1153 4079 1394 4126 extrema
1429 4067 1702 4138 prwcidat.
1727 4067 1936 4124 Habent
1957 4069 2101 4124 enim

525 4177 580 4223 ct
629 4165 895 4222 maritatae
922 4161 1168 4216 ordinem
1201 4173 1381 4223 suum,
1421 4157 1767 4214 honorabiles
1797 4159 2030 4228 nuptias,
2051 4169 2106 4215 et

533 4257 712 4312 cubile
739 4253 1134 4308 immaculatum
1165 4249 1348 4321 (Hebr.
1384 4250 1515 4320 15);
1560 4250 1654 4304 sed
1688 4261 1742 4306 ιιι
1780 4251 2106 4322 intelligercs

536 4347 630 4402 tibi
658 4344 876 4402 exeunti
900 4343 967 4399 de
1001 4342 1256 4408 Sodoma,
1291 4341 1587 4396 timendum
1615 4357 1737 4396 esse
1777 4342 1878 4397 Lot
1925 4345 2106 4400 uxoris

532 4437 837 4504 exemplum
867 4432 1068 4504 (Cenes.
1099 4432 1212 4500 19).
1245 4430 1399 4485 Nulla
1427 4442 1509 4486 est
1541 4431 1684 4486 enim
1714 4432 1765 4484 itt
1795 4431 1897 4487 huc
1928 4434 2107 4488 libello

530 4527 790 4583 adulatio.
811 4523 1070 4579 Adulator
1091 4522 1290 4592 quippe
1309 4521 1536 4576 blandus
1563 4521 1811 4576 inimicus
1830 4534 1932 4577 est.
1953 4523 2106 4578 Nulla

525 4627 630 4679 erit
680 4617 952 4675 Rhetorici
997 4629 1190 4686 pompa
1238 4613 1540 4679 sermonis,
1571 4611 1648 4685 (t)
1681 4629 1801 4683 quin
1847 4623 1899 4670 te
1947 4617 2108 4671 etiam

538 4716 681 4770 inter
725 4708 962 4781 Angelos
1013 4713 1247 4769 statuat,
1297 4712 1354 4760 et
1408 4703 1737 4759 beatitudine
1779 4705 2110 4777 Virginitatis

531 4804 796 4876 exposita,
831 4798 1090 4856 mundum
1120 4795 1370 4866 subjiciat
1401 4795 1625 4865 pedibus
1653 4797 1780 4852 tuis.

603 4898 656 4952 5.
688 4893 826 4950 Nolo
880 4891 973 4946 tibi
1003 4888 1188 4945 venire
1213 4886 1520 4959 superbiam
1563 4887 1632 4943 de
1674 4891 1970 4960 proposito,
2015 4893 2111 4948 sed

533 4992 803 5044 timorem.
843 4983 1049 5040 Onusta
1092 4980 1301 5037 incedis
1349 4994 1503 5045 auro,
1546 4980 1684 5036 latro
1728 4982 1822 5037 tibi
1865 4985 2111 5042 vitandus

533 5088 635 5134 est.
678 5076 919 5133 Stadium
970 5084 1055 5129 cst
1095 5072 1211 5128 bare
1251 5071 1359 5126 vita
1404 5072 1740 5141 mortalibus,
1773 5073 1862 5129 hic
1890 5087 2114 5131 contcn~

533 5170 733 5233 dimus,
766 5175 825 5220 ut
871 5164 996 5220 alibi
1042 5178 1387 5219 coronemur.
1445 5161 1614 5219 Nemo
1645 5163 1787 5218 inter
1829 5176 2112 5236 serpentes

532 5269 584 5314 et
610 5257 923 5326 scorpiones
975 5267 1199 5309 securus
1247 5251 1562 5324 ingreditur.
1606 5253 1674 5309 Et
1704 5255 1978 5313 inebriatus
2015 5268 2110 5329 est,

594 5411 670 5471 (a)
701 5407 844 5475 itane
852 5404 1404 5475 _1_Zpistolamtmagna_et_t
1430 5414 1568 5475 parte
1593 5410 1827 5475 exscribit
1849 5412 2110 5475 Aquisgra-

528 5466 686 5520 nensc
703 5466 972 5534 Concilium
989 5466 1240 5534 anniﬁltl.’
1263 5468 1355 5515 sub
1378 5466 1536 5534 Latios
1550 5469 1624 5518 ieo
1645 5471 1752 5529 Pio,
1786 5466 2112 5534 cumdue'sze-

551 5534 639 5580 tius
683 5526 1004 5595 emendatiori
1029 5525 1388 5595 codicehusutn
1416 5528 1653 5595 videatur,
1700 5525 1930 5595 quaedam
1945 5548 2008 5583 ex
2050 5547 2112 5584 eo

549 5605 634 5639 oea
658 5587 970 5654 adustum“.
998 5584 1228 5654 eilitimodi
1254 5594 1331 5635 est.
1373 5589 1520 5648 istud,
1567 5584 1653 5642 sed
1698 5584 1745 5643 ὁι
1782 5594 1989 5654 formosa
2017 5607 2036 5646 :
2060 5603 2113 5647 et

529 5665 642 5700 mox
668 5645 839 5704 oblitus
859 5645 1154 5704 sumpturis;
1168 5657 1408 5704 mmwr,
1431 5645 1525 5697 etc;

587 5712 665 5768 (1)
701 5703 842 5768 Apud
866 5701 1097 5755 Gravlum
1117 5703 1201 5752 sed
1224 5704 1306 5764 qui
1328 5701 1469 5756 elittm
1493 5715 1553 5758 te,

1774 295 2016 352 SANLTI
2059 292 2435 348 lllEllONYlll

3664 292 3767 349 390

2188 408 2359 477 inquit
2399 405 2672 469 Dominus,
2719 405 2922 476 gladius
2965 421 3102 458 meus
3131 406 3182 458 in
3224 405 3352 458 carlo
3386 403 3540 476 (Isai.
3571 406 3684 473 34),
3712 417 3769 462 et

2188 509 2243 554 tu
2273 514 2458 568 pacem
2488 497 2768 554 arbitraris
2809 498 2861 550 in
2893 506 3056 563 terra,
3089 511 3208 566 qua:
3251 497 3478 551 tribulos
3522 510 3765 566 generat,

2187 602 2242 645 et
2267 592 2470 659 spinas,
2499 604 2658 658 quam
2689 603 2913 658 serpens
2952 588 3225 642 comedit?
3254 588 3331 658 (ὁ)
3362 587 3482 640 Non
3509 598 3582 642 est
3626 589 3770 643 nobis

2188 683 2479 737 colluctatio
2507 683 2748 736 adversus
2773 696 2975 734 carnem
2999 691 3045 734 et
3065 680 3388 750 sanguinem,
3414 681 3502 733 sed
3530 681 3771 733 adversus

2190 775 2527 843 principatus,
2556 783 2602 827 et
2633 781 2900 840 potestates
2944 772 3099 842 hujus
3127 771 3325 835 mundi,
3359 780 3406 823 et
3431 780 3648 824 rectores
3671 771 3770 822 ha-

2189 881 2302 916 rum
2329 865 2666 925 tenebrarum,
2695 864 2936 917 adversus
2964 862 3254 930 spiritualia
3282 862 3517 930 nequitia
3543 863 3595 915 in
3615 863 3769 915 carie-

2188 959 2348 1012 stibus
2388 957 2603 1029 (Ephes.
2632 957 2685 1011 6.
2721 955 2831 1027 12).
2858 955 3061 1025 Magnis
3100 955 3438 1009 inimicorum
3468 955 3772 1010 circumda-

2190 1067 2312 1105 mur
2331 1049 2653 1120 agminibus,
2670 1049 2900 1104 hostium
2925 1051 3079 1119 plena
3102 1059 3228 1103 sunt
3252 1049 3451 1104 omnia.
3473 1051 3618 1106 Cano
3642 1067 3770 1106 rtu-

2190 1157 2342 1204 ctus,
2367 1149 2421 1196 et
2444 1141 2581 1195 cinis
2608 1141 2782 1194 futura
2812 1150 2932 1209 post
2958 1140 3254 1205 modicum,
3279 1151 3476 1210 pugnat
3503 1143 3615 1197 sola
3642 1158 3771 1197 eum

2191 1235 2302 1305 90
2377 1234 2638 1302 pluribus.
2680 1233 2812 1285 Cum
2853 1242 3033 1286 autem
3074 1233 3236 1288 fuerit
3284 1233 3564 1299 dissoluta,
3591 1243 3646 1289 et
3673 1252 3772 1290 vc-

2193 1326 2333 1379 ncrit
2359 1325 2609 1394 princeps
2653 1322 2838 1376 mundi
2887 1322 3067 1392 hujus,
3096 1332 3150 1378 et
3199 1323 3464 1378 invenerit
3511 1325 3563 1378 in
3611 1324 3770 1395 ea(c)

2194 1418 2399 1487 peccati
2445 1417 2598 1479 nihil,
2634 1426 2760 1470 tunc
2804 1431 2993 1470 secura
3039 1416 3228 1470 audies
3271 1431 3368 1485 per
3412 1415 3772 1484 Prophetam:

2198 1507 2319 1562 Non
2347 1508 2540 1562 timebis
2568 1524 2600 1560 a
2638 1508 2817 1560 timore
2842 1517 3088 1560 nocturno
3110 1523 3129 1560 :
3159 1523 3191 1559 a
3225 1509 3412 1578 sagitta
3455 1507 3653 1561 volante
3682 1523 3776 1578 per

2195 1599 2350 1665 diem,
2382 1615 2416 1651 a
2451 1601 2652 1668 negotio
2695 1598 3075 1666 perambulante
3121 1598 3173 1650 in
3217 1598 3452 1662 tenebris,
3478 1599 3539 1650 ab
3569 1598 3776 1651 incursu

2195 1702 2243 1744 et
2281 1692 2534 1746 dannonio
2574 1693 2875 1746 meridiano.
2907 1691 3100 1746 Cadent
3136 1709 3167 1745 a
3215 1694 3372 1746 latere
3413 1703 3500 1746 tuo
3545 1693 3701 1758 mille,
3727 1702 3776 1746 et

2195 1786 2367 1838 derem
2391 1784 2555 1838 millia
2579 1801 2609 1837 a
2638 1785 2828 1840 dextris
2858 1786 2977 1849 tuis,
3010 1786 3078 1838 ad
3103 1797 3150 1840 te
3171 1796 3343 1840 autem
3366 1803 3466 1840 non
3495 1787 3777 1856 appropin-

2196 1876 2422 1948 quabtmt
2455 1877 2573 1947 (Ps.
2609 1877 2697 1933 90.
2731 1879 2784 1932 5.
2816 1879 2893 1942 6).
2924 1877 3075 1945 Quod
3117 1878 3161 1932 si
3192 1893 3378 1932 eorum
3411 1887 3462 1932 te
3491 1877 3778 1932 multitudo

2197 1967 2506 2032 turbaverit,
2542 1977 2597 2023 et
2645 1967 2709 2020 ad
2756 1969 2962 2038 singula
3004 1969 3344 2022 incitamenta
3386 1969 3631 2022 vitiorum
3662 1984 3779 2024 ca:-

2198 2060 2341 2129 peris
2378 2068 2631 2124 mstuare,
2663 2069 2717 2112 ct
2746 2059 2938 2112 dixerit
2970 2059 3061 2112 tibi
3088 2059 3342 2129 cogitatio
3371 2070 3456 2113 tua
3481 2077 3495 2114 :
3522 2059 3645 2128 quid
3691 2057 3775 2114 fa-

2197 2151 2444 2205 ciemus?
2472 2149 2822 2220 respondebit
2865 2150 2958 2204 tibi
2990 2150 3213 2204 Elisa'us
3237 2166 3252 2204 :
3286 2148 3414 2204 Noli
3440 2153 3630 2217 timere,
3651 2152 3776 2221 quia

2197 2245 2368 2314 plures
2417 2243 2676 2298 nobiscum
2722 2252 2860 2308 sunt,
2889 2258 3042 2310 quam
3076 2259 3190 2297 cum
3232 2243 3356 2305 illis.
3397 2253 3451 2298 et
3501 2244 3695 2310 orabit,
3722 2255 3781 2299 et

2197 2335 2382 2390 dicet:
2426 2334 2664 2398 Domine,
2713 2335 2857 2404 aperi
2908 2335 3084 2390 oculos
3132 2334 3316 2405 puellm
3353 2345 3472 2401 ttae,
3518 2345 3570 2389 ut
3613 2337 3778 2389 videat

2197 2427 2272 2496 (4.
2312 2427 2437 2498 Reg.
2471 2428 2521 2482 6.
2557 2427 2689 2496 lli):
2736 2438 2792 2482 et
2837 2428 3039 2496 apertis
3085 2427 3257 2482 oculis
3311 2427 3517 2482 videbis
3564 2429 3776 2498 igneum

2197 2535 2435 2586 currum,
2463 2520 2549 2590 qui
2580 2529 2632 2574 te
2661 2519 2727 2574 ad
2755 2520 3064 2587 exemplum
3099 2520 3231 2574 lilia:
3260 2520 3313 2574 in
3359 2531 3502 2574 astra
3532 2521 3782 2575 sustollat

2202 2611 2321 2681 (Ps.
2359 2613 2483 2668 125.
2508 2614 2604 2683 7);
2647 2621 2703 2668 et
2731 2624 2856 2668 tunc
2901 2612 3022 2667 hrta
3053 2615 3298 2668 cantabis
3328 2632 3342 2668 :
3386 2615 3569 2668 Anima
3605 2625 3780 2670 nostra

2197 2705 2329 2759 sicut
2356 2723 2529 2773 passer
2558 2715 2727 2778 erepta
2751 2717 2823 2762 est
2851 2713 2914 2762 de
2940 2707 3117 2778 laqueo
3155 2709 3440 2762 venantium
3481 2725 3500 2763 :
3548 2708 3780 2780 Laqueus

2198 2799 2446 2852 contritus
2471 2807 2564 2864 est,
2597 2808 2644 2852 et
2667 2815 2758 2852 nos
2790 2799 2989 2854 liberati
3015 2816 3191 2854 sumus
3221 2799 3382 2864 (Ibid.
3414 2797 3494 2871 2).
3780 2789 3782 2792 ﬁ

2271 2889 2324 2942 4.
2351 2888 2411 2941 In
2434 2889 2529 2942 hac
2549 2890 2648 2942 vita
2671 2889 2816 2944 nulla
2833 2900 2905 2945 est
2925 2900 3060 2944 certa
3082 2891 3652 2959 victoria.—Quamdiu
3677 2895 3781 2948 hoc

2199 2980 2372 3050 fragili
2412 2995 2648 3050 corpore
2692 2981 3020 3045 detincmur,
3055 2981 3308 3052 quamdiu
3360 2983 3615 3039 habemus
3661 2984 3781 3040 the-

2199 3087 2416 3128 saurum
2448 3072 2607 3127 istum
2638 3074 2688 3127 in
2719 3075 2862 3128 vasis
2911 3073 3162 3128 ﬁctilibus
3190 3074 3266 3144 (Ξ.
3301 3074 3417 3129 Cor.
3452 3076 3532 3143 4),
3565 3086 3618 3130 et
3643 3091 3780 3130 con-

2199 3166 2427 3236 cupiscit
2450 3166 2669 3236 spiritus
2692 3166 2953 3221 adversus
2978 3182 3220 3232 carnem,
3253 3177 3308 3223 et
3348 3184 3475 3224 caro
3521 3169 3784 3224 adversus

2200 3258 2452 3326 spiritum
2495 3256 2690 3326 (Galat.
2722 3258 2800 3328 5),
2827 3259 2966 3313 nulla
2998 3269 3080 3314 cst
3110 3271 3254 3315 certa
3295 3261 3538 3316 victoria.
3572 3262 3778 3318 Adver-

2199 3351 2373 3405 sarius
2399 3361 2582 3405 noster
2613 3351 2690 3422 (d)
2725 3351 2988 3417 diabolus,
3033 3361 3283 3422 tanquam
3322 3353 3406 3408 leo
3446 3355 3658 3424 rugiens
3679 3355 3779 3407 ali-

2201 3459 2361 3513 quem
2391 3443 2648 3499 devorarc
2678 3458 2944 3512 qua'rcns,
2973 3444 3222 3498 circumit
3263 3444 3336 3514 (1.
3377 3443 3515 3500 Petr.
3559 3445 3638 3511 5).
3668 3445 3779 3500 Ρο-

2200 3536 2349 3590 suisti
2390 3535 2639 3596 tenebras.
2686 3537 2762 3590 ait
2814 3536 3001 3598 David,
3027 3548 3073 3589 et
3125 3539 3261 3606 facta
3301 3547 3374 3590 est
3419 3553 3539 3591 nox.
3573 3537 3638 3591 In
3668 3539 3782 3606 ipsa

2203 3627 2576 3696 pertransibunt
2604 3643 2774 3680 omnes
2818 3627 2987 3681 bestiw
3029 3627 3201 3697 sylvce.
3238 3626 3406 3682 Catuli
3461 3630 3658 3684 leonum
3687 3650 3779 3686 rn-

2203 3722 2413 3791 gientes,
2445 3730 2497 3773 ut
2541 3721 2766 3790 rapiant,
2792 3733 2839 3775 et
2867 3732 3097 3790 quierant
3138 3739 3170 3775 α
3216 3721 3324 3778 Deo
3353 3739 3516 3778 escam
3541 3726 3633 3779 sibi
3662 3726 3778 3795 (Ps.

2205 3812 2328 3867 105.
2377 3810 2492 3881 20).
2535 3811 2650 3866 Non
2676 3812 2870 3882 qttzu'il
2911 3811 3160 3866 diabolus
3211 3811 3456 3869 homines
3505 3815 3780 3872 inﬁdeles:

2206 3916 2312 3956 non
2341 3916 2436 3957 eos
2460 3902 2549 3970 qtti
2580 3901 2712 3957 foris
2739 3911 2885 3967 sunt,
2919 3912 2972 3956 et
3003 3917 3230 3971 quorum
3261 3918 3454 3960 carnes
3500 3921 3592 3962 rex
3620 3907 3783 3980 Assy-

2205 3993 2318 4047 rius
2366 3993 2418 4046 in
2451 3993 2556 4047 olla
2607 3993 2888 4047 succendit
2918 4010 2931 4045 :
2965 3993 3032 4048 de
3082 3994 3321 4049 Ecclesia
3353 3995 3549 4052 Christi
3592 4015 3783 4069 rapere

2207 4086 2447 4142 festinat.
2483 4086 2632 4140 Esca:
2659 4086 2776 4155 ejus
2820 4083 3116 4140 secundum
3165 4085 3380 4142 Abacuc
3407 4088 3594 4144 electa:
3635 4101 3783 4147 sunt.

2205 4175 2307 4232 Job
2327 4177 2645 4232 subvertere
2667 4177 2834 4246 cupit,
2853 4187 2905 4230 et
2932 4175 3192 4231 devorato
3208 4177 3366 4246 Juda,
3386 4178 3451 4234 ad
3472 4181 3785 4239 cribrandos

2208 4268 2502 4338 Apostolos
2545 4270 2746 4338 expetit
2793 4276 3132 4337 potestatem.
3185 4268 3302 4324 Non
3352 4273 3498 4326 venit
3541 4272 3785 4328 Salvator

2207 4376 2394 4430 pacem
2443 4363 2658 4418 mittere
2684 4378 2844 4432 super
2884 4370 3104 4426 terram,
3135 4363 3232 4418 sed
3277 4363 3531 4434 gladium.
3578 4364 3790 4420 Cecidit

2209 4452 2448 4519 Lucifer,
2479 4453 2572 4522 qui
2603 4468 2759 4507 mane
2788 4453 3065 4508 oriebatur
3089 4471 3103 4518 ;
3134 4463 3187 4508 et
3215 4453 3305 4509 ille
3332 4455 3421 4524 qui
3453 4456 3502 4508 in
3530 4455 3788 4510 Paratliso

2211 4545 2527 4600 deliciarum
2569 4545 2802 4600 nutritus
2828 4554 2930 4609 est,
2962 4547 3158 4600 meruit
3185 4545 3371 4601 audire
3397 4563 3410 4601 :
3443 4546 3507 4602 Si
3535 4547 3789 4601 exaltatus

2274 4741 2346 4804 (b)
2378 4739 2745 4805 Aecuratissima
2762 4741 2982 4805 quaedam
3008 4743 3149 4805 hujus
3172 4756 3215 4804 ej
3236 4743 3391 4794 istolaa
3415 4742 3562 4793 editio
3583 4745 3792 4794 seorsim

2211 4801 2377 4851 Retine
2399 4802 2626 4852 adornata
2664 4817 2742 4867 an.
2779 4801 2923 4867 3562.
2948 4801 3083 4867 apud
3099 4801 3235 4867 Paul.
3261 4805 3539 4867 Manutium,
3573 4819 3667 4867 qua
3695 4819 3792 4855 non

2213 4877 2337 4930 νει-ο-
2363 4872 2573 4930 utemur,
2606 4863 2865 4930 _addit_hoc
2892 4863 3012 4924 loco,
3056 4866 3173 4916 dicit
3199 4866 3457 4930 apostolus.
3480 4863 3794 4930 Mox'deerat

2213 4926 2339 4989 apud
2363 4925 3088 4989 BenedictinnmInterpretem
3113 4925 3289 4978 nomen
3310 4936 3531 4985 rectores,
3555 4926 3683 4989 quod
3727 4941 3794 4976 ex

2215 4986 2360 5050 editis
2381 4986 2602 5050 munibus
2625 4998 2679 5050 ac
2703 4987 2824 5050 Mss.
2840 4986 3189 5050 stipplcvimus.

2278 5048 2346 5114 (ε)
2381 5047 2615 5114 chtorius
2634 5046 2682 5096 in
2705 5060 2762 5096 ea
2779 5046 2915 5107 nihil,
2938 5046 3123 5114 absque
3146 5051 3346 5113 peccati.

2276 5109 2354 5170 (d)
2388 5109 2501 5157 Mss.
2525 5121 2700 5171 magno
2713 5124 2916 5159 numero
2934 5109 3156 5171 Zabulus,
3170 5126 3314 5174 quam
3331 5123 3515 5170 vocem,
3531 5111 3658 5174 quod
3678 5110 3796 5174 alibi

2215 5174 2393 5233 sacpius
2412 5178 2660 5233 occurrat,
2673 5183 2767 5220 nec
2791 5185 2945 5232 penes
2963 5173 3300 5233 Hieronymum
3323 5181 3508 5222 tantum
3521 5209 3536 5232 ,
3554 5173 3652 5222 'sed
3677 5173 3799 5221 alios

2214 5230 2620 5294 quiupteLatiuos
2642 5230 2934 5293 Scriptores,
2961 5234 3117 5283 semel
3141 5230 3233 5283 hoc
3255 5232 3361 5284 loco
3383 5230 3674 5283 monendum
3700 5241 3795 5290 est,

2215 5291 2423 5353 proferri
2449 5305 2512 5356 ex
2538 5291 2814 5356 Graecorum
2859 5295 3048 5343 {Eolicre
3090 5294 3284 5344 disiecti
3322 5295 3736 5356 pronuntiatione,
3762 5308 3798 5344 ot

2214 5365 2283 5417 γὰρ
2308 5364 2461 5410 sum“
2475 5354 3194 5419 inquiuntGrammatieiﬁms,
3205 5367 3252 5414 cs
3273 5354 3362 5419 φαὲε
3382 5368 3444 5407 ιιι
3465 5369 3530 5406 τὸν
3555 5363 3800 5419 areum-.30.

2215 5413 2433 5478 ζᾴὲιλσυτον,
2457 5413 2622 5478 )Eoles
2643 5417 2824 5478 quippe
2850 5429 2936 5478 pro
2958 5413 3070 5476 Dia,
3095 5413 3348 5478 proferunt
3373 5424 3461 5478 la,
3484 5425 3535 5465 et
3559 5428 3646 5478 pro
3680 5416 3799 5465 nia-

2214 5475 2397 5538 ptuton,
2428 5474 2678 5538 Zapluton'.
2705 5474 2830 5526 Hine
2850 5474 2905 5526 et
2922 5474 3185 5538 nam,th
3207 5490 3391 5536 Δὼσνος,
3406 5474 3802 5527 LatiniZaconus

2216 5536 2342 5604 Quia
2365 5543 2418 5586 et
2446 5536 2742 5604 {tzabenicus
2752 5549 2840 5604 pro
2865 5536 3177 5604 Adiabenicus
3190 5539 3466 5604 praeferunt
3488 5539 3628 5604 Hier,
3654 5539 3801 5604 codd.

2216 5552 2342 5595 uum
2365 5552 2418 5586 et
2446 5552 2734 5587 azaoemeus
2747 5552 2840 5647 8m
2865 5552 3177 5587 aataoenicus
3190 5552 3466 5604 praeterunt
3488 5552 3628 5587 nter.
3654 5552 3801 5587 eouu.

2215 5599 2265 5646 in
2288 5597 2525 5661 Chronico
2545 5598 2603 5646 ad
2616 5611 2694 5661 an.
2717 5599 2762 5661 2_
2785 5597 2848 5655 1.,
2863 5606 2926 5661 ct_
2938 5613 3027 5661 pro
3049 5597 3291 5661 Dianium,
3312 5599 3441 5661 quod
3465 5607 3543 5648 est
3557 5598 3806 5661 Hist-anis

2213 5659 2457 5766 oppidum,
2506 5657 2707 5709 lanium
2750 5659 2872 5723 legit
2911 5657 3135 5721 lsidorus,
3161 5657 3352 5721 alisque
3391 5659 3439 5711 id
3475 5657 3808 5723 genus'quam

2219 5733 2252 5766 ιι
2272 5731 2440 5766 urtma.

2219 5731 2440 5781 plurima.
