4048 6186
278 243 384 301 397

277 358 455 427 Iberis,
478 366 532 412 ut
557 358 749 426 aquila,
774 359 891 414 inde
921 337 1183 415 detraham
1212 370 1278 426 te,
1303 361 1425 416 dicit
1451 361 1698 417 Dominus
1733 363 1856 431 (Ab-

277 446 492 515 di¢.4).
526 448 738 504 Dixerat
763 451 904 505 enim
929 451 979 506 in
1002 452 1164 506 corde
1184 468 1280 507 suo
1303 471 1318 519 ;
1353 454 1522 524 Super
1548 453 1717 508 sidera
1742 455 1856 509 cali

277 555 461 607 ponam
480 541 646 595 sedem
676 559 859 610 meam,
891 553 938 598 et
966 561 1051 598 ero
1075 546 1256 600 similis
1287 547 1546 602 Altissimo
1571 546 1720 617 (lsai.
1762 549 1848 602 14.

278 633 385 702 15).
415 633 567 689 Unde
621 637 858 704 quotidie
931 639 1039 710 91
1115 637 1181 692 ad
1221 653 1316 694 eos
1363 640 1452 709 qui
1507 655 1604 709 per
1647 639 1846 696 scalam

273 722 440 778 Jacob
477 724 550 794 (a)
594 728 912 782 somniantis
963 729 1329 795 descendunt,
1381 729 1616 800 loquitur
1662 731 1842 786 Deus:

272 813 382 885 Ego
421 817 529 870 dixi
555 818 627 870 dii
661 820 799 883 estis,
837 829 883 873 et
921 819 1019 889 lilii
1048 822 1292 876 Altissimi
1321 839 1512 878 omnes.
1554 823 1651 878 Vos
1677 834 1846 879 autem

268 913 394 958 sicut
423 907 648 961 homines
689 911 997 975 moriemini,
1025 921 1073 965 et
1113 923 1354 982 tanquam
1384 930 1515 968 unus
1559 913 1622 968 de
1649 915 1843 984 princi-

265 996 412 1065 pibus
455 999 646 1053 cadetis
688 1000 803 1069 (Ps.
834 1003 925 1056 8|.
970 1001 1023 1056 6.
1071 1003 1152 1072 7).
1192 1004 1398 1060 Cecidit
1444 1005 1586 1059 enim
1637 1007 1843 1073 primus

261 1088 532 1156 diabolus,
577 1101 632 1146 cl.
691 1107 810 1147 cum
860 1102 966 1148 stet
992 1095 1132 1149 Deus
1173 1097 1228 1149 in
1277 1111 1543 1168 synagoga
1589 1097 1837 1163 deorum,

257 1177 313 1233 in
347 1182 527 1235 medio
571 1195 750 1237 autem
801 1184 935 1240 deos
978 1185 1270 1253 discernat,
1305 1188 1595 1258 Apostolus
1642 1189 1710 1243 iis
1749 1190 1840 1258 qui

246 1263 329 1325 dii
360 1287 482 1327 esse
528 1273 802 1340 desinunt,
829 1277 1018 1330 scribit
1060 1295 1074 1331 :
1127 1278 1222 1332 Ubi
1270 1280 1402 1332 cnim
1444 1281 1498 1333 in
1537 1279 1677 1335 vobis
1720 1289 1838 1334 sunt

247 1360 601 1417 dissensiones
643 1376 689 1419 ct
737 1368 1107 1432 inundationes,
1140 1386 1308 1424 nonne
1346 1371 1573 1425 homines
1620 1373 1762 1438 estis,
1790 1381 1838 1426 et

243 1453 535 1506 secundum
562 1455 816 1510 hominem
842 1459 1111 1512 ambulatis
1143 1460 1218 1531 (Ξ.
1251 1459 1370 1516 Cor.
1403 1463 1457 1520 ὃ.
1491 1462 1587 1534 5)?

323 1542 380 1596 5.
424 1542 481 1597 Si
532 1545 824 1613 Apostolus
868 1564 962 1602 vas
1009 1551 1309 1618 electionis,
1343 1561 1398 1606 et
1444 1565 1728 1624 separatus
1777 1555 1828 1611 in

244 1632 600 1704 Evangeliunt
628 1634 848 1701 Christi,
880 1639 948 1691 ob
990 1642 1167 1694 carnis
1211 1643 1426 1697 aculeos
1456 1653 1510 1698 et
1559 1647 1829 1700 incentiva

247 1726 503 1780 vitiorum
536 1729 780 1796 reprimit
809 1745 1004 1798 corpus
1034 1749 1211 1800 suum,
1240 1743 1292 1788 et
1320 1736 1564 1789 servituti
1587 1737 1821 1805 subjicit,

243 1805 314 1869 ne
341 1818 463 1870 aliis
504 1817 802 1886 pra-dicans
831 1819 947 1888 ipse
985 1823 1245 1891 reprobus
1289 1824 1626 1893 inveniatur;
1661 1837 1715 1882 et
1749 1839 1826 1883 ta-

239 1921 367 1960 men
399 1907 542 1962 videt
584 1909 744 1962 aliam
778 1910 950 1980 legem
999 1913 1050 1966 in
1082 1915 1340 1969 membris
1365 1918 1476 1971 suis
1508 1933 1818 1989 repugnan-

239 2007 354 2052 tem
387 1998 488 2068 legi
523 2001 716 2055 mentis
743 2017 876 2068 sum,
909 2015 960 2058 et
995 2007 1264 2073 captivum
1303 2023 1364 2062 se
1394 2009 1444 2063 in
1486 2009 1656 2082 legem
1698 2013 1820 2069 duci

238 2093 470 2160 peccati,
518 2095 560 2147 si
609 2105 727 2163 post
778 2097 1096 2163 nuditatem,
1139 2100 1361 2171 jejunia,
1396 2104 1620 2172 famem,
1639 2123 1825 2164 carce-

235 2198 372 2247 rem,
407 2184 636 2254 ﬂagella,
665 2191 952 2259 supplicia,
987 2193 1038 2246 in
1067 2196 1415 2265 semetipsum
1448 2215 1698 2256 reversus
1727 2218 1822 2258 ex-

233 2275 438 2330 clamat
471 2294 485 2332 :
530 2276 727 2347 Infelix
754 2296 844 2350 ego
871 2281 1044 2348 homo,
1071 2286 1184 2349 quis
1210 2303 1289 2340 me
1334 2288 1570 2343 liberabit
1615 2291 1678 2345 de
1707 2309 1821 2346 cor-

231 2384 354 2437 pore
380 2371 558 2423 mortis
589 2371 742 2442 hujus
772 2371 948 2445 (Rom.
977 2375 1030 2428 7.
1057 2373 1172 2446 ει),
1203 2386 1256 2431 tu
1290 2387 1342 2434 te
1381 2390 1538 2448 putas
1565 2398 1814 2439 securam

230 2475 350 2516 esse
401 2461 643 2518 debere?
679 2465 842 2532 Cave,
873 2483 1076 2538 quaeso,
1110 2485 1176 2525 ne
1204 2473 1419 2540 quando
1462 2475 1530 2530 de
1579 2484 1631 2531 te
1676 2477 1815 2533 dicat

229 2552 368 2608 Deus
405 2571 419 2606 :
459 2553 612 2626 Virgo
639 2554 807 2611 Israel
851 2560 1054 2626 cecidit,
1105 2572 1154 2616 et
1201 2580 1304 2617 non
1348 2575 1420 2618 est
1467 2568 1554 2636 qui
1605 2570 1812 2623 suscitet

225 2651 333 2690 eam
388 2638 587 2709 (Amos.
619 2640 671 2696 5.
703 2641 782 2712 2).
835 2643 1111 2700 Audenter
1159 2647 1396 2717 loquar:
1450 2649 1584 2705 Cum
1634 2655 1811 2708 omnia

227 2731 398 2798 possit
430 2731 592 2799 Deus,
617 2734 880 2790 suscitare
912 2737 1172 2808 virginem
1206 2756 1310 2795 non
1345 2752 1520 2811 potest
1552 2757 1670 2814 post
1697 2749 1811 2802 rui-

225 2837 366 2875 nam.
406 2822 556 2877 \'alet
587 2825 802 2893 quidem
853 2827 1083 2884 liberare
1113 2831 1181 2885 de
1229 2847 1409 2902 postia,
1439 2835 1532 2890 sed
1563 2852 1668 2891 non
1700 2839 1812 2894 vult

223 2926 493 2968 coronare
523 2925 850 2985 corruptam.
899 2918 1207 2976 Timeamus
1251 2924 1394 2979 illaut
1439 2927 1804 2997 PrOphetiam,

223 3020 289 3060 ne
324 3009 374 3061 in
415 3008 570 3062 nobis
615 3011 777 3064 etiam
809 3014 1188 3082 compleatur:
1228 3015 1456 3088 Virgines
1497 3021 1643 3076 bona:
1683 3024 1811 3088 deﬁ-

219 3097 346 3150 cient
395 3097 601 3166 (Amos.
644 3099 698 3155 8.
748 3103 860 3172 15).
903 3104 1139 3160 Observa
1169 3108 1294 3178 quid
1322 3110 1485 3175 dicat,
1516 3121 1560 3165 et
1589 3114 1808 3184 virgines

218 3184 360 3240 bonw
419 3188 690 3257 deﬁcient;
746 3193 869 3262 quia
925 3205 1051 3250 sunt
1096 3206 1152 3250 et
1198 3199 1432 3267 virgines
1477 3203 1651 3258 malre.
1708 3205 1807 3270 Qui

217 3280 422 3344 viderit,
454 3281 642 3350 inquit,
672 3285 931 3339 mulierem
961 3287 1030 3340 ad
1054 3291 1508 3357 concupiscendum
1537 3312 1668 3360 cam,
1691 3299 1805 3366 jam

215 3374 498 3427 nime/tatus
531 3383 603 3428 est
627 3392 738 3429 eam
777 3377 829 3431 in
855 3379 1008 3434 corde
1033 3396 1125 3434 suo
1153 3380 1367 3450 (Matth.
1410 3384 1457 3438 5.
1497 3385 1614 3456 28).
1659 3387 1804 3444 Perit

221 3478 366 3534 ergo,
395 3475 456 3519 et
503 3477 685 3523 mente
714 3470 1015 3540 virginitas.
1061 3472 1181 3526 Istic
1207 3483 1334 3528 sunt
1367 3476 1598 3546 virgines
1625 3480 1800 3546 malae,

220 3557 456 3626 virgines
504 3571 688 3625 carne,
741 3576 846 3614 non
895 3564 1124 3632 spiritu:
1157 3565 1394 3636 virgines
1436 3569 1636 3638 stultae,
1683 3586 1803 3641 qua:

220 3645 392 3700 oleum
425 3662 536 3701 non
568 3647 846 3717 habentes,
882 3655 1244 3710 excluduntur
1273 3673 1300 3711 a
1330 3673 1550 3728 sponso.

287 3735 340 3792 6.
381 3737 438 3793 Si
497 3749 674 3794 autem
707 3749 763 3795 et
790 3743 894 3796 illa:
924 3761 1045 3812 qua:
1089 3748 1326 3816 virgines
1377 3763 1524 3819 sunt,
1551 3753 1620 3808 ob
1668 3754 1800 3810 alias

217 3835 394 3884 tamen
441 3829 656 3898 culpas,
691 3832 997 3902 virginitate
1027 3851 1314 3906 corporum
1344 3856 1449 3896 non
1490 3845 1797 3900 salvantur:

215 3923 341 3990 quid
373 3922 469 3976 fiet
496 3921 624 3987 illis,
651 3938 768 3991 qua:
800 3928 1188 3993 prostituerunt
1215 3934 1453 3988 membra
1481 3935 1704 4003 Christi,
1745 3945 1802 3992 et

213 4019 571 4064 mutaverunt
618 4013 871 4082 templum
919 4014 1098 4072 Sancti
1148 4020 1376 4089 Spiritus
1430 4025 1482 4078 in
1538 4027 1799 4096 lupanar?

219 4101 368 4158 lllico
397 4101 625 4158 audient
653 4120 666 4157 :
700 4123 719 4158 ι
773 4106 1069 4175 Descende,
1100 4110 1227 4165 sede
1258 4113 1309 4166 in
1343 4122 1482 4168 terra
1508 4116 1659 4186 virgo
1691 4118 1796 4172 filia

223 4194 518 4268 Babylonis
551 4213 564 4250 :
593 4196 722 4252 sede
751 4197 804 4252 in
851 4207 1012 4264 terra,
1039 4215 1145 4253 non
1173 4211 1254 4255 est
1275 4202 1465 4256 solium
1490 4204 1611 4258 filia:
1639 4206 1800 4264 Chal-

218 4287 508 4344 dzcorum:
556 4304 663 4344 non
708 4291 988 4346 vocaberis
1033 4293 1169 4346 ultra
1219 4294 1419 4361 mollis,
1450 4305 1504 4352 et
1543 4299 1791 4356 delicata.

217 4381 413 4452 Accipe
459 4381 687 4449 molam,
719 4383 863 4437 mole
909 4383 1157 4450 farinam,
1207 4385 1508 4456 discooperi
1551 4391 1794 4448 velamen

218 4481 382 4540 tuum,
402 4473 617 4530 denuda
645 4490 824 4540 crura,
849 4477 1016 4531 transi
1041 4477 1284 4544 llun‘tina,
1307 4480 1632 4538 revelabitur
1654 4485 1796 4556 igno-

216 4565 374 4620 minia
407 4576 520 4630 tua,
552 4568 887 4638 apparebunt
917 4568 1207 4639 opprobria
1241 4581 1327 4625 tua
1353 4591 1372 4624 ι
1407 4572 1562 4644 (Isai.
1584 4577 1702 4647 47).
1727 4578 1794 4633 Ει

216 4653 315 4711 hoc
342 4666 464 4727 post
496 4658 590 4714 Dei
620 4658 741 4714 Filii
779 4659 1064 4729 thalamos,
1136 4663 1247 4734 92
1318 4675 1440 4735 post
1475 4669 1658 4723 oscula
1685 4668 1791 4722 fra-

215 4751 418 4817 truelis,
442 4761 499 4808 et
515 4753 720 4821 sponsi,
740 4753 827 4807 illa
852 4753 919 4809 de
935 4770 1037 4824 qua
1055 4757 1322 4826 quondam
1346 4774 1527 4815 sermo
1551 4761 1792 4829 Prophe-

216 4839 348 4894 ticus
367 4843 713 4898 concinebat:
745 4844 915 4898 Astitit
935 4845 1111 4916 regina
1130 4861 1162 4898 a
1182 4846 1372 4900 dextris
1393 4849 1514 4912 tuis,
1533 4850 1587 4904 in
1612 4852 1790 4904 vestitu

220 4925 478 4996 deaurato,
520 4934 834 4988 circumdata
860 4935 1103 4989 varietate
1132 4935 1248 5005 (Ps.
1289 4937 1380 4992 44.
1414 4938 1530 5008 10),
1560 4939 1789 4996 nudabi-

217 5023 340 5082 tur;
373 5028 428 5074 et
465 5025 759 5090 posteriora
786 5025 900 5095 ejus
946 5035 1212 5094 ponentur
1257 5027 1308 5081 in
1352 5027 1541 5082 faciem
1585 5030 1786 5098 ipsius:

214 5107 419 5166 sedebit
447 5112 517 5167 ad
553 5129 719 5185 aquas
748 5117 1076 5182 solitudinis,
1115 5115 1196 5188 (l)
1226 5118 1400 5186 posito
1429 5133 1578 5186 vase,
1608 5129 1664 5175 et
1701 5120 1786 5175 di-

215 5203 469 5258 varicabit
493 5206 656 5275 pedes
683 5223 809 5264 suos
848 5209 994 5261 omni
1041 5210 1359 5274 transeunti,
1401 5219 1457 5264 et
1507 5225 1673 5280 usque
1719 5211 1784 5266 ad

215 5295 468 5351 verticem
496 5300 782 5368 polluetur.
811 5301 1049 5356 Rec'rtus
1075 5315 1280 5353 rusum
1307 5301 1540 5355 hominis
1562 5300 1666 5371 [aL
1694 5302 1787 5356 ho-

225 5385 614 5458 mini]subiisse
631 5393 956 5464 conjugium,
987 5390 1288 5446 ambulasse
1313 5406 1406 5460 per
1423 5392 1596 5461 plana,
1624 5407 1783 5462 quam

273 5517 344 5588 (c)
373 5518 629 5588 Benedict.
655 5524 1078 5586 Editsomniante,
1112 5523 1239 5588 quod
1272 5529 1418 5572 antea
1439 5523 1786 5576 emendaverat

212 5581 738 5658 rimamini».
839 5657 843 5658 ,
922 5657 925 5658 ,
996 5581 1074 5658 ,⁷
1130 5581 1145 5588 ’
1307 5649 1347 5658 ..

274 5642 316 5696 11
326 5643 343 5703 )
370 5642 424 5695 In
449 5645 558 5697 aliis
580 5648 734 5711 libris,
769 5657 967 5702 notante
991 5651 1135 5703 Grav.
1161 5649 1366 5715 portabit
1391 5661 1520 5700 ivssa.

1651 246 1975 304 EPISTULA
2019 247 2182 305 XXII.

3437 274 3541 331 508

1966 361 2032 416 ad
2075 363 2265 418 altiora
2301 365 2627 436 tendentem,
2660 369 2710 423 in
2742 374 3061 441 profundum
3104 381 3299 440 inferni
3323 387 3537 446 cadere.

1965 452 2042 508 Ne
2071 455 2156 508 fiat
2189 456 2418 513 obsecro
2443 461 2632 516 civitas
2667 467 2947 534 meretrix,
2975 471 3145 528 fidelis
3173 477 3325 546 Sion,
3357 479 3438 551 (2)
3471 497 3542 537 ne

1963 558 2084 616 post
2136 549 2414 606 Trinitatis
2459 553 2768 624 hospitium,
2804 559 2875 613 ibi
2921 560 3195 621 dmmones
3237 549 3454 640 saltent,
3482 585 3539 630 et

1959 637 2154 692 sirena:
2185 640 2480 709 nidificent,
2511 655 2564 700 et
2591 645 2798 704 hericii.
2827 649 2944 705 an
2969 653 3208 711 solvatur
3246 660 3407 718 fascia
3437 637 3536 734 pe-

1957 728 2216 795 ctoralis;
2264 732 2360 786 sed
2393 735 2574 788 statim
2619 745 2676 790 ut
2727 738 2892 793 libido
2940 741 3240 802 titillaverit
3286 728 3532 822 sensum,

1957 829 2051 874 aut
2086 821 2340 878 blandum
2372 827 2662 897 voluptatis
2706 829 3012 888 incendium
3041 835 3186 893 dulci
3230 855 3332 896 nos
3357 845 3535 904 calore

1954 911 2272 982 perfuderit,
2302 931 2648 987 erumpamus
2677 921 2729 976 in
2757 937 2942 979 vocem
2977 943 2990 980 :
3020 927 3274 986 Dominus
3309 936 3536 989 auxilia-

1953 1009 2033 1055 tor
2060 1020 2216 1069 meus,
2238 1021 2337 1060 non
2362 1008 2544 1062 timebo
2572 1011 2696 1080 quid
2723 1013 2883 1082 faciat
2912 1017 3037 1072 mihi
3055 1034 3175 1074 caro
3201 1021 3371 1094 (Psal.
3409 1027 3532 1083 117.

1951 1093 2033 1161 9).
2082 1094 2159 1168 (ὁ)
2230 1098 2362 1152 Cum
2417 1102 2689 1168 paululum
2743 1105 2965 1162 interior
3023 1111 3186 1166 homo
3229 1114 3368 1170 inter
3410 1118 3534 1172 vitia

1953 1193 2112 1254 atque
2154 1188 2384 1244 virtutes
2421 1193 2647 1260 coeperit
2693 1193 2972 1264 fluctuare,
3022 1200 3228 1258 dicito:
3280 1224 3300 1258 ι
3353 1206 3532 1274 Quare

1952 1276 2120 1331 tristis
2149 1293 2210 1333 es
2234 1281 2410 1335 anima
2434 1298 2574 1348 mea,
2598 1293 2653 1339 et
2677 1302 2842 1356 quare
2871 1293 3163 1349 conturbas
3203 1297 3329 1352 me?
3359 1299 3528 1367 Spera

1950 1366 2003 1420 in
2038 1368 2268 1426 Domino
2313 1369 2419 1443 [aL
2457 1373 2623 1447 Deo],
2666 1378 2790 1447 quia
2831 1382 3130 1440 confitebor
3157 1387 3256 1452 illi.
3289 1366 3528 1448 salutare

1947 1458 2126 1514 vultus
2155 1463 2282 1526 mei,
2309 1473 2363 1518 et
2400 1464 2540 1520 Deus
2567 1483 2718 1523 meus
2747 1489 2765 1522 ι
2806 1470 2922 1541 (Ps.
2953 1475 3040 1529 41.
3074 1476 3183 1547 12).
3214 1478 3350 1534 Nolo
3378 1483 3524 1537 sinas

1943 1549 2297 1618 cogitationes
2327 1568 2594 1611 crescere.
2623 1557 2767 1613 Nihil
2807 1562 2859 1616 in
2890 1573 2942 1618 te
2981 1563 3357 1638 Babylonium,
3388 1573 3519 1628 nihil

1939 1638 2269 1695 Confusionis
2295 1643 2593 1700 adolescat.
2627 1647 2760 1702 Dum
2792 1667 2988 1719 parvus
3016 1667 3098 1711 est
3125 1657 3318 1726 hostis,
3354 1662 3522 1718 inter-

1939 1726 2039 1782 fice
2065 1745 2080 1782 :
2111 1733 2373 1800 nequitia,
2414 1750 2481 1789 ne
2521 1736 2722 1792 zizania
2755 1753 3021 1810 crescant,
3051 1747 3282 1803 elidatur
3324 1751 3376 1805 iu
3419 1768 3512 1808 se-

1936 1819 2102 1875 mine.
2135 1823 2271 1877 Audi
2300 1825 2640 1883 Psalmistam
2670 1830 2934 1888 dicentem
2963 1853 2975 1887 :
3017 1856 3035 1889 ι
3065 1837 3195 1893 Filia
3227 1841 3515 1915 Babylonis

1933 1913 2171 1981 misera,
2239 1916 2430 1974 beatus
2481 1923 2569 1990 qui
2635 1926 2894 1979 retribuet
2951 1929 3041 1983 tibi
3106 1913 3526 1991 retributiOnt-nv

1933 2011 2075 2057 tuam
2110 2007 2180 2076 (c)
2208 2023 2365 2076 quam
2397 2012 2691 2068 retribuisti
2724 2016 2900 2071 nobis.
2937 2018 3126 2075 Beatus
3173 2024 3260 2092 qui
3292 2028 3512 2095 tenebit,

1929 2102 1986 2149 et
2034 2097 2218 2152 allidet
2249 2101 2499 2168 parvulos
2549 2112 2668 2159 tuos
2696 2105 2761 2159 ad
2794 2107 3006 2162 Petram
3044 2130 3070 2163 ι·
3117 2112 3234 2184 (Ps.
3269 2116 3391 2170 1‘56.
3425 2119 3508 2189 8).

1929 2188 2064 2252 Quia
2107 2190 2250 2244 enim
2298 2193 2627 2263 impossibile
2671 2209 2752 2252 est
2783 2200 2835 2253 iu
2880 2217 3096 2258 sensum
3143 2207 3371 2264 hominis
3400 2188 3504 2267 nou

1928 2279 2132 2337 irruere
2162 2284 2401 2338 innatum
2430 2287 2784 2343 medullarum
2816 2293 3074 2361 calorem,
3105 2298 3192 2352 ille
3237 2300 3502 2372 laudatur,

1926 2371 2015 2426 ille
2058 2373 2379 2441 prazdicatur
2422 2377 2627 2444 beatus,
2663 2381 2753 2450 qui
2788 2393 2842 2436 ut
2871 2388 3095 2454 cmperi’t
3122 2392 3360 2459 cogitare
3381 2371 3503 2448 sor-

1923 2463 2068 2529 dida,
2098 2467 2279 2521 statim
2310 2469 2561 2526 interficit
2587 2475 2867 2542 cogitatus,
2899 2490 2952 2533 et
2973 2481 3141 2536 allidit
3161 2485 3227 2539 ad
3258 2473 3497 2556 petram:

1922 2565 2066 2626 petra
2095 2569 2262 2612 autent
2289 2559 2522 2618 Christus
2551 2575 2624 2619 est
2659 2568 2734 2638 (1.
2765 2567 2886 2623 Cor.
2918 2572 3067 2642 I01).

1990 2649 2045 2704 7.
2082 2649 2382 2724 Hieronymi
2403 2657 2703 2712 tentationcs
2737 2660 2789 2713 in
2813 2665 3130 2720 eremo.—-0
3163 2669 3371 2737 quoties
3397 2686 3497 2742 ego

1920 2741 2037 2811 ipse
2064 2742 2116 2797 in
2146 2760 2330 2800 eremo
2356 2751 2705 2816 constitutus,
2736 2753 2861 2807 etin
2893 2755 2980 2809 illa
3012 2768 3154 2811 vasta
3183 2741 3492 2830 solitudine,

1916 2849 2035 2903 qua:
2057 2846 2243 2891 exusta
2273 2839 2404 2894 solis
2430 2840 2738 2907 ardoribus,
2759 2842 3033 2900 horridum
3062 2848 3330 2904 Monachis
3358 2868 3496 2921 prae.

1917 2933 2024 2977 stat
2067 2924 2463 2996 habitaculum,
2505 2932 2756 3000 putabam
2805 2951 2891 2990 me
2935 2936 3191 2992 Romanis
3236 2941 3496 3000 interesse

1915 3015 2142 3071 deliciis.
2189 3018 2453 3075 Sedebam
2500 3024 2670 3089 Solus,
2704 3027 2827 3094 quia
2874 3029 3230 3085 amaritudine
3261 3033 3492 3102 repletus

1914 3122 2083 3162 eram.
2136 3109 2438 3166 llorrebant
2481 3128 2640 3167 sacco
2670 3116 2910 3170 membra
2937 3116 3218 3184 deformia,
3247 3132 3300 3175 et
3329 3139 3490 3193 squa-

1914 3198 2020 3252 lida
2040 3201 2178 3254 cutis
2200 3202 2358 3254 situm
2385 3205 2686 3273 :etbiopicze
2708 3207 2888 3261 carnis
2909 3209 3224 3266 obduxerat.
3241 3212 3492 3278 Quotidie

1913 3288 2185 3362 lacrymze,
2214 3294 2453 3361 quotidie
2496 3297 2749 3365 gemitus,
2773 3309 2828 3352 et
2868 3299 2915 3354 si
2943 3302 3156 3370 quando
3187 3320 3491 3375 repugnan-

1913 3389 2018 3435 tem
2050 3396 2272 3436 sonmus
2296 3383 2580 3438 imminens
2602 3389 2984 3458 oppressisset,
3010 3392 3148 3446 nuda
3181 3393 3343 3450 humo
3364 3412 3488 3452 ossa

1911 3472 1995 3524 vix
2029 3471 2285 3526 hatrentia
2305 3474 2644 3530 collidebam.
2671 3479 2742 3532 De
2758 3480 2892 3534 cibis
2917 3497 3042 3536 vero
3065 3493 3120 3538 et
3150 3495 3274 3555 potu
3306 3497 3490 3555 taceo,

1909 3573 2028 3614 Cum
2050 3563 2208 3616 etiam
2235 3565 2546 3634 languentes
2617 3569 2724 3638 93
2766 3570 2846 3644 (τι)
2870 3571 3108 3628 Monaclti
3139 3591 3272 3647 aqua
3295 3577 3488 3649 frigida

1910 3662 2143 3721 tttantur,
2171 3667 2223 3709 et
2251 3669 2462 3712 coctum
2488 3661 2690 3730 aliquid
2714 3666 3009 3734 accepisse,
3041 3667 3248 3725 luxuria
3281 3673 3367 3726 sit.
3392 3671 3487 3730 llIe

1909 3743 2070 3812 igitur
2111 3761 2234 3815 ego,
2267 3750 2355 3817 qui
2385 3751 2454 3802 ob
2481 3750 2744 3819 gehennte
2775 3766 2998 3821 metum,
3031 3759 3120 3812 tali
3151 3777 3237 3816 me
3266 3777 3485 3820 carcere

1907 3834 2023 3904 ipse
2050 3837 2451 3904 damnaveram,
2491 3845 2836 3912 scorpionum
2876 3856 3080 3901 tantum
3111 3852 3289 3906 socius
3319 3863 3372 3908 et
3399 3855 3482 3910 fe-

1905 3941 2106 3992 rarum,
2143 3945 2284 3999 smpe
2311 3931 2493 3987 choris
2521 3933 2810 3990 intereram
2851 3940 3171 4009 puellarum.
3198 3943 3478 4003 Pallebant

1906 4034 1999 4074 ora
2027 4020 2269 4090 jejuniis,
2299 4035 2352 4078 et
2399 4041 2552 4080 tuens
2578 4026 2862 4084 desideriis
2904 4033 3161 4090 :rstuabat
3191 4036 3244 4090 itt
3291 4037 3483 4108 frigido

1905 4125 2151 4180 corpore,
2181 4123 2233 4167 et
2261 4124 2385 4168 ante
2409 4115 2679 4173 hominem
2707 4119 2780 4191 (e)
2807 4136 2900 4176 sua
2918 4123 3028 4193 jam
3071 4127 3120 4179 in
3147 4141 3310 4184 carne
3337 4144 3482 4200 prae-

1904 4213 2194 4270 mortuum,
2223 4205 2334 4258 sola
2362 4205 2642 4263 libidinum
2674 4210 2918 4267 incendia
2951 4215 3263 4274 bulliebant.
3299 4220 3484 4292 Itaque

1904 4293 2050 4348 omni
2101 4295 2301 4350 auxilio
2347 4296 2667 4366 destitutus,
2715 4302 2781 4356 ad
2827 4303 2952 4358 Jesu
2994 4307 3236 4376 jacebam
3293 4312 3480 4381 pedes,

1903 4384 2138 4455 rigabam
2166 4386 2439 4459 lacrymis,
2471 4389 2622 4446 crine
2655 4392 2964 4462 tergebam;
3010 4407 3064 4452 et
3091 4412 3479 4470 repugnantem

1902 4489 2118 4530 carnem
2184 4477 2645 4536 hebdomadarum
2701 4483 2876 4539 inedia
2932 4487 3303 4558 subjugabam.
3362 4492 3480 4549 Non

1902 4567 2161 4623 erubesco
2212 4569 2542 4626 infelicitatis
2593 4589 2728 4629 mea:
2769 4576 3049 4632 miseriam
3083 4581 3153 4650 (f)
3192 4582 3434 4636 confiteri
3461 4624 3477 4638 .

1903 4657 2029 4727 quin
2062 4659 2238 4728 potius
2266 4661 2458 4733 plango
2488 4679 2576 4719 me
2610 4679 2717 4719 non
2748 4682 2892 4734 esse,
2936 4669 3081 4739 quod
3124 4671 3334 4724 fuerim.
3366 4669 3480 4728 Me-

1985 4789 2034 4860 b)
2066 4792 2331 4860 fictorius,
2357 4802 2409 4860 et
2429 4808 2543 4860 cum,
2561 4803 2664 4858 post
2687 4796 2959 4860 paululum.

1984 4855 2032 4923 ε)
2067 4855 2326 4923 Exciderat
2347 4857 2410 4904 ab
2432 4855 2575 4923 editis
2603 4855 2747 4923 antea
2765 4858 3096 4923 commajstud
3135 4858 3311 4908 Psalmi
3334 4873 3482 4922 quam

1895 4915 2157 4982 relribuisti
2189 4915 2343 4982 nobis,
2363 4918 2490 4978 quod
2520 4933 2624 4982 nos
2647 4935 2676 4968 e
2698 4920 2888 4966 duobus
2928 4918 3223 4982 hlss.__atque
3249 4933 3327 4975 ea.
3345 4915 3477 4982 'quze

1897 4989 1939 5036 al
1960 4975 2024 5023 ud
2046 4989 2193 5045 supra
2236 4975 2487 5045 laudatum
2502 4978 2899 5045 Aquisgrauense
2923 4975 3182 5028 Concilium
3207 4990 3301 5042 cst,
3337 4975 3480 5045 hujus

1897 5037 2121 5097 epistolte
2141 5037 2374 5095 lectione,
2397 5037 2693 5086 sulleei'mus.

1933 5097 2036 5170 .(d)
2071 5098 2260 5146 Nomen
2290 5098 2511 5147 Marum/ii
2538 5113 2602 5147 ex
2638 5098 2884 5160 plerisque
2924 5099 3070 5149 editis
3110 5114 3166 5151 ac
3189 5102 3304 5152 Mss.
3330 5116 3478 5167 repo-

1894 5170 2220 5287 m'zgsbltnus
2252 5219 2504 5287 evpcdita,
2524 5232 2615 5287 nec
2639 5220 2753 5267 vitio
2772 5221 2997 5287 immunis
3032 5233 3136 5273 erat
3160 5235 3268 5287 j'ost
3290 5226 3473 5278 Iirasm.

1896 5279 2160 5327 Martianaei
2184 5279 2329 5328 lectio
2353 5287 2462 5329 ante
2485 5279 2722 5329 hominem
2745 5295 2886 5331 suum
2903 5283 3030 5361 ματη
3071 5297 3120 5334 ut
3160 5279 3312 5336 'carne
3351 5303 3478 5351 pra:-

1893 5346 2170 5474 mf’igﬂiiu‘?
2188 5401 2335 5467 verba
2351 5400 2584 5474 εωέίῖίθνίς
2611 5409 2662 5451 οι
2683 5402 2928 5474 ηιξῇεῖίατῃ
2951 5406 3130 5474 addunt
3147 5410 3340 5472 quidam
3361 5411 3472 5463 Mss.

1895 5461 2019 5533 editi
2057 5461 2166 5511 libri
2190 5461 2361 5512 omnes
2377 5497 2390 5522 ,
2416 5461 2631 5524 Erasnto,
2657 5474 2708 5515 et
2733 5467 3051 5518 llenedictino
3077 5461 3346 5535 interprete
3386 5461 3474 5523 ex:

1892 5532 2064 5586 ceptts.

1899 5648 1919 5698 1
1954 5583 2032 5657 ζξ)
2055 5583 2475 5698 l[adiitq‘l‘egijubet
2497 5588 2729 5641 meretrix
2754 5588 2919 5644 civitas
2940 5592 3231 5659 ﬁdelis,clc.
3259 5597 3330 5647 Ev
3360 5597 3470 5646 lsai.

1932 5661 2045 5698 .Jux
2167 5687 2179 5698 .
2207 5690 2222 5698 -
2252 5685 2264 5698 .

1932 5683 1942 5694 .
1963 5661 2100 5711 juxta
2124 5661 2264 5699 tau.
