4048 6186
469 250 583 310 399

473 366 611 424 mini
634 379 720 423 me
738 365 1080 431 etantantem,
1103 358 1243 414 diem
1279 352 1751 426 crebro-iunxisse
1789 366 1915 407 cum
1952 361 2050 404 no-

474 469 587 528 cte,
624 472 721 516 nec
750 457 899 529 prius
923 469 950 507 a
979 449 1211 523 pectoris
1239 460 1485 503 cessasse
1513 443 1848 508 verberibus,
1885 453 2052 511 quam

476 543 705 617 rediret,
752 546 978 604 Domino
1032 542 1382 611 increpante,
1438 535 1821 606 tranquillitas.
1874 532 2052 603 ipsam

477 656 691 715 quoque
721 636 967 719 cellulam
999 647 1199 699 meam,
1222 630 1370 702 quasi
1393 628 1774 699 cogitationum
1813 637 2053 682 mearum

476 733 746 791 consciam
782 716 1252 798 pertimescebam.
1289 723 1357 778 Et
1385 720 1627 778 mihimet
1652 721 1818 774 iratus
1839 727 1893 774 et
1920 716 2053 787 rigi-

474 824 595 888 dus,
639 819 789 877 solus
816 817 1029 874 deserta
1061 815 1432 887 penetrabam.
1476 811 1657 868 Sicubi
1685 824 1919 867 concava
1943 807 2055 862 val-

474 913 631 975 lium,
673 924 867 981 aspera
896 908 1181 971 montium,
1209 906 1418 976 rupium
1449 912 1719 976 praerupta
1745 899 2051 964 cernebam,

473 1004 545 1064 ibi
578 1017 712 1057 mea:
737 998 1001 1057 orationis
1034 998 1205 1059 locus.
1236 996 1309 1050 ibi
1355 992 1484 1049 illud
1534 991 1848 1047 miserrimm
1877 988 2057 1044 carnis

472 1092 834 1165 ergastulum;
865 1099 941 1157 et,
968 1098 1027 1145 ut
1050 1088 1167 1159 ipse
1192 1085 1323 1142 mihi
1347 1085 1499 1142 testis
1521 1091 1605 1140 est
1629 1076 1910 1146 Dominus,
1936 1086 2057 1150 post

474 1186 671 1246 multas
700 1184 985 1266 laerymas,
1011 1190 1130 1252 post
1160 1178 1299 1234 coelo
1332 1175 1658 1231 inluerentes
1684 1171 1891 1232 oculos,
1916 1183 2055 1224 non-

474 1289 749 1346 nunquam
784 1261 1007 1328 videbar
1034 1270 1165 1329 mihi
1209 1268 1477 1327 interesse
1520 1264 1826 1334 agminibus
1871 1261 2054 1331 Ange-

474 1365 677 1432 lorum,
709 1373 765 1421 et
808 1363 964 1418 laetus
1005 1359 1354 1433 gaudensque
1400 1355 1681 1409 cantabam
1713 1369 1737 1431 τί
1761 1350 1888 1409 Post
1931 1362 1979 1404 te
2005 1349 2054 1404 in

476 1456 682 1515 adorent
729 1463 1103 1528 unguentorum
1144 1461 1347 1506 tuorum
1391 1464 1650 1502 curramus
1688 1444 1862 1517 (Cant.
1892 1444 1945 1499 1.
1975 1440 2055 1513 5).

546 1550 601 1607 8.
627 1548 683 1605 Si
704 1556 880 1603 autem
900 1546 978 1620 (a)
999 1546 1102 1607 hoc
1121 1542 1385 1600 sustinent
1404 1540 1498 1606 illi,
1517 1539 1605 1609 qui
1628 1550 1788 1593 exeso
1808 1549 2056 1608 corpore,

476 1639 605 1696 solis
629 1638 1036 1710 cogitationibus
1063 1642 1450 1705 oppugnantur.
1484 1629 1610 1702 quid
1641 1630 1836 1700 patitur
1860 1628 2057 1700 puella,

477 1743 599 1798 qnze
635 1726 843 1782 deliciis
882 1724 1110 1780 fruitur?
1153 1723 1352 1792 Nempe
1391 1720 1517 1776 illttd
1562 1720 1849 1791 Apostoli:
1885 1718 2060 1774 Vivens

480 1827 681 1881 mortua
709 1827 783 1875 est
809 1816 857 1889 (l
894 1814 1007 1881 Tim
1056 1815 1111 1870 5.
1138 1814 1214 1886 6).
1250 1814 1304 1870 Si
1335 1812 1459 1885 quid
1490 1812 1667 1882 itaque
1694 1812 1749 1867 in
1776 1826 1859 1867 me
1886 1818 2062 1882 potest

479 1925 599 1964 esse
624 1908 849 1974 Consilii,
873 1908 917 1962 si
944 1915 1164 1976 experto
1187 1904 1442 1970 creditur,
1464 1902 1565 1958 boc
1593 1903 1818 1973 primum
1846 1917 2060 1970 moneo,

481 2001 583 2056 hoc
608 2000 845 2057 obtestor
867 2040 882 2065 ,
912 2006 969 2054 ut
997 2012 1188 2069 sponsa
1216 1996 1412 2053 Christi
1440 1995 1624 2052 vinum
1652 1994 1817 2067 fugiat
1846 2010 1942 2066 pro
1968 2010 2061 2050 vc-

481 2107 639 2147 ncno.
683 2090 808 2148 llaec
834 2089 1089 2145 adversus
1116 2086 1529 2142 adolescentiam
1564 2086 1733 2154 prima
1761 2100 1910 2141 arma
1939 2094 2062 2140 sunt

480 2185 803 2242 daemonum.
843 2181 958 2240 Non
991 2181 1070 2237 sic
1098 2180 1311 2235 avaritia
1338 2179 1543 2249 quatit,
1590 2177 1735 2237 inﬂat
1772 2177 2018 2249 superbia
2043 2217 2060 2246 ,

478 2276 706 2332 delectat
739 2273 975 2329 ambitio.
1007 2271 1186 2335 Facile
1211 2271 1330 2330 aliis
1355 2285 1602 2330 caremus
1628 2270 1803 2336 vitiis;
1846 2269 1934 2326 hic
1961 2268 2061 2323 lto-i

479 2369 577 2427 stis
598 2366 751 2428 nobis
775 2367 1011 2422 inclusus
1033 2372 1135 2421 est.
1163 2365 1512 2434 Quocumque
1556 2362 1843 2434 pergimus,
1885 2361 2066 2417 nobis-

479 2473 600 2514 cum
645 2460 916 2529 portamus
958 2454 1253 2510 inimicum.
1296 2453 1468 2511 Visun
1516 2468 1584 2508 nr
1628 2466 2021 2508 ADOLESCENTIA
2047 2491 2064 2518 ,

479 2548 677 2620 duplex
704 2548 1004 2608 incendium
1029 2545 1313 2617 voluptatis
1337 2555 1437 2601 est.
1467 2543 1601 2612 Quid
1628 2545 1801 2600 oleum
1833 2542 2063 2605 flamma:

480 2641 798 2713 adjieimus?
833 2638 969 2719 Quid
1006 2637 1212 2694 ardenti
1247 2636 1562 2708 corpusculo
1602 2635 1833 2691 fomenta
1865 2634 2063 2706 ignium

482 2729 893 2795 ministramus?
940 2727 1137 2787 Paulus
1207 2724 1323 2811 94
1389 2726 1452 2781 ad
1480 2726 1859 2786 Timotheum:
1892 2742 1910 2775 ι
1948 2723 2066 2787 iam

482 2820 611 2885 noli,
635 2820 836 2891 inquit,
861 2834 1052 2889 aquam
1077 2818 1278 2886 bibere,
1302 2816 1397 2874 sed
1421 2817 1600 2878 viuum
1638 2816 1854 2875 modico
1894 2824 2064 2880 utere,

483 2919 698 2987 propter
725 2911 1056 2968 stomachum
1084 2919 1251 2976 tuum,
1282 2918 1337 2967 et
1368 2907 1672 2989 frequentes
1703 2918 1818 2963 tuas
1848 2906 2066 2971 infirmi-

482 3012 619 3065 tates
646 3021 666 3057 ι
692 3003 771 3074 (1.
805 3000 934 3065 Tim.
967 3001 1021 3058 5.
1049 3000 1164 3073 25).
1191 2999 1321 3056 Vide
1344 3000 1538 3072 quibus
1562 3000 1737 3060 causis
1762 2999 1868 3054 vini
1921 2997 2068 3069 potio

482 3092 804 3150 concedatur
826 3132 841 3158 ,
871 3102 929 3153 ut
957 3107 1024 3149 ex
1065 3091 1167 3155 hoc
1208 3090 1469 3148 stomachi
1510 3090 1664 3147 dolor
1687 3133 1702 3157 ,
1735 3099 1789 3146 et
1817 3089 2068 3161 frequens

485 3183 789 3240 mederetur
817 3182 1115 3245 infirmitas.
1147 3181 1215 3237 Et
1244 3197 1312 3238 ne
1335 3182 1493 3239 nobis
1513 3181 1733 3237 forsitan
1755 3180 1822 3237 de
1843 3190 2069 3254 aegrota-

485 3274 719 3338 tionibus
746 3274 1126 3341 biandiremur,
1151 3272 1413 3329 modicum
1439 3272 1691 3343 praecepit
1711 3286 1830 3327 esse
1855 3286 2071 3328 sumen-

484 3370 641 3437 dum,
670 3369 860 3424 medici
889 3368 1064 3439 potius
1089 3366 1334 3430 consilio,
1360 3381 1518 3436 quam
1548 3365 1784 3435 Apostuli
1816 3382 1830 3419 :
1860 3364 1984 3421 licet
2013 3372 2070 3420 et

487 3459 777 3530 Apostolus
816 3458 885 3514 sit
921 3456 1160 3521 medicus
1198 3456 1487 3528 spiritualis
1516 3474 1530 3510 :
1562 3466 1616 3513 et
1646 3472 1712 3511 ne
1756 3455 2071 3516 Timotheus

489 3550 851 3613 imbecillitate
902 3559 1184 3619 superatus
1211 3587 1231 3615 ,
1275 3545 1548 3617 Evangelii
1596 3547 1918 3619 prtedicandi
1966 3561 2071 3607 non

491 3651 674 3722 posset
711 3641 931 3712 implere
966 3639 1243 3701 discursus
1271 3659 1283 3695 :
1312 3640 1542 3711 alioquin
1572 3654 1631 3696 se
1658 3639 1856 3695 dixisse
1884 3640 2073 3695 memi-

489 3743 643 3799 nerat
667 3750 683 3789 :
710 3751 731 3787 ι
760 3730 952 3793 \‘iuum
982 3731 1034 3786 in
1070 3745 1176 3803 quo
1202 3741 1285 3788 est
1325 3730 1535 3791 luxuria
1569 3748 1589 3783 ι
1617 3729 1636 3802 (
1662 3727 1854 3800 Eplies.
1881 3730 1935 3788 5.
1967 3728 2074 3802 18)

489 3824 600 3891 Et,
656 3842 679 3878 ι
730 3823 930 3880 bonum
973 3831 1058 3879 est
1113 3819 1317 3878 homini
1362 3820 1543 3876 vinum
1593 3835 1699 3875 non
1750 3819 1977 3887 bibere,
2021 3830 2076 3875 et

488 3931 704 3984 carnem
748 3931 855 3977 non
900 3913 1222 3975 manducare
1248 3933 1268 3968 ι
1300 3911 1321 3985 (
1349 3912 1500 3968 Rom.
1544 3912 1631 3969 {4.
1668 3911 1734 3968 21
1763 3911 1808 3983 ).
1838 3911 1949 3968 Noe
1990 3911 2073 3965 vi.

488 4025 619 4075 num
643 4008 770 4065 bibit
794 4048 810 4074 ,
839 4016 891 4062 et
920 4004 1213 4068 inebriatus
1238 4012 1319 4063 est
1344 4003 1510 4074 (Gen.
1539 4004 1593 4062 9.
1619 4003 1680 4070 2|
1702 4004 1740 4075 ).
1771 4002 1899 4067 Post
1924 4003 2074 4060 Dilu-

490 4101 637 4159 vium
662 4138 679 4166 ,
708 4097 829 4153 rudi
865 4094 1037 4158 adhuc
1072 4095 1270 4153 smculo
1294 4137 1311 4164 ,
1342 4103 1397 4153 et
1425 4102 1549 4151 tunc
1576 4094 1804 4166 primum
1842 4094 2077 4165 plantata

491 4198 649 4256 vinea
679 4188 946 4247 inebriare
969 4189 1147 4244 vinum
1174 4187 1393 4243 forsitan
1420 4186 1709 4243 nesciebat.
1739 4186 1807 4242 Et
1830 4195 1888 4241 ut
1916 4187 2075 4241 intels

490 4278 625 4349 ligas
653 4277 939 4349 Scriptura!
969 4278 1021 4335 in
1051 4277 1297 4344 omnibus
1324 4286 1712 4340 sacramentum
1738 4317 1753 4342 ,
1793 4276 2074 4347 Margarita

492 4371 689 4440 quippe
715 4380 796 4426 est
819 4384 998 4427 sermo
1027 4368 1137 4437 Dei,
1163 4379 1218 4425 et
1242 4383 1313 4424 ex
1341 4369 1484 4422 omni
1515 4377 1664 4438 parte
1693 4367 1850 4423 forari
1878 4376 2073 4436 potest,

492 4470 615 4535 post
643 4460 951 4518 ebrietatem
982 4459 1198 4514 nudatio
1240 4457 1500 4519 femorum
1531 4457 1812 4517 subsecuta
1860 4465 1944 4521 est
1963 4498 1977 4523 ,
2008 4455 2073 4511 li-

494 4552 620 4615 bido
644 4552 826 4629 juncta
856 4553 1095 4611 luxuriae.
1124 4551 1277 4613 Prius
1328 4552 1471 4609 enim
1515 4559 1703 4606 vcntcr
1744 4548 2068 4614 extenditur,

492 4655 548 4702 et
574 4645 651 4700 sic
671 4652 864 4702 cetera
892 4642 1129 4698 membra
1150 4641 1500 4703 concitantur.
1530 4658 1550 4691 ι
1576 4638 1906 4695 Manducavit
1929 4641 2070 4696 enim

495 4738 740 4808 populus,
768 4745 822 4793 et
848 4735 1000 4799 bibit,
1033 4745 1084 4792 et
1115 4743 1461 4791 surrexerunt
1486 4732 1671 4788 ludere
1700 4750 1721 4785 ι
1751 4729 1946 4801 (Exod.
1980 4730 2069 4793 '52.

494 4831 588 4901 ti).
611 4828 713 4884 Lot
738 4826 942 4884 amicus
988 4825 1083 4882 Dei
1123 4824 1176 4880 iu
1220 4834 1399 4883 monte
1428 4824 1662 4885 salvatus
1689 4822 1710 4897 (
1730 4821 1911 4879 Cenes.
1942 4822 2069 4893 l9),

493 4932 550 4978 et
585 4922 654 4977 de
688 4929 765 4976 tot
799 4920 1032 4976 millibus
1070 4918 1250 4989 populi
1286 4917 1431 4973 solus
1462 4917 1638 4988 iustus
1678 4916 1959 4982 inventus,
1991 4916 2074 4969 in-

493 5013 731 5074 ebriatur
755 5028 786 5065 a
813 5011 1020 5067 filiabus
1056 5010 1200 5077 suis;
1239 5018 1292 5066 et
1328 5009 1452 5067 licet
1489 5009 1591 5064 illae
1626 5016 1871 5078 putarent
1907 5020 2076 5078 genus

494 5105 771 5163 hominum
801 5103 1059 5161 defecisse
1080 5143 1095 5167 ,
1126 5110 1182 5158 et
1212 5103 1313 5157 hoc
1336 5101 1571 5156 facerent
1597 5100 1886 5156 liberorum
1910 5099 2075 5169 magis

494 5195 762 5255 desiderio
785 5236 801 5262 ,
827 5209 985 5265 quam
1015 5194 1282 5251 libidinis:
1311 5202 1486 5255 tamen
1516 5192 1756 5248 sciebant
1785 5191 1952 5249 virum
1988 5189 2077 5259 ju-

495 5295 680 5351 stum,
719 5284 822 5342 boc
864 5285 965 5343 nisi
1004 5284 1209 5345 ebrium
1239 5298 1345 5342 non
1371 5298 1491 5341 esse
1526 5283 1809 5346 facturum.
1837 5280 2077 5359 Denique

496 5376 625 5455 quid
653 5376 860 5443 fecerit,
885 5377 1178 5444 ignoravit:
1202 5385 1257 5434 et
1279 5391 1578 5446 quanquam
1612 5375 1858 5433 voluntas
1882 5388 1986 5428 non
2009 5374 2080 5431 sit

389 5486 397 5495 ν
499 5466 555 5520 in
586 5466 829 5531 crimine,
860 5476 1034 5521 tamen
1060 5481 1214 5522 error
1241 5465 1477 5536 inculpa
1501 5474 1605 5521 est.
1633 5463 1761 5523 lude
1789 5472 2079 5525 nascuntur

567 5591 653 5660 tn),
674 5589 831 5660 Aliter
851 5603 997 5660 sum
1009 5590 1208 5660 .lapdata
1225 5593 1422 5660 Manutii
1436 5593 1560 5651 odit.
1584 5593 1635 5647 si
1653 5590 2083 5660 autem'ﬁasvsusti-

500 5663 563 5709 ne
584 5648 1206 5712 :t'tentationea'tibidinum,
1227 5652 1310 5707 aui
1330 5665 1491 5709 exeso.
1517 5648 1615 5706 etc.
1815 5648 1831 5657 '
1926 5656 1972 5670 "

1764 230 2005 292 SANCTI
2043 226 2422 286 HIERONYMI

3637 225 3746 283 100

2155 339 2397 398 Moabita:
2416 382 2433 408 ,
2459 349 2515 399 et
2541 340 2861 399 Ammonius
2882 383 2898 411 ,
2926 339 3124 398 inimici
3152 339 3339 408 israel,
3364 339 3458 412 qui
3484 353 3654 416 usque
3677 345 3745 399 ad
3805 384 3820 401 .

2156 444 2399 514 quartam
2420 443 2476 490 et
2492 433 2749 490 decimam
2773 434 3101 505 progeniem,
3119 444 3173 489 et
3193 448 3364 505 usque
3385 431 3439 488 in
3460 440 3743 502 aeternum,

2157 542 2266 584 non
2291 526 2660 599 ingrediuntur
2689 526 2740 581 in
2769 525 3062 582 Ecclesiam
3094 525 3209 581 Dei.

2228 617 2283 676 9.
2316 616 2459 672 Elias
2486 632 2606 671 cum
2645 614 2858 671 Iezabel
2891 614 3114 686 fugeret,
3144 623 3199 672 et
3222 614 3322 671 sub
3376 629 3579 687 quercu
3603 615 3750 685 jace-

2159 716 2239 762 ret
2266 706 2436 762 lassus
2457 706 2536 776 (tt)
2562 705 2614 762 in
2640 704 2948 771 solitudine,
2973 705 3220 760 veniente
3244 703 3311 758 ad
3337 719 3396 759 se
3430 705 3633 776 Angelo
3657 719 3750 761 su-

2160 797 2404 864 scitatur,
2427 806 2478 852 et
2500 795 2691 851 dicittr
2710 795 2758 852 ei
2782 813 2795 850 :
2826 813 2846 848 ι
2872 794 3061 865 Surge,
3085 804 3140 850 et
3160 793 3441 849 manduca.
3468 794 3745 865 Respexit,

2161 895 2217 943 et
2244 903 2370 944 ecce
2393 887 2457 942 ad
2486 897 2644 958 caput
2672 887 2786 958 eius
2813 888 2964 958 panis
2989 884 3066 960 (b)
3091 886 3370 958 collyrida,
3395 895 3450 942 et
3478 902 3567 942 vas
3591 903 3749 958 aqua:

2162 978 2240 1047 (4.
2272 978 2396 1049 Reg.
2426 978 2512 1033 19.
2532 978 2566 1033 5
2586 988 2632 1032 et
2654 981 2731 1049 ι).
2758 977 2957 1033 Revera
2986 976 3220 1048 nunquid
3240 992 3342 1031 non
3373 986 3576 1047 poterat
3604 978 3750 1034 Deus

2162 1067 2432 1123 conditum
2464 1067 2514 1123 ei
2543 1084 2750 1129 meram
2781 1068 3011 1134 mittere,
3038 1075 3092 1123 et
3118 1067 3320 1124 electos
3348 1068 3515 1135 cibos,
3544 1079 3598 1125 et
3625 1085 3749 1124 car—

2163 1175 2258 1215 nes
2283 1160 2594 1216 contusione
2626 1159 2892 1215 mutatas?
2938 1159 3164 1215 Elismus
3190 1159 3328 1215 filios
3355 1159 3747 1230 PrOpbetarum

2159 1252 2269 1330 95
2342 1252 2528 1307 invitat
2553 1251 2620 1307 ad
2652 1252 2954 1323 prandium,
2985 1260 3040 1308 et
3087 1251 3270 1309 herbis
3306 1252 3604 1323 agrestibus
3650 1267 3749 1310 eos

2161 1343 2331 1407 alens,
2354 1358 2644 1399 consonum
2662 1342 3030 1415 prandentium
3050 1343 3198 1399 audit
3213 1342 3502 1399 clamorem
3523 1360 3538 1398 :
3565 1361 3584 1396 ς
3600 1342 3749 1399 Mors

2162 1432 2216 1490 in
2240 1434 2341 1489 olla
2370 1454 2393 1489 ι
2419 1433 2493 1508 (4.
2524 1435 2651 1508 Reg.
2676 1437 2730 1493 4.
2758 1435 2871 1508 40).
2894 1436 3066 1493 llomo
3079 1436 3169 1492 Dei
3183 1450 3285 1492 non
3301 1437 3466 1493 iratus
3485 1437 3745 1508 estcocis,

2163 1524 2400 1581 lautioris
2438 1527 2580 1583 enim
2622 1543 2820 1583 mensae
2857 1526 3292 1584 consuetudinem
3331 1543 3441 1583 non
3478 1528 3745 1596 habebat,

2162 1614 2258 1670 sed
2299 1613 2468 1672 farina
2505 1616 2733 1689 desuper
2757 1619 2895 1689 jacta
2920 1658 2934 1683 ,
2964 1618 3371 1675 amaritudinem
3401 1618 3693 1675 dulcoravit
3726 1638 3745 1675 :

2164 1705 2349 1763 eadem
2383 1708 2601 1779 spiritus
2620 1711 2813 1765 virtute
2830 1752 2846 1778 ,
2868 1725 2970 1781 qua
2994 1710 3202 1780 Moyses
3223 1720 3522 1768 mutaverat
3544 1711 3751 1773 Marem

2165 1795 2218 1851 in
2248 1796 2603 1854 dulcedinem.
2632 1799 2846 1855 Necnon
2888 1811 2943 1856 et
2980 1800 3097 1855 illos
3121 1802 3208 1877 qui
3254 1801 3322 1855 ad
3348 1816 3470 1857 eum
3497 1816 3750 1872 compre-

2166 1885 2501 1945 hendendum
2525 1901 2799 1961 venerant,
2820 1893 2989 1948 oculis
3008 1893 3205 1963 pariter
3220 1908 3282 1948 ac
3300 1902 3479 1950 mente
3498 1902 3749 1961 emeatos,

2167 1994 2287 2036 cum
2338 1982 2389 2036 in
2437 1980 2732 2039 Samariam
2772 1984 2981 2041 nescios
3021 1984 3352 2051 induxisset,
3384 1985 3625 2055 qualibus
3650 2000 3754 2041 eos

2168 2070 2338 2139 epulis
2367 2071 2509 2134 refici
2560 2072 2940 2143 imperaverit,
2997 2074 3237 2130 ausculta
3260 2115 3276 2141 ,
3312 2093 3333 2127 ι
3364 2074 3511 2132 Pone
3536 2074 3634 2141 eis,
3660 2075 3753 2130 in-

2168 2159 2318 2231 'quit,
2360 2175 2550 2230 panem
2604 2171 2657 2218 et
2698 2177 2930 2233 aquam;
2970 2163 3328 2231 manducent,
3361 2173 3416 2218 et
3443 2163 3661 2228 bibant,
3693 2172 3757 2222 et

2167 2251 2503 2309 remittantur
2525 2251 2592 2314 ad
2619 2254 2898 2309 Dominum
2923 2270 3075 2311 suum
3108 2274 3129 2315 ι
3160 2257 3236 2326 (ιι.
3266 2255 3393 2328 Reg.
3422 2256 3474 2312 6.
3502 2256 3616 2327 22).
3640 2256 3753 2313 Po-

2171 2340 2268 2396 tuit
2306 2348 2361 2397 et
2408 2342 2607 2401 Danicli
2649 2344 2716 2400 de
2761 2346 2919 2425 regiis
2961 2344 3179 2402 ferculis
3225 2346 3525 2417 opulentior
3563 2361 3752 2401 mensa

2171 2431 2480 2498 transferri;
2507 2434 2601 2489 sed
2622 2434 2835 2492 Abacuc
2853 2436 2904 2491 ei
2930 2451 3225 2493 messorum
3253 2438 3526 2506 prandium
3554 2446 3748 2507 portat,

2170 2524 2401 2581 arbitror
2427 2527 2775 2587 rusticanum.
2822 2528 3050 2599 ideoque
3079 2539 3133 2585 et
3163 2529 3522 2585 desideriorum
3552 2531 3625 2583 vir
3649 2545 3755 2600 ap.

2170 2617 2397 2687 pellatus
2424 2626 2540 2687 est,
2571 2621 2694 2690 quia
2726 2636 2914 2691 panem
2946 2621 3194 2677 desiderii
3238 2614 3343 2679 non
3372 2621 3757 2692 manducavit,

2171 2715 2227 2762 et
2253 2707 2431 2763 vinum
2461 2711 2903 2778 coneupiseentire
2931 2726 3034 2766 non
3064 2711 3217 2771 bibit.

2243 2798 2330 2853 10.
2356 2797 2762 2857 innumerabilia
2790 2810 2909 2858 sunt
2932 2800 2999 2857 de
3019 2801 3307 2875 Scripturis
3329 2801 3504 2858 divina
3529 2818 3761 2874 respono

2172 2902 2230 2943 sa
2255 2928 2269 2953 ,
2298 2905 2417 2960 qua:
2441 2891 2617 2961 gulam
2646 2891 2938 2959 damnent,
2969 2901 3024 2949 et
3052 2893 3319 2965 simplices
3347 2894 3498 2949 cibos
3527 2894 3761 2964 probent

2175 2975 2268 3052 [aL
2299 2979 2602 3054 prwbeant].
2631 2980 2831 3037 Verum
2860 2981 2981 3054 quia
3009 2997 3151 3040 nunc
3179 2999 3287 3038 non
3314 2992 3396 3039 est
3424 2985 3758 3056 propositum

2174 3070 2244 3127 de
2266 3070 2484 3143 jejuniis
2510 3072 2804 3144 disputare,
2831 3085 2885 3130 et
2915 3075 3157 3130 universa
3183 3076 3394 3147 exequi,
3426 3076 3507 3132 sui
3536 3086 3591 3132 et
3620 3076 3765 3137 tituli

2175 3163 2246 3218 sit
2286 3173 2341 3220 et
2384 3164 2666 3221 voluminis
2688 3208 2704 3233 ,
2743 3168 2856 3223 tunc
2893 3166 3158 3229 sufficiant
3199 3184 3361 3239 panra
3388 3168 3456 3224 de
3488 3168 3757 3239 plurimis.

2178 3254 2428 3326 Alioquin
2456 3256 2521 3312 ad
2553 3258 2851 3329 exemplum
2880 3256 3091 3326 borum,
3121 3261 3320 3330 poteris
3346 3261 3437 3316 tibi
3471 3263 3582 3332 ipsa
3608 3263 3769 3318 colli-4

2159 3361 2325 3418 ,gere,
2355 3349 2622 3420 quomodo
2651 3350 2853 3421 primus
2878 3351 2943 3407 de
2972 3351 3214 3422 paradiso
3241 3351 3420 3418 homo,
3448 3355 3620 3409 ventri
3645 3371 3767 3409 nia-

2177 3437 2260 3508 gis
2281 3437 2556 3506 obedieus,
2575 3455 2733 3510 quam
2757 3441 2886 3506 Deo,
2911 3440 2961 3495 in
2989 3441 3125 3499 banc
3144 3442 3496 3516 lacrymarum
3520 3444 3767 3514 deiectus

2178 3536 2263 3583 est
2290 3528 2501 3589 vallem.
2550 3529 2617 3584 Et
2647 3530 2820 3601 ipsum
2850 3532 3130 3589 Dominum
3160 3533 3384 3592 Satanas
3414 3536 3550 3592 fame
3582 3548 3761 3593 tenta-

2178 3618 2313 3673 verit
2341 3618 2394 3676 in
2424 3617 2655 3675 deserto.
2688 3619 2755 3677 Et
2780 3622 3066 3693 Apostolus
3088 3624 3323 3680 clamitet
3351 3644 3363 3679 :
3397 3645 3416 3678 ι
3449 3625 3600 3682 Esca:
3624 3643 3762 3682 ven.

2181 3711 2272 3779 tri,
2290 3719 2346 3767 et
2364 3720 2551 3767 venter
2570 3714 2706 3769 est-is
2729 3732 2742 3767 :
2763 3715 2903 3771 Deus
2913 3725 3085 3772 autem
3104 3716 3244 3772 bunc
3268 3729 3321 3774 et
3337 3718 3452 3775 illas
3469 3717 3709 3775 destruet
3737 3740 3762 3774 ι

2181 3801 2202 3876 (
2228 3804 2280 3859 1.
2306 3802 2425 3859 Cor.
2457 3803 2510 3859 6.
2541 3803 2608 3859 15
2628 3804 2668 3876 ).
2707 3804 2775 3860 Et
2826 3805 2895 3861 de
2927 3806 3212 3863 luxuriosis
3234 3849 3251 3876 ,
3278 3827 3297 3860 ι
3335 3824 3558 3879 quorum
3615 3810 3772 3866 Dens

2180 3906 2368 3951 venter
2393 3903 2476 3950 est
2511 3915 2531 3951 ι
2565 3895 2824 3969 (Philipp.
2853 3897 2932 3968 5).
2956 3897 3013 3959 Id
3043 3897 3183 3954 enim
3208 3899 3335 3954 colit
3363 3901 3724 3972 unusquisque
3744 3944 3761 3967 ,

2180 3986 2321 4059 quod
2365 3987 2552 4060 diligit.
2599 3989 2674 4044 Ex
2719 4004 2825 4062 quo
2866 3990 3090 4047 sollicite
3136 3991 3515 4061 providendum
3552 4003 3674 4059 est,
3708 4001 3770 4048 ut

2179 4093 2312 4150 quos
2340 4081 2592 4137 saturitas
2615 4079 2682 4136 de
2711 4080 2955 4151 paradiso
2980 4082 3181 4152 expulit
3205 4122 3220 4149 ,
3254 4081 3472 4138 redueat
3497 4084 3722 4139 esuries.

2254 4170 2338 4227 11.
2382 4169 2516 4228 Deus
2557 4188 2655 4226 non
2693 4171 2967 4231 delectatur
2999 4167 3171 4227 nostra
3200 4173 3391 4231 inedia.
3428 4204 3502 4216 ——
3538 4173 3688 4243 Quod
3717 4175 3763 4230 si

2178 4260 2410 4316 volueris
2435 4261 2778 4332 respondere,
2809 4270 2858 4318 te
2886 4261 3046 4317 nobili
3075 4265 3239 4334 stirpe
3261 4274 3589 4335 generatam,
3619 4279 3763 4321 sem-

2179 4366 2274 4422 per
2303 4352 2356 4407 in
2395 4350 2601 4406 deliciis
2624 4395 2637 4417 ,
2669 4365 2881 4422 semper
2907 4352 2959 4412 in
2991 4352 3218 4422 plumis,
3251 4369 3356 4409 non
3398 4366 3553 4423 posse
3581 4370 3611 4409 a
3635 4355 3768 4415 vino

2179 4451 2234 4498 et
2256 4441 2698 4499 esculentioribus
2724 4443 2859 4498 cibis
2883 4442 3149 4500 abstinere
3172 4485 3186 4509 ,
3215 4458 3314 4501 nec
3342 4444 3423 4500 bis
3454 4444 3656 4515 legibus
3687 4447 3766 4499 vi-

2179 4547 2304 4591 vere
2333 4533 2640 4601 districtius,
2672 4533 3037 4605 respondebo:
3061 4535 3189 4592 Vlve
3211 4551 3339 4607 ergo
3363 4537 3478 4609 lege
3508 4547 3617 4603 tua,
3642 4553 3765 4609 quae

2184 4622 2274 4679 Det
2318 4639 2423 4680 non
2454 4632 2625 4694 potes.
2662 4623 2776 4679 Non
2804 4622 2944 4695 quod
2983 4625 3123 4682 Deus
3150 4625 3515 4682 universitatis
3539 4628 3769 4684 Creatur
3803 4645 3825 4702 χ

2179 4724 2233 4771 et
2263 4716 2517 4773 Dominus
2537 4757 2554 4783 ,
2585 4715 2954 4775 intestinorum
2980 4726 3286 4775 nostrorum
3309 4716 3484 4789 rugitu
3509 4726 3563 4774 et
3589 4718 3765 4775 inani-
3802 4707 3808 4714 ’

2183 4815 2290 4863 tate
2310 4807 2528 4871 ventris,
2554 4806 2924 4877 pulmonisque
2946 4805 3241 4865 delectetur
3258 4807 3477 4875 ardore;
3501 4807 3596 4863 sed
3618 4807 3764 4878 quod

2180 4899 2336 4953 aliter
2366 4894 2613 4967 pudicitia
2644 4905 2757 4958 tuta
2786 4911 2907 4953 esse
2943 4911 3050 4954 non
3086 4899 3274 4968 possit.
3300 4896 3400 4954 Job
3426 4896 3534 4955 Deo
3561 4912 3722 4954 carus
3746 4940 3762 4965 ,

2180 4995 2235 5045 et
2279 4987 2585 5050 testimonio
2631 4987 2796 5058 ipsius
2837 4987 3207 5047 immaculatus
3245 4996 3301 5045 et
3335 4987 3597 5059 simplex,
3640 4986 3770 5044 audi

2234 5162 2542 5250 gift-1933
2561 5174 2589 5212 a
2601 5161 2875 5222 Victoriam
2898 5160 3018 5213 edit.
3030 5158 3242 5215 verbain
3262 5158 3534 5222 solitudine,
3552 5166 3606 5211 et
3626 5158 3772 5225 perdo

2178 5223 2306 5287 intra
2321 5223 2564 5288 nunquid.
3630 5223 3643 5225 ἡ

2179 5345 2202 5349 _
2243 5288 2313 5349 (ε)
2348 5285 2429 5349 Sic
2452 5283 2643 5343 etiamsi
2668 5284 2828 5338 minus
2850 5282 3025 5349 Latino
3038 5281 3273 5349 vocabulo
3292 5280 3461 5349 dicere
3483 5287 3612 5333 amat
3627 5288 3775 5349 vetus

2179 5341 2670 5418 misitviatorem
2695 5352 2764 5418 ιξι.
2790 5357 2854 5395 ex
2896 5345 3004 5394 ειιίε
3032 5345 3292 5418 ﬁctum
3314 5341 3434 5418 ιροίξ
3468 5351 3640 5418 Patet:
3685 5345 3774 5418 "ﬂ

2180 5528 2485 5602 “manus
2502 5528 2762 5602 exsertis
2787 5526 2885 5602 sub
2904 5526 2971 5579 “υι
2990 5526 3311 5602 vastasset
3325 5526 3605 5602 eleganti“:
3626 5526 3771 5602 isset

2180 5597 2278 5640 ret.
2303 5586 2458 5654 Paulo
2480 5595 2589 5654 post
2607 5586 2697 5654 ubi
2716 5586 2897 5639 dicitur
2916 5586 3152 5654 numquid
3190 5599 3284 5638 non
3319 5586 3527 5650 pate'rat.
3564 5586 3774 5639 Grattius

2184 5651 2396 5712 negandi
2420 5650 2699 5704 particulam
2722 5651 2942 5709 exouu'yi
2956 5650 3113 5701 iubet.
