4078 6198
586 267 694 325 ‘03

587 381 730 439 unde
767 380 883 437 sine
924 378 1118 450 nuptiis
1146 374 1287 431 aliud
1323 385 1515 428 nomen
1544 366 1808 425 uxorum?
1853 366 1962 420 imo
2017 362 2159 418 unde

589 490 786 532 novum
830 472 1241 528 concubinarum
1288 463 1496 535 genus?
1540 461 1664 516 Pius
1710 459 1933 514 inferam
1975 454 2163 511 :unde

589 567 896 624 meretrices
943 559 1201 617 univirae?
1244 557 1444 618 Eadem
1484 554 1681 617 dumo,
1727 567 1832 606 uno
1874 548 2156 613 cubiculo,

589 676 733 728 saepe
762 672 866 713 uno
891 662 1132 710 tenentur
1157 659 1212 707 et
1242 649 1438 706 lectulo
1457 690 1473 714 ,
1500 655 1553 702 et
1584 645 1906 715 suspiciosos
1939 657 2036 697 nos
2062 656 2160 699 vo,-

587 759 746 810 cant,
793 747 838 800 si
883 743 1077 814 aliquid
1126 741 1508 796 existimamus.
1575 736 1763 791 Frater
1803 731 1878 804 (a)
1918 745 2158 786 sororem

587 837 841 906 virginem
870 832 1105 896 deserit,
1133 830 1376 886 caelibem
1403 827 1606 897 spernit
1634 825 1780 894 virgo
1809 835 2117 894 germanum
2143 859 2158 884 ,

587 927 803 980 fratrem
828 927 1016 993 quturit
1041 931 1378 986 extraneum,
1423 927 1478 974 et
1523 932 1642 972 cum
1673 916 1725 969 in
1751 914 1938 968 eodem
1969 926 2161 981 propo-

584 1020 688 1073 sito
727 1031 846 1071 esse
888 1030 947 1069 se
989 1013 1276 1076 simulent,
1309 1018 1552 1081 quaerunt
1591 1009 1884 1063 alienorum
1922 1002 2160 1073 spiritale

584 1109 831 1164 solatium
861 1148 876 1172 ,
926 1101 986 1162 ut
1029 1105 1173 1160 domi
1223 1103 1448 1157 habeant
1497 1101 1710 1156 carnale
1757 1095 2157 1154 commercium.

585 1199 887 1256 istiusmodi
939 1197 1182 1252 homines
1226 1193 1474 1250 Salomon
1525 1192 1578 1246 in
1629 1187 1933 1244 Proverbiis
1959 1184 2164 1254 spernit

586 1290 681 1360 [al.
712 1285 931 1360 arguit.)
961 1303 975 1340 :
1009 1286 1224 1349 dicens;
1259 1301 1278 1335 ι
1311 1279 1555 1351 Alligabit
1581 1279 1698 1348 quis
1723 1277 1775 1331 in
1802 1276 1920 1330 sinu
1949 1275 2121 1344 ignem
2144 1314 2158 1337 ,

587 1391 640 1436 ct
670 1382 981 1436 vestimenta
1012 1378 1126 1446 ejus
1155 1391 1258 1430 non
1288 1369 1701 1428 comburcutur?
1741 1369 1844 1422 Aut
1872 1364 2163 1420 ambulabit

588 1488 746 1540 super
767 1471 1025 1525 carbones
1063 1467 1217 1537 ignis,
1247 1474 1301 1520 et
1338 1463 1501 1538 pedes
1537 1463 1680 1516 illius
1710 1475 1813 1515 non
1849 1456 2110 1512 ardebunt
2135 1471 2156 1506 ι

587 1562 765 1635 (Prov.
799 1560 851 1615 6.
882 1559 971 1613 ετ.
997 1556 1128 1628 es)?

659 1653 746 1706 i5.
776 1650 1019 1720 Explosis
1050 1649 1208 1716 igitur
1233 1655 1286 1700 et
1315 1641 1682 1700 exterminatis
1709 1641 1789 1695 bis
1816 1655 1936 1711 qua:
1967 1638 2160 1692 nolunt

588 1755 710 1795 csse
733 1741 990 1809 virgines,
1014 1736 1108 1790 sed
1131 1734 1323 1800 videri,
1359 1747 1498 1787 nunc
1523 1731 1588 1785 ad
1631 1741 1683 1785 te
1711 1729 1839 1783 mibi
1874 1728 2050 1782 omnis
2078 1727 2164 1780 di-

591 1833 794 1900 rigatur
847 1829 1058 1893 oratio,
1103 1841 1223 1895 qure
1273 1833 1474 1895 quanto
1516 1823 1683 1892 prima
1731 1821 1984 1874 Romamn
2015 1818 2164 1873 urbis

591 1923 741 1990 virgo
767 1919 959 1974 nobilis
987 1932 1106 1972 esse
1137 1915 1378 1984 coepisti,
1409 1921 1561 1967 tanto
1607 1912 1698 1966 tibi
1729 1910 1961 1979 amplius
2009 1909 2162 1962 labo-

591 2012 814 2067 randum
843 2017 944 2073 est,
977 2024 1045 2064 ne
1065 2017 1118 2063 et
1147 2005 1499 2077 przcsentibus
1528 2003 1682 2057 bonis
1710 2016 1914 2064 careas,
1943 2010 1995 2054 et
2022 1997 2166 2052 l‘utu-

591 2104 686 2157 ris.
723 2102 786 2156 Et
815 2099 1028 2170 quidem
1060 2097 1334 2152 molestias
1357 2094 1682 2162 nuptiarum,
1725 2099 1777 2146 et
1803 2091 2003 2144 incerta
2029 2103 2162 2142 con-

585 2191 715 2261 jugii
771 2189 1068 2244 domestico
1107 2186 1353 2255 exemplo
1412 2183 1678 2247 didicisti,
1733 2196 1855 2235 cum
1896 2193 2050 2234 soror
2076 2187 2162 2232 tua

593 2281 801 2337 Blesilla
843 2289 1000 2336 aetate
1025 2278 1230 2349 major,
1258 2275 1352 2331 sed
1381 2273 1655 2344 proposito
1693 2271 1902 2337 minor,
1933 2278 2050 2339 post
2075 2283 2166 2323 ac-

587 2382 800 2444 ceptum
831 2372 1102 2434 maritum,
1135 2369 1364 2440 septimo
1384 2379 1569 2422 mense
1591 2363 1802 2418 viduata
1829 2370 1931 2417 est.
1961 2360 2008 2415 0
2031 2359 2166 2414 infe-

587 2465 658 2519 liv
689 2464 921 2518 humana
949 2461 1187 2518 conditio
1217 2467 1271 2518 et
1301 2458 1459 2513 futuri
1492 2456 1672 2512 nescia
1704 2471 1718 2508 :
1760 2461 1815 2510 et
1848 2452 2165 2523 virginitatis

588 2569 887 2620 coronam,
939 2560 994 2608 et
1050 2551 1357 2622 nuptiarum
1408 2549 1642 2618 perdidit
1692 2546 2046 2615 voluptatem.
2095 2544 2162 2598 Et

592 2664 894 2719 quanquam
939 2645 1230 2703 secundum
1260 2646 1522 2714 pudicitia:
1549 2643 1768 2714 gradum
1803 2651 1978 2697 teneat
2000 2640 2169 2696 vidui-

594 2751 698 2807 tas,
729 2751 904 2796 tamen
975 2740 1087 2816 ω
1157 2738 1448 2808 quasillam
1475 2751 1572 2805 per
1601 2744 1867 2788 momenta
1899 2734 2167 2788 sustinere

591 2834 862 2891 existimas
883 2846 1091 2897 cruces,
1116 2837 1442 2900 spectantem
1466 2825 1699 2899 quotidie
1728 2825 1778 2878 iu
1805 2822 2167 2892 sorore,quod

591 2927 703 2994 ipsa
735 2923 1060 2994 perdiderit,
1091 2930 1288 2976 etcum
1316 2917 1585 2972 difficilius
1613 2923 1832 2983 experta
1861 2923 2040 2968 careat
2069 2928 2165 2967 vov

592 3018 817 3087 luptate,
848 3017 1110 3070 minorem
1131 3009 1472 3069 continentia!
1497 3009 1568 3080 (b)
1596 3007 1793 3062 habere
1823 3004 2166 3060 mercedem?

592 3110 670 3166 Sit
703 3119 877 3164 tamen
907 3117 960 3164 et
989 3108 1074 3162 illa
1100 3120 1310 3168 secura,
1343 3103 1410 3156 sit
1434 3101 1696 3172 gaudens.
1730 3098 2070 3154 Contesimus
2113 3105 2168 3152 et

591 3199 956 3270 sexagesimus
1003 3198 1202 3253 fruetus
1226 3195 1294 3250 de
1338 3208 1444 3246 uno
1476 3201 1600 3246 sunt
1649 3188 1854 3246 semine
1883 3189 2163 3246 castitatis.

661 3294 749 3349 i6.
788 3289 942 3362 Virgo
963 3289 1102 3344 debet
1130 3289 1302 3358 fugere
1335 3285 1686 3338 Matronarum
1711 3282 2036 3336 consortium.
2077 3278 2166 3332 Vi-

589 3383 807 3438 duarum
832 3381 972 3446 vitia,
998 3389 1043 3432 et
1072 3377 1396 3433 Clericorum.
1424 3405 1497 3415 —
1515 3375 1648 3428 Nolo
1674 3373 1871 3428 habeas
1897 3373 2166 3427 consortia

592 3482 954 3526 matronarum
975 3487 990 3522 :
1011 3469 1139 3522 nolo
1156 3468 1222 3522 ad
1249 3467 1504 3522 nobilium
1535 3466 1725 3520 domos
1747 3465 1972 3520 accedas
1995 3481 2011 3518 :
2043 3466 2168 3519 nolo

595 3573 649 3619 te
697 3563 1004 3632 frequenter
1033 3559 1215 3612 videre
1239 3597 1255 3623 ,
1283 3557 1425 3628 quod
1449 3566 1802 3616 contemnens
1825 3598 1838 3620 ,
1867 3557 2018 3624 virgo
2049 3570 2168 3609 esse

591 3651 831 3709 voluisti.
863 3651 954 3706 Sic
994 3648 1093 3703 sibi
1137 3647 1314 3702 solent
1359 3646 1684 3714 applaudere
1729 3645 2055 3700 muliercula:
2101 3644 2169 3699 de

588 3741 859 3815 iudicibus
883 3737 1011 3794 viris
1036 3779 1051 3806 ,
1079 3745 1134 3792 et
1179 3736 1234 3791 in
1276 3735 1451 3811 aliqua
1480 3735 1663 3804 positis
1717 3733 1993 3804 dignitate.
2019 3733 2073 3788 Si
2102 3733 2167 3788 ad

591 3829 933 3900 imperatoris
968 3843 1186 3884 uxorem
1213 3826 1488 3882 concurrit
1531 3825 1753 3878 ambitio
1784 3824 2127 3880 salutwtium
2150 3865 2166 3890 ,

589 3939 687 3978 cur
713 3933 765 3978 tu
797 3921 925 3978 faeis
947 3919 1190 3990 injuriam
1222 3919 1337 3974 viro
1355 3917 1486 3972 tuo?
1507 3917 1586 3970 Ad
1615 3917 1844 3971 hominis
1865 3917 2165 3985 conjugem,

589 4015 684 4072 Dei
716 4029 912 4086 sponsa
943 4011 1069 4082 quid
1114 4010 1410 4082 properas?
1449 4009 1603 4064 Disce
1649 4009 1700 4063 in
1747 4007 1847 4062 hac
1877 4020 2030 4078 parte
2075 4023 2166 4062 su-

591 4105 830 4176 perbiam
859 4111 1100 4158 sanctam
1125 4117 1138 4153 :
1159 4103 1296 4156 scito
1327 4110 1380 4154 te
1405 4100 1510 4154 illis
1527 4114 1645 4154 esse
1667 4099 1964 4153 meliorem.
1989 4099 2172 4170 Neque

591 4208 725 4250 vero
750 4208 931 4248 earum
963 4201 1170 4247 tantum
1198 4200 1250 4246 te
1295 4190 1453 4262 cupio
1481 4190 1755 4247 declinare
1801 4205 2128 4260 congressus
2149 4231 2166 4257 ,

591 4299 714 4355 qua:
743 4283 1054 4338 maritorum
1084 4283 1338 4337 inflantur
1377 4282 1672 4338 honoribus
1693 4323 1707 4347 ,
1733 4297 1869 4352 quas
1894 4284 2174 4336 eunucho-

593 4375 817 4432 chorum
856 4389 1043 4445 greges
1073 4375 1307 4444 sepiunt,
1331 4381 1385 4428 et
1414 4373 1468 4427 in
1503 4388 1728 4443 quarum
1761 4372 1996 4427 vestibus
2040 4381 2174 4425 atte-

601 4474 762 4520 nuata
793 4466 843 4519 in
877 4466 1022 4519 filum
1051 4465 1163 4519 auri
1197 4464 1410 4518 metalla
1442 4472 1726 4528 texuntur;
1758 4462 1851 4516 sed
1879 4463 2038 4516 etiam
2081 4479 2173 4518 cas

595 4554 742 4626 fuge,
772 4571 905 4624 quas
923 4555 1111 4612 viduas
1136 4555 1428 4610 necessitas
1455 4553 1599 4618 fecit,
1627 4570 1732 4607 non
1753 4553 1996 4608 voluntas
2027 4573 2039 4608 :
2065 4571 2170 4609 non

591 4647 736 4726 quod
772 4655 1000 4702 mortem
1047 4646 1120 4716 (c)
1144 4653 1331 4715 optare
1375 4643 1657 4699 debuerint
1692 4645 2046 4710 maritorum;
2077 4645 2172 4701 scd

656 4825 747 4886 (a),
764 4823 966 4873 Varlant
990 4821 1089 4886 hoc
1111 4819 1228 4886 loco
1262 4826 1431 4868 vetera
1455 4831 1598 4886 manu
1622 4825 1821 4886 exarata
1846 4819 2171 4886 exemplaria,

592 4879 681 4939 sed
707 4879 994 4950 plurumae
1032 4881 1232 4950 δᾴδιΨῦ
1259 4889 1428 4950 Fiam"
1450 4880 1535 4950 9"."
1570 4879 1804 4950 Ξῑῖίνίωιίδ
1825 4885 1928 4950 9³⁸·
1953 4879 2088 4950 Οψθ-
2109 4879 2175 4931 ta;

592 4941 720 4997 men'
749 4961 864 5009 noui
881 4941 1104 5009 agnoscit
1139 4943 1398 5009 Sulpicius,
1443 4941 1524 5004 qui
1571 4941 1796 5009 Dialogo
1823 4941 1880 5009 Ι...
1923 4944 2174 5009 periodum

594 5009 717 5082 haue
741 5021 806 5058 ex
850 5003 1148 5071 Hiérouymo
1178 5003 1370 5065 recitat,
1417 5003 1640 5067 tauquam
1663 5003 1900 5053 mordacis
1941 5003 2041 5052 stili
2063 5018 2176 5066 Spe-

593 5083 770 5119 cimen.

655 5131 732 5240 ἔῃ
763 5130 1070 5200 Vetustiores
1085 5127 1204 5178 editi
1220 5127 1566 5199 continentia”
1579 5125 1697 5176 sciat
1715 5124 1911 5178 habere.
1921 5135 2018 5204 etc.
2037 5125 2172 5184 Quod

723 5198 758 5240 II.
773 5191 838 5240 de
854 5198 1140 5240 centesimo.
1167 5196 1220 5236 et
1241 5201 1551 5240 sexagesimo
1595 5187 1768 5240 fructu,
1810 5186 1979 5238 alludit
2001 5187 2172 5236 Matth.

593 5186 758 5241 subdit
773 5191 838 5240 de
854 5193 1140 5249 centesimo,
1167 5196 1220 5236 et
1241 5190 1551 5249 sexagesimo
1595 5187 1768 5244 fructu,
1810 5186 1979 5238 alludit
2001 5187 2172 5249 Matth.

595 5265 703 5315 cap.
726 5253 800 5302 13.
827 5267 874 5315 v_.
893 5254 948 5315 8._
967 5270 989 5298 ι
1012 5248 1424 5315 Αιὶαςεριάθιυιῂιι
1447 5249 1509 5315 in
1529 5257 1706 5315 terram
1728 5248 2178 5315 bonain,_etdahaut

595 5307 802 5362 fructum
823 5312 953 5363 aliud
973 5313 1313 5368 centesimum,
1331 5309 1458 5360 aliud
1480 5311 1862 5370 sexagesimum,
1885 5307 2013 5357 aliud
2027 5311 2177 5370 trige-

595 5375 788 5434 simum,
811 5390 835 5417 ι
868 5387 1016 5434 quem
1055 5380 1349 5434 postremum
1381 5371 2045 5434 coniugiodumcotnparat,
2063 5383 2178 5434 eon—

594 5405 835 5504 fit'aratijs
847 5405 2179 5504 ,ξεῑΐέδφνξῖζζξέῖςῑίςηῖδςς’ῖῖέιῑῆῖῑτιξξίίίῖῑςῖῆέἐξῆ-

597 5501 674 5542 ιρι·
689 5499 887 5541 rationis
909 5499 1024 5539 istas
1045 5499 1266 5539 instituit.

662 5552 733 5612 (c)
767 5550 1078 5614 Preferiuius
1099 5551 1434 5614 Cisterciensis
1464 5551 1552 5601 Ms.
1575 5550 1856 5614 lectionem,
1882 5556 2054 5614 utpote
2086 5563 2179 5600 ve-

597 5609 798 5676 riorem,
825 5617 878 5658 et
900 5609 1282 5676 llierouymiante
1305 5614 1458 5659 menti
1482 5613 1638 5674 magis
1659 5609 1958 5664 couformeni
1984 5626 1996 5662 :
2034 5619 2180 5664 anth

603 5671 735 5724 enim
759 5667 866 5722 erat
886 5667 980 5717 alio
1001 5667 1150 5722 sensu
1173 5673 1452 5730 optaverint.

1879 251 2116 308 SANCTI
2157 248 2532 306 lliEBO‘NYlil

3737 249 3849 305 40l-

2269 360 2410 432 quod
2436 360 2613 416 datam
2636 358 2970 416 occasionem
2998 357 3266 430 pudicitia:
3292 373 3400 414 non
3428 358 3659 417 libenter
3687 374 3850 418 accc-
3917 388 3922 397 ι

2266 456 2464 527 perint.
2495 454 2645 509 Nunc
2671 468 2800 508 vero
2830 461 3035 507 tantum
3059 461 3208 508 veste
3237 460 3439 507 mutata
3481 453 3709 523 pristina
3738 468 3847 506 non

2266 553 2502 599 mutatur
2526 543 2768 598 ambitio.
2800 541 3059 597 Prmcedit
3100 555 3292 596 caveas
3331 541 3411 613 (ά)
3458 541 3848 596 Bastarnarum

2265 636 2397 690 ordo
2427 637 2836 691 semivirorum:
2866 643 2921 689 et
2961 634 3272 689 rubentibus
3307 633 3510 696 buccis,
3539 632 3678 688 cutis
3711 631 3844 686 farta

2266 730 2587 784 distenditur
2606 771 2620 793 ,
2647 737 2704 782 ut
2728 744 2820 782 eas
2859 737 3013 796 putes
3054 729 3277 782 maritos
3309 743 3414 782 non
3442 727 3721 792 amisisse,
3749 727 3846 782 sed

2265 837 2524 891 quaerere.
2555 822 2716 877 Plena
2745 820 3115 874 adulatoribus
3135 819 3346 886 domus,
3376 819 3530 890 plena
3561 820 3842 874 conviviis.

2266 913 2453 968 Clerici
2513 913 2639 982 ipsi,
2690 927 2826 982 quos
2880 911 2934 965 in
2991 909 3300 980 magisterio
3351 925 3470 966 esse
3530 919 3848 980 oportuerat

2265 1003 2521 1056 doctrina:
2553 1003 2751 1072 pariter
2771 1012 2824 1057 et
2851 1001 3077 1066 timoris,
3108 1001 3414 1054 osculantur
3437 1002 3606 1070 capita
3639 1010 3847 1054 matro-

2267 1111 2486 1158 narum,
2516 1105 2566 1148 et
2609 1103 2820 1148 extenta
2866 1107 3062 1158 manu,
3094 1101 3152 1144 ut
3191 1090 3505 1146 benedicere
3551 1106 3644 1146 cos
3685 1101 3845 1159 putes

2266 1187 2428 1252 velle,
2458 1187 2500 1240 si
2533 1185 2764 1250 nescias,
2798 1184 2966 1254 pretia
3007 1183 3278 1252 accipiunt
3307 1181 3594 1236 salutandi.
3621 1184 3730 1238 illa:
3759 1183 3845 1236 in-

2267 1276 2444 1339 terim,
2463 1292 2580 1344 quae
2606 1274 2923 1330 Sacerdotes
2939 1288 3036 1328 suo
3058 1273 3289 1328 viderint
3310 1272 3548 1342 indigere
3571 1272 3842 1343 pra-sidio,

2267 1365 2543 1434 eriguntur
2573 1364 2624 1418 in
2652 1364 2958 1433 superbiam
2994 1380 3008 1415 :
3034 1373 3087 1417 et
3111 1363 3233 1433 quia
3264 1363 3579 1416 maritorum
3608 1373 3843 1431 expertae

2267 1457 2636 1523 dominatum,
2671 1456 2939 1510 viduitatis
2978 1454 3268 1524 prmferunt
3313 1455 3654 1521 libertatem,
3683 1466 3843 1510 casta:

2266 1559 2559 1614 vocantur,
2595 1557 2648 1603 et
2698 1547 2770 1620 (ε)
2814 1547 3054 1612 Nonum,
3137 1548 3293 1624 100
3364 1556 3418 1602 et
3464 1558 3584 1620 post
3632 1565 3842 1609 caenam

2269 1643 2484 1698 dubiam
2515 1684 2529 1704 ,
2576 1642 2860 1712 Apostolos
2887 1641 3174 1695 somniant.

2340 1737 2428 1791 l7.
2455 1734 2572 1790 Sint
2603 1734 2692 1788 tibi
2721 1733 2905 1800 sociae,
2936 1749 3069 1803 quas
3091 1732 3295 1802 jejunia
3323 1742 3575 1801 tenuant,
3607 1736 3797 1804 quibus
3823 1778 3839 1803 ,

2269 1827 2441 1898 pallor
2479 1827 2530 1881 in
2577 1825 2711 1881 facie
2737 1835 2820 1881 est
2844 1868 2860 1894 ,
2894 1840 3026 1896 quas
3066 1835 3120 1878 et
3147 1835 3278 1878 tetas
3326 1826 3566 1895 probavit
3611 1837 3665 1882 et
3695 1828 3798 1880 vita
3823 1868 3840 1893 ,

2268 1935 2387 1990 qua:
2413 1919 2650 1990 quotidie
2674 1920 2724 1973 in
2745 1921 2997 1975 cordibus
3035 1921 3146 1973 suis
3171 1929 3368 1974 cammt
3401 1937 3414 1972 :
3445 1937 3463 1970 ι
3499 1918 3598 1975 Ubi
3632 1919 3841 1988 pascis?

2267 2010 2359 2064 ubi
2385 2010 2548 2065 cubas
2587 2011 2640 2065 in
2667 2011 2889 2066 meridie
2927 2029 2946 2063 ι
2988 2010 3157 2081 (Cant.
3189 2011 3239 2064 ί.
3269 2010 3366 2077 6)?
3394 2011 3521 2077 Qua:
3547 2027 3610 2064 cx
3649 2009 3841 2065 allectu

2268 2103 2452 2158 dicunt
2505 2120 2517 2156 :
2574 2121 2593 2155 ί
2647 2103 2814 2173 Cupio
2863 2103 3102 2166 dissolvi,
3160 2111 3214 2157 et
3250 2118 3370 2157 esse
3395 2117 3514 2157 cum
3567 2103 3780 2158 Christo
3815 2123 3834 2156 ι

2271 2193 2526 2265 (Philipp.
2580 2195 2631 2249 1.
2676 2195 2790 2264 23).
2837 2193 2967 2248 Esto
2995 2194 3230 2263 subjecta
3259 2194 3605 2264 parentibus:
3636 2195 3841 2252 imitare

2269 2301 2523 2356 sponsum
2592 2297 2759 2340 tuum.
2811 2287 2983 2341 Rarus
3037 2287 3107 2346 sit
3155 2302 3403 2357 egressus
3446 2288 3498 2344 in
3547 2287 3839 2355 publicum.

2269 2377 2530 2450 Martyres
2569 2379 2660 2434 tibi
2687 2389 2996 2448 quarrantur
3049 2379 3101 2432 in
3132 2379 3374 2434 cubiculo
3412 2387 3523 2433 tuo.
3563 2379 3838 2449 Nunquam

2269 2485 2430 2527 causa
2461 2471 2634 2526 deerit
2673 2471 3030 2541 procedendi,
3059 2471 3104 2526 si
3134 2486 3346 2539 semper
3369 2470 3580 2540 quando
3623 2485 3842 2526 necesse

2266 2571 2368 2626 est,
2403 2576 2714 2631 processura
2743 2561 2835 2616 sis.
2867 2561 2946 2616 Sit
2974 2561 3064 2614 tibi
3089 2561 3392 2615 moderatus
3420 2562 3589 2625 cibus,
3621 2569 3674 2615 ct
3715 2577 3841 2620 nun-

2270 2665 2428 2720 quam
2469 2660 2654 2706 venter
2667 2651 2930 2720 expletus.
2962 2650 3146 2704 Plures
3169 2651 3362 2719 quippe
3387 2659 3533 2715 sunt,
3565 2666 3681 2719 qua:
3706 2665 3828 2704 cum

2273 2743 2400 2796 vino
2423 2743 2526 2796 sint
2555 2741 2747 2797 sobria:
2771 2783 2785 2806 ,
2817 2741 3061 2796 ciborum
3110 2740 3354 2809 largitate
3397 2751 3519 2795 sunt
3548 2739 3732 2794 ebrize.
3762 2738 3842 2794 Ad

2271 2833 2563 2887 orationem
2598 2832 2693 2886 tibi
2723 2841 2879 2886 nocte
2905 2831 3161 2898 surgenti,
3195 2846 3300 2884 non
3329 2829 3609 2900 indigestio
3625 2821 3842 2884 fructum

2274 2925 2462 2992 faciat,
2487 2925 2582 2980 sed
2614 2925 2862 2979 inanitas.
2888 2923 3146 2979 Crebrius
3191 2923 3309 2992 lege
3334 2964 3348 2988 ,
3374 2923 3521 2978 disce
3564 2923 3846 2994 quamplu-

2270 3016 2425 3070 rima.
2457 3015 2680 3070 Tenenti
2703 3013 2943 3069 codicem
2967 3027 3189 3068 somnus
3213 3014 3458 3083 obrepat,
3482 3022 3533 3068 et
3563 3014 3845 3074 cadentem

2273 3107 2462 3161 faciem
2491 3106 2680 3175 pagina
2725 3114 2908 3158 sancta
2938 3103 3212 3173 suscipiat.
3255 3103 3372 3180 Sint
3401 3104 3494 3159 tibi
3540 3105 3843 3173 quotidiana

2265 3197 2488 3267 jejunio,
2518 3205 2572 3250 et
2601 3194 2818 3250 refectio
2841 3195 2908 3266 (Γ)
2934 3196 3230 3249 satietatem
3263 3194 3484 3265 fugiens.
3506 3194 3660 3250 Num.
3681 3211 3846 3251 ruon-

2272 3297 2357 3343 sst
2406 3303 2560 3344 BIDUO
2605 3285 2885 3356 triduoque
2954 3285 3305 3352 transmisso,
3360 3299 3581 3339 vacuum
3634 3297 3847 3356 portare

2273 3389 2532 3444 ventrem,
2562 3379 2606 3432 si
2635 3377 2835 3446 pariter
2872 3377 3129 3432 obruatur
3147 3416 3162 3440 ,
3189 3376 3234 3428 si
3255 3384 3638 3445 compensetur
3663 3417 3676 3438 ,
3700 3385 3847 3437 satu-

2275 3471 2431 3524 ritate
2455 3469 2736 3538 jejunium.
2768 3467 2914 3521 illico
2944 3481 3094 3520 meus
3125 3466 3326 3535 repleta
3356 3467 3631 3536 torpescit,
3655 3475 3709 3521 et
3730 3468 3847 3521 irri-

2271 3568 2393 3633 gata
2440 3557 2630 3616 humus
2673 3557 2856 3626 spinas
2907 3556 3185 3610 libidinum
3224 3556 3504 3626 germinat.
3535 3555 3589 3610 Si
3635 3556 3848 3625 quando

2274 3652 2508 3707 senseris
2549 3650 2874 3704 exteriorem
2925 3648 3196 3710 hominem
3241 3647 3426 3710 florem
3473 3643 3849 3706 adolescentiae

2274 3744 2564 3813 suspirare,
2596 3751 2649 3796 et
2675 3749 2895 3814 accepto
2939 3741 3095 3806 cibo,
3135 3756 3258 3800 cum
3303 3750 3352 3796 te
3392 3740 3443 3794 in
3474 3739 3673 3796 lectulo
3698 3755 3850 3794 com-

2278 3836 2503 3906 positam
2535 3833 2706 3891 dulcis
2735 3832 3009 3893 libidinum
3055 3847 3244 3902 pompa
3286 3831 3640 3894 concusserit,
3672 3832 3850 3902 arripe

2275 3939 2482 3984 scutum
2530 3926 2684 3991 fidei,
2738 3926 2790 3980 in
2819 3941 2926 3996 quo
2977 3924 3156 3994 ignita:
3203 3925 3397 3980 diaboli
3445 3927 3852 3994 exstinguuntur

2275 4022 2498 4088 sagittrc.
2540 4038 2558 4070 ι
2587 4017 2784 4072 Omnes
2813 4016 3197 4078 adulterantes,
3226 4013 3632 4084 quasielibanus
3657 4033 3675 4065 ι
3704 4013 3848 4084 (Ose.

2275 4115 2328 4169 7.
2357 4113 2440 4183 4)
2493 4111 2654 4166 corda
2710 4124 2921 4166 eorum.
2975 4111 3046 4165 At
3076 4118 3128 4165 tu
3157 4107 3351 4163 Christi
3398 4108 3647 4168 comitata
3691 4105 3853 4160 vcsti-

2339 4329 2417 4391 (d)
2451 4327 2628 4394 iisdem
2644 4337 2771 4388 pene
2791 4324 2958 4376 verbis
2972 4323 3216 4394 sequioris
3221 4335 3381 4394 sexus
3398 4319 3568 4394 fastum
3567 4318 3852 4394 sepreisett-

2276 4380 2474 4439 dentem
2499 4380 2884 4448 Chrysbstomum
2910 4380 3105 4448 praestat
3125 4385 3294 4433 audire
3327 4383 3492 4431 bo.nil.
3521 4381 3618 4431 XX.
3640 4380 3692 4431 in
3711 4380 3850 4428 Paul.

2277 4401 2474 4439 diuitem
2499 4401 2884 4497 utvsos'tomum
2910 4401 3105 4448 praesunt
3125 4401 3294 4433 auutrc
3327 4401 3492 4431 nmini.
3521 4401 3618 4431 AA.
3642 4401 3692 4431 ιιι
3712 4401 3850 4428 raut.

2277 4453 2335 4501 ad
2369 4451 2548 4512 Ephes.
2624 4485 2635 4497 .
2661 4462 2685 4507 ὴ
2716 4461 2799 4510 γυνή
2821 4463 3028 4510 lpum?“
3057 4459 3117 4496 ιαὶ
3151 4457 3206 4494 hi
3229 4455 3372 4507 ζιδτονς
3393 4457 3524 4494 hum
3717 4456 3859 4504 πρόμοι

2275 4505 2510 4576 ιιριςίέιτιι,
2527 4505 2876 4576 «κτεριῶ-ὀὶκίτὲ
2901 4505 3030 4571 diu.“
3061 4519 3149 4576 εχιιέ
3171 4519 3232 4576 ιρι
3617 4505 3856 4576 llasterua

2277 4565 2440 4623 autem
2454 4565 2565 4622 erat
2587 4565 2798 4620 Lectica:
2819 4565 2979 4632 genus
2995 4565 3170 4617 nosiris
3185 4566 3292 4617 fere
3313 4565 3494 4627 simile,
3515 4565 3584 4615 ‘ut
3604 4565 3747 4618 decet
3769 4577 3856 4613 ve-

2277 4643 2358 4685 tus
2381 4635 2707 4697 epigramma:

2461 4688 2618 4744 Barea
2639 4699 2882 4743 matronas
2903 4689 3088 4742 claudit
3115 4696 3346 4740 Basterna
3366 4688 3587 4752 pudicas.

2523 4763 2638 4814 oua:
2661 4754 2860 4817 radiant;
2882 4753 3100 4817 patulum
3119 4758 3271 4817 gestat
3295 4747 3516 4817 utrinque
3537 4747 3677 4817 latus:

2279 4808 2583 4880 Augustinus
2625 4815 2683 4863 ad
2705 4808 2995 4880 Nebridium
3029 4808 3204 4880 βρὶχς).
3257 4830 3280 4859 ι
3301 4808 3517 4880 mittatur
3539 4822 3604 4880 ne
3623 4808 3680 4857 ad
3705 4813 3758 4879 te
3783 4820 3864 4880 ac-

2279 4869 2715 4932 corﬁmmlissimum
2741 4875 2828 4925 tibi
2855 4869 3166 4925 vehiculum?
3189 4887 3299 4922 nam
3323 4875 3561 4932 basterna
3583 4869 3780 4920 innoxie
3811 4877 3863 4932 te

2281 4941 2396 4989 vebi
2422 4951 2565 5001 posse
2609 4946 2777 4988 noster
2821 4936 3114 5001 Lucinianus
3134 4943 3304 4984 auctor
3325 4942 3430 5001 .est.
3471 4949 3494 5001 ξ
3522 4931 3647 5001 Haec
3681 4943 3784 5001 vox
3815 4931 3864 4977 in

2281 4993 2451 5050 lsiJori
2471 4997 2680 5063 Glossar.
2701 4998 2982 5063 exponitur,
2997 5004 3121 5063 tecta
3141 4993 3395 5053 mutatis,
3412 5000 3524 5063 puta
3545 4998 3863 5063 gestatomam

2279 5063 2374 5112 sell
2390 5073 2593 5123 im,qua:
2617 5053 3450 5123 famulorummanibusportaretur.
3471 5055 3569 5123 Sed
3591 5065 3653 5102 ex
3681 5053 3861 5123 eodem

2281 5116 2530 5183 Originum
2555 5121 2588 5168 I.
2612 5120 2688 5170 20.
2713 5135 2756 5170 c.
2786 5121 2861 5169 12.
2902 5121 3124 5170 lecticam
3142 5116 3475 5181 iumentorum
3496 5117 3638 5164 dorso
3682 5116 3862 5176 imponi

2279 5185 2486 5244 solitam,
2512 5183 2589 5232 alii
2615 5184 3012 5244 interpretantur.
3116 5243 3121 5244 ν
3653 5241 3661 5244 _
3738 5234 3767 5244 ,,

2346 5246 2414 5308 (e)
2447 5234 2640 5308 Nonius
2663 5234 2927 5308 non,“un
2951 5242 3066 5308 aliis
3078 5243 3235 5308 visum
3275 5244 3367 5308 est,
3391 5250 3420 5287 a
3441 5241 3700 5308 senectute
3713 5234 3861 5308 dixit,

2281 5301 2369 5356 sed
2395 5301 2535 5370 'quud
2560 5301 3006 5370 itaappellareuttu-
3031 5304 3260 5370 Virgines
3283 5301 3407 5370 [)qu
3428 5301 3639 5370 devotae.
3658 5304 3863 5370 .etﬁqqa:

2282 5358 2585 5420 casle'vitam
2606 5358 2868 5427 degerent.
2896 5358 3157 5428 Fulbertus
3175 5367 3220 5412 in
3262 5361 3563 5428 ptruiteutiis
3586 5358 3861 5428 Liaieorum,

2282 5417 2332 5480 Si
2353 5417 2461 5488 quis
2482 5417 2703 5480 Nonium?
2715 5426 3005 5490 corruperit,
3030 5433 3227 5490 septem
3246 5417 3384 5490 armis
3406 5420 3648 5490 ptetu'teat.
3675 5417 3748 5466 Ad
3770 5428 3864 5490 ea:

2284 5482 2394 5539 nam
2418 5497 2598 5542 autem.
2623 5501 2768 5550 quam
2789 5482 3296 5550 dubiatn'vocat,_vide
3319 5482 3543 5550 Terentii
3568 5482 3865 5539 interpretes

2286 5551 2334 5600 in
2360 5550 2472 5598 illud
2498 5552 2544 5598 in
2569 5543 2882 5607 Phormione,
2905 5559 3048 5597 caena
3063 5547 3208 5608 dubia
3230 5543 3504 5608 apponitur.
3546 5602 3557 5608 _
3802 5597 3811 5608 .

2350 5611 2418 5673 (Ῑ)
2447 5612 2540 5661 Pro
2581 5611 2842 5660 satietatem
2870 5602 3056 5673 fugiens
3087 5602 3303 5656 llonmnﬁ
3323 5603 3452 5653 Edit.
3477 5602 3622 5664 hujus
3658 5602 3864 5650 seorsitn

2295 5669 2516 5736 epistolae
2539 5673 2603 5723 ad
2629 5669 2878 5736 vesperam
2913 5669 3194 5722 satietatem.
