4078 6198
235 263 338 321 ι(ιό

235 380 365 450 giis,
394 387 450 436 et
477 382 816 439 sermonibus
841 385 955 456 ejus
982 386 1196 444 intenta
1219 432 1233 456 ,
1257 389 1345 444 dic
1376 409 1389 443 :
1425 409 1442 441 ι
1482 390 1671 446 Nonne
1716 407 1811 447 cor

237 481 477 526 nostrum
519 474 717 529 ardens
767 485 882 530 erat
923 479 976 532 in
1033 481 1154 546 via,
1209 495 1329 536 cum
1369 482 1605 552 aperiret
1658 484 1815 538 nobis

236 560 390 616 Jesus
409 562 711 633 Scripturas
735 584 754 617 ι
790 565 1046 636 (Luc.2t.
1065 571 1154 641 32)
1179 572 1202 625 ?
1232 571 1301 626 Et
1327 572 1454 626 illud
1490 587 1506 626 :
1539 591 1558 624 ι
1587 573 1814 642 Ignitum

237 655 500 724 eloquium
551 667 696 712 tuum
746 661 1114 729 vehementer,
1143 674 1196 718 et
1221 679 1409 719 servus
1463 675 1586 720 tuus
1622 666 1816 720 dilexit

237 744 362 797 illud
397 765 414 796 ι
447 745 621 815 (Psal.
654 748 802 819 118).
837 751 1062 808 Difﬁcile
1112 761 1198 808 est
1235 754 1524 810 humanam
1581 757 1812 810 animam

234 835 431 904 aliquid
463 852 568 892 non
595 853 799 904 amare,
831 850 886 896 et
908 858 1131 899 necesse
1159 857 1260 909 est,
1283 853 1341 899 ut
1368 846 1419 898 in
1450 860 1815 917 quoscumque

233 942 384 982 mens
410 940 592 985 nostra
636 934 879 988 trahatur
916 935 1159 994 atl‘cctus.
1201 935 1391 992 Carnis
1416 952 1569 991 amor
1596 939 1813 1008 Spiritus

231 1033 414 1074 amore
447 1021 522 1091 (a)
575 1033 883 1092 superatur.
934 1026 1267 1086 Desiderium
1309 1028 1578 1087 desiderio
1658 1031 1811 1105 101

229 1110 599 1180 restinguitur.
631 1113 896 1183 Quidquid
933 1115 1058 1170 inde
1085 1117 1342 1171 minuitur
1367 1159 1385 1186 ,
1427 1119 1550 1174 hinc
1593 1121 1810 1175 crescit.

225 1198 364 1265 Quin
412 1201 590 1269 potius
641 1218 858 1272 semper
901 1203 974 1275 (ὁ)
1005 1205 1318 1278 ingemina,
1363 1218 1417 1265 et
1462 1210 1627 1266 dicito
1655 1226 1816 1280 super

222 1287 490 1344 lectulum
524 1300 670 1345 tuum
707 1313 720 1347 :
759 1311 778 1344 ¢
813 1293 869 1347 ln
897 1296 1146 1350 noctibus
1171 1299 1391 1367 quaesivi
1427 1315 1584 1370 quem
1629 1301 1815 1357 dilexit

216 1378 404 1431 anima
433 1394 552 1433 mea
587 1379 755 1451 (Cant.
786 1382 841 1437 3.
867 1382 942 1455 1).
971 1383 1287 1442 Mortiﬁcate
1312 1403 1461 1457 ergo,
1482 1389 1815 1462 inquitApo-

217 1467 418 1534 stulus,
438 1472 677 1525 membra
701 1481 873 1527 vestra
887 1485 1320 1548 qumsuntsuper
1335 1488 1530 1534 terram
1546 1501 1564 1532 ι
1593 1479 1809 1552 (Coloss.

216 1560 277 1615 3.
327 1560 430 1630 5).
483 1560 636 1618 Unde
683 1572 737 1619 et
788 1566 902 1635 ipse
948 1577 1132 1637 postea
1199 1571 1532 1627 conﬁdenter
1580 1575 1805 1630 aiebat:

224 1669 246 1703 ς
291 1650 426 1706 Vivo
451 1663 630 1708 autem
658 1694 674 1719 ,
697 1655 808 1724 jam
836 1672 940 1711 non
969 1674 1092 1729 ego,
1124 1661 1252 1714 vivit
1275 1676 1406 1716 vero
1435 1663 1490 1717 in
1538 1679 1625 1718 me
1652 1664 1810 1718 Chri-

219 1753 341 1799 stus
379 1763 398 1797 ›
439 1744 637 1817 (Calai.
665 1747 722 1802 2.
753 1749 868 1819 20).
895 1751 998 1819 Qui
1025 1753 1311 1808 mortiﬁcat
1337 1757 1576 1811 membra
1598 1773 1711 1824 sua,
1754 1768 1807 1814 et

219 1836 279 1891 in
307 1837 535 1908 imagine
564 1841 899 1909 perambulat
920 1883 936 1906 ,
968 1860 1074 1898 non
1109 1846 1260 1901 timet
1289 1846 1470 1902 dicere
1503 1868 1517 1903 :
1554 1869 1572 1902 ι
1609 1851 1806 1907 Factus

217 1944 342 1983 sum
369 1930 506 1984 sicut
529 1940 647 1986 uter
672 1931 724 1986 in
757 1934 945 2002 pruina
974 1953 993 1986 ι
1035 1935 1206 2006 (Psal.
1238 1938 1358 1993 118.
1390 1939 1505 2010 83).
1539 1939 1803 2012 Quidquid

219 2018 277 2071 in
311 2034 396 2072 me
423 2019 519 2074 fuit
541 2021 778 2077 hmnoris
807 2023 1046 2080 libidinis
1066 2038 1346 2085 excoctum
1375 2041 1492 2096 est;
1520 2032 1585 2088 Et
1611 2051 1626 2089 :
1665 2053 1686 2087 ‹
1721 2035 1805 2089 ln-

219 2109 430 2165 ﬁrmata
447 2123 572 2168 sunt
590 2114 641 2167 in
658 2114 863 2185 jejunio
878 2133 1050 2188 genua
1071 2135 1210 2185 mea;
1240 2141 1259 2173 ι
1285 2123 1379 2176 Et:
1410 2141 1430 2174 ι
1457 2125 1656 2180 oblitus
1684 2143 1803 2182 sum

219 2201 546 2258 manducare
573 2218 767 2273 panem
797 2221 994 2262 meum.
1022 2211 1064 2262 A
1094 2225 1227 2266 voce.
1252 2214 1478 2281 gemitus
1502 2216 1604 2271 mei
1631 2216 1805 2272 adlue-

216 2293 289 2347 sit
318 2309 379 2349 os
401 2311 576 2350 meum
605 2297 756 2352 carni
779 2313 912 2354 mea:
940 2319 959 2352 ι
984 2300 1101 2372 (Ps.
1135 2303 1261 2359 101.
1293 2304 1372 2376 6).

294 2387 381 2441 18.
417 2387 544 2443 Esto
567 2387 748 2444 cicada
776 2391 1035 2447 noctium.
1066 2393 1203 2448 Lava
1232 2410 1329 2466 per
1354 2397 1592 2467 singulas
1619 2408 1803 2456 noctes

214 2479 416 2534 lectum
447 2489 612 2545 tuum,
647 2482 896 2556 lacrymis
942 2485 1045 2541 tuis
1088 2495 1313 2542 stratmn
1357 2489 1489 2560 riga.
1527 2489 1717 2560 Vigila,
1750 2500 1804 2546 et

215 2574 294 2628 sis
323 2574 460 2629 sicut
485 2591 674 2646 passer
713 2577 767 2632 in
797 2579 1108 2635 solitudine.
1160 2580 1336 2637 Psalle
1379 2583 1588 2652 spiritu,
1634 2584 1803 2654 psalle

215 2675 272 2720 et
299 2680 507 2721 sensu:
545 2685 564 2720 ι
594 2668 846 2735 Benedic,
898 2671 1076 2726 anima
1117 2687 1255 2740 mea,
1291 2674 1597 2742 Dominum,
1641 2685 1695 2732 et
1733 2691 1803 2733 ne

216 2757 555 2813 obliviscaris
580 2775 771 2816 omnes
800 2762 1183 2819 retributiones
1211 2767 1328 2836 ejus
1369 2782 1384 2821 :
1429 2767 1520 2837 qui
1551 2767 1804 2838 propitia-

217 2856 304 2901 tur
329 2849 538 2905 cmtctis
564 2851 930 2921 iniquitatibus
959 2855 1062 2909 tuis
1088 2873 1101 2910 :
1125 2856 1224 2922 Qui
1252 2867 1405 2912 sanat
1428 2873 1617 2914 omnes
1649 2861 1800 2916 inﬁr-

215 2940 434 2994 mitates
459 2951 594 3007 tuas,
616 2951 668 2996 et
696 2942 910 2998 redimit
935 2959 1000 3000 ex
1027 2949 1374 3018 corruptione
1401 2951 1562 3004 vitam
1602 2959 1744 3005 tuam
1775 2969 1796 3004 ι

216 3029 394 3098 (Ρεαι.
443 3031 564 3086 101.
623 3033 674 3086 1.
727 3043 772 3087 et
808 3035 969 3107 seqq).
1010 3037 1078 3091 Et
1114 3041 1232 3106 quis
1272 3049 1513 3094 nostrum
1542 3057 1608 3095 ex
1638 3040 1802 3097 corde

216 3124 401 3178 dicere
430 3133 604 3190 potest
631 3142 644 3179 :
675 3143 692 3175 ι
723 3125 855 3193 Quia
885 3127 1121 3184 cinerem
1150 3136 1399 3200 tanquam
1443 3146 1632 3200 panem
1659 3145 1804 3184 man-

215 3214 504 3282 dtlcabatn,
541 3226 594 3270 et
623 3219 896 3287 potionem
929 3235 1102 3275 meam
1127 3236 1250 3276 cum
1295 3221 1420 3277 ﬂetu
1450 3224 1739 3278 miscebam
1775 3243 1794 3276 ι

218 3305 341 3372 (Ps.
375 3306 633 3376 101.10).
683 3309 764 3364 An
808 3327 912 3364 non
953 3311 1187 3367 ﬂendum
1206 3323 1435 3381 est,non
1455 3315 1798 3384 gemendum,

217 3411 339 3451 cum
375 3414 462 3454 me
508 3416 695 3456 rursus
726 3417 954 3474 serpens
999 3403 1187 3459 invitat
1221 3405 1286 3460 ad
1331 3406 1546 3462 illicitos
1601 3408 1801 3463 cibos?

217 3487 352 3541 Cum
397 3489 464 3544 de
510 3492 757 3558 paradiso
803 3492 1133 3564 Virginitatis
1187 3495 1412 3564 ejectos,
1459 3498 1653 3553 tunicis
1689 3499 1802 3553 vult

219 3580 418 3633 vestire
457 3581 715 3649 pelliceis,
763 3598 894 3653 quas
940 3584 1086 3638 Elias
1115 3584 1182 3639 ad
1213 3586 1517 3660 paradisum
1565 3587 1797 3654 rediens,

219 3667 446 3738 projccit
477 3669 527 3723 in
557 3673 790 3727 terram?
821 3674 956 3747 Quid
985 3674 1114 3731 mihi
1143 3685 1196 3730 et
1224 3677 1504 3746 voluptati,
1528 3694 1646 3752 qua:
1672 3678 1798 3733 bre-

216 3763 267 3816 vi
315 3764 488 3832 perit?
527 3765 651 3834 quid
696 3781 816 3820 cum
865 3768 967 3822 hoc
996 3767 1138 3823 dulci
1167 3780 1220 3824 et
1247 3772 1526 3827 mortifero
1557 3773 1798 3828 carmine

216 3859 560 3912 sirenarum?
596 3852 732 3911 Nolo
777 3867 830 3914 te
860 3860 936 3913 illi
978 3860 1258 3931 subjacere
1285 3866 1585 3928 sententite,
1614 3881 1714 3932 qua
1747 3866 1798 3918 in

216 3949 491 4010 hominem
533 3957 618 4002 est
659 3949 804 4001 illata
845 3949 1116 4005 damnatio
1147 3969 1160 4003 :
1201 3973 1220 4004 ι
1251 3953 1305 4006 In
1335 3955 1630 4021 doloribus,
1662 3966 1716 4011 et
1745 3957 1797 4011 in

214 4035 582 4094 anxietatibus
632 4039 806 4106 paries
835 4058 854 4089 ι
909 4038 1061 4109 (Gen.
1094 4043 1146 4095 5.
1181 4043 1292 4112 16).
1322 4044 1556 4099 Malueris
1586 4048 1667 4100 lex
1700 4049 1799 4102 ista

214 4138 319 4192 est,
376 4141 484 4180 non
517 4141 672 4180 mea:
711 4145 729 4180 ‹
762 4127 829 4181 Et
867 4126 936 4181 ad
980 4130 1152 4186 virum
1196 4134 1478 4187 conversio
1519 4144 1624 4191 tua.
1659 4156 1678 4187 ›
1723 4138 1803 4192 Sit

221 4218 506 4273 conversio
549 4217 693 4272 illius
734 4219 800 4272 ad
845 4221 1117 4288 maritum,
1163 4239 1281 4292 qua:
1308 4224 1477 4278 virum
1512 4241 1615 4279 non
1645 4227 1804 4281 habet

218 4309 512 4366 Christum.
539 4309 605 4365 Et
625 4311 690 4365 ad
709 4322 1030 4377 extremum,
1067 4333 1086 4366 ‹
1113 4325 1287 4370 morte
1315 4318 1580 4371 morieris.
1609 4338 1626 4370 ι
1656 4319 1803 4374 Finis

220 4401 319 4455 istc
363 4402 624 4472 conjugii;
674 4419 852 4459 meum
881 4406 1211 4474 propositum
1241 4407 1357 4461 sine
1394 4421 1524 4461 sexu
1553 4419 1653 4464 est.
1697 4411 1803 4466 lla-

163 4487 170 4492 ’
220 4490 376 4546 beant
420 4504 596 4562 nupta:
641 4508 795 4548 suum
827 4504 1057 4564 tempus,
1087 4507 1139 4550 et
1168 4496 1397 4551 titulum.
1429 4497 1554 4552 Mihi
1582 4501 1802 4571 virgini-

220 4589 298 4642 tas
326 4581 378 4636 in
403 4582 563 4638 Maria
589 4583 870 4639 dedicatur
895 4594 948 4638 et
973 4586 1206 4640 Christo.

289 4674 375 4729 19.
413 4673 558 4737 Dicat
587 4673 778 4746 aliquis
811 4694 825 4729 :
855 4675 921 4734 Et
943 4675 1108 4731 audes
1130 4677 1328 4750 nuptiis
1350 4677 1656 4747 detrahere,
1682 4697 1800 4752 qua:

217 4779 248 4827 a
291 4765 398 4819 Deo
442 4766 736 4828 benedicta:
775 4768 942 4822 sunt?
990 4769 1105 4824 Non
1146 4780 1229 4825 est
1259 4771 1545 4828 detrahere
1575 4777 1796 4844 nuptiis,

217 4869 338 4908 cum
369 4855 470 4911 illis
494 4857 770 4926 virginitas
850 4860 1004 4930 102
1078 4862 1395 4918 antefertur.
1415 4863 1580 4918 Nemo
1600 4867 1796 4920 malmu

217 4944 362 5000 bono
391 4958 680 5021 comparat.
705 4949 1011 5013 Glorientur
1040 4962 1094 5007 ct
1137 4963 1337 5028 nuptm,
1369 4970 1490 5011 cum
1519 4973 1546 5009 a
1573 4958 1800 5027 virgini-

216 5035 317 5090 bus
339 5032 448 5087 sint
476 5037 740 5092 secundm.
767 5058 784 5090 ι
810 5041 1064 5108 Crescite,
1088 5044 1182 5110 ait,
1203 5052 1258 5100 et
1281 5046 1726 5116 multiplicamini,
1744 5056 1800 5103 et

215 5126 422 5195 replete
467 5133 662 5183 terram
695 5144 713 5178 ι
750 5127 952 5195 (Cenes.
982 5132 1036 5196 l,
1064 5134 1182 5204 28).
1210 5134 1432 5192 Crescat
1460 5146 1514 5192 et
1540 5138 1798 5207 multipli-

213 5227 368 5273 cetur
398 5217 512 5283 ille,
541 5218 629 5288 qui
655 5219 968 5289 impleturus
990 5235 1071 5279 est
1094 5235 1309 5286 terram.
1335 5231 1507 5286 Tuum
1528 5246 1719 5301 agmen
1742 5231 1795 5285 in

275 5375 349 5455 (ς)
383 5373 582 5455 quidam
592 5375 724 5455 ,
737 5379 916 5455 quibus
930 5379 1506 5455 Aquisgranensisjsynodi
1527 5387 1674 5455 lectio
1688 5402 1797 5437 con-

210 5440 344 5508 evnit,
371 5455 393 5482 ι
411 5450 617 5508 necesse
642 5446 737 5498 est,
756 5440 814 5491 'ut
829 5440 1384 5508 inquOZscur'nquemens'
1399 5460 1564 5502 nostra
1581 5451 1796 5500 trahatur

210 5499 428 5576 strictus;
450 5501 609 5576 carnis
631 5515 763 5576 amor
781 5499 980 5576 spiritus
1015 5499 1180 5576 amore
1202 5499 1540 5576 superetur.)

274 5559 898 5638 ἵῖἶὶΧβΓίυῗί⁰¹⁵ι³ἓἛέί¹ίὶ
915 5566 1190 5638 ίῖιθεηιξηα,ε
1212 5559 1612 5638 Sine—{Erotium
1637 5587 1795 5638 "tcum

208 5621 256 5701 in
271 5621 484 5673 nantibus
497 5629 596 5701 etc.
625 5626 751 5675 unde
763 5627 944 5701 Cantici
963 5621 1233 5701 versiculus
1246 5621 1350 5701 ipse
1373 5621 1646 5691 inchoatur.
1669 5621 1793 5688 infra

208 5693 356 5744 pauca
371 5686 591 5748 quaedam
611 5691 925 5742 emeuJamus
945 5693 1146 5746 minoris
1167 5686 1413 5756 momenti.

1561 245 1566 250 ’
1615 274 1942 332 crtsroLA
1983 277 2144 335 xxu.

3399 302 3508 359 408

1922 395 2072 450 ctelis
2097 405 2191 451 est.
2236 416 2254 449 ι
2285 400 2524 458 Crescite
2549 412 2603 459 et
2641 407 3089 480 multiplicamini,
3118 435 3137 469 ι
3179 415 3283 473 hoc
3319 420 3508 489 exple-

1923 494 2008 538 tur
2047 488 2278 543 edictum
2320 503 2444 561 post
2487 497 2788 563 paradisum
2836 511 2891 554 et
2920 505 3234 573 nuditatem,
3277 520 3332 566 et
3368 488 3504 570 licus

1921 573 2071 642 folia,
2103 583 2436 649 auSpicantia
2471 587 2796 657 pruriginem
2839 592 3166 660 nuptiarum.
3210 599 3406 669 Nubat,
3447 612 3504 658 et

1922 666 2156 722 nubatur
2186 670 2297 734 ille,
2325 673 2418 738 qui
2465 675 2514 727 in
2570 679 2767 732 sudore
2821 679 2971 736 faciei
3029 687 3264 742 comedit
3306 666 3502 758 panem

1919 769 2094 823 suum,
2127 761 2280 830 cujus
2304 772 2442 818 terra
2477 767 2704 821 tribulos
2726 780 2777 824 et
2809 771 2992 839 spinas
3012 786 3254 842 generat,
3278 787 3334 832 et
3353 783 3505 848 cujus

1920 846 2084 905 herba
2133 855 2376 910 sentibus
2418 857 2728 914 suﬂ'ocatur.
2760 861 2936 917 Meum
2969 881 3154 920 semen
3196 872 3505 926 centenaria

1919 939 2075 1010 fruge
2103 943 2412 1002 fecundum
2442 959 2541 1004 est.
2596 970 2615 1003 ι
2643 952 2756 1007 Non
2796 970 2987 1011 omnes
3025 959 3245 1028 capiunt
3283 961 3508 1018 verbum

1920 1030 2036 1097 Dei,
2065 1035 2157 1088 sed
2191 1037 2243 1090 hi
2272 1038 2465 1107 quibus
2481 1041 2660 1097 datum
2683 1054 2765 1099 est
2787 1063 2806 1097 ι
2839 1045 3052 1116 (Matth.
3077 1048 3163 1104 19.
3191 1050 3303 1121 11).
3325 1051 3504 1106 Alium

1919 1129 2223 1178 eunuchum
2257 1131 2554 1185 necessitas
2592 1131 2773 1199 faciat,
2808 1151 2894 1190 me
2922 1137 3189 1194 voluntas.
3228 1159 3246 1192 ι
3271 1139 3506 1210 Tempus

1919 1215 2280 1284 amplexandi,
2323 1229 2379 1274 et
2423 1231 2636 1290 tempus
2676 1225 2976 1281 abSIinendi
3019 1244 3048 1282 a
3081 1230 3452 1301 complexibus
3485 1249 3500 1286 :

1919 1313 2130 1375 tempus
2171 1310 2414 1364 mittendi
2443 1312 2668 1382 lapides,
2699 1324 2750 1369 et
2772 1326 2979 1387 tempus
3000 1320 3282 1390 colligendi
3313 1341 3332 1374 ι
3373 1321 3503 1392 (Ec-

1918 1395 2039 1448 ctes.
2086 1397 2140 1451 5.
2187 1397 2264 1469 5).
2316 1400 2604 1472 Postquam
2637 1405 2704 1459 de
2734 1406 2927 1462 duritia
2961 1411 3234 1466 nationum
3262 1415 3504 1481 generati

1917 1497 2043 1541 sunt
2071 1489 2163 1543 lilii
2196 1492 2446 1558 Abrahae,
2478 1495 2551 1566 (c)
2583 1510 2863 1566 cmperunt
2895 1519 2914 1552 ι
2939 1503 3110 1556 sancti
3137 1503 3340 1572 lapides
3363 1504 3503 1559 volvi

1916 1591 2078 1646 super
2122 1588 2317 1635 terram
2346 1603 2365 1634 ι
2415 1584 2594 1654 (ΖησΙι.
2643 1587 2694 1642 9.
2744 1589 2857 1660 16).
2908 1591 3264 1648 Petranseunt
3307 1595 3503 1666 quippe

1914 1668 2096 1721 mundi
2141 1670 2295 1724 istius
2328 1674 2586 1738 turbines,
2618 1687 2672 1730 et
2712 1679 2762 1732 in
2797 1695 2958 1736 curru
2990 1683 3102 1746 Dei,
3138 1693 3374 1739 rotarum
3405 1700 3497 1739 cc-

1913 1756 2122 1814 leritate
2155 1762 2460 1818 volvuntur.
2493 1764 2768 1822 Consuant
2793 1771 3020 1837 tunicas,
3045 1774 3134 1843 qui
3158 1775 3498 1830 inconsutam

1912 1849 2193 1905 desursum
2226 1855 2454 1909 tunicam
2484 1859 2848 1927 perdiderunt,
2882 1879 3017 1933 quos
3041 1867 3245 1935 vagitus
3265 1867 3500 1924 delectat

1910 1941 2211 2007 infantium,
2245 1945 2296 2000 in
2323 1947 2439 2016 ipso
2461 1949 2599 2004 lucis
2625 1954 2847 2008 exordio
2878 1954 3006 2010 ﬂetu
3032 1956 3325 2027 lugentium
3353 1960 3497 2029 quod

1911 2033 2017 2085 nati
2048 2045 2192 2090 sunt.
2229 2035 2336 2088 Eva
2370 2038 2421 2091 in
2453 2041 2705 2108 paradiso
2736 2045 2886 2114 virgo
2916 2046 3016 2100 fuit
3048 2064 3060 2100 :
3094 2059 3214 2117 post
3241 2050 3496 2118 pelliceas

1910 2124 2137 2187 tunicas,
2164 2127 2370 2181 initium
2406 2133 2632 2199 sumpsit
2662 2135 2989 2203 nuptiarum.
3023 2137 3134 2192 'l‘ua
3163 2141 3310 2209 regio
3343 2155 3497 2210 para-

1908 2211 2055 2267 disus
2099 2225 2201 2269 est.
2259 2216 2426 2272 Serva
2471 2221 2610 2288 quod
2640 2233 2761 2276 nata
2788 2239 2870 2290 es,
2901 2232 2956 2278 et
2981 2225 3068 2281 die
3099 2244 3112 2280 :
3146 2245 3165 2278 ι
3203 2227 3495 2284 Revertere

1908 2305 2082 2358 anima
2116 2321 2231 2359 mea
2277 2307 2328 2360 in
2370 2310 2610 2379 requiem
2659 2320 2802 2366 tuam
2833 2331 2852 2366 ι
2911 2313 3029 2385 (Ps.
3066 2315 3188 2371 124.
3235 2317 3311 2387 7).
3341 2317 3409 2372 Et
3437 2326 3497 2374 ut

1909 2394 2050 2449 scias
2077 2395 2438 2467 virginitatem
2462 2416 2581 2456 esse
2594 2412 2816 2472 natura,
2837 2406 3052 2474 nuptias
3066 2416 3186 2476 post
3200 2406 3453 2464 delictum
3476 2427 3492 2465 :

1907 2485 2057 2556 virgo
2082 2489 2320 2543 nascitur
2349 2504 2476 2546 caro
2505 2491 2571 2547 de
2598 2495 2818 2563 nuptiis,
2853 2507 2907 2551 et
2935 2496 2988 2552 in
3019 2496 3191 2554 fructu
3235 2498 3492 2568 reddens,

1907 2576 2049 2646 quod
2086 2578 2137 2632 in
2181 2580 2361 2637 radice
2399 2583 2726 2651 perdiderat.
2778 2603 2798 2638 ι
2829 2587 2986 2644 Exiet
3025 2590 3168 2661 virga
3206 2591 3275 2646 de
3309 2593 3494 2650 radice

1904 2666 2078 2736 Jesse,
2104 2680 2158 2725 et
2196 2672 2297 2727 ﬂos
2327 2673 2394 2728 de
2420 2675 2600 2731 radice
2626 2678 2743 2747 ejus
2768 2681 3022 2737 ascendet
3049 2701 3068 2735 ›
3106 2682 3256 2754 (Ιεαὶ.
3288 2686 3373 2740 11.
3409 2687 3490 2757 1).

1906 2759 2068 2831 Virga
2113 2762 2280 2819 Mater
2324 2775 2409 2820 est
2476 2768 2706 2838 Domini,
2754 2771 3007 2842 simplex,
3063 2789 3211 2843 pura,
3257 2777 3490 2846 sincera,

1905 2854 2054 2909 nullo
2083 2858 2416 2912 extrinsecus
2446 2861 2686 2928 gerruiue
2713 2863 3040 2930 cohrercnte,
3070 2877 3126 2920 et
3144 2865 3210 2919 ad
3238 2867 3490 2921 similituo

1905 2944 2086 3001 dinem
2115 2949 2206 3002 Dei
2239 2949 2318 3021 (ιι)
2349 2952 2546 3005 unione
2578 2952 2849 3006 foecunda.
2895 2953 3071 3024 Virga:
3115 2955 3214 3009 ﬂos
3243 2955 3492 3012 Christus

1905 3050 2009 3103 est,
2041 3039 2226 3093 dicens
2256 3057 2268 3092 ε
2300 3058 2318 3091 ι
2352 3041 2463 3110 Ego
2492 3041 2592 3096 tios
2617 3043 2814 3112 campi,
2838 3053 2894 3099 et
2914 3045 3082 3099 lilium
3104 3047 3429 3101 convallium
3467 3068 3486 3100 ι

1869 3173 1875 3178 .
1907 3125 2082 3196 (Cant.
2114 3127 2168 3180 2.
2201 3126 2274 3197 l).
2307 3129 2407 3195 Qui
2439 3139 2488 3183 et
2516 3129 2569 3184 in
2597 3131 2704 3185 alio
2732 3131 2866 3198 loco,
2894 3132 3028 3202 lapis
3051 3134 3372 3203 praedicatur
3398 3137 3492 3190 ab-

1905 3218 2104 3272 scissus
2141 3218 2208 3273 de
2252 3227 2434 3273 monte
2475 3221 2593 3276 sine
2636 3222 2883 3276 manibus
2907 3241 2926 3276 ι
2977 3223 3137 3293 (Dan.
3167 3224 3246 3296 2),
3283 3227 3489 3295 signiti-

1905 3318 2060 3363 cante
2083 3309 2371 3380 Propheta,
2393 3311 2652 3382 virginem
2677 3314 3000 3369 nasciturum
3018 3331 3141 3371 esse
3158 3317 3224 3371 de
3247 3316 3486 3388 Virgine.

1904 3400 2088 3456 Manus
2131 3403 2327 3472 quippe
2355 3403 2692 3474 accipiuntur
2729 3421 2826 3476 pro
2859 3423 3025 3478 opere
3065 3410 3392 3479 nuptiarum,
3432 3421 3492 3466 ut

1906 3490 1979 3546 ibi
2011 3508 2024 3546 :
2060 3511 2078 3543 ι
2102 3492 2327 3547 Sinistra
2357 3493 2474 3562 ejus
2499 3495 2599 3550 sub
2629 3497 2802 3566 capite
2829 3513 2971 3565 meo,
3003 3507 3058 3554 et
3096 3500 3313 3556 dextera
3347 3501 3489 3558 illius

1904 3583 2295 3650 amplexabitur
2317 3601 2401 3640 me
2422 3605 2440 3637 ›
2469 3585 2640 3655 (Cant.
2665 3588 2744 3658 2).
2773 3587 2826 3642 ln
2850 3588 3007 3659 hujus
3029 3605 3220 3648 sensus
3242 3593 3490 3663 congruit

1911 3674 2062 3747 103
2139 3677 2464 3731 voluntatem
2491 3679 2650 3732 etiam
2683 3679 2809 3734 illud
2838 3722 2854 3746 ,
2882 3680 3024 3750 quod
3069 3683 3336 3748 animalia,
3367 3698 3490 3754 qua:

1905 3765 1957 3819 in
1977 3768 2166 3820 Arcam
2187 3768 2298 3822 Noe
2323 3769 2446 3822 bina
2469 3769 2810 3835 inducuntur,
2836 3771 3106 3826 immunda
3127 3783 3283 3829 sunt:
3317 3774 3490 3845 impar

1905 3857 2044 3910 enim
2077 3873 2332 3913 numerus
2360 3868 2439 3913 cst
2471 3859 2720 3914 mundus.
2755 3860 2821 3913 Et
2849 3860 3058 3930 Moyses
3085 3872 3137 3914 et
3163 3861 3318 3916 Jesus
3342 3864 3489 3920 Nave

1905 3947 2062 4000 nudis
2090 3947 2142 4000 in
2172 3958 2413 4002 sanctam
2439 3949 2660 4002 Terram
2688 3949 2912 4017 pedibus
2933 3951 3191 4019 jubentur
3212 3953 3484 4011 incedere.

1905 4036 1970 4091 Et
2003 4037 2245 4107 discipuli
2276 4038 2393 4092 sine
2432 4038 2916 4094 calceamentorum
2964 4059 3150 4106 onere,
3181 4052 3235 4098 et
3261 4043 3488 4102 vinculis

1907 4130 2122 4201 pellium
2139 4131 2204 4184 ad
2225 4131 2659 4199 pra:dicationem
2682 4134 2803 4186 novi
2825 4133 3094 4204 Evangelii
3113 4135 3446 4192 destinantur
3469 4157 3483 4194 :

1906 4221 1971 4275 Et
1999 4221 2213 4282 milites,
2243 4221 2581 4275 vestimentis
2606 4222 2732 4276 Jesu
2762 4233 2907 4278 sorte
2929 4225 3136 4288 divisis,
3158 4227 3357 4298 caligas
3379 4244 3485 4284 non

1909 4311 2172 4365 habebant
2201 4311 2306 4383 [:il.
2341 4311 2594 4384 habuere]
2623 4328 2754 4381 quas
2785 4315 3054 4370 tollerent.
3085 4316 3192 4372 Nec
3219 4319 3362 4373 enim
3392 4335 3488 4388 po-

1907 4394 2044 4457 terat
2070 4403 2264 4458 habere
2297 4403 2572 4470 Dominus,
2601 4405 2741 4474 quod
2772 4406 3115 4475 prohibuerat
3140 4411 3330 4464 servis.

1977 4493 2066 4548 20.
2093 4493 2276 4551 Laudo
2303 4495 2533 4563 nuptias,
2563 4495 2720 4550 laudo
2743 4496 3068 4568 conjugium,
3095 4502 3187 4556 sed
3210 4503 3330 4572 quia
3353 4504 3485 4560 mihi

1905 4584 2143 4654 virgines
2190 4596 2449 4654 generant
2496 4603 2508 4639 :
2563 4586 2684 4656 lego
2731 4587 2797 4642 de
2827 4589 2993 4659 spinis
3021 4606 3219 4658 rosam,
3249 4593 3314 4648 de
3343 4603 3484 4651 terra

1968 4717 2036 4780 (ε)
2069 4717 2243 4786 Confer
2265 4720 2312 4786 in
2336 4720 2606 4770 zachariam
2632 4720 3027 4786 Commentarios,
3048 4727 3132 4775 ubi
3154 4727 3258 4774 hare
3274 4726 3484 4779 dilucide

1901 4781 2144 4842 sententia
2169 4780 2456 4842 explicatur.

1967 4841 2044 4903 (τι)
2072 4841 2661 4912 intelligest'ngutaritate,
2676 4859 2754 4912 _Clll
2774 4845 2808 4894 ti
2817 4859 2942 4896 raece
2953 4861 3065 4912 μονέιί
3078 4847 3342 4912 reSpondet
3354 4863 3487 4912 {quo

1901 4915 2050 4951 sensu
2075 4904 2254 4964 saepius
2276 4904 2386 4954 alibi
2411 4919 2580 4954 vocem
2603 4908 2824 4956 mimtcm
2846 4904 2991 4956 sumit
3023 4904 3176 4956 Hier."
3199 4911 3317 4958 utin
3351 4904 3484 4962 Osce

1901 4965 2111 5033 cap._15.
2136 4964 2195 5033 ad
2214 4966 2301 5033 ila.
2333 4966 2707 5033 Virgasjmplea;
2722 4975 2766 5033 et
2783 4967 3067 5033 purissima,
3087 4977 3130 5018 el
3156 4977 3378 5033 UN_I0.V'I£
3396 4973 3484 5033 [ιε-

1901 5025 2078 5077 cmtda.
2099 5031 2195 5075 etc.
2214 5025 2274 5088 Et
2291 5028 2337 5074 in
2355 5025 2460 5088 cap.
2472 5027 2548 5088 40.
2569 5025 2812 5078 Ezechiel.
2832 5030 2892 5074 ad
2913 5025 3077 5087 verba,
3095 5035 3147 5079 Et
3164 5029 3384 5079 columna
3396 5025 3484 5083 ea-

1901 5099 2070 5164 rum...
2097 5099 2192 5134 una
2212 5087 2344 5158 hinc,
2369 5086 2592 5164 {tubera
2608 5089 2742 5164 inde,
2767 5098 2866 5138 Non
2889 5086 3240 5164 (lia‘it,_inquit,
3265 5091 3480 5164 (turea...

1899 5149 1987 5198 sed
2028 5160 2141 5206 una,
2184 5147 2266 5204 qui
2289 5149 2531 5212 perfectus
2552 5155 2620 5198 est
2643 5147 2886 5212 uanae-rus,
2911 5157 2956 5198 ct
2984 5147 3210 5212 υΝιολΈ
3225 5147 3301 5202 sui
3322 5153 3484 5206 imita-

1899 5215 1980 5258 tur
1998 5217 2162 5266 Deum,
2171 5209 2460 5278 _ew._Uttdga
2467 5216 2639 5278 pparct
2649 5209 2967 5278 heicquoque
2980 5211 3072 5278 loci
3088 5212 3130 5260 id
3143 5213 3234 5278 sibi
3251 5214 3481 5278 voluisse,

1901 5279 1953 5336 ut
1975 5269 2538 5336 quemadmodumDeus
2562 5270 2707 5336 Pater
2730 5269 2943 5336 verbum
2965 5272 3098 5336 solus
3117 5275 3303 5336 absque
3328 5269 3484 5328 matre

1937 5328 2074 5398 igiiit,
2099 5330 2169 5377 sic
2193 5328 2339 5398 Maria
2363 5330 2511 5398 Virgo
2534 5330 2635 5379 sola
2649 5333 2834 5394 absque
2855 5335 2954 5398 viro
2969 5334 3211 5398 Christum
3224 5328 3481 5398 "genuerit.

1937 5344 2074 5389 rguit,
2099 5344 2169 5377 ste
2193 5344 2339 5377 maria
2370 5344 2392 5379 ν
2407 5344 2511 5390 trgo
2534 5344 2635 5379 seta
2649 5344 2834 5394 absque
2855 5347 2954 5385 viro
2969 5344 3211 5385 Christum
3232 5344 3481 5398 genuerit.

1899 5344 2004 5458 ilco
2025 5391 2201 5439 desunt
2225 5389 2428 5458 aliorum
2453 5391 2650 5458 Patrum
2675 5393 2919 5458 egempla,
2944 5396 3027 5458 qui
3053 5411 3112 5447 eo
3135 5411 3284 5446 sensu
3311 5411 3481 5452 vocem

1900 5453 2030 5502 illam
2045 5453 2348 5515 _usurpari_nt,
2373 5460 2424 5501 et
2448 5455 2690 5515 przecipue
2713 5455 2767 5504 S.
2792 5453 2994 5508 Hilarius
3015 5459 3062 5507 in
3087 5459 3219 5508 libris
3239 5459 3304 5509 de
3326 5459 3482 5512 Trini-

1899 5521 2018 5564 tate.
2045 5511 2465 5585 interimClsterc'.
2486 5515 2576 5564 Ms.
2594 5511 2648 5565 'et
2664 5517 2744 5565 alii
2763 5519 2952 5585 quidam
2968 5519 3141 5585 legunt
3157 5521 3352 5585 unitate,
3370 5511 3483 5585 qua:

1897 5575 2144 5641 synonima
2168 5574 2335 5641 potioni
2367 5589 2457 5625 vox
2493 5585 2596 5636 est,
2623 5585 2678 5628 ut
2716 5574 2840 5641 apud
2872 5574 3225 5633 Tertullianum
3247 5574 3485 5636 adversus

1898 5639 2142 5702 Praxeam
2163 5639 2409 5702 invenitur
2427 5652 2441 5700 ;
2461 5652 2735 5702 quanquam
2748 5639 2814 5692 ex
2832 5643 2919 5694 SS.
2947 5645 3143 5696 Patrum
3160 5659 3308 5697 sensu
3323 5647 3482 5701 unita

1901 5700 2094 5767 proprie
2113 5700 2171 5751 ad
2197 5709 2434 5767 naturam,
2460 5700 2571 5755 unto
2593 5700 2650 5754 ad
2673 5717 2928 5769 personam
2951 5709 3124 5762 referri
3147 5708 3322 5762 soleat.
