4078 6198
607 251 714 309 407

605 383 820 434 aurum,
864 364 933 422 de
970 357 1173 420 concha
1219 352 1578 425 margaritam.
1612 346 1858 418 Nunquid
1895 346 1987 417 qui
2029 352 2179 412 arat,

606 467 718 514 tota
751 456 843 512 die
876 451 1085 510 arabit?
1121 446 1310 503 Nonne
1353 451 1409 498 et
1447 440 1646 496 laboris
1684 438 1766 494 sui
1805 436 1956 507 fruge
1979 434 2188 491 lzetabi-

605 548 733 604 turi
764 547 840 619 (α)
875 545 1000 600 Plus
1028 539 1360 594 honorantur
1409 533 1627 600 nuptize,
1671 526 1887 619 quando
1924 525 2089 619 quod
2114 524 2184 619 de

606 638 715 695 illis
750 614 980 691 nascitur
1009 628 1127 700 plus
1155 631 1395 682 amatur:
1418 622 1555 690 Quid
1586 618 1789 675 invides
1816 626 1986 672 mater
2019 614 2184 670 lilite?

604 728 723 784 Tuo
746 726 884 780 lacte
912 720 1110 777 nutrita
1136 726 1256 784 est,
1287 715 1394 771 tuis
1418 712 1639 769 educata
1668 709 1983 774 visceribus,
2011 707 2067 761 in
2094 716 2186 761 tuo

605 814 844 874 adolevit
885 813 1028 869 sinu.
1067 810 1148 867 Tu
1176 809 1318 864 illam
1347 805 1607 875 virginem
1639 801 1822 857 sedula
1850 799 2049 870 pietate
2072 812 2187 853 ser-

604 905 763 964 vasti.
809 902 1128 975 lndignaris,
1160 897 1302 971 quod
1349 895 1520 951 noluit
1547 892 1734 949 militis
1757 905 1878 946 esse
1903 903 2058 955 uxor,
2090 885 2186 941 sed

604 998 784 1070 regis?
830 994 1043 1054 Grande
1078 994 1173 1049 tibi
1216 989 1529 1047 beneﬁcium
1574 984 1842 1055 prmstitit.
1890 980 1963 1055 (ιι)
1989 981 2188 1037 Socrus

605 1088 703 1145 Dei
742 1104 865 1145 esse
890 1084 1120 1156 coepisti.
1159 1102 1177 1136 ι
1211 1082 1287 1138 De
1315 1078 1645 1151 Virginibus,
1675 1074 1849 1145 inquit
1874 1070 2183 1143 Apostolus,

602 1190 931 1254 prteceptum
960 1175 1169 1233 Domini
1198 1190 1303 1230 non
1329 1171 1503 1227 habeo
1524 1189 1543 1222 ι
1578 1170 1653 1240 (1.
1676 1168 1794 1223 Cor.
1819 1167 1872 1220 7.
1894 1165 2010 1231 25).
2038 1161 2187 1216 Cur?

606 1275 742 1343 Quia
764 1284 816 1330 et
842 1274 958 1344 ipse
983 1280 1039 1327 ut
1070 1277 1212 1325 esset
1238 1267 1408 1336 virgo,
1435 1278 1540 1319 non
1570 1261 1667 1316 fuit
1694 1257 1923 1329 imperii,
1949 1254 2040 1310 sed
2066 1268 2188 1324 pro-

604 1366 738 1437 pria:
763 1363 1072 1419 voluntatis.
1104 1359 1285 1430 Neque
1314 1356 1457 1413 enim
1487 1350 1736 1408 audiendi
1766 1357 1911 1413 sunt,
1941 1344 2032 1437 qui
2063 1357 2187 1437 eum

606 1431 832 1510 usuram
857 1452 1108 1506 habuisse
1129 1446 1463 1517 conﬁngunt,
1494 1456 1616 1498 cum
1657 1439 1722 1494 de
1738 1434 2069 1494 continentia
2086 1431 2191 1487 dis.

607 1559 794 1600 serens
823 1553 879 1599 et
906 1541 1137 1597 suadens
1166 1538 1238 1611 (c)
1288 1544 1598 1607 perpetuam
1642 1529 1964 1593 castitatem,
1997 1524 2191 1580 intule-

606 1637 676 1690 rit
701 1654 715 1690 :
740 1655 759 1687 ι
786 1635 922 1689 Volo
937 1644 1113 1689 autem
1132 1645 1319 1686 omnes
1341 1642 1460 1683 esse
1479 1624 1615 1681 sicut
1635 1625 1895 1692 meipsum
1917 1638 1936 1671 ι
1964 1617 2038 1687 (1.
2065 1615 2184 1671 Cor.

607 1727 666 1782 7.
692 1727 770 1798 8).
799 1725 866 1780 Et
893 1724 1029 1779 infra
1054 1742 1067 1778 :
1098 1742 1118 1776 ι
1139 1721 1268 1777 Dico
1294 1730 1472 1774 autem
1501 1714 1738 1785 innuptis
1766 1721 1820 1769 et
1843 1710 2019 1766 viduis
2048 1726 2061 1762 :
2085 1707 2190 1798 Bo-

609 1795 738 1872 num
778 1824 862 1870 est
906 1814 1034 1879 illis,
1082 1812 1127 1867 si
1157 1812 1236 1867 sic
1262 1814 1630 1879 permaneant,
1658 1803 1797 1858 sicut
1820 1810 1874 1856 et
1896 1812 2017 1869 ego.
2050 1816 2069 1850 ι
2124 1795 2192 1850 Et

609 1905 664 1961 in
688 1905 795 1960 alio
817 1904 974 1959 loco:
1006 1922 1025 1956 t
1054 1899 1305 1972 Nunquid
1343 1913 1447 1952 non
1472 1895 1732 1950 habemus
1755 1900 2071 1963 potestatem
2087 1888 2192 1942 cir-

608 1993 960 2049 cumducendi
982 1990 1255 2056 mulieres,
1277 1989 1417 2044 sicut
1437 1995 1490 2040 et
1510 1983 1691 2040 emteri
1714 1979 1954 2052 Apostoli
1980 1998 2000 2032 ι
2027 1976 2187 2050 (Ibid.

610 2086 666 2145 9.
694 2089 774 2157 5).
821 2089 997 2156 Quare
1042 2099 1171 2155 ergo
1212 2098 1318 2138 non
1344 2081 1509 2136 habet
1540 2076 1748 2133 Domini
1779 2073 1846 2129 de
1876 2071 2191 2142 Virginitate

609 2178 976 2251 prmceptum?
1020 2176 1153 2245 Quia
1198 2173 1420 2245 majoris
1460 2179 1542 2225 est
1590 2165 1878 2231 mercedis,
1919 2162 2189 2235 quodnon

606 2271 837 2341 cogitur,
865 2279 921 2325 et
946 2267 1188 2324 olfertnr.
1217 2263 1376 2335 Quia,
1405 2262 1449 2318 si
1477 2259 1667 2316 fuisset
1695 2256 1985 2327 Virginitas
2016 2253 2188 2322 impc-

608 2372 745 2427 rata,
779 2358 974 2430 nttptim
1002 2354 1319 2413 videbantur
1346 2352 1539 2408 ablata:
1573 2367 1587 2404 :
1619 2358 1673 2403 ct
1698 2346 2046 2403 durissimum
2075 2351 2192 2430 erat

608 2461 797 2507 contra
829 2429 1074 2505 naturam
1099 2460 1314 2516 cogere,
1344 2442 1780 2514 Angelorumque
1804 2438 1965 2491 vitam
2036 2429 2194 2506 1M

607 2543 677 2599 ab
712 2541 1018 2597 hominibus
1064 2547 1403 2608 extorquere,
1436 2543 1491 2590 et
1530 2532 1583 2587 id
1622 2530 1852 2604 quodam
1894 2525 2056 2582 modo
2098 2525 2192 2580 da-

608 2648 816 2701 mnare,
845 2630 989 2703 quod
1014 2628 1286 2685 conditum
1312 2636 1414 2681 est.

675 2725 766 2780 21.
797 2702 912 2780 Alia
940 2721 1038 2777 fuit
1062 2720 1114 2775 in
1140 2718 1308 2775 veteri
1325 2716 1465 2786 Lege
1489 2712 1735 2769 felicitas.
1755 2709 1833 2764 lbi
1855 2707 2084 2763 dicitur:
2105 2702 2184 2776 (l)

612 2837 631 2869 ι
661 2817 856 2872 Beatus
886 2816 973 2887 qui
1008 2813 1166 2868 habet
1191 2825 1373 2867 semen
1400 2808 1453 2863 in
1484 2807 1635 2873 Sion,
1681 2814 1736 2860 et
1773 2802 2096 2856 domesticos
2137 2799 2189 2852 iu

604 2909 920 2966 Jerusalem.
938 2927 957 2960 ι
986 2907 1049 2961 Ει
1064 2922 1078 2959 :
1091 2923 1110 2958 t
1124 2903 1406 2959 maledicta
1424 2900 1773 2969 sterilis,qu:n
1789 2912 1892 2949 non
1916 2892 2185 2964 pariebat»

610 2999 784 3067 (Emi.
832 3000 944 3068 10).
973 2997 1040 3053 Et
1068 3014 1081 3051 :
1115 3014 1134 3048 ι
1165 2995 1258 3050 lilii
1304 2996 1375 3048 tui
1406 2993 1544 3046 sicut
1569 2988 1792 3044 novella:
1822 2987 2107 3047 olivarum,
2137 2984 2190 3037 in

605 3090 829 3145 circuitu
849 3103 1048 3144 mensa:
1071 3097 1177 3143 tua:
1203 3106 1222 3139 ι
1236 3085 1351 3158 (Ps.
1377 3083 1596 3153 127).Ει
1613 3078 1960 3151 repromissio
1981 3077 2192 3131 divitia-

603 3178 838 3245 rum.l'£t,
864 3195 1000 3234 «non
1024 3178 1126 3233 erit
1144 3172 1715 3232 inﬁrtuusintribubus
1738 3168 1843 3224 tuis
1870 3166 2052 3238 t(lmi.
2071 3167 2187 3236 56).

601 3270 754 3325 Nunc
797 3268 878 3342 (ά)
908 3269 1121 3335 dicitur,
1174 3283 1242 3322 ne
1289 3277 1341 3321 te
1383 3265 1582 3334 lignum
1629 3260 1908 3316 arbitreris
1934 3257 2188 3313 aridum:

603 3362 774 3418 habes
821 3361 997 3416 locum
1028 3376 1124 3431 pro
1153 3359 1274 3413 ﬁliis
1298 3366 1353 3412 et
1382 3356 1589 3410 ﬁliabus
1615 3355 1668 3408 in
1706 3351 2014 3409 cmlestibus
2043 3365 2189 3405 sem-

609 3453 897 3522 piternum.
947 3449 1100 3505 Nunc
1142 3447 1531 3503 benedicuntur
1561 3457 1842 3514 pauperes,
1876 3450 1928 3496 et
1956 3440 2191 3496 Lazarus

608 3542 758 3599 diviti
792 3538 1073 3612 prtefertur
1115 3538 1197 3610 (‘2)
1240 3537 1293 3592 in
1336 3551 1591 3607 purpura.
1627 3532 1780 3588 Nune
1814 3533 1904 3603 qui
1951 3531 2191 3586 inﬁrmus

687 3656 739 3719 (ι)
774 3653 1101 3719 Cisterciense
1118 3650 1389 3719 eaemplar,
1403 3663 1513 3700 cum
1525 3648 1738 3719 Romana
1754 3647 1897 3719 hujus
1905 3646 2191 3719 sect-simpli-

602 3708 733 3769 belli'
747 3716 979 3774 editione,
1004 3712 1097 3765 sed
1111 3712 1238 3765 dicet
1253 3708 1457 3774 for-sitm
1479 3717 1631 3762 mam
1654 3716 1755 3774 tua,
1777 3708 1883 3771 plus
1898 3708 2192 3774 honorantur

604 3788 702 3829 etc.
726 3790 837 3842 quae
870 3771 1019 3839 rauca
1051 3776 1231 3842 verba,
1253 3771 1390 3837 'quod
1423 3775 1617 3842 integro
1648 3771 1982 3842 adbnc‘seusu
2008 3772 2193 3842 lossint

601 3834 799 3898 abesse,
819 3834 1082 3889 intextum
1103 3834 1295 3887 inferre
1311 3849 1405 3885 non
1426 3834 1794 3898 audemustnec
1811 3839 1973 3881 tamen
1997 3834 2161 3898 restiti
2175 3858 2190 3870 -

600 3915 727 3967 inus,
756 3893 1071 3967 ci_tm_opti_me
1091 3906 1193 3949 toto
1213 3898 1462 3967 cqntextui
1489 3893 1845 3959 respondeant,
1869 3900 1921 3942 et
1943 3893 2191 3957 praecipuo

600 3963 696 4019 his.
714 3956 844 4022 '(mid
865 3956 1049 4012 inrides
1070 3968 1224 4011 mater
1245 3956 1365 4023 ﬁlia:
1382 3958 1407 4008 ?

663 4015 741 4087 (
752 4023 938 4087 lienes
946 4058 960 4072 .
980 4022 1202 4087 Doctoris
1215 4015 1505 4070 sententiam
1515 4019 1691 4087 acriter
1702 4015 2193 4087 Rulll‘nusreprehepf

599 4077 777 4136 dit'li'b.
806 4086 853 4133 2.
880 4084 1153 4134 lnveetivar
1175 4118 1186 4130 .
1218 4090 1368 4131 Deum
1390 4092 1583 4129 socrum
1604 4077 1991 4140 Ituberegtiiatisti,
2008 4083 2054 4127 et
2071 4078 2191 4140 quid

600 4154 701 4209 tam
722 4145 941 4209 impium,
967 4143 1056 4209 rei
1075 4144 1330 4206 profanum
1349 4155 1381 4191 α
1395 4153 1635 4204 quoquam
1659 4138 2191 4209 (.‘entilinnrt’oetaigmt

600 4207 770 4277 saltent
925 4201 1104 4277 potuit,
1140 4201 1192 4253 et
1221 4201 1543 4277 caetera'qufe
1568 4203 1812 4277 praestabit
1842 4202 2051 4277 ⁸κ’ἱέιῖςιδξ.
2089 4201 2192 4277 ξςᾱ

602 4260 997 4332 (ιμειηόᾳςιινὶδεὶ
1019 4260 1234 4332 sponsas,
1261 4273 1313 4313 ut
1336 4260 1809 4332 ait_Sulji.'$everus
1831 4263 1979 4332 epist.
2004 4260 2053 4332 9..
2086 4262 2192 4332 Vir:

602 4323 739 4397 dines
761 4328 926 4397 dicere
948 4323 1435 4397 Ecclesiasticqnobis
1457 4323 1702 4397 permittit
1732 4323 1994 4397 auctoritas
2018 4329 2033 4386 (
2062 4324 2190 4386 quod

602 4383 784 4451 itempe
807 4390 997 4441 Christo
1036 4390 1226 4439 nubere
1248 4383 1533 4451 dicerentur
1552 4421 1567 4443 ,
1606 4398 1718 4446 qua;
1751 4383 2007 4445 religionis
2026 4383 2191 4451 causa

602 4446 933 4512 virginitatem
958 4452 1219 4504 vovebant)
1241 4462 1335 4497 non
1356 4449 1613 4512 iulzravum
1633 4458 1834 4512 sensum
1853 4451 2082 4512 torquere
2099 4446 2189 4495 tle-

602 4463 933 4512 th‘gtttlwlcm
958 4463 1219 4504 vovebant)
1241 4463 1335 4497 non
1356 4463 1400 4495 It)
1438 4463 1613 4495 :t'ztvum
1633 4463 1832 4493 sensum
1853 4463 2082 4508 torquere
2099 4463 2189 4495 ue-

601 4513 778 4562 buerat
800 4510 1031 4575 Bullinus,
1055 4511 1182 4574 quod
1205 4512 1384 4561 Socrus
1403 4463 1495 4575 Dei
1523 4505 1744 4575 mopialis
1779 4504 1997 4575 Virginis
2035 4513 2192 4575 mater

600 4575 664 4628 sit
681 4572 941 4636 appellata.
963 4566 1302 4635 Huc'pertinet
1322 4568 1447 4631 quod
1465 4570 1494 4676 ii
1512 4566 2074 4637 saeVirgiuestmimr;
2091 4567 2191 4617 l‘re-

600 4641 817 4676 mmnter
838 4635 886 4676 in
898 4640 1122 4676 veterum
1139 4632 1331 4676 stu-imis
1351 4642 1474 4676 anne
1499 4628 1657 4676 lantur
1679 4641 1691 4675 :
1722 4634 1970 4676 Dominam
1983 4640 2159 4676 numne
2175 4663 2190 4676 .

598 4628 887 4699 quenter__in
898 4628 1122 4684 veterum
1139 4632 1331 4699 scriptis
1341 4628 1657 4691 appellantur
1679 4641 1697 4699 ε
1722 4628 1970 4698 [geminam
1983 4628 2159 4693 quippe
2175 4663 2190 4690 ,

599 4694 761 4760 inquit
774 4695 923 4760 liier.
945 4707 1115 4760 pacare
1139 4694 1285 4744 debeo
1306 4700 1532 4760 Sponsam
1562 4694 1750 4760 ponant
1769 4694 1880 4760 mei.

663 4712 669 4746 ῐ
689 4712 761 4746 IIII.
783 4712 921 4746 nter.
945 4712 1115 4744 vocare
1139 4712 1285 4744 aenea
1306 4712 1531 4754 sponsum
1562 4712 1750 4739 Ilumuu
1769 4712 1880 4739 "ws.

663 4712 735 4822 ἐς)
773 4757 927 4807 lnseri
952 4756 1062 4805 beic
1076 4769 1223 4806 voces
1236 4766 1322 4819 per
1332 4764 1469 4822 suam
1489 4748 1797 4822 imitationem
1811 4752 1857 4799 iu
1872 4749 2055 4822 aliquot
2072 4751 2187 4822 Mss.

599 4811 847 4881 Victorius
869 4825 1094 4881 testatur,
1118 4811 1348 4881 quassu}
1370 4811 1581 4881 calculo,
1605 4824 1699 4861 nec
1721 4811 1968 4881 immerito
2000 4814 2189 4881 probat.

597 4878 860 4943 Caeterum,
879 4879 964 4943 qul
985 4893 1049 4929 ex
1072 4873 1281 4943 an'tiqnls
1302 4873 1453 4925 Paulo
1472 4886 1677 4943 datorem
1697 4874 1973 4943 tribuerint,
1996 4873 2091 4943 rari
2110 4873 2191 4922 ad-

600 4942 796 4992 modum
818 4933 964 5000 sunt;
983 4953 1040 4989 ac
1057 4933 1223 4990 nescii)
1237 4950 1463 5000 aniunum
1481 4933 2193 5000 ClementcmAlexandrinunt

600 5003 716 5065 huic
739 5016 841 5065 prae
862 4995 1016 5053 oculis
1031 4999 1415 5065 habueritAHier.
1431 4998 1571 5060 cujus
1588 4997 1884 5047 sententiam
1906 5004 2076 5046 strom.
2104 4995 2190 5045 lib.

596 5063 646 5114 5,
672 5061 1222 5129 gg'apostoticonjugio
1242 5061 1453 5112 damnat.
1501 5118 1515 5129 Ι
1536 5118 1547 5129 _
1616 5117 1647 5129 η
1683 5117 1694 5128 _

687 5125 744 5185 ά)
778 5118 914 5175 Idem
936 5118 1194 5185 Victofiu's,
1217 5135 1345 5173 nunc
1364 5118 1791 5185 Eitttcliisdicitur.

693 5178 740 5245 i)
764 5186 842 5237 De
866 5187 964 5249 hoc,
977 5178 1230 5249 scripturae
1248 5183 1489 5249 loco_vide
1504 5181 1828 5249 Sabatierittm
1843 5178 1949 5230 Edit
1961 5216 1980 5249 ..
1994 5178 2197 5249 Veteris

604 5240 858 5308 versionis
882 5247 988 5300 Ital.
1015 5240 1254 5308 Hodierna
1275 5243 1591 5308 Vulg._l)i.ri_t
1618 5240 1873 5308 nominas,
1898 5240 2045 5308 cuius
2068 5240 2197 5303 ignis

593 5316 667 5359 est
686 5307 737 5359 in
752 5309 878 5365 Sion.
896 5315 940 5359 et
950 5309 1166 5359 caminus
1181 5307 1232 5358 in
1252 5301 1538 5359 Jerusalem.
1558 5303 1655 5354 Pro
1667 5315 1766 5367 quo
1783 5302 1937 5353 (ἐι-ωε.
1959 5301 2068 5367 lsai.
2087 5301 2195 5364 cap.

595 5370 653 5432 ξ]
667 5407 687 5432 .ᾼ
704 5383 754 5420 v.
779 5369 939 5420 ultim.
956 5369 1157 5432 Μαιάρῳς
1177 5381 1217 5427 ὃς
1238 5378 1369 5432 ξχιι-ξν
1390 5364 1732 5432 ιιέη-ςτιρμειηέιι
1750 5377 1897 5432 δαειονι
1912 5377 1947 5414 ι.
1968 5364 2195 5432 iga-aculeis.

597 5428 725 5482 Vide
748 5439 803 5480 et
823 5425 1218 5480 Montfaucunium
1240 5425 1288 5477 iit
1307 5426 1544 5490 Hexaplis
1569 5425 1632 5475 ad
1653 5426 1784 5490 hunc
1804 5425 1962 5490 locum
1984 5425 2127 5490 'l‘o_tn._
2138 5426 2195 5490 ἓ.

597 5502 711 5553 pag.
751 5491 861 5553 is}.
901 5490 1143 5540 Laudatur
1176 5491 1353 5539 iterum
1392 5485 1475 5538 hic
1521 5486 1655 5536 locus
1686 5487 1808 5536 infra
1850 5485 2004 5548 Epist.
2048 5485 2197 5537 LVII.

601 5550 739 5603 inuia.
766 5550 845 5601 11.

687 5612 739 5675 2)
762 5610 968 5683 {tectius
988 5613 1188 5678 aptante
1207 5607 1352 5660 Grav.
1375 5608 1468 5659 alia
1493 5606 1792 5672 exemplaria
1814 5611 2082 5672 purpurato
2096 5641 2114 5671 ,
2145 5613 2201 5660 ut
2250 5646 2261 5656 .

600 5611 717 5726 ιιᾶκ
741 5679 875 5723 ater.
901 5666 1135 5726 loquitur.

741 5673 875 5723 Hier.
901 5666 1135 5732 loquitur.

1887 227 2130 288 SANC’I‘I
2168 224 2543 285 HIERONYMI
2561 263 2571 275 .

3762 233 3876 293 ωε

2292 352 2396 409 est,
2439 341 2627 398 fortior
2669 347 2771 397 est.
2810 340 3023 397 Vacuus
3065 346 3182 395 erat
3204 339 3352 398 orbis
3377 357 3392 396 :
3418 348 3474 397 ct
3498 349 3557 397 ut
3579 341 3647 399 de
3676 346 3874 417 typicis

2292 441 2520 497 taceam,
2543 431 2657 486 sola
2681 440 2796 487 erat
2823 431 3123 488 benedictio
3158 432 3475 490 liberorum.
3502 433 3792 505 Propterea
3821 448 3878 494 et

2292 521 2561 577 Abraham
2589 521 2700 593 jam
2741 538 2905 578 senex
2946 520 3197 579 Gellium
3230 525 3515 594 copulatur
3559 544 3575 582 :
3619 538 3673 582 ct
3708 527 3876 585 Jacob

2292 612 2665 683 mandragoris
2694 613 2973 667 redimitur
2999 632 3013 666 :
3043 622 3099 669 et
3122 615 3428 671 conclusam
3459 616 3672 673 vulvam
3701 619 3753 673 in
3777 619 3876 674 Ec-

2291 701 2468 758 clesia}
2493 701 2714 772 ﬁguram
2744 702 2941 759 Rachel
2973 702 3195 775 pulchra
3221 706 3594 776 conqueritur.
3618 708 3871 764 Paulatim

2292 807 2419 847 vero
2450 792 2781 849 increscente
2805 804 3005 864 segete,
3038 810 3248 850 messor
3275 795 3547 852 immissus
3576 809 3679 853 est.
3709 798 3873 870 Virgo

2293 881 2459 949 Elias,
2511 883 2723 939 Eliscus
2769 885 2938 955 virgo,
2987 885 3223 954 virgines
3264 886 3419 940 multi
3446 888 3873 960 iiliiPropbeta-

2293 989 2433 1028 rum.
2464 972 2712 1028 Jercmia:
2738 973 2932 1029 dicitur
2960 994 2978 1029 :
3008 993 3027 1026 ι
3058 974 3126 1029 Et
3166 985 3222 1030 tu
3250 991 3316 1031 ne
3343 978 3570 1048 accipias
3600 994 3820 1034 uxorem
3846 998 3866 1033 ι

2294 1065 2527 1137 (Jerem.
2578 1066 2666 1121 16.
2705 1067 2803 1136 2).
2852 1068 3225 1125 Sanctiﬁcatus
3256 1069 3308 1122 in
3340 1079 3492 1124 utero
3517 1111 3532 1136 ,
3563 1072 3874 1141 captivitate

2293 1156 2612 1226 propinqua.
2642 1172 2861 1212 uxorem
2892 1157 3207 1229 prohibetur
3233 1159 3500 1228 accipere.
3528 1161 3662 1215 Aliis
3687 1161 3872 1215 verbis

2294 1245 2521 1316 idipsum
2566 1249 2853 1316 Apostolus
2889 1249 3122 1318 loquitur
3152 1267 3165 1303 :
3205 1269 3223 1301 ι
3257 1248 3517 1304 Existimo
3543 1248 3645 1304 hoc
3671 1247 3871 1304 bonum

2292 1352 2413 1392 esse
2442 1349 2656 1407 propter
2677 1339 2964 1393 instantem
2989 1343 3384 1404 necessitatem,
3408 1342 3659 1411 quoniam
3678 1341 3871 1397 bonunt

2292 1438 2373 1483 cst
2402 1428 2601 1484 homini
2632 1429 2709 1485 sic
2740 1447 2859 1486 esse
2880 1451 2899 1483 ι
2933 1432 3008 1502 (1.
3038 1432 3154 1487 Cor.
3189 1433 3241 1486 7.
3268 1431 3384 1503 26).
3410 1435 3540 1501 Qua:
3557 1442 3638 1487 cst
3663 1434 3759 1487 ista
3782 1449 3875 1489 ne-

2293 1519 2535 1585 cessitas,
2568 1536 2686 1591 qua:
2733 1523 2908 1577 nitiert
2954 1524 3147 1593 gaudia
3196 1524 3540 1593 nuptiarum?
3594 1524 3874 1595 «Tempus

2293 1609 2590 1666 breviatum
2618 1624 2700 1669 est
2728 1633 2741 1669 :
2772 1614 3054 1685 Reliquum
3084 1624 3187 1680 est,
3221 1624 3277 1670 ut
3315 1625 3369 1671 et
3397 1616 3486 1686 qui
3514 1615 3710 1670 habent
3740 1632 3874 1669 uxo-

2294 1718 2400 1770 res,
2437 1707 2514 1762 sic
2544 1708 2652 1761 sint
2683 1709 2831 1778 quasi
2866 1724 2971 1763 non
3002 1708 3236 1765 habeant
3263 1729 3282 1762 ι
3319 1708 3479 1781 (Ibid.
3513 1709 3622 1779 l9).
3669 1708 3726 1762 lu
3758 1723 3876 1778 pro-

2292 1795 2437 1851 ximo
2465 1808 2549 1854 est
2580 1799 3098 1857 Nabuchodonosor.
3131 1802 3403 1856 Promovit
3429 1816 3489 1858 se
3518 1802 3603 1857 leo
3626 1801 3692 1856 de
3713 1801 3875 1856 cubili

2293 1903 2411 1943 suo.
2442 1890 2560 1959 Quo
2590 1892 2718 1946 mihi
2759 1894 3143 1962 superbissimo
3174 1893 3283 1964 regi
3312 1894 3573 1949 servitura
3598 1894 3877 1963 conjogia?

2293 1978 2410 2047 Quo
2458 1982 2726 2049 parvulos,
2779 1999 2915 2055 quos
2961 1985 3228 2054 Propheta
3274 1986 3593 2055 complorat,
3638 1985 3874 2041 dicens:

2299 2088 2318 2120 ι
2346 2068 2587 2125 Adita-sit
2627 2072 2804 2142 lingua
2850 2074 3096 2129 lactentis
3123 2074 3189 2128 ad
3222 2076 3427 2131 faucem
3459 2075 3628 2146 ipsius
3670 2076 3721 2130 in
3762 2076 3875 2131 siti.

2295 2159 2503 2217 Parvuli
2546 2165 2951 2233 postulaverunt
2986 2182 3205 2239 panem,
3252 2177 3307 2222 et
3345 2168 3433 2238 qui
3469 2167 3737 2239 frangeret
3763 2169 3874 2235 eis,

2295 2266 2400 2307 non
2431 2263 2546 2308 crat
2570 2274 2589 2307 ι
2621 2254 2838 2323 (Thren.
2867 2259 2921 2313 4.
2950 2259 3029 2329 Α).
3064 2258 3436 2314 Inveniebatur
3461 2276 3609 2331 ergo,
3655 2270 3711 2315 ut
3737 2260 3878 2315 dixi-

2297 2358 2437 2409 mus,
2472 2344 2523 2399 in
2557 2346 2685 2401 viris
2723 2356 2927 2402 tantum
2967 2349 3068 2404 hoc
3107 2350 3450 2405 continentia:
3486 2352 3706 2417 bonum,
3739 2360 3791 2406 et
3820 2351 3875 2406 in

2293 2431 2569 2489 doloribus
2585 2434 2781 2506 jogiter
2806 2437 2913 2492 Eva
2942 2440 3590 2510 parturiebat.Postquam
3603 2456 3731 2497 vero
3753 2440 3877 2496 Vir-

2293 2537 2361 2593 30
2416 2526 2571 2600 105
2620 2529 3194 2599 concepitiuutero,et
3218 2533 3424 2602 peperit
3447 2533 3601 2589 nobis
3624 2548 3870 2601 puerum,

2301 2635 2318 2667 α
2334 2617 2483 2684 cujus
2496 2618 2821 2687 principatus
2836 2621 2886 2673 in
2905 2620 3156 2676 humeros
3170 2622 3284 2692 ejus
3304 2642 3323 2675 ι
3350 2621 3508 2693 (Iani.
3524 2623 3574 2678 9.
3594 2624 3873 2694 6).Deum,

2295 2707 2507 2775 fortem,
2554 2719 2757 2778 patrem
2806 2711 2967 2766 futttri
2996 2714 3200 2781 saeculi,
3228 2714 3406 2769 soluta
3435 2716 3738 2772 maledictio
3765 2726 3870 2772 est.

2295 2795 2439 2853 Mors
2482 2814 2576 2869 per
2616 2800 2780 2855 Evam
2810 2820 2821 2855 :
2850 2802 2955 2857 vita
2986 2820 3079 2872 per
3105 2804 3340 2859 .‘llariam.
3375 2806 3603 2877 Ideoque
3626 2816 3680 2863 et
3711 2807 3879 2863 ditius

2296 2890 2617 2960 virginitatis
2660 2893 2857 2948 donum
2891 2894 2959 2968 (ε)
2993 2895 3143 2951 [luxit
3193 2915 3245 2952 tn
3288 2896 3535 2963 feminas,
3565 2899 3685 2971 quia
3713 2902 3878 2969 ρωιιίι

2294 2997 2324 3037 a
2368 2980 2586 3038 femina.
2628 2984 2818 3041 Statim
2858 2998 2916 3043 ut
2963 2989 3102 3045 ﬁlius
3153 2991 3245 3045 Dei
3292 2991 3563 3062 ingressus
3592 3003 3671 3047 est
3716 3008 3879 3063 super

2297 3081 2517 3139 terram,
2548 3091 2737 3131 novam
2768 3078 2868 3133 sibi
2900 3080 3152 3135 familiam
3185 3082 3432 3146 instituit,
3461 3098 3529 3137 υτ
3556 3099 3642 3146 our
3675 3100 3738 3138 AB
3766 3087 3876 3139 AN-

2294 3179 2442 3221 Gl-ZLIS
2471 3167 2796 3224 adorabatur
2822 3170 2872 3224 in
2903 3172 3061 3234 ratio,
3093 3171 3315 3228 haberet
3343 3173 3576 3245 Angelos
3602 3185 3655 3229 et
3683 3176 3734 3230 in
3764 3185 3875 3229 ter—

2296 3254 2388 3308 ris.
2422 3254 2571 3310 Tunc
2604 3256 2908 3314 lloloferttis
2935 3270 3116 3329 caput,
3144 3259 3329 3315 Judith
3368 3263 3649 3318 ctmtinens
3685 3279 3875 3334 ampu-

2296 3348 2427 3402 tavit
2489 3348 2715 3418 (Jmlith.
2760 3352 2873 3420 l3).
2933 3351 3085 3407 Tunc
3123 3353 3315 3418 Aman,
3356 3355 3444 3424 qui
3493 3355 3878 3425 interpretatur

2294 3438 2555 3508 iniquitas,
2600 3455 2699 3496 suo
2725 3443 3038 3500 combustus
3074 3453 3159 3500 est
3188 3445 3294 3514 igni
3321 3445 3549 3518 (Esther.
3584 3446 3695 3518 15).
3725 3446 3877 3502 Tunc

2293 3529 2529 3588 Jaeobus
2553 3541 2606 3587 et
2632 3532 2867 3588 Joannes
2897 3535 3086 3591 relicto
3130 3547 3299 3606 patre,
3330 3548 3464 3605 rete,
3495 3539 3757 3601 navicula,
3790 3555 3876 3593 se-

2294 3623 2400 3679 cuti
2442 3631 2569 3679 sunt
2593 3623 2962 3692 Salvatorem;
2992 3625 3242 3682 allectum
3289 3629 3565 3698 sanguinis
3585 3639 3640 3685 et
3665 3629 3876 3685 vincula

2294 3714 2497 3779 smculi,
2528 3723 2585 3771 et
2609 3729 2791 3770 curam
2831 3716 3024 3772 domus
3067 3720 3267 3788 pariter
3305 3720 3687 3791 relinquentes.
3725 3720 3877 3776 Tunc

2296 3805 2523 3875 primum
2546 3804 2786 3861 auditum
2831 3817 2916 3862 est
2964 3825 2978 3862 :
3035 3826 3054 3860 ι
3087 3809 3185 3875 Qui
3228 3808 3338 3863 vult
3377 3811 3559 3865 venire
3606 3819 3725 3880 post
3766 3824 3873 3875 nte,

2292 3897 2521 3967 abneget
2550 3898 2902 3968 semetipsum
2934 3917 2948 3954 :
2980 3909 3036 3954 et
3065 3900 3217 3954 tollat
3245 3916 3461 3955 crucem
3496 3916 3671 3967 suam,
3702 3909 3757 3954 et
3783 3914 3870 3955 sc-

2293 3999 2488 4060 quatur
2516 4007 2622 4048 me.
2650 4011 2669 4044 ι
2703 3990 2874 4048 Nemo
2901 3992 3045 4048 enim
3079 3993 3233 4047 miles
3261 4009 3383 4049 cum
3411 4009 3577 4049 uxore
3608 3994 3776 4064 pergit
3806 3992 3875 4047 ad

2294 4082 2556 4152 prtulium.
2591 4082 2862 4154 Discipulo
2882 4083 2950 4138 ad
2977 4083 3307 4154 sepulturam
3330 4085 3496 4154 patris
3518 4086 3595 4140 ire
3614 4083 3871 4154 cupienti,

2294 4186 2400 4225 non
2424 4172 2751 4241 permittitur
2780 4171 2995 4241 (Matth.
3029 4174 3108 4244 8).
3139 4172 3337 4245 Vulpes
3366 4172 3550 4229 foveas
3578 4172 3794 4239 habent,
3823 4181 3877 4228 ct

2295 4263 2539 4318 volucres
2568 4264 2691 4319 caeli
2723 4264 2896 4332 nidos,
2938 4265 3026 4319 ubi
3073 4265 3410 4335 requiescant
3439 4282 3452 4316 :
3504 4263 3669 4319 Filius
3697 4273 3874 4318 autem

2294 4353 2548 4420 hominis,
2579 4372 2683 4411 non
2714 4356 2875 4412 habet
2902 4356 2988 4411 ιιὺί
3016 4367 3174 4426 caput
3197 4372 3355 4412 suum
3388 4356 3613 4411 reclinet
3640 4355 3790 4427 (an.
3818 4354 3875 4411 9.

2294 4445 2407 4515 58).
2455 4446 2531 4500 Ne
2575 4446 2797 4502 forsitan
2843 4449 3196 4513 contristeris,
3247 4448 3290 4502 si
3317 4457 3542 4517 anguste
3590 4446 3872 4502 manseris.

2302 4554 2320 4587 ι
2347 4537 2445 4604 Qui
2465 4538 2581 4593 sine
2612 4554 2773 4593 uxore
2798 4548 2901 4601 est,
2930 4538 3194 4593 sollicitus
3220 4546 3304 4593 est
3333 4553 3450 4608 qua:
3487 4538 3695 4593 Domini
3731 4545 3875 4603 sunt,

2295 4630 2563 4700 quomodo
2591 4631 2797 4701 placeat
2824 4630 3069 4686 Domino.
3101 4630 3200 4699 Qui
3226 4640 3404 4684 autem
3432 4645 3552 4685 eum
3585 4646 3748 4685 uxore
3772 4639 3875 4697 est,

2297 4720 2556 4775 sollicitus
2602 4731 2683 4776 est
2735 4738 2852 4791 quae
2905 4731 3030 4775 sunt
3075 4706 3616 4791 tnutnli;'qnomodo
3672 4722 3879 4792 placeat

2298 4811 2469 4865 uxori.
2507 4811 2573 4881 (f)
2609 4812 2783 4866 Divisa
2810 4819 2891 4866 est
2920 4813 3135 4881 mulier,
3164 4823 3219 4867 et
3249 4812 3441 4884 Virgo.
3475 4812 3604 4879 Qua:
3651 4826 3758 4866 non
3796 4820 3880 4867 est

2356 4986 2432 5059 .(e)
2456 4986 2799 5059 Μεδᾼὶῃιὶημ
2818 4987 3014 5051 quidam
3037 4995 3200 5039 autem
3224 4985 3348 5038 luxit
3378 5000 3464 5050 pro
3483 4983 3624 5049 ﬂuxit
3638 5021 3652 5045 ,
3681 4993 3735 5036 et
3753 4983 3883 5050 infe-

2297 5050 2438 5105 minis
2461 5063 2546 5109 pro
2567 5050 2615 5101 in
2638 5050 2856 5108 lernam.

2362 5114 2438 5180 (Ῑ)
2474 5114 2720 5180 Recitator
2744 5113 2832 5180 Itic_
2845 5112 3408 5180 Paulilocuscxnveteri
3431 5114 3578 5180 latino
3588 5112 3884 5180 interprete,

2299 5171 2700 5241 qttctiiatlmotltuu
2720 5182 2771 5241 et
2794 5174 3126 5241 ertullianus
3148 5171 3339 5241 in_l_i_bro
3353 5174 3661 5241 tle_velandis
3683 5171 3882 5241 virgini:

2300 5232 2410 5289 lius.
2436 5237 2575 5287 Haud
2599 5244 2737 5286 recte
2762 5237 2909 5300 igitur
2933 5237 3153 5300 editores
3173 5232 3251 5283 alii
3272 5270 3285 5293 ,
3317 5243 3363 5287 et
3396 5236 3529 5300 rirgq
3560 5247 3671 5300 qua:
3701 5232 3887 5300 anites!

2300 5308 2467 5362 nupta,
2491 5300 2617 5360 quod
2644 5311 2706 5346 ex
2734 5294 2841 5362 ejus
2864 5297 3348 5362 interpretisseusu,
3376 5294 3744 5362 qui'Mulierem
3782 5294 3887 5362 Vir-

2305 5356 2405 5423 giﬁi
2428 5356 2643 5421 opponit,
2663 5356 3019 5423 emendandum
3038 5356 3350 5423 est,iuducta
3382 5356 3475 5408 alia
3499 5367 3788 5420 punctorum
3819 5356 3887 5404 dl-

2301 5418 2595 5484 stineti‘oite:
2622 5418 2785 5484 pirisa
2806 5428 2877 5471 est
2898 5418 3072 5471 mulier
3102 5422 3148 5467 et
3184 5420 3342 5484 I't‘rgo.
3369 5418 3609 5484 (mre—mu
3626 5424 3697 5470 est
3718 5423 3883 5484 nupta,

2303 5483 2595 5553 cogitat,etc.
2611 5481 2767 5553 Gripe.
2786 5497 2995 5553 Nam
3013 5490 3213 5553 srviat
3228 5492 3253 5540 ις
3265 5478 3642 5553 Epist-Atque
3662 5492 3772 5528 eum
3782 5478 3889 5553 qui-

2303 5507 2595 5546 ευυαωνυιυ.
2611 5507 2666 5530 υι
2679 5507 2767 5552 asc.
2786 5507 2995 5546 μιμιρισται
3013 5508 3038 5541 η
3095 5507 3139 5537 νη
3153 5507 3213 5528 ut
3228 5507 3251 5540 η
3269 5507 3456 5543 παροινίας.
3477 5507 3642 5553 διηυξὶ
3662 5507 3772 5528 cum
3782 5507 3889 5540 ιι...-

2303 5547 2415 5595 dem
2438 5555 2635 5591 sensum
2658 5542 2769 5591 al-hi
2796 5550 2940 5601 urget
2961 5543 3013 5592 S.
3042 5507 3219 5591 Soetor
3241 5551 3408 5591 contra
3431 5542 3712 5593 Helvidium
3736 5553 3799 5589 ex
3828 5539 3889 5585 la-

2305 5606 2421 5655 tinis
2441 5603 2820 5666 exemplaribus.
2843 5603 2942 5654 Sed
2967 5605 3013 5653 in
3036 5605 3194 5666 primo
3212 5612 3375 5666 contra
3397 5602 3641 5666 Jovinian.
3662 5601 3788 5666 libro
3808 5612 3891 5648 ve-

2306 5672 2467 5715 terem
2491 5660 2750 5714 let-tionem
2774 5667 2981 5730 respuit,
3002 5660 3055 5717 Et
3073 5660 3213 5725 illud.
3237 5663 3417 5727 inquit,
3431 5662 3637 5716 breviter
3658 5663 3893 5714 admoneo
