4078 6198
183 251 300 311 400

182 379 378 440 nupta,
411 369 611 441 cogitat
635 387 754 442 qua:
779 381 903 427 sunt
933 372 1159 436 Domini,
1189 382 1243 428 ιιι
1273 373 1341 429 sit
1366 385 1550 430 sancta
1582 392 1774 447 corpo-

182 476 248 516 re
287 470 341 514 et
367 461 556 530 spiritu
578 480 597 514 ι
631 464 678 532 (l
711 461 830 518 Cor.
856 465 908 518 7.
936 465 1026 518 3|.
1056 475 1100 518 et
1125 465 1287 536 seqq).
1318 465 1448 520 Nam
1471 483 1589 537 qua:
1610 478 1772 538 nupta

182 563 296 615 est,
329 553 533 623 cogitat
565 569 685 623 quce
721 563 843 608 sunt
869 556 1074 620 mundi,
1102 557 1374 626 quomodo
1403 558 1607 627 placeat
1633 560 1771 615 viro.

259 644 352 700 22.
396 645 634 711 Quantas
682 645 954 702 molestias
1003 647 1233 702 habeant
1275 650 1505 717 ιιιιιιιίιῐξ,
1547 658 1600 704 et
1644 657 1777 719 quot

182 735 639 791 Sollicitudinibus
666 738 983 802 vinciantur,
1013 738 1066 792 in
1084 754 1149 792 eo
1167 739 1302 791 libro
1325 754 1483 807 quem
1511 738 1774 793 adversus

183 829 490 886 llelvidium
521 831 586 887 de
615 831 783 886 beata:
815 832 992 886 Maria:
1020 840 1272 902 perpetua
1317 831 1629 900 Virgiuirate
1655 831 1771 886 edi-

179 920 384 986 dimus,
412 931 539 991 puto
570 922 805 977 breviter
832 937 1173 992 expressum.
1215 921 1365 977 Nunc
1392 921 1578 976 eadem
1606 922 1772 991 repli-

179 1025 311 1066 care
343 1011 655 1082 perlongum
691 1019 874 1077 esset;
905 1023 960 1068 et
987 1014 1030 1066 si
1053 1013 1136 1067 cui
1169 1015 1360 1081 placet,
1386 1013 1453 1068 de
1482 1012 1570 1067 illo
1599 1022 1774 1083 potest

177 1103 402 1158 haurire
431 1103 708 1160 fonticulo.
741 1105 937 1160 Verum
960 1121 1028 1160 ne
1050 1110 1259 1175 penitus
1285 1106 1465 1161 videar
1491 1107 1768 1162 omisisse:

182 1195 347 1270 106
419 1211 564 1252 nunc.
593 1197 790 1259 dicam,
815 1198 954 1266 quod
976 1214 1097 1252 cum
1126 1200 1412 1269 Apostolus
1455 1200 1569 1254 sine
1609 1199 1774 1253 inter-

172 1287 444 1341 missione
474 1303 636 1341 orare
667 1303 763 1341 nos
779 1288 986 1356 jubeat,
1009 1290 1163 1359 etqui
1192 1291 1244 1343 in
1261 1290 1510 1360 cenjugio
1535 1290 1770 1344 debitum

170 1374 362 1438 solvit,
374 1390 533 1430 orare
551 1392 654 1430 non
670 1377 838 1445 possit
857 1396 872 1433 :
891 1386 984 1432 aut
999 1393 1214 1433 oramus
1229 1395 1460 1450 semper,
1473 1389 1526 1433 et
1541 1380 1772 1449 virgines

169 1479 367 1518 sumus
400 1481 414 1517 :
445 1474 539 1520 aut
566 1481 722 1522 orare
750 1467 1066 1533 desinimus,
1097 1477 1154 1522 ut
1177 1469 1424 1538 conjugio
1453 1471 1767 1524 serviamus.

177 1577 197 1610 ι
239 1559 308 1613 Et
335 1557 382 1612 si
413 1561 675 1627 nupserit,
706 1561 897 1631 inquit,
936 1564 1105 1632 virgo,
1139 1578 1242 1618 non
1271 1573 1456 1637 peccat
1484 1581 1497 1616 :
1523 1563 1769 1618 Tribula-

173 1651 381 1705 tionem
411 1661 587 1706 tamen
611 1654 788 1707 carnis
819 1653 1093 1708 habebunt
1120 1655 1425 1723 hujusmodi
1447 1655 1552 1728 »(1.
1574 1655 1690 1710 Cor.
1713 1656 1766 1709 7.

170 1743 291 1812 28).
344 1743 410 1798 Ει
455 1743 506 1797 in
554 1744 815 1813 principio
867 1745 1032 1801 libelli
1079 1747 1330 1815 praefatus
1375 1762 1514 1812 sum,
1563 1763 1648 1802 me
1700 1748 1766 1802 de

175 1834 448 1904 angustiis
491 1835 815 1906 nuptiarum,
863 1844 954 1889 aut
1001 1836 1130 1889 nihil
1173 1837 1422 1900 omnino,
1467 1845 1558 1890 aut
1598 1852 1764 1906 pauca

172 1923 442 1978 dicturum
476 1945 489 1981 :
514 1935 569 1978 et
597 1940 736 1979 nunc
761 1925 947 1980 eadem
976 1927 1260 1991 admoneo,
1291 1936 1346 1982 ut
1387 1926 1433 1981 si
1463 1924 1552 1981 tibi
1593 1929 1766 1996 placet

172 2018 320 2072 scire
359 2028 484 2086 quot
529 2017 793 2073 molestiis
821 2019 970 2088 virgo
996 2019 1160 2072 libera
1183 2061 1198 2085 ,
1227 2029 1353 2088 quot
1387 2035 1521 2073 uxor
1549 2021 1762 2074 astricta

173 2113 270 2175 εἰ,
304 2110 450 2180 legas
478 2109 864 2167 Tcrtulliauum
892 2111 957 2166 ad
987 2113 1215 2166 amicum
1248 2112 1651 2182 Philosophum,
1685 2114 1762 2182 (a)

170 2211 232 2254 et
255 2200 324 2255 de
352 2200 666 2271 Virginitate
689 2203 827 2256 alios
847 2202 1076 2266 libellos,
1099 2212 1154 2257 ct
1176 2203 1315 2258 beati
1341 2203 1590 2274 Cypriani
1614 2204 1765 2258 volu-

173 2309 302 2347 men
333 2293 627 2362 egregium,
655 2302 708 2348 et
735 2293 891 2364 Papae
919 2295 1127 2349 Damasi
1153 2309 1317 2360 super
1344 2295 1444 2350 hac
1468 2311 1547 2362 re,
1579 2310 1761 2362 versu,

169 2401 446 2455 prosaque
485 2389 816 2457 composita;
845 2397 900 2442 et
944 2387 1210 2442 Ambrosii
1243 2388 1410 2442 nostri
1450 2404 1566 2457 qua:
1597 2403 1766 2458 nuper

169 2479 394 2546 scripsit
421 2477 486 2531 ad
514 2477 765 2533 Sororem
793 2479 1069 2548 opuscula.
1116 2478 1170 2532 In
1201 2479 1390 2548 quibus
1418 2488 1562 2532 tanto
1589 2493 1650 2534 se
1681 2477 1764 2534 cf-

169 2568 307 2624 ftulit
349 2568 592 2639 eloquio,
626 2578 683 2623 ut
711 2570 966 2640 quidquid
993 2569 1060 2624 ad
1103 2569 1284 2624 laudes
1313 2570 1572 2640 virginum
1603 2571 1767 2641 perti-

169 2667 286 2722 net,
315 2659 646 2728 exquisierit,
675 2661 1021 2730 expresserit,
1054 2661 1336 2716 ordinarit.

241 2751 336 2806 25.
360 2750 519 2807 Nobis
535 2751 750 2807 diverso
773 2754 981 2808 tramite
999 2753 1374 2809 incedendum.
1394 2752 1761 2824 Virginitatem

169 2858 278 2898 non
303 2851 506 2896 tantum
529 2842 820 2908 efferimus,
839 2844 931 2899 sed
953 2859 1248 2900 servamus.
1269 2845 1374 2900 Nec
1393 2845 1583 2900 sufficit
1601 2847 1761 2913 scire,

168 2935 312 3004 quod
334 2936 526 2989 bonum
546 2935 752 2999 est,nisi
771 2935 1099 2990 custodiatur
1114 2936 1365 2990 attentius
1378 2936 1518 3006 quod
1533 2936 1762 2990 electum

165 3035 254 3082 est
277 3044 290 3080 :
310 3027 432 3094 quia
446 3027 573 3080 illud
589 3026 771 3095 judicii
788 3027 1000 3090 est,hoc
1017 3027 1216 3081 laboris
1235 3043 1247 3078 :
1267 3036 1321 3082 et
1338 3026 1465 3081 illud
1480 3041 1766 3082 commune

165 3132 293 3170 cum
315 3117 574 3188 pluribus,
589 3118 692 3173 hoc
705 3134 824 3172 cum
843 3118 1044 3188 paucis.
1067 3136 1086 3169 ι
1102 3118 1200 3185 Qui
1227 3119 1666 3187 perseveraverit,
1693 3118 1768 3171 in-

162 3211 481 3280 quitnsque
497 3211 546 3264 in
563 3210 720 3266 linem
732 3257 739 3273 ,
751 3211 835 3268 hic
851 3212 1028 3265 salvus
1043 3212 1144 3266 erit
1164 3211 1210 3280 ι(
1219 3211 1402 3264 Matth.
1421 3210 1509 3266 24.
1534 3213 1602 3268 15
1616 3212 1657 3280 ).
1677 3211 1763 3278 Et,

171 3321 191 3352 ς
222 3303 590 3368 multivocati,
621 3303 770 3372 pauci
797 3318 926 3359 vero
953 3303 1105 3360 electi
1131 3321 1149 3355 ι
1177 3301 1338 3372 (Ibid.
1373 3302 1467 3358 20.
1497 3303 1583 3358 16.
1607 3314 1651 3357 et
1669 3303 1759 3358 22.

166 3395 284 3460 Η).
320 3395 502 3465 itaque
542 3397 783 3451 obtestor
818 3403 869 3452 te
892 3412 1072 3451 coram
1095 3397 1222 3462 Deo,
1241 3405 1297 3451 et
1315 3395 1529 3450 Christo
1549 3396 1766 3463 Jesu,et

163 3489 362 3543 electis
389 3489 602 3558 Angelis
629 3490 745 3556 ejus
777 3489 852 3559 (b)
895 3497 953 3544 ut
977 3488 1248 3543 custodias
1279 3505 1396 3559 qua:
1427 3489 1659 3559 cmpisti,
1694 3505 1764 3545 ne

164 3597 298 3634 vasa
328 3580 514 3654 templi
544 3580 791 3644 Domini,
824 3596 944 3650 qua:
990 3581 1122 3635 solis
1167 3579 1547 3636 Sacerdotibus
1578 3580 1763 3636 videre

162 3687 489 3727 concessum
517 3681 618 3738 est,
644 3673 793 3728 facile
822 3676 873 3729 itt
900 3673 1166 3742 publicum
1190 3674 1428 3744 proferas
1453 3690 1466 3738 ;
1493 3689 1559 3729 ne
1579 3689 1764 3729 sacra-

163 3767 309 3822 I'itnn
361 3764 457 3820 Dei
487 3766 764 3836 quisquam
811 3765 1061 3834 profanus
1102 3767 1344 3835 aspiciat.
1383 3765 1488 3822 01a
1518 3767 1709 3821 Arcam
1745 3807 1761 3832 ,

164 3873 331 3930 quam
376 3871 482 3910 non
526 3855 718 3910 licebat
757 3863 994 3924 tangere,
1040 3857 1340 3926 attingens,
1389 3857 1558 3911 subita
1592 3867 1763 3911 morte

167 3958 479 4018 prostratus
500 3954 604 4001 est.
624 3945 805 4014 Neque
829 3946 972 4000 enim
996 3961 1086 4000 vas
1112 3961 1354 4010 aureum,
1378 3954 1429 4000 et
1450 3957 1761 4016 argenteum

165 4051 278 4098 tam
298 4053 484 4095 carum
507 4037 616 4090 Deo
632 4035 751 4099 fuit,
765 4051 922 4105 quam
942 4037 1196 4106 templum
1214 4037 1453 4105 corporis
1467 4038 1760 4106 virginalis.

168 4131 458 4197 Praecessit
488 4129 696 4194 umbra,
725 4145 867 4184 nunc
895 4131 1204 4184 veritasest.
1223 4129 1300 4182 'l‘u
1329 4130 1540 4199 quidem
1559 4133 1765 4200 simpli-

166 4223 578 4292 citcrloqucris,
601 4228 655 4276 et
671 4219 883 4290 ignotos
961 4218 1112 4290 107
1189 4233 1430 4288 quosque
1463 4219 1542 4289 (Ἰ)
1571 4220 1761 4274 blanda

170 4332 277 4370 non
311 4312 565 4383 despicis,
600 4310 694 4367 sed
738 4310 900 4364 aliter
941 4310 1123 4364 vident
1163 4309 1414 4379 impudici
1459 4310 1616 4364 oculi.
1649 4309 1762 4364 Nox

169 4422 380 4463 sonum
407 4405 601 4460 animm
643 4401 1094 4475 pulchritudinem
1125 4400 1492 4468 considerare,
1521 4402 1614 4456 sed
1641 4416 1764 4456 cor-

170 4545 218 4596 in
244 4545 417 4597 mtims
439 4542 686 4596 coatcﬂms
706 4541 834 4596 [tunc
858 4540 1015 4591 locum
1036 4539 1106 4596 ita
1129 4539 1223 4602 legi
1243 4551 1262 4589 :
1289 4537 1453 4588 nim'sa
1472 4545 1542 4589 est
1566 4539 1699 4600 virqo
1718 4550 1764 4597 et

170 4608 374 4658 mulier:
403 4607 532 4670 quod
569 4618 842 4670 quanquam
859 4603 1031 4670 [iubeat
1047 4614 1192 4670 simul
1202 4613 1412 4670 sensum,
1439 4607 1485 4650 et
1502 4615 1534 4650 a
1559 4615 1636 4652 me
1653 4616 1765 4665 quo-

171 4682 372 4734 quepro
394 4665 625 4734 qualitate
645 4667 740 4734 loci
761 4666 832 4734 sic
850 4665 1231 4734 edissertimtsit,
1251 4668 1410 4734 "tmen
1427 4670 1619 4734 nequest
1647 4679 1765 4728 Apoc

167 4723 352 4781 stolicw
365 4723 602 4796 veritatis,
613 4727 852 4796 siquidem
868 4724 1110 4796 Apostolus
1124 4723 1192 4774 ita
1200 4723 1393 4796 scripsit
1398 4738 1426 4796 ς,
1440 4724 1678 4796 sollicitus
1685 4723 1764 4778 est

205 4804 280 4843 me
302 4799 410 4850 sunt
431 4787 878 4856 ninitdi,_git01nodo
904 4787 1093 4856 placent
1118 4787 1282 4856 uxori,
1305 4793 1351 4856 et
1373 4787 1556 4856 divisus
1577 4797 1648 4856 est
1671 4802 1690 4839 :
1715 4796 1762 4856 et

189 4847 278 4916 ἓωρ
299 4847 532 4917 sententia
555 4847 770 4917 deﬁnita,
795 4847 1151 4917 transgreditur
1173 4847 1240 4896 ad
1272 4847 1486 4917 Virgines
1501 4888 1514 4906 ,
1538 4855 1583 4898 et
1607 4851 1759 4902 conti-

171 4908 418 4982 ιιεῄιρδλρι
553 4908 726 4982 mulier
742 4908 962 4982 innuptti,
982 4917 1043 4982 et.
1055 4908 1198 4982 ξ’ἱιῃο
1217 4908 1388 4982 coqittit
1402 4917 1644 4982 quaerent
1668 4921 1762 4962 Do-

171 4974 310 5024 mini.
336 4974 455 5031 Qua
478 4974 684 5034 Vulgata
703 4975 851 5024 lectio
862 4971 966 5034 est.
989 4971 1096 5034 vid.
1117 4971 1377 5034 Augustin,
1400 4971 1484 5034 lib.
1502 4972 1568 5021 de
1585 4972 1761 5028 Sancta

173 5035 474 5096 V'irginitate
516 5033 622 5095 cap.
641 5035 718 5096 22,
746 5042 799 5084 et
819 5033 907 5084 lib.
929 5033 995 5086 de
1028 5033 1157 5085 bono
1185 5033 1446 5087 Viduitatis
1468 5047 1573 5096 cap.
1599 5034 1649 5082 Ξ.
1673 5037 1758 5086 ubi

173 5093 440 5147 lectionem
462 5093 588 5142 hanc
610 5095 835 5155 explicat.

235 5158 309 5228 (ᾳ)
342 5157 450 5228 Non
477 5153 894 5228 probatur'n‘obis,’
902 5155 1030 5228 quod
1049 5155 1181 5228 addit
1197 5153 1756 5228 Vlamiusgﬁbeqtmt,

176 5214 342 5271 titulus
360 5214 495 5279 ettini
514 5214 625 5266 libri
643 5215 835 5279 videtur
855 5214 1042 5279 (fuisse,
1074 5214 1371 5275 Ad'amicum
1402 5214 1758 5279 Philosophum,

209 5295 323 5331 uem
352 5278 470 5329 alibi
507 5286 674 5342 contra
703 5277 949 5334 Iovinian.
986 5281 1126 5342 citat,
1150 5279 1239 5329 sed
1271 5279 1454 5342 jamdiu
1490 5277 1756 5342 intercidit.

209 5296 323 5331 uem
352 5296 470 5329 aunt
507 5296 674 5328 contra
703 5296 949 5334 JOV'Iutull.
986 5296 1126 5340 (τιιιιι,
1150 5296 1239 5329 seu
1271 5296 1454 5342 Jammu
1491 5296 1756 5330 ιῐιιεϊειαιι.

173 5296 326 5394 Paulo
361 5347 488 5405 post.
517 5339 723 5405 Cistere.
757 5352 848 5390 ms.
882 5340 1011 5405 quod
1044 5352 1197 5405 nuper
1226 5340 1418 5405 scripsit
1449 5339 1514 5405 ad
1546 5353 1758 5391 sororem

173 5352 326 5394 Paulo
450 5352 488 5392 t.
523 5352 723 5392 ustere.
757 5352 848 5390 ms.
917 5352 1010 5390 uoa
1044 5352 1197 5402 nuper
1226 5352 1418 5405 scripsit
1449 5352 1514 5390 aa
1546 5353 1758 5391 sarorem

516 5402 642 5453 Tres
677 5408 842 5469 autem
858 5352 1113 5469 _Xr_nbrosii
1151 5402 1258 5469 libri
1294 5410 1411 5453 sunt.
1440 5402 1500 5451 ad
1539 5415 1759 5452 seruem

174 5463 509 5525 liarcellinam,
533 5478 656 5527 quos
673 5463 834 5527 adeo.
857 5464 968 5513 547.
993 5466 1228 5527 exaravit.

232 5530 302 5594 (ὸ)
327 5529 473 5594 Hac,
486 5524 795 5594 Utcustqdios
817 5525 1149 5594 qutecmpisti,
1168 5541 1233 5579 ex
1257 5525 1565 5594 Cisterciensi
1588 5537 1758 5594 manu-

174 5588 1208 5668 ari-eet_I!9eees'eia§'i99'!i_et{lieres
1225 5589 1513 5668 saepe,
1533 5589 1661 5653 ειυοα
1679 5602 1758 5640 δυ’

175 5653 446 5720 perioribus
469 5653 535 5720 ita
556 5658 832 5720 nectauttuf,
855 5657 908 5700 ut
929 5653 1332 5720 necessariavisa
1353 5653 1467 5699 sint.

229 5718 300 5782 (l)
335 5714 544 5770 Gravius
562 5711 693 5774 addit
718 5711 820 5763 vult
840 5724 968 5777 voce,
995 5713 1042 5766 id
1075 5721 1153 5767 est
1173 5713 1350 5765 blanda
1374 5724 1502 5766 voce.

1539 261 1872 318 El‘lSTOLA
1914 264 2080 321 XXII.

3355 291 3466 349 110

1881 395 2091 470 porum.
2127 380 2385 438 Ezechias
2415 385 2724 446 thesaurum
2755 392 2850 448 Dei
2879 404 3145 452 monstrat
3185 397 3460 470 Assyriis:

1879 469 1973 524 sed
1999 472 2204 543 Assyrii
2227 489 2331 528 non
2353 475 2652 534 debuerunt
2672 481 2871 549 videre,
2894 487 3032 554 quod
3056 469 3332 558 cuperent.
3360 492 3464 548 De-

1879 562 2043 632 nique
2085 565 2453 636 frequentibus
2495 570 2652 627 bellis
2681 573 2861 629 Judma
2888 579 3162 644 convulsa,
3195 597 3320 636 vasa
3352 586 3462 653 pri-

1879 669 2022 708 mum
2052 655 2261 713 Domini
2293 669 2446 731 capta
2476 671 2636 732 atque
2665 667 2914 720 translata
2943 678 3090 723 sunt.
3113 670 3255 726 Inter
3275 676 3460 744 epulas

1879 755 1932 799 et
1977 749 2394 805 concubinarum
2433 768 2624 824 greges
2667 755 2822 827 (quia
2869 760 3040 827 palma
3087 761 3330 817 vitiorum
3379 776 3461 822 est

1879 834 2102 892 honesta
2136 841 2394 914 polluere)
2426 843 2705 900 Balthasar
2733 857 2880 916 potat
2921 849 2972 903 in
3001 850 3210 920 pbialis.

1947 927 2037 983 24.
2091 929 2170 986 Ne
2218 931 2455 989 declines
2499 952 2685 992 aurem
2732 945 2876 994 tuam
2921 941 2972 994 in
3011 943 3172 998 verba
3220 945 3457 1001 malitiae.

1876 1015 2030 1087 Saepe
2053 1021 2195 1075 enim
2223 1022 2478 1080 indecens
2498 1027 2696 1096 aliquid
2721 1029 3022 1099 loquentes,
3044 1043 3248 1089 tentant
3267 1039 3460 1094 utentis

1876 1109 2179 1179 arbitrium,
2221 1114 2265 1168 si
2317 1116 2547 1172 libenter
2576 1119 2760 1174 audias
2793 1123 2939 1190 virgo
2983 1125 3122 1194 quod
3165 1127 3379 1194 dicitur,
3413 1130 3459 1184 si

1875 1198 1942 1252 ad
1959 1199 2178 1254 ridicula
2197 1219 2421 1274 quzeque
2444 1208 2690 1276 solvaris,
2706 1211 2962 1281 quidquid
2980 1215 3197 1277 dixeris.
3216 1217 3454 1283 laudant;

1876 1290 2134 1360 quidquid
2182 1297 2483 1364 negaveris,
2533 1311 2726 1369 negant
2759 1319 2772 1354 :
2808 1303 2880 1373 (c)
2918 1304 3139 1359 facetam
3187 1317 3459 1362 vocantet

1876 1391 2136 1448 sanctam,
2165 1393 2220 1438 et
2243 1385 2294 1439 in
2320 1401 2423 1455 qua
2447 1389 2625 1443 nullus
2651 1390 2888 1446 sitdolus
2916 1412 2929 1447 :
2952 1393 3093 1451 Ecce
3119 1412 3244 1452 vere
3264 1399 3456 1452 ancilla

1874 1469 2097 1537 Christi,
2127 1472 2370 1532 dicentes
2404 1495 2418 1531 :
2449 1493 2576 1534 ecce
2606 1488 2715 1535 tota
2755 1482 3089 1551 simplicitas.
3127 1485 3241 1539 Non
3273 1496 3330 1540 ut
3368 1488 3454 1542 illa

1876 1561 2115 1630 horrida,
2148 1568 2336 1636 turpis,
2364 1572 2656 1638 rusticana,
2688 1575 2964 1640 terribilis,
2991 1585 3047 1631 et
3067 1593 3186 1647 qum
3209 1579 3328 1633 ideo
3349 1580 3457 1635 for-

1872 1653 2011 1706 sitan
2042 1656 2288 1711 maritum
2317 1675 2423 1714 non
2453 1660 2656 1728 habuit,
2687 1666 2808 1733 quia
2841 1665 3079 1721 invenire
3114 1684 3218 1723 non
3260 1671 3450 1739 potuit.

1870 1745 2108 1802 Naturali
2140 1749 2389 1806 ducimur
2416 1754 2578 1812 malo.
2605 1756 2986 1814 Adulatoribus
3006 1761 3203 1814 nostris
3227 1761 3455 1817 libenter

1868 1837 2135 1906 favemus,
2171 1851 2224 1896 et
2252 1858 2556 1914 quanquam
2599 1863 2697 1902 nos
2737 1851 3155 1919 respondeamus
3184 1853 3449 1923 indignos,

1870 1939 1924 1984 et
1955 1931 2158 1987 calidus
2199 1933 2364 1990 rubor
2405 1951 2498 1990 ora
2542 1937 2858 2006 perfundat;
2885 1949 3116 1997 attamen
3146 1945 3211 1998 ad
3240 1944 3452 2000 laudem

1868 2038 2018 2077 suam
2054 2026 2380 2082 intrinsecus
2407 2029 2582 2084 anima
2613 2031 2843 2085 laetatur.
2872 2031 3078 2102 Sponsa
3107 2035 3300 2090 Christi
3330 2051 3450 2090 arca

1869 2125 1952 2169 est
1976 2116 2327 2184 Tcstamcnti,
2361 2120 2687 2176 intrinsecus
2715 2131 2769 2177 et
2793 2125 3128 2179 extrinsecus
3158 2125 3406 2180 deaurata
3432 2168 3448 2192 ,

1869 2219 2052 2262 CtlS'OS
2081 2209 2215 2278 legis
2242 2210 2470 2265 Domini.
2499 2211 2650 2266 Sicut
2678 2214 2728 2266 in
2757 2214 2846 2267 illa
2876 2214 3007 2267 nihil
3038 2215 3180 2268 aliud
3209 2216 3326 2278 fuit,
3352 2218 3450 2270 nisi

1873 2296 2066 2350 tabulae
2090 2297 2442 2364 Testamenti,
2484 2301 2552 2354 ita
2580 2311 2634 2354 et
2665 2301 2718 2355 in
2749 2313 2799 2357 te
2824 2303 3003 2358 nullus
3031 2305 3100 2358 sit
3123 2305 3454 2361 extrinsecus

1869 2391 2150 2456 Cogitatus.
2180 2389 2354 2459 Super
2377 2391 2476 2445 hoc
2503 2392 2931 2460 propitiatorium
2959 2396 3108 2464 quasi
3134 2410 3294 2463 super
3313 2395 3454 2451 Che-

1870 2479 2070 2546 ruhim,
2113 2480 2304 2536 sedere
2327 2483 2439 2537 vult
2467 2482 2742 2540 Dominus.
2775 2485 2933 2541 Mittit
2963 2487 3256 2557 discipulos
3280 2501 3409 2543 suos
3434 2530 3450 2556 ,

1870 2580 1924 2625 ut
1955 2573 2005 2626 iu
2041 2583 2089 2627 te
2118 2573 2256 2628 sicut
2293 2575 2345 2629 in
2380 2576 2524 2645 pullo
2546 2577 2712 2632 asina:
2739 2578 2945 2644 sedeat,
2976 2579 3120 2635 curis
3145 2590 3195 2635 te
3233 2581 3456 2636 stecula-

1869 2665 2018 2719 ribus
2045 2665 2124 2735 (2)
2151 2666 2356 2733 solvat,
2389 2677 2446 2722 ut
2473 2669 2652 2736 paleas
2673 2678 2729 2725 et
2753 2671 2946 2726 lateres
2971 2670 3184 2742 Egypti
3215 2671 3452 2728 dereliuo

1868 2773 2060 2828 quens,
2102 2759 2318 2832 Moysen
2363 2762 2607 2830 sequaris
2639 2764 2688 2816 in
2723 2778 2928 2829 eremo,
2957 2770 3012 2818 et
3049 2773 3242 2818 terram
3275 2779 3456 2832 repro-

1869 2850 2140 2905 missionis
2160 2853 2412 2906 introeas.
2436 2852 2604 2907 Nemo
2622 2854 2688 2906 sit
2707 2855 2794 2923 qui
2820 2853 3118 2923 prohibeat,
3141 2867 3245 2907 non
3263 2863 3453 2918 mater,

1872 2959 1976 3000 nou
2021 2959 2213 3013 soror,
2259 2961 2362 2999 non
2409 2955 2663 3014 cognata,
2699 2963 2803 3000 non
2841 2960 3126 3015 germanus
3159 2963 3172 2996 :
3203 2945 3458 2998 Demiuus

1873 3043 1924 3090 te
1968 3035 2322 3089 necessariam
2357 3035 2534 3089 habet.
2579 3036 2731 3102 Qund
2761 3037 2804 3090 si
2849 3035 3114 3088 voluerint
3155 3033 3410 3104 impedire
3439 3077 3456 3100 ,

1873 3127 2098 3180 timeant
2137 3124 2342 3194 ﬂagella
2373 3124 2685 3189 Pharaonis,
2719 3125 2807 3195 qui
2850 3124 3101 3194 populum
3133 3124 3226 3178 Dei
3267 3124 3331 3178 ad
3361 3139 3457 3178 θο-

1871 3218 2088 3272 leudum
2131 3233 2252 3271 eum
2302 3218 2492 3272 nolens
2528 3216 2832 3281 dimittere,
2882 3230 3069 3284 passus
3112 3225 3194 3270 est
3235 3231 3297 3270 ea
3336 3231 3457 3284 quae

1873 3309 2071 3377 scripta
2111 3316 2253 3362 sunt.
2284 3307 2441 3362 Jesus
2484 3307 2754 3377 ingressus
2799 3308 2852 3360 in
2901 3307 3202 3377 Templum,
3245 3322 3307 3362 ea
3339 3321 3459 3376 qum

1872 3398 2079 3469 Templi
2107 3413 2212 3453 non
2237 3406 2410 3463 erant,
2443 3399 2687 3468 proiecit.
2722 3398 2861 3453 Deus
2881 3397 3022 3452 enim
3051 3397 3252 3452 zelotes
3277 3406 3379 3460 est,
3405 3405 3460 3450 et

1872 3507 1978 3545 non
2010 3490 2121 3545 vult
2165 3489 2339 3546 Patris
2388 3489 2606 3545 domum
2653 3489 2768 3544 fieri
2811 3489 3121 3558 speluncam
3166 3488 3454 3544 latronum,

1873 3583 2118 3654 Alioquin
2143 3583 2229 3639 ubi
2258 3597 2363 3637 :era
2390 3591 2759 3647 numerantur,
2785 3580 2871 3634 ubi
2895 3587 3019 3634 sunt
3043 3593 3219 3634 cavea:
3247 3578 3454 3632 colum-

1872 3676 2080 3741 barum,
2117 3684 2170 3730 et
2196 3674 2512 3744 simplicitas
2537 3681 2814 3738 enecatur,
2846 3671 2937 3725 ubi
2965 3671 3016 3725 in
3049 3678 3268 3740 pectore
3298 3669 3458 3738 virgi~

1871 3770 1977 3824 nali
1996 3768 2333 3823 smcnlarimn
2401 3767 2560 3838 108
2621 3765 2958 3836 negotiorum
2976 3778 3101 3817 cura
3119 3771 3458 3825 a-stuat,sta-.

1873 3862 1964 3914 tim
1986 3860 2161 3914 velum
2180 3858 2386 3928 Templi
2401 3857 2662 3911 scinditur
2682 3872 2696 3919 ;
2716 3867 2946 3923 sponsus
2961 3851 3238 3916 coosurgit
3265 3852 3453 3911 iratus,

1869 3961 1924 4007 ct
1948 3951 2072 4006 dicit
2100 3968 2113 4002 :
2136 3949 2464 4018 Relinquetur
2481 3946 2616 3999 vobis
2636 3945 2817 3996 domus
2837 3949 3000 3995 rastra
3020 3941 3215 3993 deserta
3243 3938 3454 4007 (Matth.

1873 4043 1962 4098 15.
1987 4039 2098 4112 58).
2123 4040 2264 4110 Lege
2293 4036 2662 4106 Evangelium,
2687 4043 2741 4089 et
2761 4033 2881 4088 vide
2906 4029 3175 4102 quomodo
3200 4029 3362 4084 Maria
3390 4029 3458 4084 ad

1873 4133 2035 4204 pedes
2065 4130 2274 4185 Domini
2314 4128 2527 4191 sedens,
2548 4126 2767 4180 Martha:
2802 4123 2977 4178 studio
3007 4121 3342 4192 prmferatnr.
3391 4119 3458 4175 Et

1874 4231 2022 4279 certe
2048 4220 2128 4291 (ά)
2158 4217 2364 4274 Martha
2381 4215 2568 4272 scdulo
2590 4214 2968 4285 hospitalitatis
2989 4212 3200 4277 ofﬁcio,
3232 4211 3458 4265 Domino

1870 4325 2032 4384 atque
2047 4311 2320 4381 discipulis
2341 4310 2461 4380 ejus
2481 4308 2784 4364 convivium
2809 4307 3257 4377 prteparabat,cui
3274 4306 3454 4374 Jesus,

1878 4424 1895 4457 ι
1932 4403 2158 4472 Martha,
2179 4404 2369 4473 inquit,
2398 4400 2623 4466 Martha,
2655 4399 2879 4456 sollicita
2905 4413 2984 4465 es,
3007 4408 3060 4452 et
3083 4397 3308 4452 turbaris
3328 4413 3455 4464 erga

1873 4499 2101 4568 plurima
2135 4513 2148 4551 :
2181 4511 2350 4568 pauca
2393 4503 2574 4550 autem
2620 4493 2920 4550 necessaria
2969 4499 3092 4546 sunt
3117 4533 3132 4557 ,
3162 4499 3218 4544 ut
3246 4505 3404 4542 unum
3437 4507 3453 4543 :

1873 4589 2032 4644 Maria
2063 4588 2256 4644 bonam
2301 4597 2502 4658 partem
2549 4586 2740 4656 elegit,
2774 4599 2892 4654 qua:
2935 4599 3039 4637 non
3086 4580 3358 4636 auferetur
3385 4580 3454 4632 ah

1872 4697 1935 4737 ea
1975 4701 1995 4735 ι
2043 4681 2192 4752 (Luc.
2227 4683 2316 4736 10.
2365 4681 2455 4734 41.
2501 4690 2546 4734 et
2573 4678 2734 4750 seqq),
2767 4678 2896 4732 Esto
2930 4686 2982 4732 et
3013 4687 3066 4731 tu
3096 4675 3274 4732 Maria,
3318 4670 3455 4726 ciliis

1872 4773 2122 4844 prasfcrto
2167 4771 2489 4828 doctrinam.
2523 4770 2750 4826 Sorores
2783 4778 2886 4824 tuae
2911 4769 3188 4828 cursitent,
3227 4773 3280 4817 ct
3307 4778 3454 4830 qum.-

1872 4875 1993 4922 raut
2014 4865 2282 4936 quomodo
2309 4865 2582 4920 Christum
2621 4862 2886 4932 hospitem
2918 4857 3228 4925 suscipiant.
3259 4853 3339 4906 Tu
3367 4868 3453 4906 se-

1873 4957 1980 5013 mel
2009 4956 2190 5012 szreuli
2220 4970 2383 5012 onere
2406 4954 2500 5028 [ιιι.
2525 4951 2733 5023 honore]
2760 4950 3015 5021 projecto,
3045 4942 3172 4999 set'e
3196 4942 3262 4997 ad
3290 4942 3455 5012 pedes

1931 5091 2002 5156 (c)
2028 5093 2127 5156 Pio
2149 5093 2356 5156 facetam
2375 5088 2456 5156 alii
2479 5087 2619 5156 cedd.
2639 5079 3444 5156 castam,aliiinnoesnteqtlegqnt.

1935 5141 2014 5214 id.)
2032 5141 2237 5214 N0“;cn
2260 5149 2467 5207 “arma,
2488 5147 2613 5211 quod
2639 5145 2858 5214 boelqco
2880 5145 3153 5214 deerat._ex
3177 5141 3285 5190 aliis
3307 5141 3455 5213 editis

1870 5202 2424 5276 ac‘Mss.,VSupplevi_mus
2487 5202 2586 5276 tam
2613 5221 2678 5258 ex
2711 5205 2882 5276 iisdem
2901 5204 3021 5252 duas
3042 5202 3454 5276 alias.t'oces,‘cui

1867 5286 2026 5328 Jesus.
2053 5269 2212 5338 Paulo
2244 5273 2406 5338 infra,_
2424 5269 2508 5338 ubi
2544 5281 2698 5338 pauca
2723 5273 2902 5338 “autem
2939 5269 3210 5338 necessarie
3253 5269 3454 5338 suntut

1869 5326 2020 5388 unum
2043 5335 2175 5397 (qua:
2213 5326 2614 5384 aliter'hodierni
2648 5328 2844 5397 codices
2877 5328 2999 5376 sacri
3039 5326 3452 5397 tumCrtecitunt

1867 5398 2024 5450 Latini
2049 5387 2269 5458 habent)
2295 5407 2382 5458 pro
2412 5399 2464 5444 ut
2485 5405 2644 5458 animi
2675 5390 2898 5458 plerique
2929 5388 3244 5458 manuscripti
3268 5387 3454 5458 habent

1866 5447 1950 5510 Eni
1974 5470 2138 5518 unum,
2178 5447 3063 5519 quemadmodum_Auctor_fnora_liu_m
3091 5447 3202 5519 quae
3233 5447 3290 5497 ad
3313 5447 3452 5519 Basi-

1865 5523 1984 5585 ljum
2013 5519 2078 5585 Μ.
2119 5511 2400 5585 referuntur
2435 5530 2544 5578 reg.
2578 5515 2654 5564 38.
2682 5520 2736 5564 et
2773 5511 3143 5585 Olympiodgrtt’s.
3171 5513 3222 5585 ip
3253 5523 3358 5585 cap.

1863 5572 2186 5636 Ecclesiastes
2209 5579 2388 5644 legunt
2402 5572 2526 5644 ὀλιῷ
2547 5585 2589 5627 δι
2610 5589 2690 5629 ιστι
2710 5601 2806 5642 χοι-ι
2825 5572 2886 5628 {at
2909 5572 3000 5633 ἱνος·
3022 5572 3175 5626 Nobis
3192 5576 3242 5624 in
3255 5573 3453 5636 δυοῖῐδὶιὶ

1865 5661 1922 5698 re
1948 5648 2202 5699 immutare
2226 5641 2322 5693 non
2343 5641 2538 5704 placuit.

1929 5707 2003 5771 (2)
2037 5696 2184 5770 Legit
2205 5696 2411 5757 Gravius
2433 5702 2632 5767 solvant,
2655 5708 2711 5755 ut
2733 5701 2975 5756 referatur
2999 5698 3060 5752 ad
3077 5696 3354 5770 discipulos.
