4078 6198
626 402 866 468 Domini,
897 409 952 457 et
969 398 1055 454 die
1082 412 1096 450 :
1130 413 1149 447 ι
1180 385 1361 447 Inveni
1386 398 1529 446 eum,
1552 394 1709 452 quem
1736 374 2197 468 quzerebataniina

629 511 751 553 mea
784 513 798 549 :
827 464 1018 550 timebo
1045 498 1162 542 eum
1182 522 1199 549 ,
1229 487 1286 535 et
1324 493 1430 531 non
1459 473 1721 528 dimittam
1755 487 1776 521 ι
1810 467 1981 539 (Cant.
2008 466 2062 520 5.
2097 464 2153 532 ι)
2181 478 2199 519 :

630 598 687 642 et
711 586 799 641 ille
824 577 1143 652 respondeat
1169 589 1183 626 :
1218 588 1238 621 ι
1271 568 1386 625 Una
1412 576 1490 620 eSt
1521 560 1767 618 columba
1802 573 1939 652 mea,

628 692 748 734 mea
779 693 793 729 :
824 645 929 728 una
951 678 1034 724 est
1058 664 1216 721 matri
1245 676 1375 725 suae,
1396 658 1568 714 electa
1598 650 1842 726 genitriei
1859 665 1971 706 sua:
1990 668 2015 702 ι
2038 645 2197 721 (Ibid.

625 769 681 823 6.
713 766 794 834 8),
820 759 1027 817 ealesti
1066 755 1312 811 videlicet
1333 748 1653 807 Jerusalem.

692 829 785 909 25.
818 850 882 905 In
902 848 1133 905 oratione
1159 845 1228 898 ad
1250 842 1416 896 Deum
1457 837 1729 909 loquimur,
1752 843 1861 889 etc.
1881 860 1956 873 —-
1980 829 2205 897 Semper

621 953 677 1000 te
691 940 919 999 cubiculi
939 938 1013 994 tui
1030 944 1237 992 secreta
1254 930 1579 993 custodiant,
1608 939 1822 995 semper
1851 932 2024 977 tecum
2043 932 2204 987 spon-

619 1049 715 1091 sus
752 1031 902 1087 ludat
940 1028 1284 1084 intrinsecus.
1329 1023 1487 1087 Oras,
1519 1016 1758 1088 loqueris
1787 1012 1854 1067 ad
1896 1010 2201 1080 Sponsum:

620 1125 778 1196 legis,
806 1123 895 1178 ille
939 1121 1031 1177 tibi
1072 1117 1308 1189 loquitur
1340 1133 1353 1168 :
1383 1122 1439 1169 et
1479 1126 1601 1166 cum
1633 1117 1685 1163 te
1726 1117 1947 1160 somnus
1983 1112 2206 1169 oppres-

623 1218 778 1283 serit,
818 1212 999 1270 veniet
1028 1219 1151 1283 post
1178 1209 1469 1280 parietem,
1511 1211 1565 1259 et
1592 1202 1768 1256 mittet
1808 1207 2023 1250 manum
2052 1204 2205 1245 suam

624 1324 728 1381 per
768 1308 1038 1372 foramen,
1066 1313 1121 1360 et
1152 1309 1330 1373 tanget
1373 1306 1623 1388 ventrem
1644 1303 1789 1347 tuum
1819 1308 1833 1343 :
1863 1297 1917 1344 et
1945 1297 2204 1388 experge-

622 1401 761 1455 facta
801 1412 1114 1468 consurges,
1158 1403 1213 1450 et
1250 1394 1438 1447 dices:
1471 1407 1490 1440 ι
1527 1386 1814 1442 Vulnerata
1858 1386 2079 1468 caritate
2105 1387 2207 1443 ego

622 1505 743 1546 sum
782 1509 802 1543 ι
840 1508 855 1545 :
885 1497 939 1544 et
980 1467 1167 1543 rursus
1211 1485 1280 1539 ab
1308 1498 1376 1539 eo
1400 1478 1607 1543 audies,
1645 1494 1663 1528 ι
1700 1475 1898 1529 Hortus
1922 1467 2208 1524 conclusus

622 1595 780 1635 soror
800 1595 917 1636 mea
939 1592 1136 1648 sponsa
1167 1595 1182 1631 :
1212 1577 1401 1630 hortus
1419 1570 1724 1633 conclusus,
1762 1563 1878 1620 fons
1906 1561 2201 1660 signatus.»

625 1671 802 1741 (Cant.
830 1672 885 1725 4.
930 1670 1043 1739 I2).
1073 1668 1215 1723 Cave
1245 1681 1312 1720 ne
1355 1664 1575 1718 domum
1631 1671 1798 1714 exeas
1819 1695 1833 1718 ,
1879 1661 1935 1709 et
1961 1650 2095 1706 velis
2124 1650 2206 1702 vi-

628 1760 759 1815 dere
788 1761 927 1814 Illias
969 1758 1206 1829 regionis
1253 1756 1477 1817 alienzn,
1508 1749 1751 1822 quamvis
1790 1746 1982 1800 fratres
2013 1741 2208 1794 habeas

625 1853 988 1919 Patriarchas,
1027 1862 1082 1907 et
1108 1850 1272 1906 Israel
1300 1857 1521 1919 parente
1552 1844 1749 1900 laeteris
1781 1858 1794 1894 :
1829 1840 1958 1894 Dina
1992 1849 2206 1905 egressa

625 1945 1009 2016 corrumpitur.
1037 1944 1174 2000 Nolo
1205 1953 1257 1998 te
1281 1942 1549 2012 Sponsum
1593 1949 1836 2008 quaerere
1861 1947 1955 2004 per
1983 1930 2206 2001 plateas.

630 2036 768 2092 Nolo
789 2047 843 2092 te
862 2036 1145 2092 circumire
1162 2033 1384 2105 angulos
1409 2030 1659 2093 civitatis,
1681 2027 1829 2082 dicas
1853 2025 1978 2079 licet
2000 2039 2014 2075 :
2047 2039 2066 2071 ι
2088 2019 2211 2076 Sur-

629 2142 775 2198 gam,
803 2135 859 2182 et
888 2125 1183 2182 circumibo
1209 2125 1502 2189 civitatem,
1534 2130 1588 2177 et
1616 2121 1668 2174 in
1700 2118 1836 2184 foro,
1859 2125 1914 2171 et
1940 2116 1991 2170 in
2021 2112 2209 2184 plateis

628 2233 865 2289 qumram
902 2233 1060 2289 quem
1090 2218 1277 2274 dilexit
1313 2215 1490 2270 anima
1518 2228 1635 2269 mea
1673 2231 1692 2264 ι
1729 2209 1890 2281 (Ibid.
1918 2209 1973 2265 ὅ.
1999 2205 2100 2275 2);
2152 2212 2210 2261 et

622 2308 925 2380 interroges
952 2326 966 2364 :
990 2327 1010 2361 ι
1038 2308 1176 2364 Num
1198 2321 1357 2378 quem
1374 2304 1563 2361 dilexit
1582 2302 1757 2358 anima
1787 2313 1927 2366 mea,
1945 2296 2153 2352 vidistis
2182 2313 2201 2346 ι

625 2398 677 2471 (1
686 2400 791 2454 bid.
833 2400 935 2470 3)?
964 2414 1122 2456 nemo
1144 2398 1241 2454 tibi
1266 2395 1594 2467 respondere
1617 2391 1940 2464 dignabitur.
1967 2388 2209 2458 Sponsus

631 2490 689 2545 in
738 2490 931 2559 plateis
971 2505 1078 2545 non
1127 2496 1305 2559 potest
1332 2485 1579 2543 inveniri.
1613 2503 1633 2536 ι
1668 2485 1851 2548 Arcta,
1879 2488 1935 2536 et
1983 2485 2208 2549 angusta

624 2581 709 2635 via
736 2587 839 2647 est,
863 2595 981 2650 qua:
1009 2579 1157 2634 ducit
1182 2578 1250 2633 ad
1276 2578 1437 2660 vitam
1465 2596 1485 2630 ι
1512 2575 1727 2650 (Matth.
1749 2573 1804 2627 7.
1833 2572 1945 2643 ib).
1969 2569 2207 2639 Denique

624 2673 865 2743 sequitur
893 2690 908 2728 :
941 2690 962 2725 ι
988 2672 1220 2741 Ωιιωείνὶ
1248 2686 1390 2737 eum,
1412 2680 1468 2726 et
1494 2684 1599 2724 non
1626 2666 1828 2731 inveni,
1854 2663 2037 2718 vocavi
2060 2676 2204 2726 eum,

627 2771 684 2818 et
725 2777 832 2817 non
875 2761 1151 2832 respondit
1192 2762 1323 2818 mihi
1359 2781 1377 2814 ι
1410 2759 1581 2833 (Cant.
1613 2758 1669 2816 5.
1700 2756 1779 2827 6).
1808 2756 1982 2825 Atque
2006 2751 2206 2807 utinam

624 2870 732 2910 non
764 2854 1034 2909 invenisse
1063 2853 1331 2910 sufﬁciat!
1361 2850 1774 2916 Vulneraberis,
1803 2845 2090 2903 nudaberis
2110 2886 2125 2910 ,
2151 2852 2208 2899 et

624 2942 961 3015 gemebunda
991 2946 1233 3002 narrabis
1262 2963 1275 3001 :
1303 2964 1322 2997 ι
1355 2945 1680 3000 Invenerunt
1710 2955 1795 2996 me
1815 2938 2086 3001 custodes,
2115 2936 2204 3007 qui

620 3039 957 3094 circumeunt
995 3039 1264 3094 civitatem
1303 3056 1316 3092 :
1350 3045 1725 3107 percusserunt
1743 3049 1849 3100 me,
1876 3042 1932 3089 et
1956 3032 2205 3087 vulnera.

622 3140 816 3183 verunt
844 3145 951 3195 me,
976 3129 1534 3185 tulerunttlteristrutn
1615 3127 1773 3199 109
1844 3139 2022 3180 meum
2040 3122 2203 3177 mihi:

625 3221 644 3290 (
675 3218 811 3275 Ibid.
841 3236 891 3274 υ.
923 3221 954 3274 7
981 3222 1021 3291 ).
1054 3221 1109 3277 Si
1152 3230 1328 3276 autem
1372 3221 1473 3276 hoc
1502 3220 1689 3276 exiens
1725 3219 1920 3288 patitur
1950 3216 2061 3283 illa,
2087 3229 2208 3285 qua:

623 3309 852 3365 dixerat:
891 3328 912 3361 ο
948 3311 1061 3382 Ego
1081 3311 1311 3379 dormio,
1340 3321 1396 3366 et
1416 3327 1511 3367 cor
1528 3326 1705 3367 meum
1723 3310 1933 3380 vigilat»
1951 3309 2127 3379 (Cant.
2148 3308 2203 3363 5.

620 3399 699 3471 2).
737 3400 820 3464 Et,
856 3419 876 3452 ι
917 3399 1197 3455 fasciculus
1247 3411 1445 3457 stactes
1481 3401 1747 3456 fratruelis
1792 3415 1942 3455 meus
1972 3397 2122 3465 mihi,
2152 3399 2206 3452 in

622 3490 801 3545 medio
823 3491 1044 3544 uberum
1076 3506 1316 3545 meorum
1339 3493 1795 3556 commorabitur;
1836 3510 1855 3543 ι
1882 3490 2004 3561 quid
2028 3489 2094 3544 de
2112 3503 2207 3544 no-

622 3580 707 3635 bis
737 3580 847 3647 llet,
872 3596 990 3651 qum
1009 3582 1184 3638 adhuc
1199 3581 1609 3637 adulescentula:
1628 3597 1844 3647 sumus;
1869 3598 1988 3653 qua:
2009 3596 2204 3652 sponsa

624 3672 861 3727 intrante
885 3686 1004 3726 cum
1034 3687 1256 3744 sponso,
1288 3689 1627 3729 remanemus
1650 3674 2021 3729 extrinsecus?
2047 3673 2175 3728 Zelo
2192 3702 2205 3715 -

626 3774 785 3836 typus
814 3773 898 3820 est
924 3763 1100 3830 Iesus,
1133 3780 1238 3820 non
1261 3765 1373 3820 vult
1396 3765 1464 3819 ab
1489 3765 1604 3821 aliis
1628 3764 1794 3820 videri
1827 3764 2010 3819 faelem
2037 3774 2202 3819 tuam.

624 3855 864 3912 Excuses
889 3857 1049 3925 licet,
1078 3866 1240 3928 atque
1268 3856 1507 3913 causeris
1528 3898 1543 3920 ,
1570 3857 1801 3911 obducto
1827 3857 2089 3912 velamine
2110 3870 2204 3911 ora

621 3950 856 4017 contexi,
886 3958 942 4006 et
969 3952 1190 4022 (ιιιωείνί
1220 3960 1271 4006 te
1302 3951 1393 4014 ibi,
1422 3960 1475 4006 et
1499 3950 1607 4005 dixi
1647 3968 1659 4005 :
1698 3968 1718 4002 ι
1758 3950 2023 4004 Annuntia
2051 3948 2201 4014 mihi,

621 4056 781 4111 quem
813 4040 998 4095 dilexit
1026 4043 1204 4096 anima
1239 4057 1354 4095 mea
1388 4060 1401 4097 :
1433 4042 1521 4096 ubi
1564 4042 1768 4111 pascis,
1816 4041 1905 4095 ubi
1950 4040 2114 4095 cubas
2153 4041 2205 4094 in

623 4132 869 4198 meridie,
901 4148 968 4187 ne
997 4133 1209 4203 quando
1233 4132 1436 4188 eflieiar
1456 4134 1590 4188 sicut
1617 4141 1799 4203 operta
1830 4149 1992 4202 super
2015 4147 2207 4204 greges

624 4221 889 4276 sodalium
914 4230 1123 4278 tuorum
1153 4242 1172 4276 ν
1204 4225 1374 4294 (Cant.
1396 4225 1517 4281 1.6.
1532 4226 1672 4296 just.
1694 4223 2208 4295 LXX):indignabi-

626 4320 732 4376 tur,
761 4313 1004 4380 tumebit,
1035 4326 1088 4370 et
1116 4316 1255 4371 dicet
1289 4334 1303 4371 :
1342 4335 1361 4368 ‹
1398 4316 1454 4371 Si
1482 4332 1585 4371 non
1615 4317 1930 4387 cognoveris
1959 4317 2204 4385 teipsam,

624 4417 660 4457 o
687 4404 908 4472 pulchra
952 4406 1091 4463 inter
1135 4408 1421 4473 mulieres,
1471 4408 1727 4479 egredere
1773 4416 1831 4462 tu
1875 4408 1928 4462 in
1974 4410 2210 4479 vestigiis

624 4508 867 4563 gregum,
910 4506 962 4550 et
992 4513 1148 4565 pasce
1179 4497 1360 4552 bardos
1391 4506 1510 4553 tuos
1542 4499 1591 4552 in
1641 4497 1998 4553 tabernaculis
2027 4508 2208 4567 pasto-

626 4600 768 4640 rum.
805 4603 824 4636 ι
856 4586 942 4642 Sis
965 4588 1085 4643 licet
1113 4589 1356 4659 pulchra,
1383 4598 1436 4644 et
1462 4592 1601 4643 inter
1621 4604 1808 4645 omnes
1824 4589 2210 4661 mulieres'spe-

622 4676 738 4731 cies
770 4685 854 4730 tua
870 4676 1122 4749 diligatur
1137 4696 1167 4734 a
1184 4680 1414 4751 Sponsa,
1436 4681 1537 4735 nisi
1561 4692 1612 4735 te
1632 4681 1965 4750 cognoveris,
1991 4689 2047 4736 et
2064 4683 2210 4738 omni

622 4766 866 4821 custodia
909 4770 1208 4824 servaveris
1240 4786 1335 4825 cor
1378 4780 1523 4826 tuum
1555 4788 1568 4824 :
1600 4771 1701 4825 nisi
1746 4772 1933 4826 oculos
1955 4773 2210 4841 juvenum

623 4854 843 4926 fugeris.
871 4859 1167 4930 egredieris
1194 4862 1262 4918 de
1293 4862 1525 4917 thalamo
1550 4877 1690 4925 meo,
1716 4870 1772 4919 et
1794 4878 1979 4933 pasces
2005 4864 2208 4933 haedos,

624 4947 718 5018 qui
754 4951 1019 5006 statuendi
1047 4950 1140 5025 [ιιι.
1168 4951 1369 5025 staturi]
1398 4964 1522 5010 sunt
1545 4970 1575 5008 a
1604 4955 1855 5010 sinistris.

695 5038 785 5095 26.
810 5038 1009 5113 Itaque,
1030 5044 1099 5097 mi
1123 5044 1489 5109 Eustochium,
1516 5046 1641 5112 illia,
1667 5047 1901 5115 domina,
1928 5061 2211 5115 conserva,

622 5143 875 5199 germana
903 5133 1084 5204 (aliud
1115 5136 1259 5199 enim
1291 5136 1483 5200 anatis,
1515 5136 1658 5192 aliud
1688 5139 1884 5203 meriti,
1913 5138 2056 5194 aliud
2087 5140 2213 5194 reli-

624 5221 819 5292 gionis,
860 5223 962 5279 hoc
1000 5225 1237 5281 caritatis
1263 5236 1345 5283 est
1376 5228 1606 5298 nomen)
1630 5228 1749 5283 audi
1773 5228 1960 5283 Isaiam
1990 5230 2213 5300 loquen-

627 5320 733 5368 tem
763 5330 778 5369 :
814 5331 834 5366 σ
871 5314 1106 5384 POpulus
1135 5333 1287 5373 meus
1314 5320 1450 5375 intra
1487 5320 1789 5377 cubiculum
1823 5330 1994 5376 tuum.
2016 5322 2216 5379 Claude

625 5404 822 5458 ostium
851 5412 1024 5471 tuum,
1046 5407 1373 5466 abscondere
1400 5411 1648 5480 pusillum
1686 5400 2103 5482 aliquantulum,
2123 5413 2220 5467 do-

625 5507 729 5548 nec
756 5503 1000 5548 transeat
1027 5497 1102 5551 ira
1138 5498 1347 5554 Domini
1383 5519 1403 5554 ι
1439 5501 1610 5575 (Isai.
1637 5501 1765 5572 26).
1796 5502 1947 5557 Foris
1966 5513 2222 5574 vagentur

624 5584 860 5653 virgines
888 5585 1084 5652 stultai,
1115 5597 1168 5640 tu
1197 5590 1514 5648 intrinsecus
1541 5602 1658 5649 esto
1680 5609 1802 5649 cum
1819 5594 2063 5662 Sponso;
2097 5596 2219 5667 quia

619 5672 672 5730 si
716 5671 917 5728 ostium
944 5671 1219 5745 clauseris,
1268 5688 1324 5734 ct
1370 5682 1661 5739 secundum
1712 5683 1984 5755 Evangelii
2017 5702 2217 5757 praece-

1907 260 2146 319 S.\NCT|
2188 252 2559 315 lllERONYilI

3791 265 3902 321 ΗΞ

2309 379 2456 440 ptum
2477 371 2529 425 in
2546 372 2754 427 occulto
2769 371 3005 428 oraveris
3024 371 3235 429 Patrem
3249 380 3421 442 tuum,
3438 374 3636 443 veniet,
3658 384 3714 432 et
3735 378 3902 445 pulsa-

2307 461 2407 528 bit,
2435 470 2490 516 et
2513 461 2689 517 dicet:
2724 480 2745 515 ‹
2779 463 2915 519 Ecce
2934 478 3032 533 ego
3051 471 3136 518 sto
3153 472 3279 519 ante
3294 464 3536 534 ianuam,
3564 476 3620 521 ct
3646 467 3818 537 pulso.
3842 470 3901 524 Si

2307 552 2429 621 quis
2448 552 2575 606 mihi
2593 554 2880 621 aperuerit,
2900 553 3128 608 introibo
3142 563 3197 609 et
3211 555 3439 610 coenabo
3457 570 3579 610 cum
3599 571 3686 624 eo,
3715 568 3769 612 et
3790 560 3902 628 ip:e

2311 657 2519 697 meeum
2542 661 2561 695 ι
2592 644 2786 714 (Apoc.
2800 646 2854 700 3.
2872 644 2991 714 20),
3010 654 3065 699 et
3081 655 3135 700 tu
3152 649 3330 701 statim
3345 647 3594 713 sollicita,
3613 652 3903 720 responde-

2310 731 2392 785 bis
2415 749 2431 786 :
2462 732 2607 786 «Vox
2627 733 2893 789 fratruelis
2915 734 3018 789 mei
3037 736 3292 805 pulsantis
3314 733 3407 807 [al.
3431 736 3645 794 additur
3663 749 3711 793 et
3733 740 3901 796 dicen-

2311 820 2451 894 tis]:
2493 824 2654 893 Aperi
2692 823 2821 878 mihi
2846 839 3001 881 soror
3025 840 3163 891 mea,
3198 827 3439 896 proxima
3474 842 3612 892 mea,
3652 830 3899 885 columba

2312 926 2451 974 mea,
2471 912 2701 981 perfecta
2729 928 2847 967 mea
2872 933 2892 966 ›
2923 913 3000 983 (a)
3026 913 3199 984 (Cant.
3223 915 3279 981 5,
3295 914 3377 986 2).
3398 914 3504 970 Nec
3524 925 3607 971 est
3633 926 3690 971 ut
3712 917 3862 973 dicas
3885 937 3899 972 :

2317 1019 2338 1053 ι
2364 1002 2664 1072 Despoliavi
2700 1019 2786 1060 me
2815 1006 2991 1059 tunica
3022 1020 3163 1069 mea,
3187 998 3458 1076 quomodo
3479 1008 3693 1063 induam
3716 1010 3902 1065 illam?

2311 1091 2416 1146 lavi
2432 1093 2592 1163 pedes
2606 1109 2775 1161 meos,
2806 1095 3075 1165 quomodo
3091 1096 3378 1166 inquinabo
3406 1099 3537 1154 eos?
3558 1117 3584 1151 ι
3607 1098 3753 1155 Illico
3771 1117 3905 1155 con-

2312 1197 2491 1252 surge,
2515 1192 2572 1239 et
2596 1185 2764 1255 aperi,
2785 1202 2852 1241 ne
2881 1194 2932 1241 te
2953 1196 3278 1252 remorante,
3311 1196 3662 1257 pertranseat,
3744 1192 3905 1262 110

2311 1282 2367 1327 et
2396 1281 2577 1342 postea
2605 1276 2973 1344 conqueraris,
2992 1284 3047 1330 et
3064 1276 3214 1331 dicas
3242 1294 3254 1330 :
3280 1295 3299 1327 ‹
3322 1279 3519 1343 Aperui
3545 1294 3644 1348 ego
3666 1278 3903 1336 fratrueli

2313 1377 2453 1426 meo,
2470 1363 2737 1420 fratruelis
2762 1380 2914 1421 meus
2938 1368 3296 1437 pertransivit.
3313 1387 3333 1420 ι
3355 1367 3491 1436 Quid
3514 1369 3657 1424 enim
3686 1385 3903 1427 necesse

2312 1462 2413 1516 est,
2435 1463 2488 1506 ut
2501 1454 2679 1509 cordis
2700 1456 2773 1509 tui
2790 1457 2925 1511 ostia
2946 1457 3126 1511 clausa
3141 1457 3247 1511 sint
3263 1473 3461 1527 sponso
3475 1458 3734 1515 ?Patcant
3752 1461 3846 1515 Clu
3861 1459 3904 1515 i-

2312 1553 2415 1604 sto.
2445 1544 2758 1599 claudantur
2778 1545 3323 1613 diabolo,seeundum
3344 1548 3472 1603 illud
3499 1592 3515 1606 .
3547 1567 3566 1600 ι
3601 1549 3658 1605 Si
3687 1552 3903 1620 spiritus

2312 1642 2629 1701 potestatem
2654 1634 2901 1691 habentis
2924 1637 3226 1692 ascenderit
3250 1653 3411 1706 super
3441 1648 3513 1702 te,
3538 1654 3607 1694 ne
3633 1640 3904 1695 dimiseris

2312 1722 2488 1777 locum
2514 1733 2660 1779 tuum
2694 1744 2714 1777 »
2750 1725 2936 1795 (Eccl.
2967 1728 3053 1783 10.
3078 1728 3164 1799 4).
3199 1728 3273 1801 (b)
3319 1730 3504 1785 Daniel
3534 1731 3585 1785 in
3627 1734 3907 1787 cmuaculo

2312 1829 2411 1870 suo
2437 1816 2684 1871 manebat
2723 1818 2775 1872 in
2807 1819 3175 1887 superioribus
3235 1822 3447 1891 (neque
3494 1823 3638 1876 enim
3689 1838 3907 1878 manere

2312 1915 2521 1977 poterat
2564 1908 2617 1963 in
2665 1908 2890 1981 humili)
2936 1909 3197 1965 fenestras
3244 1919 3456 1979 apertas
3503 1912 3569 1967 ad
3607 1912 3904 1969 Jerusalem

2314 2000 2517 2056 habuit.
2543 2001 2612 2056 Et
2642 2015 2694 2057 ιιι
2727 2001 2920 2057 habeto
2962 2013 3175 2073 apertas
3205 2003 3487 2072 fenestras,
3530 2004 3625 2059 sed
3653 2006 3794 2060 unde
3821 2006 3906 2061 lu-

2312 2107 2436 2147 men
2457 2093 2707 2159 introeat,
2736 2092 2877 2150 unde
2905 2093 3087 2150 videas
3110 2094 3380 2149 civitatem
3405 2096 3634 2150 Domini.
3661 2096 3737 2152 Ne
3774 2113 3908 2168 ape-

2312 2182 2422 2239 rias
2446 2182 2568 2238 illas
2588 2182 2867 2251 fenestras,
2898 2184 2966 2241 de
2986 2185 3180 2256 quibus
3200 2185 3397 2241 dicitur
3422 2204 3438 2242 :
3473 2205 3491 2239 ι
3517 2187 3735 2243 Intravit
3762 2204 3910 2245 mors

2312 2286 2409 2342 per
2435 2270 2697 2328 fenestras
2722 2282 2928 2330 vestras
2953 2293 2972 2327 ι
3006 2273 3107 2346 [al.
3130 2274 3360 2349 nostras]
3391 2275 3535 2348 (λεν.
3563 2277 3619 2335 9.
3651 2278 3776 2348 2|).

2381 2364 2474 2419 27.
2498 2363 2679 2420 Inanis
2706 2366 2871 2436 gloria
2887 2366 3362 2439 fugienda.—lllud
3389 2383 3601 2439 quoque
3621 2371 3717 2427 tibi
3739 2373 3913 2427 vitan-

2312 2453 2440 2510 dum
2482 2463 2568 2511 est
2592 2457 2817 2521 cautius,
2864 2472 2932 2513 ne
2961 2458 3135 2515 inanis
3184 2458 3374 2529 gloria:
3419 2459 3613 2517 ardore
3655 2461 3910 2534 capiaris.

2318 2563 2338 2598 ι
2372 2545 2669 2615 Quomodo,
2691 2547 2860 2618 inquit
2885 2547 3065 2617 Iesus,
3088 2550 3314 2620 potestis
3332 2550 3573 2617 credere,
3598 2554 3820 2624 gloriam
3840 2554 3913 2610 ab

2316 2635 2617 2692 hominibus
2638 2639 2965 2709 accipientes
2993 2658 3013 2693 ›
3047 2639 3227 2708 (Joan.
3250 2641 3355 2712 5).?
3379 2641 3513 2698 Vide
3531 2644 3689 2714 quale
3710 2645 3912 2701 malum

2313 2726 2406 2792 sit,
2438 2727 2579 2797 quod
2610 2728 2697 2798 qui
2731 2728 2996 2796 habuerit,
3039 2745 3144 2785 non
3177 2740 3350 2801 potest
3376 2732 3616 2790 credere.
3648 2733 3756 2790 Nos
3778 2750 3915 2790 vero

2312 2815 2554 2886 dicamus
2578 2835 2591 2871 :
2623 2837 2642 2870 ι
2668 2819 2927 2883 Quoniam
2945 2821 3191 2891 gloriatio
3207 2836 3322 2877 mea
3343 2831 3398 2878 tu
3424 2837 3483 2878 es
3508 2843 3528 2877 ι
3549 2823 3721 2887 (Ρωι.
3744 2827 3796 2882 '5.
3824 2828 3913 2896 4).

2313 2909 2382 2964 Et
2411 2926 2424 2963 :
2463 2929 2481 2962 ι
2500 2910 2600 2976 Qui
2616 2912 2895 2982 gloriatur,
2929 2913 2980 2967 in
3001 2913 3227 2968 Domino
3242 2916 3534 2985 glorietur:
3553 2916 3632 2982 (2.
3660 2916 3779 2973 Car.
3814 2920 3911 2975 10.

2313 2997 2436 3071 17).
2493 3001 2562 3055 Ει
2601 3018 2613 3053 :
2664 3019 2683 3053 ι
2716 3001 2774 3057 Si
2803 3002 2979 3057 adhuc
3019 3002 3326 3060 hominibus
3370 3006 3656 3075 placerem.
3707 3007 3916 3066 Christi

2310 3105 2498 3146 servus
2527 3107 2631 3147 non
2657 3107 2830 3148 essem
2867 3113 2886 3146 ι
2916 3092 3119 3164 (Colat.
3149 3096 3198 3149 1.
3228 3096 3353 3165 10).
3385 3096 3489 3152 Et:
3527 3117 3546 3149 ι
3575 3097 3700 3152 Mihi
3725 3108 3914 3157 autem
3988 3150 4001 3173 ε

2310 3180 2448 3235 absit
2467 3181 2706 3253 gloriari,
2735 3182 2836 3238 nisi
2860 3182 2913 3239 in
2932 3197 3092 3239 cruce
3110 3185 3319 3239 Dotttitti
3342 3189 3508 3242 nostri
3535 3187 3661 3243 Jesu
3683 3189 3913 3258 Christi,

2311 3285 2408 3342 per
2434 3289 2591 3344 quem
2622 3273 2752 3329 mihi
2791 3275 3018 3332 mundus
3047 3277 3337 3332 crucifixus
3380 3288 3481 3345 est,
3535 3288 3590 3334 et
3618 3295 3718 3350 ego
3743 3297 3913 3336 mun-

2310 3361 2399 3417 do.
2432 3381 2451 3414 ι
2490 3364 2553 3418 Et
2584 3364 2709 3419 illud
2738 3382 2752 3419 :
2809 3383 2829 3418 ι
2864 3364 2921 3421 ln
2953 3375 3005 3421 te
3032 3365 3369 3423 laudabimur
3397 3379 3502 3424 tota
3532 3369 3640 3437 die,
3693 3371 3747 3427 in
3796 3371 3914 3427 Do-

2310 3453 2456 3507 mino
2482 3454 2782 3510 laudabitur
2804 3456 2980 3510 anima
3003 3472 3117 3511 mea
3146 3477 3163 3509 ι
3205 3458 3221 3528 (
3250 3457 3391 3512 Psal.
3418 3460 3546 3530 55).
3598 3463 3735 3517 Cum
3772 3461 3912 3520 facis

2309 3542 2726 3613 eleemosynam,
2756 3545 2896 3601 Deus
2932 3545 3079 3601 solus
3109 3547 3301 3602 videat.
3332 3548 3465 3603 Cum
3510 3550 3743 3621 jejunas,
3780 3552 3909 3610 lmta

2310 3634 2379 3687 sit
2407 3633 2570 3688 facies
2598 3644 2708 3689 tua.
2747 3635 2921 3691 Vestis
2947 3652 3047 3691 nec
3074 3639 3202 3694 satis
3254 3639 3466 3704 munda,
3517 3656 3617 3696 uec
3657 3643 3903 3711 sordida,

2308 3732 2365 3778 et
2402 3725 2543 3778 nulla
2589 3724 2892 3781 diversitate
2923 3728 3204 3795 notabilis;
3248 3745 3313 3783 ne
3340 3730 3405 3782 ad
3433 3738 3484 3783 te
3514 3732 3722 3785 obviam
3769 3747 3911 3803 pra:-

2310 3815 2630 3869 tereuntium
2661 3817 2811 3871 turba
2852 3819 3131 3883 consistat,
3181 3828 3235 3873 et
3258 3820 3423 3890 digito
3457 3823 3773 3878 ntonslreris
3803 3824 3907 3894 (c).

2310 3904 2500 3960 Frater
2528 3916 2611 3960 est
2655 3918 2916 3975 mortuus,
2949 3910 3150 3964 sororis
3175 3919 3257 3965 est
3306 3912 3681 3982 corpusculum
3732 3913 3906 3969 dedu-

2309 3996 2537 4052 cendum
2569 4016 2582 4052 :
2614 4012 2743 4054 cave
2774 4014 2843 4055 ne
2883 3998 3010 4055 dum
3051 4000 3165 4055 haec
3214 4001 3411 4073 smpius
3462 4004 3612 4072 facis,
3642 4004 3756 4075 ipsa
3780 4020 3903 4060 mo-

2375 4169 2449 4233 (a)
2470 4170 2628 4221 Voces
2650 4170 2870 4222 columba
2890 4187 2999 4224 mea
3029 4176 3232 4226 aberant
3253 4178 3316 4227 ab
3337 4176 3525 4229 Erasm.
3545 4185 3597 4229 et
3617 4179 3901 4231 Benedicti-

2318 4244 2380 4281 na
2405 4232 2639 4297 editione.
2673 4234 2795 4283 'l'u.n
2821 4248 2910 4296 pro
2933 4244 3027 4287 Nec
3051 4246 3139 4297 est,
3167 4238 3408 4289 Victorius
3431 4248 3627 4291 Necesse
3648 4249 3721 4292 est
3742 4255 3762 4293 :
3787 4256 3902 4293 eon-

2319 4292 2698 4361 tra‘llieronvmi
2724 4292 2976 4361 mentem,
3000 4292 3149 4361 atque
3169 4301 3401 4361 orationis
3420 4304 3623 4351 seriem.

2373 4354 2446 4427 _(b)
2471 4353 2707 4427 Victorius
2722 4353 2982 4427 espunctis
3000 4353 3083 4407 his'
3095 4360 3313 4427 manebat
3330 4360 3746 4427 insuperioribus,
3762 4363 3902 4427 lege-

2312 4423 2389 4496 rat
2403 4415 2621 4496 Δδιιὸιὶηίξ
2637 4415 2901 4496 conmittit),
2926 4432 3070 4496 quam
3096 4420 3356 4496 lectionem
3381 4415 3546 4496 longe
3560 4415 3790 4496 pmfert;
3812 4415 3903 4477 nos

2316 4432 2389 4463 rat
2423 4432 2614 4466 sumunt
2637 4432 2901 4489 sarmento,
2926 4432 3070 4529 gnam
3096 4432 3356 4493 lectionem
3381 4432 3528 4485 longe
3560 4432 3790 4496 praarert;
3814 4440 3901 4477 nos

2316 4476 2374 4524 ab
2385 4476 2753 4543 .esemplartum
2778 4479 2893 4543 Mss.
2960 4481 3022 4543 de
3046 4494 3142 4529 non
3164 4483 3422 4532 discedere
3442 4518 3457 4543 ,
3481 4492 3634 4534 satius
3655 4486 3901 4537 duximus.

2376 4537 2447 4608 (c)
2483 4537 2749 4608 Eustochio
2780 4541 2951 4608 unicus
2971 4541 3121 4608 frater
3145 4552 3251 4592 erat
3271 4537 3525 4608 fl'oxoti'us,
3558 4547 3644 4608 qui
3678 4560 3743 4596 ne
3786 4549 3904 4598 dum

2315 4597 2511 4668 vivebat
2525 4607 2645 4668 __tum
2678 4602 2943 4668 temporis,
2982 4604 3070 4668 sed
3105 4605 3344 4668 etgmulto
3367 4597 3682 4668 postasoror
3701 4597 3902 4660 Blesilla

2317 4658 2457 4731 vidua
2478 4660 2636 4731 adhuc
2660 4658 2849 4711 vivens.
2891 4658 2969 4731 De
3007 4664 3083 4713 bis
3120 4665 3270 4731 igitur
3302 4658 3398 4731 non
3439 4675 3516 4731 est
3553 4658 3905 4731 intelligendus

2314 4718 2446 4793 loqui
2478 4720 2836 4793 liieronymus,
2861 4723 2951 4793 sed
2987 4718 3168 4787 nequé'
3190 4727 3257 4793 de
3291 4726 3400 4776 aliis
3423 4730 3530 4789 ejus
3563 4718 3902 4793 cogna'iionis,

2313 4780 2789 4850 utlmalgnup'erus
2822 4780 3016 4850 quidam
3039 4780 3204 4837 auctor
3239 4780 3595 4850 interprétatur
3622 4780 3697 4850 ile
3714 4792 3861 4842 amne
3887 4780 3903 4849 ζ

2316 4849 2368 4913 et
2388 4841 2607 4916 Blesilla,
2633 4841 2743 4913 cum
2767 4841 2931 4916 ex'his
2951 4860 3064 4916 qua:
3085 4850 3267 4916 subdit,
3292 4841 3415 4900 catis
3435 4863 3513 4911 ne,
3537 4849 3785 4916 dum/age
3796 4841 3904 4916 sic;

2315 4903 2424 4974 pius
2445 4903 2568 4966 fucis
2588 4942 2602 4962 ,
2640 4903 2749 4974 ipsa
2784 4903 3028 4974 moriaris,
3065 4916 3231 4974 pateat
3253 4903 3300 4962 in
3324 4903 3514 4974 genere
3550 4911 3677 4974 loqui
3712 4911 3766 4961 S.
3794 4912 3903 4963 Do-

2316 4965 2502 5033 Ctorem
2517 5001 2532 5019 .
2570 4965 2667 5029 qui
2696 4967 2866 5028 pietati
2887 4965 3091 5019 devotos
3112 4972 3240 5022 viros
3257 5010 3271 5033 ,
3298 4965 3354 5022 εἴ
3374 4973 3575 5021 feminas
3596 4965 3902 5024 emnodoxio

2318 5025 2459 5091 culpa
2482 5025 2739 5091 bonortnit
2761 5033 3177 5091 operum_merito
3210 5025 3453 5083 excidisc
3495 5033 3693 5084 indicat.
3732 5034 3813 5085 Sic
3852 5037 3902 5085 in

2319 5087 2522 5158 epistola
2536 5089 2605 5158 _ad
2631 5087 2824 5158 Furiani}
2841 5123 2856 5147 ,
2882 5097 2921 5139 ο
2942 5089 2986 5140 si
3016 5091 3206 5144 videres
3226 5131 3240 5155 ,
3268 5097 3452 5158 inquit,
3477 5106 3691 5146 sororem
3731 5104 3866 5146 tuam
3885 5132 3901 5158 ,

2318 5147 2632 5218 Eustochium
2672 5149 2901 5218 videlicet
2921 5185 2959 5218 ,_
2976 5165 3088 5215 qua:
3111 5147 3274 5204 tamen
3292 5147 3458 5218 Furia}
3480 5168 3618 5218 soror
3642 5170 3739 5206 non
3765 5147 3901 5218 erat;

2319 5210 2415 5279 pisi
2437 5211 2478 5279 si
2493 5212 2704 5279 spiritus.
2723 5210 3046 5279 Sophroniu'm
3060 5227 3209 5279 quem
3233 5216 3353 5279 infra
3374 5217 3530 5279 αρτιιῆ
3552 5224 3659 5278 post
3677 5210 3901 5279 mortem,

2320 5271 2398 5320 hic
2436 5270 2559 5340 forte
2591 5275 2684 5321 sul)
2718 5270 2881 5323 frairis
2910 5270 3114 5340 nomine
3138 5277 3384 5340 intelligit.
3406 5270 3518 5340 lion
3542 5270 3797 5340 indignum
3820 5270 3906 5329 nol

2323 5340 2425 5402 tatu
2449 5334 2498 5381 in
2520 5332 2643 5402 hanc
2665 5347 2770 5402 rem
2792 5334 2922 5397 quod
2944 5334 3059 5402 olim
3094 5335 3238 5399 pullis
3258 5332 3463 5402 36rdidis
3485 5332 3708 5389 vestist
3730 5347 3907 5402 prasto-

2323 5393 2519 5460 xebant
2550 5393 2915 5460 v°_ulgo__lueium
2952 5397 3019 5447 ob
3059 5393 3531 5460 consanguineorum
3576 5393 3810 5459 mortem,
3837 5413 3904 5452 ex

2322 5467 2422 5516 quo
2445 5453 2664 5520 inierius',
2694 5453 2803 5505 illos
2834 5471 3034 5520 quoque
3055 5458 3142 5520 qui
3164 5453 3497 5520 monasticam,
3521 5467 3577 5509 ut
3600 5473 3658 5510 ea
3681 5453 3909 5512 ferebant

2322 5521 2564 5582 tempora,
2583 5518 2729 5566 vitam
2756 5518 3125 5582 proﬁtebantur,
3140 5520 3357 5581 proprias
3377 5518 3694 5582 professionis
3715 5531 3904 5582 vestes,

2322 5575 2651 5640 sive'pullas,
2673 5575 2909 5640 aptamue
2930 5592 3027 5628 non
3052 5575 3283 5629 ba’lﬁzi35e
3297 5619 3310 5637 ,
3333 5575 3391 5628 et
3407 5579 3603 5630 sordido
3626 5582 3712 5631 illo
3734 5575 3905 5632 habitu

2313 5638 2555 5747 λῆξιωῶζο
2584 5638 2896 5702 atl‘ectaretit,
2936 5641 3228 5692 centaurum
3251 5643 3355 5692 sive
3378 5653 3697 5693 conservrum
3735 5644 3908 5695 funera

2324 5710 2355 5747 ο
2412 5710 2442 5747 e
2509 5712 2607 5747 isse
