4078 6198
629 398 870 454 convicia
904 409 1116 464 semper
1142 397 1424 445 armatum.
1468 384 1815 455 Quocumque
1867 391 1919 438 te
1963 381 2208 446 verteris,

631 489 836 558 primus
867 488 920 540 in
952 484 1082 537 facie
1107 489 1206 534 est.
1235 475 1498 545 Quidquid
1535 490 1734 530 novum
1775 472 2092 535 insonuerit,
2121 479 2212 526 aut

632 590 840 642 auctor,
863 581 954 627 aut
979 578 1325 639 exaggerator
1345 576 1428 621 est
1456 567 1628 620 famm.
1659 565 1793 634 Equi
1827 579 1920 632 per
1958 564 2209 616 horarum

632 675 898 720 momenta
917 669 1210 726 mutantur,
1232 669 1337 713 tam
1361 658 1532 724 nitidi,
1559 667 1771 726 tamque
1800 655 2022 720 feroces,
2049 664 2105 709 ut
2134 653 2209 724 (a)

630 752 838 807 Thracii
866 751 1004 820 regis
1032 749 1176 803 illum
1199 756 1353 818 putes
1375 763 1493 802 esse
1519 761 1851 818 germanum.

708 842 797 897 29.
829 840 1005 894 Variis
1034 839 1259 894 callidus
1289 839 1460 892 hostis
1489 846 1687 909 pugnat
1715 835 1944 892 insidiis.
1982 834 2205 905 Sapieno

630 932 738 987 tior
780 943 895 986 erat
934 930 1154 985 coluber
1190 929 1439 983 omnibus
1483 929 1668 983 bestiis
1695 969 1711 993 ,
1749 942 1883 997 quas
1933 932 2210 980 creaverat

626 1025 885 1079 Dominus
909 1038 1070 1092 super
1093 1033 1314 1077 terram.
1339 1020 1495 1076 Unde
1513 1029 1568 1076 et
1593 1019 1884 1089 Apostolus
1913 1036 1927 1072 :
1955 1016 2008 1070 Ν
2013 1034 2100 1084 on,
2121 1017 2207 1070 in-

624 1117 762 1186 quit,
787 1117 1080 1187 ignoramus
1105 1114 1214 1183 ejus
1235 1113 1467 1166 astutias.
1494 1111 1608 1166 Nec
1635 1124 1962 1166 umerus»:
1989 1121 2204 1171 sospes,

628 1220 730 1260 nec
766 1205 1044 1274 exquisitae
1091 1202 1368 1257 munditia:
1414 1202 1739 1256 conveniunt
1780 1199 2105 1254 Christiano.
2148 1196 2205 1250 Si

625 1297 752 1367 quid
782 1297 994 1366 ignoras
1019 1335 1034 1362 ,
1065 1296 1108 1350 si
1137 1293 1260 1364 quid
1286 1293 1353 1348 de
1382 1291 1674 1361 Scripturis
1698 1291 1910 1346 dubitas
1934 1329 1949 1356 ,
1975 1290 2205 1342 interro-

624 1402 690 1456 ga
721 1400 868 1449 eum,
888 1400 1047 1454 quem
1075 1383 1179 1437 vita
1201 1382 1578 1446 commendat,
1607 1389 1830 1436 excusat
1855 1388 1985 1434 tetas
2015 1418 2032 1446 ,
2067 1378 2206 1432 fama

625 1490 732 1531 non
759 1479 1052 1545 reprobat;
1077 1474 1166 1544 qui
1200 1473 1368 1542 possit
1392 1473 1608 1537 dicere,
1644 1489 1665 1524 t
1701 1470 2028 1540 Desponsavi
2060 1468 2204 1523 enim

625 1583 728 1623 vos
770 1568 861 1622 uni
899 1571 1038 1634 viro,
1087 1567 1349 1636 virginem
1401 1575 1604 1620 castam
1635 1564 1892 1620 exhibere
1932 1562 2146 1617 Christo
2178 1577 2200 1614 ι

625 1658 706 1727 (2.
741 1657 860 1712 Cor.
889 1658 979 1714 11.
1018 1656 1100 1726 2).
1149 1656 1256 1710 Aut
1283 1655 1328 1710 si
1357 1669 1463 1709 non
1493 1665 1574 1709 est
1596 1653 1689 1724 qui
1722 1653 1892 1722 possit
1910 1664 2201 1721 exponere,

627 1762 816 1802 leues
838 1762 934 1802 εει·
958 1761 1168 1810 Αιιρυω
1189 1747 1396 1801 nescire
1417 1759 1624 1812 secure,
1648 1760 1805 1815 quam
1827 1759 1948 1798 cum
1969 1741 2206 1812 periculo

626 1837 856 1893 discere.
881 1838 1170 1904 Memento,
1192 1837 1315 1908 quia
1333 1837 1386 1891 in
1412 1835 1590 1892 medio
1613 1836 1924 1905 laqueorum
1941 1834 2203 1889 ambulas!

627 1937 684 1983 et
723 1929 904 1983 multa:
958 1939 1225 1984 veterana:
1281 1927 1517 1997 virgines
1571 1927 1830 1982 castitatis
1897 1925 2209 1981 indubitatae

628 2019 681 2073 in
713 2020 830 2088 ipso
869 2019 1058 2074 mortis
1102 2019 1286 2073 limine
1329 2033 1586 2073 coronam
1630 2017 1910 2087 perdidere
1939 2017 2008 2073 de
2037 2017 2210 2071 mani-

627 2110 749 2164 bus.
773 2109 828 2163 Si
855 2125 975 2179 quae
999 2108 1260 2164 ancillula:
1289 2117 1414 2163 sunt
1447 2109 1672 2163 comites
1708 2110 1964 2178 propositi
1993 2109 2065 2162 tui
2092 2149 2107 2171 ,
2139 2121 2210 2162 ne

627 2201 853 2270 erigaris
882 2199 1144 2254 adversus
1173 2213 1267 2255 eas
1291 2241 1306 2262 ,
1350 2215 1416 2254 ne
1449 2198 1652 2254 inﬂeris
1679 2207 1740 2252 ut
1762 2199 1998 2253 domina.
2032 2197 2208 2253 Utntnt

625 2306 884 2360 sponsum
911 2289 1112 2345 habere
1142 2290 1378 2359 cmpistis
1397 2331 1413 2355 ,
1441 2290 1600 2344 simul
1628 2290 1873 2358 psallitis,
1904 2289 2102 2343 Christi
2135 2289 2212 2342 si-

625 2385 734 2443 mul
756 2397 952 2452 corpus
971 2383 1234 2451 accipitis,
1267 2381 1341 2453 (b)
1370 2397 1466 2436 cur
1492 2383 1686 2435 menda
1714 2383 1924 2436 diversa
1949 2381 2052 2434 sit?
2079 2381 2209 2435 Pro-

629 2482 882 2528 toccntur
907 2483 961 2528 et
981 2474 1119 2528 alite.
1163 2473 1343 2526 Ilonor
1373 2473 1636 2540 virginum
1679 2474 1748 2526 sit
1779 2473 2018 2526 invitatio
2044 2481 2208 2526 caete-

627 2578 828 2619 rarum.
859 2563 1011 2631 Quod
1039 2565 1084 2619 si
1107 2565 1338 2634 aliquam
1364 2566 1602 2619 senseris
1623 2565 1974 2620 inﬁrmiorem
1997 2567 2049 2618 in
2080 2564 2204 2630 ﬁde,

624 2659 871 2729 suscipe,
901 2659 1182 2713 consolare
1211 2699 1227 2726 ,
1258 2657 1519 2722 blandire,
1551 2667 1607 2712 et
1627 2657 1933 2728 pudicitiam
1961 2658 2102 2713 illius
2125 2657 2207 2713 fac

624 2750 827 2804 lucrum
845 2759 1011 2803 tuum.
1030 2749 1084 2806 Si
1113 2765 1217 2821 qua
1238 2749 1474 2814 simulat,
1503 2748 2053 2818 fugiensservitutem,
2081 2748 2206 2803 huic

622 2852 806 2912 aperte
835 2842 1147 2912 Apostolum
1178 2842 1296 2920 lege
1328 2858 1344 2896 :
1381 2860 1400 2892 ι
1434 2841 1623 2895 Melius
1661 2849 1744 2896 est
1788 2846 2012 2907 nubere,
2043 2856 2202 2911 quam

621 2933 704 2988 uri
726 2953 744 2986 ι
791 2934 871 3004 (1.
904 2932 1024 2988 Gor.
1055 2933 1110 2988 7.
1140 2933 1252 3003 9)?
1266 2924 1370 2988 Eas
1417 2942 1596 2988 autem
1629 2933 1864 3003 virgines
1909 2943 1963 2988 et
1993 2933 2199 3001 viduas,

627 3021 785 3096 1ιά¹
854 3039 974 3094 qua:
1026 3027 1214 3079 otiosae
1255 3033 1310 3079 et
1360 3026 1588 3080 curiosae
1630 3024 1822 3080 domos
1869 3028 2203 3081 circumeunt

621 3126 1003 3181 matronarum,
1035 3131 1156 3186 quae
1183 3116 1380 3172 rubore
1401 3116 1590 3172 frontis
1619 3116 1690 3190 (ε)
1718 3117 1919 3183 attrito,
1941 3121 2200 3187 parasitos

620 3205 838 3260 vincunt
887 3207 1222 3274 mimorum,
1272 3208 1422 3276 quasi
1471 3208 1728 3276 quasdam
1781 3219 1959 3278 pestes
2006 3211 2200 3278 abjicc.

625 3316 645 3350 t
680 3297 1044 3369 Corrumpunt
1083 3315 1262 3354 mores
1301 3301 1472 3355 bonos
1515 3301 1977 3356 confabulationes
2025 3303 2198 3372 pessi-

620 3403 721 3442 ma:
748 3407 766 3439 ι
804 3389 878 3460 (1.
901 3388 1018 3442 Cor.
1056 3390 1141 3444 15.
1157 3391 1269 3455 55).
1294 3389 1446 3444 Nulla
1475 3391 1580 3445 illis
1602 3392 1702 3445 nisi
1725 3394 1928 3447 ventris
1947 3408 2072 3447 cura
2094 3403 2196 3460 est,

618 3485 675 3530 et
698 3493 813 3545 qua:
833 3477 1002 3531 ventri
1026 3487 1150 3530 sunt
1173 3479 1431 3546 proxima.
1454 3479 1753 3534 Istiusmodi
1780 3481 1981 3536 hortari
1999 3483 2195 3547 solent,

619 3576 675 3624 et
703 3567 885 3625 dicere
920 3585 934 3624 :
965 3569 1032 3623 Mi
1059 3569 1270 3632 catella,
1304 3570 1463 3626 rebus
1493 3573 1597 3625 tuis
1619 3583 1768 3628 utere
1794 3615 1808 3638 ,
1839 3585 1894 3629 et
1923 3575 2040 3630 vive
2067 3576 2195 3632 dum

619 3663 757 3717 vivis
785 3681 797 3715 :
828 3673 883 3718 et
908 3663 1144 3734 nunquid
1176 3663 1296 3716 liliis
1345 3663 1449 3717 tuis
1469 3678 1652 3719 servas
1678 3665 1702 3717 ‘1'
1732 3669 1750 3735 (
1781 3668 1802 3720 1
1834 3667 1853 3737 )
1887 3667 2098 3721 Vinosae
2127 3677 2200 3723 at-

619 3768 722 3825 quc
749 3755 980 3820 lascivae,
1008 3755 1216 3825 quidvis
1246 3755 1368 3809 mali
1398 3755 1668 3810 insinuant
1695 3795 1712 3824 ,
1745 3772 1808 3812 ac
1835 3757 2034 3813 ferreas
2065 3775 2199 3829 quo-

617 3862 722 3918 que
770 3856 979 3902 mentes
1022 3846 1090 3900 ad
1127 3846 1346 3901 delicias
1391 3848 1694 3901 emolliunt.
1755 3849 1861 3903 tEt
1889 3865 2010 3903 cum
2045 3851 2198 3905 luxn-

617 3939 766 3994 riattn
805 3939 1001 3992 fuerint
1046 3938 1099 3992 in
1153 3938 1388 4006 Christo,
1423 3938 1626 3994 nubere
1675 3940 1903 4007 volunt,
1934 3941 2197 3997 habentes

617 4031 1038 4095 damnationem,
1059 4029 1199 4100 quod
1231 4031 1456 4099 primam
1487 4031 1640 4085 ﬁdem
1674 4032 1877 4088 irritam
1904 4033 2145 4088 fecerunt
2171 4053 2189 4087 θ

618 4123 638 4192 (
665 4124 716 4176 1.
746 4121 879 4175 Tim.
909 4122 964 4175 5.
994 4121 1080 4175 11.
1107 4119 1174 4174 12
1201 4121 1242 4191 ).
1284 4120 1394 4176 Nec
1431 4121 1523 4176 tibi
1553 4123 1750 4178 diserta
1802 4125 2028 4178 multum
2059 4123 2196 4180 velis

617 4215 807 4281 videri,
823 4222 909 4268 aut
925 4213 1001 4285 (ά)
1019 4213 1222 4286 Lyricis
1241 4214 1424 4269 festiva
1447 4216 1970 4280 carminibus,metro
1985 4217 2191 4273 ludere.

617 4307 732 4363 Non
757 4305 1062 4361 delumbem
1086 4314 1447 4361 matronarum
1470 4305 1686 4362 salivam
1707 4308 1929 4362 delicata
1946 4309 2192 4376 secteris,

617 4413 736 4468 quae
766 4411 906 4450 nunc
933 4397 1141 4451 strictis
1168 4396 1419 4451 dentibus
1448 4438 1464 4462 ,
1501 4413 1642 4452 nunc
1684 4399 1841 4452 labiis
1869 4399 2146 4454 dissolutis
2173 4440 2190 4469 ,

614 4487 996 4544 balbutientem
1020 4487 1254 4556 linguam
1277 4488 1329 4541 in
1353 4485 1624 4542 dimidiata
1639 4490 1799 4544 verba
1823 4490 2190 4560 moderantur,

613 4581 874 4636 rusticum
902 4587 1151 4652 putantes
1173 4593 1330 4636 omne
1353 4579 1494 4650 quod
1524 4581 1599 4651 (e)
1630 4582 1885 4637 nascitur.
1906 4583 2056 4640 Adeo
2085 4584 2191 4641 illis

674 4758 749 4822 (a)
779 4756 1036 4823 Diomedis
1057 4757 1304 4823 videlicet,
1326 4757 1390 4823 de
1413 4759 1550 4821 cujus
1574 4761 1718 4823 equis
1739 4760 1939 4813 Lucret.
1965 4763 2049 4816 lib.
2073 4767 2124 4817 5.

827 4819 1154 4890 [temptatis
1175 4819 1288 4890 caui
1302 4819 1539 4890 spirantes
1574 4819 1771 4873 naribus
1793 4823 1970 4890 ignem.

673 4881 745 4954 (ὁ)
778 4881 980 4941 Quidam
1005 4879 1121 4954 Mss.
1152 4879 1280 4954 apud
1302 4881 1590 4944 Victor-ium,
1617 4897 1704 4934 cur
1721 4879 1855 4937 metis
1877 4887 2084 4941 adversa
2103 4889 2185 4954 sit,

607 4942 691 4993 alii
727 4942 822 4992 ’σαν
842 4955 976 4992 mens
1000 4942 1196 4993 diversa
1213 4942 1292 4992 sil.

670 5005 924 5078 tcidntea
942 5003 1284 5078 emtam-trito,
1303 5004 1430 5078 quod
1455 5008 1743 5078 mutavimus
1765 5022 1828 5078 e_x
1853 5009 2186 5078 Cistereiensi,

604 5066 690 5174 aui
714 5066 862 5116 etiam
888 5066 1097 5115 Parasiti
1128 5066 1420 5116 diversaittes
1454 5067 1505 5116 in
1527 5068 1756 5129 modum,
1787 5072 1896 5120 fere
1920 5081 1974 5122 ut
1997 5066 2186 5135 priores

637 5139 714 5174 ua!
737 5127 996 5174 editiones.
1021 5125 1198 5174 habet.
1226 5141 1312 5174 ιιΓο
1333 5129 1569 5174 parasitos
1591 5131 1782 5174 vincunt
1817 5133 2086 5174 mimorum-

637 5127 996 5190 uzegeditioncs,
1021 5125 1198 5186 habet,
1226 5141 1312 5190 pro
1333 5129 1569 5190 parasitos
1591 5125 1782 5182 itincuat
1817 5125 2086 5183 mimorimt.

667 5188 747 5259 (ά)
782 5188 904 5260 Alite
927 5187 1180 5260 Edltiones
1198 5187 1356 5260 Lyric'i
1377 5190 1546 5252 festiva
1575 5193 1808 5244 carminis
1828 5230 1843 5256 ,
1866 5202 1963 5244 etc.
1980 5204 2031 5245 et
2053 5197 2181 5260 apud

607 5245 833 5312 Grav'ittm
859 5252 905 5298 in
943 5249 1074 5312 circa
1107 5264 1190 5312 pro
1213 5245 1380 5300 »ἵκευ-ο.

665 5310 735 5380 (e)
773 5310 996 5380 Immutat
1029 5310 1276 5360 Victorius
1299 5312 1348 5360 in
1383 5315 1626 5374 noscitur;
1663 5316 1751 5366 sed
1773 5317 2030 5380 retinenda
2054 5320 2184 5380 prior

603 5364 757 5442 lectio
788 5372 1001 5442 nascitur
1025 5407 1040 5430 ,
1063 5387 1172 5434 quae
1197 5381 1274 5442 est
1305 5382 1529 5425 veterum
1551 5364 1764 5426 omnium
1777 5364 2180 5442 iesctuplari'uin',

601 5431 1096 5506 sigulllcagueauoi
1138 5438 1366 5506 nativum
1384 5445 1480 5497 est,
1503 5449 1594 5486 seu
1633 5438 1885 5506 naturale._
1919 5431 2184 5506 Addendus

601 5492 893 5560 omninoest
917 5492 1154 5560 hic'locns
1185 5492 1582 5560 apudZenonem
1616 5507 1831 5548 nostrum
1854 5499 2094 5551 Sermone
2116 5503 2181 5552 de

604 5545 990 5623 iirvangclioscc.
1015 5553 1192 5623 Lucam
1213 5545 1278 5603 de
1299 5545 1479 5619 duplici
1488 5545 2060 5623 'téiieittoiniiii'fspé’éié';
2069 5545 2180 5613 vis:

603 5617 763 5670 anuus
787 5621 974 5659 animus
994 5619 1038 5661 et
1055 5625 1227 5669 parum
1248 5617 1418 5677 putaits
1439 5631 1542 5669 esse
1563 5622 1691 5682 quod
1714 5617 1928 5673 nascittir
1952 5617 2053 5674 etc.
2078 5623 2181 5676 luto

663 5694 736 5755 (1)
772 5689 999 5743 Fortasse
1024 5695 1188 5744 verius
1210 5695 1385 5749 virttth
1407 5732 1421 5762 ,
1443 5709 1496 5753 ut
1519 5701 1654 5750 alibi.

1907 271 1985 327 SA
1995 260 2150 325 NCTI
2186 254 2570 324 iiiEIlONYMl

3789 259 3902 318 “6

2318 377 2637 436 adulterium
2662 375 2826 432 etiam
2859 374 3053 444 lingua:
3082 373 3260 442 placet
3294 389 3308 428 :
3341 388 3362 425 t
3400 373 3534 441 Quze
3567 371 3713 429 enim
3743 386 3905 429 com-

2317 468 2610 524 munieatio
2637 467 2741 520 luci
2769 465 2836 520 ad
2877 464 3175 519 tenebras?
3223 464 3326 531 Qui
3358 478 3660 519 consensus
3684 463 3904 522 Christo
3925 489 3942 500 ν

2316 572 2439 612 cum
2469 558 2636 612 Belial
2671 576 2690 608 ι
2727 555 2803 625 (2.
2834 554 2955 609 Cor.
2983 555 3036 610 6.
3066 555 3156 625 14)
3178 555 3201 608 ?
3226 554 3364 623 Quid
3395 554 3522 608 facit
3547 569 3670 609 cum
3695 555 3904 612 Psalle.

2318 650 2401 703 rio
2430 648 2682 703 Horatius
2707 649 2730 701 ?
2760 663 2881 702 eum
2912 646 3219 716 Evangeliis
3245 646 3392 700 Maro
3416 647 3440 700 ἲ
3467 662 3590 702 cum
3639 649 3902 716 Apostolo

2316 740 2500 794 Cicero
2526 741 2549 792 ?
2575 739 2762 794 Nonne
2792 739 3187 793 scandalizatur
3208 737 3376 794 frater
3405 781 3421 805 ,
3473 741 3518 794 si
3555 749 3606 796 te
3627 740 3822 797 viderit
3844 746 3898 798 in

2314 831 2478 886 idolio
2507 830 2902 884 recumbentem
2928 829 2952 880 ?
2981 829 3048 883 Et
3069 829 3191 884 licet
3212 830 3391 884 omnia
3417 831 3614 886 munda
3638 833 3854 888 mundis
3881 874 3899 901 ,

2313 930 2369 975 et
2405 919 2540 974 nihil
2585 919 2952 988 rcjiciendum,
2983 918 3125 989 quod
3175 933 3298 973 cum
3347 921 3634 988 gratiarum
3684 922 3903 978 actione

2314 1011 2605 1080 percipitur
2628 1027 2643 1065 :
2671 1019 2848 1064 tamen
2873 1009 3033 1062 simul
3054 1009 3239 1064 bibere
3265 1024 3370 1064 non
3392 1010 3648 1067 debemus
3668 1013 3900 1068 calicem

2314 1101 2540 1167 Christi,
2570 1109 2626 1156 et
2650 1101 2872 1156 calicem
2899 1101 3312 1156 dzemoniorutn.
3347 1103 3599 1158 Referam
3631 1105 3729 1162 tibi
3759 1121 3902 1162 mea:

2313 1193 2640 1248 infelicitatis
2668 1191 2972 1246 historiam.

2382 1286 2472 1340 50.
2521 1286 2654 1340 Cum
2703 1294 2828 1340 ante
2855 1299 3025 1339 annos
3052 1283 3313 1354 plurimos
3348 1284 3545 1351 domo,
3587 1286 3897 1356 parentibus

2310 1375 2786 1445 sorore,cognatis,
2803 1374 3012 1444 etquod
3027 1374 3110 1429 his
3121 1375 3388 1430 difficilius
3397 1379 3896 1440 est,consuetudinc

2312 1465 2558 1522 lautioris
2583 1465 2711 1532 cibi,
2738 1475 2956 1535 propter
2972 1465 3235 1520 cmlorum
3252 1480 3338 1520 me
3371 1481 3533 1536 regna
3598 1469 3752 1541 115
3806 1484 3895 1524 ca-

2310 1567 2570 1613 strassem
2590 1599 2604 1622 ,
2623 1566 2679 1612 et
2709 1558 2776 1627 (Ῑ)
2804 1557 3196 1628 .Ierosolymatn
3219 1558 3543 1612 militaturus
3564 1574 3843 1629 pergerem
3875 1593 3891 1626 ,

2311 1639 2644 1704 Bibliotheca
2671 1687 2686 1713 ,
2719 1663 2878 1719 quam
2909 1649 3038 1702 mihi
3062 1649 3248 1703 Romae
3277 1663 3490 1704 summo
3518 1652 3699 1706 studio
3729 1666 3793 1706 ac
3818 1653 3891 1706 Ia»

2310 1740 2440 1796 bore
2469 1740 2808 1796 confeceram
2834 1777 2850 1807 ,
2877 1753 3064 1796 carere
3089 1741 3312 1795 omnino
3339 1755 3446 1795 non
3479 1751 3738 1811 poteram.
3785 1743 3892 1798 Itas

2311 1841 2418 1902 que
2448 1834 2613 1887 miser
2639 1845 2741 1903 ego
2782 1832 3020 1887 lecturus
3059 1832 3293 1887 Tulliutn
3325 1868 3340 1898 ,
3391 1815 3727 1903 jejuuabam.
3764 1835 3892 1892 Post

2311 1925 2548 1979 noctium
2576 1925 2798 1980 crebras
2823 1925 3028 1995 vigilias
3049 1966 3065 1989 ,
3095 1935 3217 1995 post
3264 1926 3530 1997 lacrymas
3556 1968 3572 1992 ,
3599 1941 3732 1997 quas
3759 1929 3890 1984 mihi

2315 2019 2706 2088 przeteritorum
2735 2019 3037 2074 recordatio
3063 2023 3402 2088 peccatorum
3431 2032 3498 2072 ex
3527 2017 3647 2073 imis
3675 2020 3892 2075 visceri-

2315 2112 2416 2165 bus
2431 2110 2678 2178 eruebat,
2702 2111 2782 2181 (g)
2799 2110 3019 2166 Plautus
3040 2109 3354 2166 sumebatur
3373 2111 3427 2164 in
3450 2126 3638 2166 manus
3661 2110 3754 2184 [aL
3778 2129 3890 2166 πιαο

2315 2199 2503 2272 nibus].
2530 2200 2586 2256 Si
2611 2200 2826 2270 quando
2856 2201 2908 2255 in
2938 2201 3313 2270 memetipsum
3341 2215 3590 2256 reversus
3613 2241 3628 2266 ,
3661 2201 3894 2272 Prophe-

2317 2301 2398 2348 tas
2434 2293 2618 2362 legere
2645 2293 2930 2362 empissem
2958 2334 2974 2359 ,
3021 2306 3201 2348 sermo
3233 2293 3484 2348 horrebat
3516 2293 3749 2349 incultus
3778 2312 3794 2359 ς
3837 2305 3893 2351 et

2315 2385 2434 2453 quia
2467 2384 2644 2439 lumen
2671 2385 2828 2440 carcis
2855 2383 3024 2438 oculis
3053 2401 3158 2438 non
3189 2384 3454 2449 videbam,
3483 2400 3587 2440 non
3615 2386 3890 2440 oculorum

2316 2474 2562 2544 putabam
2592 2476 2799 2544 culpam
2823 2490 2963 2539 esse,
2989 2475 3081 2530 sed
3105 2476 3255 2530 solis.
3285 2477 3417 2532 Dum
3440 2476 3511 2531 ita
3539 2492 3625 2531 me
3645 2477 3890 2546 antiquus

2314 2579 2536 2634 serpens
2557 2563 2651 2636 [aL
2681 2565 2859 2637 hostis]
2891 2565 3156 2632 illuderet,
3185 2567 3237 2620 in
3264 2567 3436 2623 media
3466 2567 3633 2624 ferme
3656 2568 3891 2636 Quadraa

2311 2656 2511 2724 gcsima
2543 2656 2792 2711 medullis
2821 2655 2993 2712 infusa
3023 2654 3212 2723 febris,
3241 2672 3438 2728 corpus
3468 2659 3665 2715 invasit
3690 2661 3894 2716 exhau-

2311 2756 2452 2800 stum
2484 2765 2496 2800 :
2522 2755 2577 2801 et
2598 2748 2714 2802 sine
2742 2749 2848 2803 ulla
2877 2749 3063 2818 requie
3093 2750 3112 2818 (
3138 2749 3282 2819 quod
3307 2749 3454 2805 dictu
3483 2766 3697 2821 quoque
3719 2753 3892 2808 incre-

2309 2840 2474 2894 dibile
2504 2839 2615 2909 sit)
2648 2841 2725 2896 sic
2773 2839 3002 2896 infelicia
3035 2842 3274 2896 membra
3303 2841 3522 2911 depasta
3560 2853 3643 2899 est
3667 2885 3682 2911 ,
3714 2845 3790 2916 (It)
3837 2855 3894 2900 ut

2308 2933 2524 2987 ossibus
2552 2934 2636 2986 vix
2671 2933 2952 2988 haererem.
2983 2933 3199 2988 Interim
3235 2947 3492 3004 parantur
3520 2938 3759 3006 exequiae
3785 2978 3800 3005 ,
3837 2947 3892 2993 et

2308 3024 2484 3078 vitalis
2509 3025 2702 3079 animae
2727 3027 2896 3090 calor,
2923 3035 3036 3080 toto
3069 3026 3388 3096 frigescente
3407 3027 3514 3098 jam
3537 3043 3766 3098 corpore
3790 3070 3807 3094 ,
3836 3030 3891 3084 in

2307 3114 2425 3168 solo
2475 3125 2680 3168 tantum
2757 3125 2971 3185 tepente
3023 3119 3334 3187 pectusculo
3387 3119 3676 3189 palpitabat
3707 3139 3722 3174 :
3753 3120 3889 3178 Cum

2305 3205 2484 3260 subito
2514 3217 2699 3274 raptus
2727 3207 2781 3261 in
2811 3208 3037 3277 spiritu,
3069 3210 3134 3264 ad
3166 3210 3398 3266 tribunal
3442 3210 3640 3279 judicis
3680 3225 3892 3280 pertra-

2306 3295 2408 3350 hor
2435 3311 2450 3360 ;
2484 3295 2570 3350 tthi
2601 3306 2804 3351 tanluut
2831 3298 3070 3363 luminis,
3104 3307 3158 3353 et
3186 3307 3392 3354 tantum
3423 3309 3541 3356 erat
3567 3316 3635 3356 ex
3664 3301 3892 3359 circum

2305 3386 2562 3439 stantium
2591 3386 2832 3442 claritate
2863 3387 3088 3457 fulgoris
3109 3429 3124 3454 ,
3174 3399 3233 3444 ut
3258 3389 3531 3459 projectus
3559 3391 3612 3446 in
3641 3400 3838 3448 terram
3867 3430 3884 3460 ,

2304 3492 2518 3531 sursum
2547 3479 2790 3547 aspicere
2821 3497 2926 3536 non
2954 3481 3229 3536 auderem.
3277 3483 3636 3553 Interrogatus
3661 3485 3727 3541 de
3754 3501 3890 3542 con-

2305 3566 2508 3623 ditione
2535 3605 2550 3634 ,
2583 3569 2946 3626 Christianum
2978 3587 3066 3628 me
3094 3588 3213 3628 esse
3243 3574 3518 3644 rcSpondi.
3554 3575 3620 3630 Et
3665 3576 3756 3632 ille
3793 3579 3888 3647 qui

2305 3661 2966 3729 prazsidebatzMentiris,
3019 3665 3134 3730 ait,
3190 3665 3574 3724 Ciceronianus
3623 3682 3719 3735 es,
3776 3684 3886 3725 non

2303 3749 2684 3807 Christianus:
2719 3754 2808 3808 ubi
2859 3756 3004 3810 enim
3055 3755 3339 3811 thesaurus
3387 3767 3530 3823 tuus,
3561 3758 3630 3814 ibi
3685 3767 3741 3814 et
3791 3775 3890 3816 cor

2307 3851 2454 3897 tuum
2487 3843 2698 3913 (Matth.
2732 3844 2785 3900 (ἱ.
2813 3844 2929 3917 21).
2962 3846 3108 3902 Illico
3130 3847 3394 3914 obmutui,
3423 3859 3475 3903 et
3499 3849 3638 3904 inter
3659 3850 3886 3905 verbera

2306 3935 2450 4002 (nam
2481 3935 2614 3987 uelli
2651 3951 2736 3989 me
2761 3935 3018 4006 jusserat)
3048 3938 3394 3992 conscientia:
3424 3941 3593 4010 magis
3624 3941 3744 4011 igne
3777 3950 3888 3995 toro

2302 4026 2525 4095 quebar,
2559 4027 2709 4084 illum
2739 4043 2946 4084 mecum
2976 4030 3299 4085 versiculum
3330 4043 3585 4101 reputans
3616 4051 3630 4088 :
3664 4051 3682 4085 t
3722 4034 3775 4088 ln
3804 4035 3886 4090 in.

2303 4117 2456 4173 Ierno
2481 4129 2658 4175 autem
2680 4123 2801 4191 quis
2824 4123 3165 4178 conﬁtebitur
3192 4124 3318 4179 tibi»
3343 4124 3462 4194 (Ps.
3492 4127 3545 4182 6.
3567 4127 3648 4198 6)?
3672 4125 3885 4186 Clama-

2301 4226 2361 4267 re
2415 4222 2589 4267 tamen
2637 4215 2795 4282 coepi,
2826 4223 2882 4268 et
2925 4214 3135 4284 cjulans
3185 4215 3365 4271 dicere
3396 4237 3409 4271 :
3437 4217 3695 4276 Miserere
3746 4221 3878 4288 mei,

2302 4304 2527 4360 Domine
2557 4345 2572 4371 ,
2606 4307 2867 4362 miserere
2895 4307 3022 4361 mei.
3055 4307 3180 4362 Ilaec
3205 4323 3306 4363 vox
3338 4310 3479 4365 inter
3504 4310 3708 4382 ﬂagella
3735 4327 3883 4368 reso-

2301 4395 2483 4450 nabat.
2532 4395 2770 4452 Tandem
2796 4396 2864 4452 ad
2895 4397 3237 4466 praesidentis
3266 4415 3439 4470 genua
3479 4404 3747 4471 provoluti
3789 4406 3882 4474 qui

2299 4486 2547 4541 astabant
2579 4528 2594 4554 ,
2644 4487 3006 4556 precabantur
3028 4531 3043 4557 ,
3078 4499 3135 4544 ut
3160 4492 3374 4546 veniam
3405 4493 3662 4550 tribueret
3693 4495 3881 4552 adole-

2298 4579 2515 4633 scentia:
2544 4619 2560 4644 ,
2609 4589 2664 4634 et
2693 4580 2865 4635 errori
2906 4581 3082 4636 locum
3113 4583 3441 4652 paenitentia:
3468 4588 3836 4641 connnodaret
3864 4625 3879 4654 ,

2297 4677 2582 4724 exacturus
2607 4669 2802 4726 deinde
2831 4672 3152 4739 cruciatum,
3184 4674 3230 4729 si
3261 4674 3548 4730 Gentilium
3577 4677 3880 4732 litterarum

2296 4760 2466 4816 libros
2487 4762 2778 4830 aliquando
2822 4764 3090 4834 legissem.
3122 4767 3236 4837 Ego
3269 4769 3361 4837 qui
3393 4767 3445 4822 in
3474 4777 3620 4822 tanto
3647 4771 3887 4825 constri-

2295 4861 2414 4909 ctus
2443 4853 2693 4921 articulo,
2725 4855 2922 4912 vellem
2954 4858 3115 4913 etiam
3145 4859 3348 4930 majora
3376 4859 3706 4930 promittere,
3729 4861 3885 4932 dejea

2294 5040 2347 5097 et
2389 5029 2625 5097 Minucius
2668 5029 2809 5083 Felix
2857 5032 3147 5097 inUOctavlo
3181 5034 3297 5097 Cap.
3337 5027 3594 5097 XXXVIII.
3646 5031 3879 5086 editionis

2293 5094 2707 5158 Cantabrigiensis
2731 5108 2839 5158 pag.
2867 5095 2973 5144 182.
2990 5103 3052 5158 __ct
3089 5111 3197 5158 seq.
3235 5094 3382 5146 Onme
3405 5095 3532 5158 quod
3554 5097 3796 5158 nascitur,
3823 5105 3878 5147 ut

2290 5154 2561 5220 inviolabiie
2586 5156 2675 5205 Dei
2695 5154 2881 5220 niurias,
2913 5156 3044 5205 nullo
3065 5154 3208 5220 opere
3231 5154 3552 5220 corrumpitur
3588 5170 3662 5220 ec.
3709 5167 3725 5200 ι
3743 5157 3875 5220 ideri

2293 5215 2624 5281 locum."l_'_um
2649 5229 2736 5281 pro
2762 5217 2906 5281 adeo,
2929 5220 3056 5281 quod
3082 5215 3514 5281 ιξειλοβυὶηῃιιείειιίἰ
3540 5217 3674 5277 editi,
3704 5218 3838 5281 Inde.

2355 5275 2420 5340 (Γ)
2445 5277 2612 5343 Mallet
2634 5274 2970 5343 'l‘illemontius
2994 5274 3287 5343 Antiochiam
3312 5274 3485 5340 legere
3521 5293 3609 5343 ppo
3629 5274 3873 5343 Jerusalyo

2289 5339 2436 5401 mam,
2461 5340 2590 5401 quod
2615 5342 2856 5398 nimirum,
2879 5354 2990 5389 cum
3012 5341 3378 5401 htecscriberet
3397 5377 3410 5398 ,
3437 5339 3648 5389 nondum
3669 5339 3871 5391 Jeros'o‘

2290 5400 2429 5465 lgna:
2452 5400 2602 5465 fuisse
2644 5401 2783 5465 Ilier.
2828 5403 3065 5451 videatur.
3110 5400 3208 5449 Sed
3234 5402 3692 5465 renuentibusitlss.
3718 5410 3873 5465 atque

2290 5461 2436 5512 editis
2458 5463 2621 5524 libris,
2650 5463 2698 5512 id
2722 5478 2869 5512 unum
2896 5475 3128 5524 perquam
3153 5462 3402 5524 commode
3437 5461 3723 5523 intelligltttr
3747 5461 3874 5513 ἱιῐόίι

2289 5536 2422 5583 care,
2435 5523 2762 5586 illue‘quidem
2790 5527 2836 5572 in
2855 5522 3015 5586 animo
3037 5522 3264 5571 habuisse
3286 5554 3300 5580 ,
3314 5529 3374 5586 _ut
3395 5522 3750 5586 pergeret,etsi
3768 5539 3873 5573 ntu-

2289 5593 2388 5652 tato
2409 5584 2915 5652 Qttsilto,_Atttiochim
2937 5585 3159 5652 primum,
3185 5590 3287 5652 latnt
3312 5584 3361 5631 in
3384 5584 3554 5652 creato
3576 5584 3868 5637 substiterit.

2352 5647 2426 5712 (g)
2459 5647 2585 5712 'I'res
2608 5647 2720 5712 Mss.
2750 5646 2884 5695 Plato
2907 5643 3178 5712 mittebatur
3202 5643 3252 5692 in
3274 5643 3515 5712 nantibus.

2351 5698 2426 5770 (ii)
2461 5707 2775 5759 Cisterciens.
2814 5713 2864 5759 ut
2900 5704 3082 5757 ossibus
3104 5716 3214 5756 ossa
3243 5703 3325 5757 vix
3363 5704 3618 5758 Iucrercut.
