4078 6198
213 310 319 375 H7

217 455 341 496 rare
366 439 529 509 cepi,
552 447 605 494 et
631 451 821 493 nomen
848 435 962 505 ejus
990 434 1285 499 obtestans,
1312 430 1511 494 dicere,
1546 429 1795 495 Domine,

214 534 265 587 si
295 547 526 602 unquam
559 531 792 585 habuero
818 529 1031 584 codices
1058 526 1346 581 smeulares
1370 567 1385 590 ,
1416 524 1460 577 si
1508 523 1707 592 legero,
1744 531 1797 575 te

216 622 426 688 negavi.
460 620 515 673 In
546 620 660 674 haec
688 619 1009 673 sacramenti
1038 617 1199 671 verba
1234 614 1485 669 dimissus
1511 653 1526 676 ,
1552 620 1797 664 revertor

220 711 382 781 116
452 710 518 764 ad
558 724 824 779 superos;
856 718 910 763 et
964 707 1281 762 mirantibus
1322 705 1528 758 cunctis
1554 743 1567 767 ,
1610 702 1796 755 oculos

213 812 403 869 aperto
444 809 596 854 tanto
640 802 994 870 lacrymarum
1024 797 1195 851 imbre
1226 795 1491 865 perfusos,
1526 793 1791 858 utetiam,

215 892 510 947 incredulis
542 892 701 946 tidem
742 891 973 945 facerem
1005 903 1069 943 ex
1101 888 1307 942 dolore.
1335 884 1446 939 Nec
1476 898 1605 938 vero
1634 898 1798 952 seper

212 984 304 1035 ille
334 981 527 1044 fuerat,
559 991 648 1034 aut
678 996 813 1033 vana
844 979 1073 1043 somnia,
1093 977 1285 1046 quibus
1310 990 1453 1044 szrpe
1472 973 1794 1028 deludimur.

208 1074 391 1127 Testis
421 1082 503 1128 est
528 1073 760 1126 tribunal
790 1070 919 1125 illud
944 1110 960 1135 ,
992 1077 1115 1124 ante
1143 1068 1285 1138 quod
1308 1067 1449 1137 jacni
1480 1107 1495 1131 ,
1530 1066 1680 1119 testis
1706 1064 1795 1133 ju-

202 1164 414 1219 dicium
448 1165 601 1219 triste
624 1204 639 1228 ,
670 1162 812 1233 quod
869 1162 1019 1215 timui
1050 1176 1065 1213 :
1099 1162 1169 1214 ita
1203 1161 1331 1213 mihi
1365 1174 1635 1228 nunquam
1664 1172 1798 1212 con—

205 1252 384 1323 tingat
412 1253 465 1308 in
493 1253 654 1307 talem
686 1251 922 1305 incidere
951 1250 1320 1319 qumstionem.
1350 1248 1693 1320 (a)Liventes
1723 1246 1799 1299 fa-

203 1350 336 1395 teor
386 1341 640 1395 habuisse
694 1357 779 1394 me
832 1340 1113 1409 scapulas,
1160 1340 1340 1408 plagas
1391 1339 1627 1392 sensisse
1682 1346 1803 1407 post

200 1445 510 1495 somnum,
557 1440 613 1486 et
664 1439 809 1485 tanto
860 1430 1058 1485 dehinc
1105 1429 1283 1484 studio
1331 1428 1510 1484 divina
1564 1428 1798 1499 legisse,

202 1528 418 1589 quatito
449 1535 553 1574 non
576 1530 704 1575 ante
732 1520 980 1574 mortalia
1005 1519 1264 1589 legeram.

282 1610 376 1663 3|.
408 1608 663 1663 Avaritia:
706 1608 801 1663 tibi
845 1624 1060 1679 quoque
1105 1608 1381 1661 vitandum
1426 1617 1510 1662 est
1553 1608 1750 1663 malum
1781 1650 1797 1673 ,

205 1716 322 1754 non
352 1706 409 1753 ut
429 1698 600 1753 aliena
627 1711 733 1752 non
758 1708 977 1768 appetas
1007 1697 1132 1769 (hoc
1154 1698 1297 1751 enim
1321 1706 1374 1751 et
1404 1698 1628 1765 publica:
1651 1698 1800 1766 leges

208 1790 465 1860 puniunt)
494 1788 586 1843 sed
609 1805 713 1858 quo
742 1798 828 1843 tua
857 1830 871 1851 ,
902 1786 980 1860 (b)
1008 1803 1126 1857 quze
1154 1787 1243 1841 tibi
1273 1797 1395 1840 sunt
1424 1787 1595 1841 aliena
1628 1828 1642 1851 ,
1694 1803 1798 1841 non

209 1896 418 1934 serves.
461 1897 479 1931 ι
514 1877 571 1935 Si
604 1880 655 1932 in
704 1880 901 1942 alieno,
968 1877 1160 1948 inquit,
1214 1877 1398 1931 lidcles
1447 1894 1552 1931 non
1601 1878 1795 1944 fuistis,

206 1972 358 2039 quod
390 1983 624 2025 vestrum
655 1981 758 2037 est,
787 1971 907 2042 quis
937 1969 1085 2024 dabit
1112 1970 1264 2023 vobis
1300 1990 1319 2021 ι
1354 1969 1505 2039 (Luc.
1552 1970 1638 2026 16.
1674 1970 1799 2039 19)?

211 2064 405 2117 Aliena
443 2064 597 2117 nobis
637 2064 751 2117 auri
793 2062 1107 2132 argentique
1136 2072 1258 2115 sunt
1295 2061 1529 2129 pondera
1563 2104 1577 2127 ,
1615 2073 1795 2115 nostra

213 2155 488 2223 possessio
512 2155 768 2223 apiritalis
795 2163 878 2209 est
910 2172 923 2208 :
953 2153 1022 2209 de
1044 2171 1146 2223 qua
1188 2154 1315 2207 alibi
1362 2155 1559 2207 dicitur
1589 2173 1600 2206 :
1642 2174 1659 2205 ι
1695 2155 1799 2208 Re-

210 2246 453 2315 demptio
508 2246 697 2299 anima:
749 2246 870 2310 viri,
898 2246 1125 2315 preprize
1175 2245 1370 2300 divitia:
1426 2246 1626 2316 (Prov.
1662 2247 1727 2301 15
1757 2248 1795 2316 ).

210 2337 386 2390 Nemo
406 2336 801 2405 potestduobus
819 2336 1267 2391 dominisscrvire
1297 2354 1309 2388 :
1348 2348 1439 2390 ant
1467 2339 1608 2390 enim
1636 2354 1797 2392 unum

211 2427 383 2489 odiet,
415 2435 466 2481 et
490 2428 716 2481 alterum
748 2427 947 2480 amabit
974 2444 987 2491 ;
1021 2437 1112 2481 aut
1142 2444 1305 2482 unum
1334 2431 1561 2497 patietur
1590 2472 1604 2495 ,
1638 2440 1689 2484 et
1716 2432 1797 2484 al-

214 2528 391 2570 terum
422 2527 751 2573 contemnet.
777 2517 892 2571 Non
924 2520 1146 2587 potestis
1173 2519 1280 2573 Deo
1306 2521 1528 2585 servire,
1559 2531 1613 2575 et
1640 2537 1801 2576 mam-

212 2622 393 2660 mana:
431 2626 449 2659 ι
487 2606 699 2679 (Matth.
732 2608 783 2663 6.
812 2608 928 2679 24),
960 2610 1011 2663 id
1040 2618 1123 2663 est
1155 2627 1172 2661 ι
1208 2610 1426 2665 divitiis.
1462 2629 1481 2663 ι
1518 2611 1647 2665 Nam
1670 2629 1800 2681 gen-

214 2700 293 2752 tili
319 2697 576 2769 Syrorum
602 2701 802 2769 lingua,
836 2700 1136 2756 Mannnona
1168 2702 1367 2757 divitia:
1405 2715 1797 2773 nuncupantur.

212 2792 511 2847 Cociruio
532 2808 713 2848 VICTUS
742 2831 758 2859 ,
789 2794 956 2863 spina:
983 2802 1107 2847 sunt
1136 2794 1278 2849 ﬁdei.
1315 2796 1483 2851 Radix
1514 2798 1751 2851 avaritia:
1783 2834 1799 2864 ,

213 2901 344 2939 cura
389 2886 687 2955 gentilium.
736 2888 803 2940 At
851 2886 987 2940 dicis
1018 2904 1030 2938 :
1066 2886 1249 2941 Puella
1296 2902 1415 2943 sum
1448 2889 1671 2943 delicata
1704 2932 1719 2955 ,
1748 2899 1803 2945 et

214 2993 340 3046 qme
369 2976 615 3030 manibus
642 2977 775 3031 meis
803 2976 1045 3031 laborare
1078 2993 1182 3032 non
1211 2979 1433 3048 possim.
1478 2978 1534 3034 Si
1564 2981 1629 3035 ad
1656 2996 1804 3037 sene-

214 3080 362 3122 etain
396 3082 611 3131 venero,
641 3067 685 3121 si
714 3076 977 3136 azgrotare
1002 3082 1220 3137 coepero
1248 3110 1260 3132 ,
1293 3071 1412 3138 quis
1441 3070 1545 3124 mei
1579 3072 1802 3127 misere-

216 3159 367 3212 bitur
390 3158 413 3211 ?
439 3157 576 3212 Audi
602 3158 875 3227 Apostolis
904 3159 1216 3227 loquentem
1243 3158 1424 3213 Jesutn
1462 3177 1475 3214 :
1508 3179 1526 3212 ι
1558 3161 1634 3215 Ne
1655 3164 1805 3233 cogi-

216 3249 347 3303 tctis
374 3249 425 3302 in
459 3248 623 3304 corde
649 3257 834 3303 vestro
859 3292 872 3314 ,
905 3249 1032 3318 quid
1078 3249 1411 3304 manducetis
1443 3273 1455 3306 :
1490 3267 1661 3321 neque
1688 3267 1807 3306 cor-

218 3341 344 3410 pori
374 3347 553 3394 vestro
581 3380 597 3406 ,
628 3340 755 3410 quid
785 3338 1103 3394 induamini.
1142 3339 1329 3395 Nonne
1360 3342 1535 3395 anima
1565 3344 1686 3412 plus
1724 3354 1807 3400 est

218 3450 386 3501 quam
414 3449 555 3498 esea,
586 3443 639 3488 et
669 3449 862 3502 corpus
896 3434 1011 3503 plus
1037 3450 1196 3505 quam
1226 3436 1602 3489 vestimentum
1632 3438 1655 3491 ‘.’
1696 3438 1805 3493 Re-

218 3527 419 3593 spicite
448 3526 677 3580 volatilia
709 3527 866 3592 caeli,
914 3527 1167 3596 quoniam
1215 3544 1319 3581 non
1366 3538 1591 3596 serunt,
1638 3546 1810 3600 neque

220 3625 456 3681 metunt,
491 3632 663 3686 neque
689 3629 1012 3687 congregant
1034 3618 1085 3672 in
1116 3618 1329 3683 horrea,
1361 3628 1414 3673 et
1441 3620 1601 3675 Pater
1630 3631 1809 3676 vester

220 3707 466 3760 crrlesds
496 3709 663 3775 pascit
695 3709 781 3761 illa
823 3728 841 3760 ι
884 3710 901 3778 (
932 3709 1119 3763 Matth.
1151 3711 1203 3765 5.
1231 3711 1322 3767 25.
1348 3710 1418 3764 26
1542 3713 1597 3766 Si
1648 3714 1811 3767 vestis

220 3796 481 3861 defuerit,
513 3797 621 3850 lilia
656 3810 1038 3866 proponantur.
1064 3798 1119 3852 Si
1152 3801 1404 3855 esurieris
1428 3841 1442 3866 ,
1475 3802 1658 3855 audias
1689 3802 1811 3855 bea-

224 3896 315 3940 tos
359 3901 619 3954 pauperes
671 3896 723 3941 et
762 3889 1080 3942 esurientes.
1125 3889 1179 3942 Si
1226 3892 1417 3959 aliquis
1464 3902 1513 3946 te
1560 3891 1812 3948 afﬂixerit

223 3979 390 4032 tlolor
418 4019 432 4038 ,
484 3978 643 4045 legito
672 3995 685 4030 :
723 3997 740 4027 ι
771 3978 997 4045 Propter
1028 3980 1127 4032 hoc
1158 3984 1465 4050 complaceo
1495 3986 1623 4038 mihi
1652 3987 1703 4038 in
1733 3988 1813 4040 in-

226 4066 578 4123 lirmitatibns
610 4068 762 4120 meis.
800 4087 817 4119 ›
870 4068 972 4131 Et,
1024 4088 1042 4120 ι
1081 4070 1234 4125 datus
1287 4082 1371 4127 est
1409 4075 1538 4126 mihi
1567 4077 1815 4134 stimulus

227 4160 414 4213 carnis
464 4175 617 4221 meae,
674 4162 896 4230 angelus
940 4162 1175 4226 Satanae,
1221 4165 1309 4233 qui
1343 4180 1428 4219 tne
1459 4166 1756 4235 colaphizet
1789 4188 1809 4221 ι

230 4256 311 4323 (ι.
344 4253 462 4307 Cor.
498 4253 580 4306 19..
617 4253 706 4308 50.
735 4255 817 4317 7).
858 4254 927 4325 (ε)
960 4270 1026 4308 ne
1056 4255 1301 4309 extollar.
1324 4256 1531 4312 Lmtare
1557 4260 1606 4313 in
1636 4264 1814 4315 omni-

236 4348 338 4399 bus
369 4345 584 4415 judiciis
630 4346 742 4400 Dei.
792 4365 809 4395 ι
849 4346 1231 4400 Exultaverunt
1258 4349 1398 4402 enim
1440 4350 1560 4403 lilia:
1590 4350 1737 4405 Judze
1765 4355 1817 4408 in

240 4436 725 4493 omnibusJudiciis
744 4439 866 4502 tuis,
893 4439 1167 4491 Domine.)
1195 4439 1283 4491 Illa
1304 4440 1392 4493 tibi
1407 4455 1619 4511 semper
1640 4443 1693 4496 in
1724 4460 1819 4499 ore

242 4545 341 4583 vox
370 4540 584 4583 resonet
613 4547 626 4582 :
667 4549 684 4581 ι
725 4530 905 4584 Nudus
933 4530 1071 4583 exivi
1103 4530 1169 4584 de
1237 4533 1390 4604 117
1454 4543 1606 4587 utero
1636 4536 1820 4589 matris

246 4638 395 4686 mem,
425 4621 596 4674 nudus
627 4619 837 4674 redeam
871 4640 890 4671 ι
921 4620 1059 4691 (Job.
1095 4624 1143 4674 1.
1172 4621 1289 4689 2|).
1324 4625 1421 4676 Et:
1460 4642 1480 4675 α
1514 4623 1652 4677 Nihil
1682 4626 1822 4680 intu-

244 4712 401 4765 limus
446 4713 498 4765 in
546 4710 686 4766 hunc
735 4711 1012 4777 mundum,
1048 4727 1221 4781 neque
1267 4714 1476 4769 auferre
1518 4714 1646 4786 quid
1692 4732 1820 4787 pos-

243 4817 450 4857 sumus.
481 4821 500 4854 1

316 4892 405 4944 52.
447 4894 515 4944 At
544 4908 682 4947 nunc
709 4894 983 4963 plerasque
1012 4892 1191 4948 videas
1218 4896 1445 4950 armaria
1469 4899 1702 4955 vestibus
1728 4902 1823 4956 sti-

249 4997 399 5053 pare,
423 4983 625 5037 tunicas
653 4999 858 5041 mutare
900 4987 1155 5055 quotidie.
1202 4996 1255 5041 et
1303 4996 1478 5043 tamen
1512 4991 1679 5048 tineas
1718 5009 1821 5049 non

252 5090 409 5146 posse
449 5090 727 5146 superare.
751 5079 878 5146 Qum
906 5080 1204 5151 religiosior
1233 5081 1409 5148 fuerit,
1439 5100 1599 5139 unum
1630 5089 1825 5143 exterit

251 5164 341 5238 [aL
372 5163 557 5240 exerit]
592 5166 990 5234 vestimentum,
1021 5180 1075 5225 et
1117 5172 1288 5242 plenis
1323 5174 1461 5230 areis
1488 5190 1690 5246 pannos
1716 5188 1824 5234 tra-

313 5318 387 5391 (a)_
410 5319 887 5391 Sequimur-ﬁmum
907 5320 1129 5391 illeatini
1153 5324 1316 5391 (idem,
1336 5327 1417 5391 qui
1442 5328 1648 5391 verbum
1670 5330 1826 5391 fateor

252 5380 523 5450 supplevit,
545 5389 598 5450 ut
619 5380 812 5450 videtur
831 5380 887 5450 _e'
914 5382 1047 5445 Mss,
1085 5387 1178 5435 etsi
1204 5399 1234 5435 e
1266 5380 1447 5437 nostris
1468 5389 1629 5439 nullus
1649 5380 1739 5450 ,'et
1761 5405 1827 5441 ne

255 5443 421 5505 excusi
445 5443 640 5505 quidem
663 5444 992 5505 aliigbabeant.

316 5503 386 5574 (ὁ)
419 5496 789 5574 νὸςμζθηι-ζᾷὺὶ,
814 5519 957 5574 quam
981 5506 1334 5574 Martian._post
1354 5509 1539 5561 Erasm.
1568 5526 1826 5574 exponxe-
1890 5496 1902 5511 ﬂ

255 5571 344 5621 rat,
371 5577 435 5637 ex.
460 5566 606 5637 editis
627 5566 765 5637 aliis,
792 5566 845 5616 et
1022 5566 1325 5629 reposuimus
1348 5584 1527 5637 :_supra
1553 5566 1699 5625 etiam
1723 5575 1827 5637 ple-

253 5635 404 5691 raque
424 5626 710 5691 hujusmodi,
736 5642 846 5691 quae
870 5629 991 5677 tanti
1015 5626 1107 5677 non
1130 5638 1262 5690 sunt,
1286 5639 1339 5681 ut
1361 5626 1618 5686 Leétorem
1637 5626 1827 5687 moren-

256 5690 349 5743 tur,
373 5688 749 5738 emeiidavimus.

309 5744 388 5810 ἵε)
421 5748 707 5800 Cistcrcicn.
736 5758 802 5801 ,γε
823 5748 1027 5802 extollas
1045 5756 1089 5801 te
1118 5766 1132 5803 :
1165 5752 1359 5816 la‘tare,
1387 5764 1481 5807 etc.

1587 302 1917 369 EPISTOLA
1957 301 2124 364 XXII.

3388 324 3493 385 M8

1904 424 2002 478 hit.
2049 423 2357 480 lnliciuntur
2394 426 2718 486 membrana:
2746 432 2925 489 eolore
2952 440 3237 507 purpureo.
3284 441 3488 499 Aurum

1904 514 2148 584 liquescit
2188 515 2239 569 in
2288 517 2516 583 litteras,
2549 524 2774 587 gemmis
2820 524 3031 581 codices
3068 532 3382 599 vestiuntur,
3434 544 3491 591 et

1904 606 2076 659 nudus
2132 617 2254 661 ante
2309 608 2448 663 fores
2506 624 2688 664 earum
2733 612 2975 669 Christus
3023 622 3302 677 emoritur.
3352 626 3487 682 Cum

1904 710 2121 750 manum
2147 699 2321 767 egenti
2369 702 2721 768 porrexerint,
2748 703 3051 759 buceiuant.
3097 708 3228 763 Cum
3254 713 3319 767 ad
3355 730 3488 786 aga-

1904 803 2004 859 pen
2036 791 2359 854 vocaverint,
2383 808 2557 861 pra2co
2576 796 2908 851 conducitur.
2936 797 3053 853 Vidi
3078 816 3246 871 nuper
3271 804 3487 874 (nomen
3548 786 3568 807 ⁸

1905 892 2085 946 taceo,
2134 899 2201 938 ne
2252 883 2494 955 Satyram
2548 886 2722 955 putes)
2772 889 3154 946 nobilissimam
3204 897 3489 954 mulierum

1904 972 2262 1028 Romanarum
2306 977 2358 1028 in
2401 976 2621 1031 Basilica
2660 978 2807 1033 Beati
2842 980 3005 1048 Petri,
3044 987 3308 1043 semiviris
3336 999 3489 1047 ante-

1904 1065 2235 1132 cedentibus,
2274 1068 2485 1136 propria
2516 1083 2695 1134 manu,
2723 1085 2830 1139 quo
2859 1073 3158 1143 religiosior
3191 1090 3485 1149 putaretur,

1903 1156 2140 1224 singulos
2184 1174 2428 1213 nummos
2457 1159 2739 1230 dispertire
2778 1167 3117 1233 panperibus.
3168 1170 3373 1226 Interea
3404 1175 3488 1245 (d)

1907 1243 1987 1317 [ut
2016 1261 2111 1300 usu
2141 1261 2298 1302 nosse
2331 1249 2580 1317 perfacile
2605 1250 2708 1324 est]
2738 1268 2871 1307 anus
2896 1258 3137 1324 qumdam
3174 1262 3324 1317 annis
3353 1243 3488 1333 pan»-

1906 1337 2095 1407 nisque
2118 1338 2286 1393 obsita
2321 1346 2685 1409 praecucurrit,
2722 1347 3020 1402 utalterum
3048 1366 3322 1408 nummum
3349 1356 3489 1411 acci-

1905 1436 2055 1496 peret
2083 1445 2097 1484 :
2126 1429 2191 1483 ad
2252 1445 2409 1500 quam
2449 1449 2572 1487 cum
2628 1436 2816 1491 ordine
2864 1441 3226 1507 pervenisset,
3279 1461 3485 1516 pugnus

1906 1518 2195 1586 porrigitur
2224 1536 2323 1591 pro
2352 1522 2591 1591 denario,
2623 1535 2677 1580 et
2700 1528 2829 1582 tanti
2860 1530 3099 1587 criminis
3120 1550 3245 1589 reus
3271 1542 3486 1605 sanguis

1905 1606 2231 1663 effunditur:
2266 1611 2434 1667 Radix
2484 1616 2719 1669 onmium
2773 1620 3035 1676 malorum
3092 1634 3175 1678 est
3225 1629 3483 1698 avaritia,

1905 1695 2131 1766 ideoque
2177 1702 2243 1752 ab
2289 1702 2545 1770 Apostolo
2585 1706 2847 1763 idolorum
2895 1714 3123 1767 servitus
3164 1695 3482 1785 appellatur;

1902 1786 2093 1852 Quane
2131 1790 2359 1859 prinnnn
2398 1809 2614 1862 regnum
2650 1797 2758 1862 Dei,
2788 1811 2842 1854 et
2870 1801 2983 1857 lucc
3010 1805 3185 1859 omnia
3212 1824 3485 1877 apponen-

1907 1887 1990 1931 tur
2018 1878 2128 1931 tibi.
2172 1879 2284 1934 Non
2313 1884 2519 1938 occidet
2553 1885 2693 1941 fame
2720 1889 2950 1945 animam
2976 1892 3174 1963 justam
3207 1897 3483 1956 Dominus.

1909 1983 1927 2016 ι
1956 1966 2142 2021 Junior
2172 1968 2266 2037 fui,
2299 1982 2351 2026 et
2380 1976 2552 2041 senui,
2584 1985 2764 2033 etnon
2792 1981 2896 2034 vidi
2918 1983 3116 2051 justum
3142 1986 3478 2059 derelictum,

1903 2072 2076 2154 neque
2122 2076 2305 2115 semen
2343 2063 2459 2131 ejus
2500 2082 2746 2134 quatrens
2789 2087 2982 2140 panem
3014 2094 3032 2127 ι
3082 2075 3204 2147 (Ps.
3235 2081 3324 2136 '56.
3363 2082 3481 2154 25).-

1904 2146 2046 2199 Elias
2092 2152 2272 2205 corvis
2327 2154 2752 2213 ministrantibus
2806 2164 3058 2229 pascitur.
3094 2146 3285 2224 Vidua
3330 2146 3488 2229 Sare-

1905 2246 2083 2305 ptana,
2111 2242 2221 2308 ipsa
2246 2257 2365 2296 cum
2395 2246 2517 2300 filiis
2544 2258 2701 2304 nocte
2728 2255 3007 2322 moritura,
3035 2258 3355 2329 Prophetam
3387 2282 3485 2336 ρει-ι

1903 2327 2003 2380 scit
2044 2330 2287 2384 esuriens
2319 2350 2331 2385 :
2361 2344 2415 2387 et
2458 2337 2650 2391 mirum
2689 2340 2740 2393 in
2791 2344 3007 2400 modum
3063 2327 3285 2418 capsace
3332 2327 3483 2408 com-

1906 2418 2068 2487 pleto,
2114 2422 2203 2490 qui
2248 2424 2471 2480 alendus
2510 2440 2752 2497 venerat,
2800 2434 2911 2488 alit.
2962 2438 3149 2494 Petrus
3192 2444 3484 2514 Apostolus

1904 2508 2073 2579 inquit
2104 2528 2116 2564 :
2152 2530 2171 2562 ‹
2203 2516 2515 2583 Argentum,
2550 2529 2601 2573 et
2640 2536 2828 2577 aurum
2862 2541 2965 2582 non
2995 2529 3184 2600 habeo,
3215 2508 3355 2604 quod
3385 2552 3484 2591 ait-

1906 2609 2013 2657 tem
2058 2603 2250 2673 habeo,
2300 2607 2404 2663 hoc
2442 2611 2534 2666 tibi
2579 2613 2669 2667 do.
2727 2614 2782 2670 ln
2833 2621 3047 2677 nomine
3101 2603 3311 2682 Domini
3360 2628 3487 2686 Jesu

1905 2708 2085 2765 surge,
2125 2707 2178 2753 et
2204 2700 2417 2789 ambula
2449 2723 2468 2755 ι
2502 2704 2637 2775 (Act.
2670 2708 2724 2764 ὅ.
2759 2708 2837 2781 6).
2867 2714 2937 2767 At
2977 2730 3116 2771 nunc
3146 2721 3320 2789 multi,
3365 2723 3491 2781 licet

1906 2801 2155 2843 sermone
2196 2800 2423 2860 taceant,
2456 2811 2618 2866 opere
2650 2801 2938 2869 loquuntur
2967 2823 2979 2858 :
3014 2806 3195 2863 Fidem
3236 2820 3292 2867 et
3321 2815 3489 2869 misce

1907 2878 2188 2935 ricordiam
2221 2899 2325 2937 non
2350 2886 2521 2942 habeo
2551 2906 2564 2942 :
2593 2892 2735 2959 quod
2763 2904 2941 2949 autem
2982 2896 3172 2964 habeo,
3211 2915 3490 2973 argentum

1909 2982 1964 3026 et
1991 2990 2200 3039 aurum,
2233 2977 2333 3032 hoc
2364 2982 2453 3035 tibi
2486 3000 2590 3036 non
2615 2985 2705 3039 do.
2743 3006 2761 3038 ι
2793 2987 3061 3046 Habentes
3082 3005 3260 3053 autem
3288 3001 3487 3061 victum

1911 3073 1965 3118 et
1991 3067 2257 3133 vestitum,
2285 3071 2368 3125 his
2435 3077 2592 3147 118
2651 3081 3087 3140 contentisumus
3115 3106 3135 3140 ι
3166 3090 3241 3159 (l.
3266 3091 3400 3147 Tim.
3432 3096 3489 3153 6.

1912 3156 1989 3225 8).
2017 3159 2152 3214 Audi
2175 3161 2361 3227 Jacob,
2391 3169 2513 3235 qu:d
2535 3186 2625 3221 sua
2646 3173 2887 3228 oratione
2905 3179 3137 3244 postulet
3218 3202 3237 3234 ι
3264 3185 3319 3239 Si
3336 3188 3494 3246 fuerit

1914 3249 2171 3306 Dominus
2187 3270 2335 3308 meus
2363 3273 2593 3323 mecum,
2610 3268 2965 3321 etservaverit
2986 3285 3071 3325 me
3088 3271 3141 3327 in
3158 3274 3241 3329 via
3256 3275 3375 3343 hac,
3398 3295 3495 3350 per

1913 3356 2070 3430 quam
2099 3360 2197 3413 ego
2224 3345 2325 3400 iter
2352 3347 2509 3413 facio,
2538 3360 2592 3405 et
2618 3352 2827 3409 dederit
2854 3358 2981 3413 mihi
3013 3378 3203 3430 panem
3229 3367 3295 3421 ad
3333 3345 3489 3426 man-

1914 3429 2238 3528 ductanduin,
2289 3447 2344 3489 et
2396 3440 2645 3495 vestitum
2693 3443 2757 3497 ad
2789 3429 3125 3507 vestiendum
3163 3474 3183 3508 ι
3217 3457 3370 3528 (Gen.
3398 3462 3490 3517 28.

1914 3521 2031 3593 20).
2087 3524 2313 3582 Tantum
2389 3536 2690 3588 necessaria
2746 3536 3063 3607 deprecatus
3111 3521 3326 3605 estet
3375 3562 3497 3622 post

1916 3629 2083 3671 annos
2110 3618 2291 3689 viginti
2328 3622 2477 3679 dives
2506 3627 2773 3698 doininus,
2817 3644 2870 3688 et
2896 3636 3055 3691 ditior
3080 3649 3253 3710 pater,
3281 3645 3348 3699 ad
3375 3618 3496 3702 ter-

1917 3721 2028 3761 ram
2056 3714 2340 3767 revertitur
2359 3716 2633 3772 Chanaan.
2666 3721 2873 3779 lulinita
2902 3729 2967 3779 de
2996 3729 3287 3799 Scripturis
3308 3752 3495 3794 exem‘

1919 3801 2003 3869 pla
2058 3816 2379 3873 suppetunt,
2440 3825 2559 3877 quin
2610 3813 2890 3867 avaritiam
2938 3816 3166 3875 doceant
3222 3839 3343 3880 esse
3406 3828 3495 3883 fuo

1916 3894 2181 3961 git-udam.

1992 3988 2081 4040 55.
2125 3987 2315 4042 Verum
2346 3991 2466 4059 quia
2500 4007 2642 4045 nunc
2678 4007 2741 4047 ex
2789 4007 2942 4065 parte
2986 3999 3053 4055 de
3083 4017 3145 4056 ea
3190 4004 3386 4062 dicitur
3423 4010 3502 4082 (et

1919 4091 2041 4141 suo,
2083 4079 2129 4131 si
2163 4077 2406 4135 Christus
2443 4085 2689 4139 annuerit
2722 4088 2978 4143 volumini
3017 4098 3339 4169 reservatur)
3374 4077 3500 4171 quid

1922 4176 2045 4221 ante
2077 4168 2143 4238 (ε)
2176 4184 2279 4223 non
2314 4172 2493 4239 plures
2522 4189 2694 4231 annos
2722 4176 2907 4232 Nitriae
2933 4193 3139 4249 gestum
3170 4187 3260 4252 sit,
3293 4168 3497 4248 refere-

1924 4273 2062 4311 nius.
2092 4260 2316 4326 Quidam
2352 4279 2419 4316 ex
2462 4265 2710 4323 fratribus
2749 4272 2958 4338 parcior
2998 4276 3162 4345 magis
3192 4294 3351 4347 quam
3378 4298 3503 4339 ava‘

1924 4349 2057 4416 rior,
2088 4360 2142 4405 et
2172 4353 2418 4407 nesciens
2462 4356 2673 4426 triginta
2704 4363 2973 4430 argenteis
3004 4364 3288 4424 Dominum
3318 4375 3503 4429 vendi-

1928 4450 2059 4505 tum,
2089 4452 2303 4497 centum
2337 4446 2558 4513 solidos,
2588 4464 2721 4519 quos
2752 4450 2862 4506 lino
2902 4457 3130 4511 texendo
3157 4462 3503 4533 acquisierat,

1927 4535 2160 4589 moriens
2189 4536 2497 4610 dereliquit.
2529 4541 2716 4598 Initum
2738 4555 2820 4600 est
2850 4546 2987 4602 inter
3006 4549 3297 4611 Monachus
3320 4558 3505 4612 consi-

1928 4623 2055 4677 lium
2080 4625 2224 4696 (nam
2257 4628 2308 4681 in
2348 4630 2539 4685 eodem
2579 4632 2698 4687 loco
2726 4635 2948 4692 circiter
2976 4642 3212 4712 quinque
3236 4646 3397 4699 millia
3426 4647 3507 4703 di.

1928 4714 2057 4769 visis
2085 4717 2292 4772 cellulis
2321 4719 2652 4796 habitabant)
2690 4727 2823 4795 quid
2861 4728 2999 4785 facto
3033 4747 3168 4801 opus
3200 4745 3361 4790 esset.
3397 4738 3505 4794 Alii

1927 4810 2253 4877 pauperibus
2272 4812 2671 4871 distribuendos
2698 4835 2820 4874 esse
2847 4820 3093 4876 dlcebant
3128 4841 3142 4875 :
3171 4825 3262 4879 alii
3302 4826 3507 4885 dandos

1931 4898 2182 4955 Ecclesiae
2208 4920 2221 4955 :
2253 4906 2488 4959 tt0nnttlli
2519 4911 2829 4973 parentibus
2851 4911 3220 4967 remittendos.
3248 4915 3508 4975 Macarius

1929 5008 2079 5057 vero,
2110 5004 2165 5049 et
2194 4996 2413 5062 Pantho,
2442 5011 2496 5051 et
2527 4999 2782 5065 Isidorus,
2815 5010 2865 5055 et
2900 5004 3102 5069 creteri,
3142 5020 3277 5075 quos
3323 5009 3509 5069 Patres

1930 5096 2143 5148 vocant,
2186 5086 2385 5140 Sancto
2427 5088 2477 5139 in
2506 5089 2583 5140 eis
2611 5089 2861 5159 loquente
2890 5090 3114 5160 Spiritu,
3151 5095 3507 5158 decreverunt

1933 5176 2270 5231 infodiendos
2325 5192 2446 5231 esse
2497 5178 2565 5247 (Ῑ)
2612 5194 2733 5232 cum
2778 5179 3000 5235 domino
3044 5197 3163 5250 suo,
3218 5186 3507 5246 dicentes:

1939 5284 1959 5319 ι
2000 5266 2225 5323 Pecunia
2278 5277 2365 5323 tua
2420 5278 2593 5324 tecum
2626 5271 2697 5325 sit
2742 5271 2795 5325 in
2824 5273 3176 5342 perditionem
3213 5298 3234 5331 ι
3274 5279 3425 5355 (Act.
3452 5286 3507 5342 8.

1998 5448 2077 5517 (rt)
2112 5448 2255 5520 metu
2274 5454 2415 5520 vetus
2431 5458 2538 5495 eoo.
2565 5447 2767 5519 «(uisui
2799 5457 2963 5503 nostra
2991 5458 3223 5520 perfacile
3265 5468 3337 5513 est
3364 5476 3383 5515 :
3408 5472 3512 5516 tum

1931 5508 2288 5576 pannis__obsita
2321 5510 2505 5569 absque
2528 5508 2663 5560 minis
2695 5524 2832 5561 voce.

1997 5572 2066 5634 (ε)
2101 5570 2257 5645 linum
2284 5576 2466 5645 tantum
2493 5578 2634 5621 vetus
2662 5573 2930 5638 exemplar,
2955 5576 3171 5645 illudque
3194 5583 3410 5637 Victorio
3434 5595 3514 5640 te.

1932 5630 2028 5689 ste,
2047 5630 2162 5682 ante
2187 5630 2455 5695 complures
2484 5646 2649 5684 (mnos.

1999 5697 2064 5767 (ρ
2098 5697 2252 5767 Antea
2278 5702 2382 5743 erat
2404 5705 2514 5765 eum
2536 5696 2703 5748 eodeni
2726 5709 2744 5749 :
2767 5700 2894 5762 quod
2928 5702 3165 5756 edidimus
3185 5707 3378 5760 domno
3398 5721 3513 5767 suo,

1936 5770 1966 5807 e
2010 5758 2124 5808 Mss.
2160 5758 2563 5821 depromi-simus.
