4078 6198
556 308 663 374 MO

560 432 693 504 £0).
748 429 859 487 Nec
885 427 988 482 hoc
1026 419 1309 479 crudeliter
1342 414 1641 504 quisquam
1682 415 1843 504 putet
1881 406 2081 504 factum
2116 422 2134 461 :

559 496 737 580 tantus
756 526 973 577 cunctos
997 528 1092 583 per
1118 519 1287 564 totam
1314 503 1601 575 Egyptum
1628 510 1804 556 terror
1827 496 2052 563 invasit,
2082 504 2142 551 ut

560 624 728 668 unum
756 604 980 663 solidum
1006 599 1293 663 dimisisse,
1321 595 1392 649 sit
1415 586 1673 649 criminis.

633 702 722 758 54.
763 687 831 751 Et
854 691 1105 763 quoniam
1130 684 1509 743 Monaehorum
1540 680 1763 738 fecimus
1781 679 2138 744 mentionem,

493 800 513 825 ‘
562 801 616 848 et
645 798 697 844 te
728 788 839 841 scio
877 782 1106 838 libenter
1134 776 1341 843 audire,
1378 791 1497 846 qua:
1538 780 1723 828 sancta
1768 778 1918 835 sunt,
1954 783 2140 823 aurem

559 870 826 950 paulisper
852 864 1218 929 accommoda.
1257 864 1383 922 Tria
1421 873 1545 920 sunt
1585 865 1638 918 in
1669 861 1906 932 Egypto
1944 872 2142 929 genera

557 967 959 1024 Monachorum.
988 959 1187 1023 Unum,
1210 952 1499 1022 Cmnobitw,
1524 952 1667 1027 quod
1690 953 1766 1005 illi
1793 953 1988 1011 δαείω
2011 963 2143 1019 gen-

560 1058 641 1114 tili
666 1058 843 1126 lingua
871 1060 1090 1115 vocant,
1119 1063 1218 1105 nos
1244 1049 1297 1102 in
1320 1032 1584 1101 commune
1607 1040 1827 1097 virentes
1857 1052 2141 1111 possumus

557 1146 854 1219 appellare.
885 1140 1215 1207 Secundum,
1244 1136 1596 1199 Anacltoretw,
1628 1135 1720 1205 qui
1759 1133 1861 1187 soli
1902 1128 2145 1185 habitant

556 1256 656 1312 per
684 1236 931 1302 deserta;
957 1244 1017 1305 et
1039 1234 1108 1289 ab
1136 1248 1202 1288 eo
1229 1230 1371 1302 quod
1402 1229 1587 1300 procul
1624 1228 1694 1283 ab
1722 1222 2031 1282 hOllllltilittS
2057 1239 2143 1279 re-

558 1329 843 1394 cesserint,
873 1332 1267 1395 nuncupantur.
1296 1320 1537 1376 Tertium
1564 1334 1733 1390 genus
1757 1327 1864 1380 est,
1890 1315 1966 1388 (α)
1996 1312 2142 1386 quod

559 1408 843 1474 Remabotlt
882 1410 1086 1479 dicunt,
1117 1402 1467 1468 deterrimum
1544 1408 1702 1481 119
1775 1406 1902 1480 [δι.
1941 1406 2142 1460 teterri-

559 1500 739 1583 mum]
766 1518 926 1580 atque
957 1498 1279 1576 neglectum,
1302 1511 1357 1559 et
1374 1500 1516 1573 quod
1554 1502 1609 1556 in
1634 1509 1816 1555 nostra
1865 1488 2142 1569 provincia

562 1612 654 1660 aut
667 1602 862 1667 solum,
889 1609 980 1655 aut
1003 1599 1344 1669 primumest.
1361 1585 1648 1651 Hibinivel
1674 1591 1953 1657 terui,nec
1974 1590 2143 1644 multo

566 1689 748 1765 plures
776 1690 933 1747 simul
951 1683 1215 1753 habitant,
1230 1700 1328 1742 suo
1349 1683 1607 1741 arbitratu
1630 1698 1694 1738 ac
1722 1681 1929 1737 ditiOne
1960 1681 2146 1734 viven-

568 1792 683 1839 tes:
705 1789 760 1838 et
772 1780 840 1837 de
853 1794 920 1835 eo
935 1777 1075 1849 quod
1097 1774 1480 1841 laboraverint,
1497 1774 1550 1828 in
1566 1773 1798 1828 medium
1819 1782 2000 1841 partes
2014 1780 2145 1823 con-

566 1864 766 1939 ferunt,
796 1883 854 1927 ut
889 1866 1121 1941 habeant
1145 1866 1398 1923 alimenta
1423 1864 1749 1920 communia.
1772 1862 2029 1917 llabitant
2047 1870 2145 1913 au-

567 1975 677 2024 tem
697 1981 856 2038 quam
882 1963 1170 2036 plurimum
1201 1961 1255 2017 in
1282 1960 1502 2016 urbibus
1522 1968 1577 2015 et
1600 1956 1837 2013 castellis
1865 1973 1881 2010 :
1911 1965 1970 2011 et
1994 1952 2147 2024 quasi

567 2068 658 2116 ars
673 2059 963 2122 sitsancta,
983 2069 1089 2110 non
1112 2054 1237 2117 vita,
1265 2049 1522 2122 quidquid
1545 2047 1905 2113 vendiderint,
1930 2045 2149 2115 majoris

566 2158 650 2205 est
686 2147 861 2218 pretii.
893 2145 1041 2201 Inter
1084 2143 1181 2198 hos
1212 2156 1356 2211 saepe
1388 2150 1512 2195 sunt
1535 2139 1709 2209 jurgia
1743 2154 1757 2190 :
1786 2136 1909 2207 quia
1938 2151 2039 2190 suo
2070 2134 2148 2188 vi-

564 2247 755 2296 ventes
793 2232 938 2302 cibo,
964 2249 1072 2291 non
1104 2230 1377 2304 patiuntur
1402 2245 1462 2286 se
1504 2230 1662 2285 alicui
1702 2242 1823 2284 esse
1851 2227 2144 2297 subjectos.

564 2322 772 2386 Revera
791 2328 969 2384 solent
995 2333 1203 2381 certare
1230 2314 1483 2393 ieiuniis;
1515 2329 1569 2375 et
1593 2336 1707 2376 rem
1729 2319 1948 2384 secreti,
1978 2319 2149 2373 victo-

565 2420 660 2474 riae
677 2416 894 2473 faciunt.
915 2413 1068 2485 Apud
1089 2406 1188 2467 hos
1212 2411 1456 2466 aﬂ'cctata
1476 2419 1603 2464 sunt
1627 2410 1837 2474 omnia;
1864 2408 2002 2463 laxa!
2029 2422 2148 2463 ma-

567 2510 725 2573 nicae,
741 2505 926 2576 caliga:
946 2502 1264 2566 follicantes,
1280 2494 1443 2556 vestis
1462 2501 1694 2555 crassior
1707 2492 1856 2571 [Mss
1875 2497 2145 2571 grauior],

569 2594 758 2656 crebra
783 2596 1046 2666 suspiria;
1077 2585 1313 2649 visitatio
1359 2582 1657 2661 Virginum,
1688 2590 1951 2645 detractio
1976 2590 2150 2645 Cleri-

569 2696 792 2745 corum:
821 2694 875 2741 et
901 2685 949 2741 si
977 2683 1189 2757 quando
1213 2682 1329 2738 dies
1366 2681 1534 2737 festus
1572 2672 1805 2749 venerit,
1839 2690 2151 2737 saturantur

568 2778 638 2835 ad
666 2777 945 2833 vomitum.

638 2868 732 2925 35.
769 2858 1256 2923 timuiita—~83
1301 2864 1463 2935 igitur
1498 2862 1653 2934 quasi
1702 2858 2021 2934 quibusdam
2057 2878 2152 2934 pe-

569 2958 740 3016 stibus
759 2950 1151 3020 exterminatis,
1178 2955 1460 3011 veniamus
1479 2954 1546 3010 ad
1567 2969 1663 3011 eos
1681 2956 1771 3025 qui
1798 2956 1981 3026 plures
2003 2966 2146 3022 sunt,

570 3058 625 3106 et
647 3048 701 3104 in
728 3061 1014 3104 commune
1043 3043 1306 3110 habitant,
1340 3040 1393 3099 id
1419 3053 1523 3112 est,
1554 3059 1691 3115 quos
1716 3037 1897 3101 vocari
1919 3045 2151 3100 Cenabi-

570 3150 649 3195 tas
673 3139 926 3195 diximus.
965 3137 1143 3193 Prima
1171 3135 1312 3206 apud
1341 3150 1435 3190 eos
1464 3136 1851 3193 confmderatio
1885 3145 1986 3200 est,
2018 3138 2151 3192 ohe-

569 3230 687 3287 dire
712 3229 1024 3300 majoribus,
1052 3233 1108 3283 et
1133 3226 1393 3298 quidquid
1431 3226 1717 3298 iusserint,
1759 3227 1958 3285 facere.
1988 3220 2152 3284 Divisi

569 3329 696 3378 sunt
719 3335 815 3390 per
839 3318 1088 3375 decurias
1112 3327 1273 3388 atque
1297 3318 1593 3385 centurias,
1626 3318 1699 3373 ita
1739 3327 1798 3372 ut
1827 3335 2019 3374 novem
2056 3319 2153 3373 ho-

573 3412 808 3468 minibus
831 3410 1074 3467 decimus
1114 3409 1317 3477 praesit.
1361 3409 1427 3463 Et
1456 3423 1642 3464 rursus
1669 3408 1856 3465 decem
1890 3412 2149 3480 prarpusi-

573 3509 659 3556 tos
702 3500 804 3554 sub
843 3512 905 3554 se
950 3496 1277 3553 centesimus
1306 3497 1520 3555 habeat.
1569 3496 1783 3553 Manent
1810 3503 2042 3570 separati
2071 3502 2150 3572 (b)

575 3589 833 3661 seiunctis
860 3586 1090 3643 cellulis.
1117 3584 1298 3655 Usque
1327 3585 1394 3640 ad
1431 3585 1620 3642 horam
1659 3603 1875 3655 nonam,
1906 3600 1963 3645 ut
1998 3593 2153 3646 iusti-

572 3689 748 3736 tutum
778 3687 880 3746 est,
911 3692 1070 3732 nemo
1093 3676 1264 3747 pergit
1292 3676 1360 3730 ad
1389 3676 1576 3739 alium,
1603 3679 1843 3748 exceptis
1873 3679 1954 3735 his
1984 3682 2151 3736 Deca-

573 3771 680 3840 nis,
729 3784 864 3842 quos
905 3766 1160 3836 diximus,
1195 3774 1258 3823 ut
1299 3766 1348 3821 si
1396 3767 1811 3839 cogitationibus
1855 3768 1991 3827 forte
2032 3773 2151 3842 quis

639 3974 731 4035 (a),
747 3972 861 4035 Mss.
891 3978 1050 4035 quea,
1068 3967 1148 4018 alii
1165 3967 1396 4035 sationes.
1416 3966 1733 4035 Tum_pr_o_eo
1753 3968 1882 4031 quod
1908 3968 2029 4017 infra
2046 3975 2151 4035 est,

574 4027 827 4086 Βάηόθουι
845 4069 858 4092 ,
884 4030 964 4080 alii
1002 4028 1241 4092 Rennuit,
1274 4040 1326 4078 et
1352 4027 1597 4092 Renmqth'.
1613 4027 1798 4092 Horum
1821 4027 2153 4092 conversatio;

574 4110 689 4145 nem
708 4130 723 4154 ,
745 4088 1059 4154 snb'noming
1094 4090 1447 4154 Sarabaitarum
1466 4088 1665 4154 ,_fusius
1684 4090 1917 4154 describit
1938 4090 2148 4154 Cassian.

575 4146 800 4207 Col|.'l8.
824 4165 930 4216 cap.
950 4153 1008 4216 _7._
1027 4146 1344 4216 Benedictus,
1362 4146 1694 4216 [lutnbertusl
1708 4149 2007 4216 horamque.
2032 4151 2153 4205 Con.

575 4218 652 4265 ter
696 4217 861 4271 etiam,
881 4210 921 4262 Si
948 4212 1117 4271 lubet,
1142 4211 1341 4261 Petrum
1366 4211 1602 4263 Crinitum
1626 4210 1715 4261 lll.
1741 4214 1819 4263 15.
1859 4210 1923 4264 de
1946 4215 2153 4266 honesta

575 4275 857 4347 disciplina
868 4274 1102 4347 aliosque.
1129 4273 1267 4347 Quod
1288 4282 1453 4347 autem
1471 4272 1750 4347 dicitwlilier.
1774 4273 2011 4347 iuut‘tostrn
2031 4286 2152 4326 ιιι-ο·

575 4328 750 4394 vincia,
774 4328 1079 4398 Palaestinam
1101 4328 1229 4398 male
1250 4333 1397 4395 vulgo
1418 4328 1698 4398 intelligunt
1716 4335 1895 4398 eruditi
1920 4339 2025 4398 viri,
2042 4351 2152 4387 cum

576 4398 825 4449 Pannonia
846 4396 1007 4458 potius
1026 4394 1612 4458 signiticetur,’au_t_ltalia
1633 4406 1648 4455 ;
1670 4397 1780 4458 quis
1814 4398 1947 4447 enim
1970 4394 2019 4447 in
2058 4399 2152 4448 Pa.

578 4459 790 4529 laesum,
815 4455 898 4529 ubi
919 4455 1139 4529 apprime
1157 4455 2036 4529 ﬂoreltantllonacborumjustituta,
2069 4468 2153 4511 aut

577 4520 762 4582 solum,
777 4516 782 4518 ⁷
796 4524 885 4582 aut
902 4516 1103 4582 primum
1127 4516 1217 4582 hoc
1237 4516 1554 4582 deterrimum
1576 4529 1736 4579 genus
1755 4519 1903 4582 fuisse
1925 4516 2153 4582 sibi’per-

577 4580 780 4631 suadeat
795 4579 819 4628 ἵ
856 4577 1116 4627 sarabaita
1152 4577 1267 4627 dicti
1304 4578 1532 4628 videntur
1550 4577 1729 4641 amo,
1754 4581 1880 4643 quod
1902 4577 2153 4631 contuma-

578 4662 687 4700 cem
713 4657 766 4699 et
787 4647 1117 4709 refractarium
1156 4652 1320 4705 sonat;
1359 4648 1442 4709 qui
1463 4645 1647 4709 malunt
1684 4647 1900 4699 Rembotlt
1934 4662 2102 4699 vocem
2125 4664 2153 4698 ιι

579 4709 747 4760 Graeco
783 4720 942 4772 ῥῳςός,
966 4707 1094 4772 quod
1117 4720 1292 4772 nomep
1318 4707 1490 4772 vagum
1514 4708 1794 4772 hominem,
1831 4717 1997 4772 atque,
2021 4724 2155 4759 erm-

577 4784 700 4833 nem_
716 4766 1227 4833 sig‘niﬂcatfdetortam
1251 4766 1401 4833 ὕδρίΙό
1413 4770 1634 4833 credunt.
1661 4772 1753 4830 Qui
1778 4766 2153 4820 vero-nelwbollt

579 4825 841 4893 praeferunt
865 4842 895 4878 a
915 4825 1043 4885 nm)
1060 4842 1148 4878 seu
1174 4825 1325 4886 nam
1343 4830 1535 4879 arabiea
1558 4825 1711 4887 voce'.
1734 4843 1844 4893 quae
1867 4833 2154 4882 monachum

583 4907 748 4957 notat,
792 4898 1056 4949 deducunt.
1103 4896 1317 4948 Isidorus
1349 4898 1435 4947 lib.
1461 4898 1507 4948 2.
1533 4900 1597 4949 de
1620 4901 1757 4951 Oilic.
1782 4899 1970 4950 Eecles.
2002 4914 2047 4950 c.
2075 4903 2151 4951 15.

576 4956 905 5023 λεῃῃρῆονωη
939 4959 1100 5023 lingua
1120 4956 1382 5009 Sarabat'ta:
1399 4998 1413 5018 ,
1436 4958 1534 5023 sive
1559 4959 1766 5012 nemde
1786 4968 2120 5021 nuncupantur
2136 4997 2154 5023 ,

577 5019 799 5070 nimii-mn
846 5022 953 5076 ξιτ)
992 5019 1123 5069 idem
1142 5027 1281 5069 sonat
1300 5032 1358 5070 ac
1379 5020 1544 5071 [tenuit
1564 5034 1582 5082 ;
1604 5024 1692 5072 sed
1719 5036 1813 5072 nou
1837 5019 2002 5072 tamen
2026 5019 2155 5072 Lati;

578 5101 639 5151 tta
664 5096 742 5138 est
764 5087 915 5139 altera
940 5089 1144 5151 nominis
1178 5088 1466 5151 etymologia
1500 5094 1691 5141 tametsi
1733 5106 1821 5151 pro
1858 5092 2025 5142 Latina
2070 5094 2155 5142 ha-

578 5148 739 5199 buerit
765 5152 909 5211 etiam
934 5149 1038 5197 Odo
1061 5148 1575 5211 CluniaCensis’Colltt.
1602 5154 1648 5200 3.
1683 5172 1704 5197 α
1727 5148 1827 5202 Nos
1850 5156 2031 5211 miseri,
2061 5170 2154 5204 non

577 5221 743 5273 sumus
767 5210 1003 5273 Munachi,
1030 5218 1083 5259 ut
1104 5208 1223 5273 falso
1246 5212 1559 5273 nominantur,
1587 5214 1673 5262 sed
1695 5215 1976 5273 Sarttltaitte,
2006 5208 2050 5262 id
2077 5224 2157 5267 est

580 5268 823 5342 lie-nuntia,
846 5272 930 5342 qui
948 5272 1127 5342 jugutu
1145 5268 1404 5342 Regttlat-is
1416 5268 1684 5342 disciplinae
1707 5268 1974 5342 restitimus
1993 5293 2015 5320 ι
2038 5277 2156 5342 Pro-

582 5329 697 5393 bant
724 5328 841 5379 vero
859 5328 1093 5393 ista'oiim
1115 5328 1295 5393 lectum
1321 5328 1556 5393 (tenuem;
1585 5347 1715 5383 unm:
1738 5334 1963 5385 Rcuuitzc
1985 5350 1999 5393 ;
2038 5328 2158 5388 liect

580 5390 748 5458 aliter
784 5389 1046 5458 Itclwbotlt,
1086 5389 1467 5458 Rehit'fttt:_t'acili
1500 5389 1779 5458 tn'utattone
1808 5403 1933 5458 apud
1959 5389 2158 5449 Latinos

581 5449 748 5524 scibit
768 5449 949 5524 γειίηιτ
969 5464 1067 5524 (eo
1090 5451 1392 5524 ιιξθπξίὶεξὲιε
1415 5463 1619 5517 utraque
1640 5449 1904 5519 appeti-aiio
1925 5471 1990 5507 ex
2011 5458 2158 5524 mgy-

582 5516 737 5569 ptiaco
760 5521 990 5557 sermone
1013 5517 1202 5557 constet
1221 5516 1364 5566 nam.

647 5574 1373 5647 ἐρ),.ΕτίιθίξυίξΨ³βίξ,πτίαιξαι
1403 5579 1602 5647 vicarii
1637 5583 1787 5635 lectio
1805 5587 1937 5647 ..εισι
1969 5588 2159 5647 juncta

580 5633 769 5744 agitatis
784 5670 799 5692 ,
838 5645 925 5693 pro
959 5633 1213 5696 sejmictts;
1236 5637 1324 5687 sed
1355 5647 1408 5690 et
1436 5641 1579 5701 paulo
1598 5633 1742 5707 supra
1968 5633 2158 5704 ἱεὶῙᾶῖῦ

634 5708 724 5743 ιιι.

1840 293 2082 353 SANCTI
2120 291 2503 352 liIERONYDll

2244 405 2487 469 ﬂuctuat,
2516 405 2659 461 illius
2689 404 2996 462 consoletur
3027 405 3295 478 alloquiis.
3341 406 3473 462 Post
3500 406 3688 462 horam
3729 425 3829 463 no-

2244 513 2369 553 nam
2395 498 2449 552 in
2469 511 2754 552 commune
2778 482 3356 564 concurritur,.Psalmi
3381 509 3661 564 resonant,
3682 499 3830 554 Sert-

2244 598 2415 658 ptura:
2444 587 2738 642 recitantur
2766 590 2830 641 ex
2866 602 3036 642 more.
3068 587 3133 641 Et
3161 587 3446 657 completis
3472 588 3825 653 orationibus,

2244 678 2557 747 cunctisque
2590 677 2968 742 residentibus,
3011 664 3241 742 medius,
3283 692 3442 747 quem
3487 677 3700 732 Patrem
3727 693 3826 732 vo-

2245 776 2390 831 cant,
2419 752 2602 836 incipit
2643 767 2937 838 disputare.
2965 767 3082 833 Quo
3124 767 3397 835 loquente,
3430 776 3633 821 tantum
3664 767 3830 823 silen-

2248 847 2377 914 tium
2410 860 2489 926 lit,
2521 868 2580 914 ut
2604 875 2764 914 nemo
2793 860 2955 913 alium
2986 861 3277 928 respicere,
3316 874 3473 913 nemo
3498 861 3693 914 audeat
3726 876 3829 917 ex-

2245 965 2453 1006 creare.
2485 950 2726 1006 Dicentis
2754 951 2872 1005 laus
2918 950 2972 1003 in
3020 948 3150 1004 fletu
3201 959 3288 1005 est
3337 938 3687 1005 audientium.
3721 941 3830 1006 τει-

2246 1043 2350 1097 cite
2378 1041 2528 1115 [Leg.
2561 1040 2776 1114 Tacile
2808 1042 3094 1096 volvuntur
3129 1055 3226 1110 per
3249 1055 3343 1094 ora
3376 1041 3650 1111 lacrymm,
3677 1051 3733 1097 et
3759 1049 3830 1098 ne

2248 1134 2301 1187 in
2347 1133 2613 1203 singultus
2657 1132 2876 1203 quidem
2916 1133 3150 1202 erumpit
3193 1132 3371 1186 dolor.
3410 1132 3545 1186 Cum
3591 1147 3718 1187 vero
3758 1132 3829 1189 de

2247 1239 2414 1293 regno
2444 1223 2663 1290 Christi,
2694 1232 2751 1278 et
2783 1218 2850 1278 de
2890 1211 3066 1277 futura
3097 1210 3450 1287 beatitudine,
3483 1230 3539 1277 et
3564 1212 3632 1277 de
3656 1211 3827 1292 gloria

2246 1317 2473 1385 coeperit
2511 1315 2833 1370 annuntiare
2872 1323 3124 1376 ventura,
3156 1303 3344 1369 videas
3384 1323 3609 1368 cunctos
3637 1308 3826 1369 mode-

2247 1414 2364 1459 rato
2388 1405 2639 1475 suspirio,
2684 1412 2739 1460 et
2778 1404 2949 1460 oculis
2991 1392 3059 1459 ad
3098 1405 3294 1459 coelum
3338 1391 3550 1469 levatis,
3591 1400 3728 1459 intra
3764 1418 3827 1460 se

2246 1486 2428 1549 dicere
2455 1509 2472 1549 :
2508 1512 2528 1545 ι
2560 1494 2690 1562 Quis
2715 1493 2865 1549 dabit
2889 1493 3020 1549 mihi
3043 1497 3260 1564 |pennas
3291 1493 3430 1547 sicut
3457 1482 3739 1559 columbae,
3769 1501 3828 1550 et

2248 1584 2461 1650 volabo,
2478 1593 2534 1640 et
2552 1584 2885 1654 requiescant
2912 1605 2931 1637 ι
2964 1583 3085 1655 (Ps.
3111 1585 3201 1639 54.
3224 1584 3277 1653 7)
3301 1582 3324 1637 2
3354 1583 3481 1638 Post
3509 1572 3625 1639 haec
3641 1584 3825 1639 concl-

2248 1668 2376 1729 lium
2401 1675 2645 1743 solvitur,
2675 1686 2728 1731 et
2755 1691 3085 1746 unaquaque
3109 1675 3325 1729 deturia
3345 1689 3466 1729 cum
3488 1688 3585 1730 suo
3605 1680 3827 1745 parente

2249 1763 2419 1836 pergit
2445 1766 2510 1820 ad
2539 1781 2770 1832 mensas,
2853 1760 3010 1838 120
3081 1765 3275 1836 quibus
3311 1780 3405 1835 per
3429 1764 3662 1836 singulas
3691 1766 3827 1821 heba

2248 1858 2503 1913 domadas
2529 1848 2761 1913 vicissim
2785 1860 3107 1913 ministrant.
3134 1846 3322 1911 Nullus
3352 1857 3404 1911 in
3433 1857 3553 1912 cibo
3573 1846 3826 1926 strepitus

2250 1960 2333 2006 est
2354 1966 2370 2017 ;
2393 1966 2551 2006 nemo
2571 1952 2861 2006 comedens
2884 1953 3138 2021 loquitur.
3161 1938 3370 2005 Vivitur
3395 1966 3554 2020 pane,
3572 1951 3827 2022 legumini

2248 2043 2350 2101 bus
2376 2053 2430 2099 et
2453 2045 2709 2111 oleribus,
2732 2061 2851 2115 qua:
2879 2046 2992 2100 sale
3019 2046 3093 2117 (c)
3121 2046 3237 2100 solo
3264 2045 3610 2101 condiuntur.
3627 2045 3827 2101 Vinum

2251 2142 2456 2190 tantum
2484 2150 2644 2192 senes
2678 2138 2968 2207 accipiunt,
2998 2139 3192 2207 quibus
3241 2155 3362 2192 cum
3404 2138 3641 2209 parvulis
3681 2152 3828 2208 saepe

2249 2223 2310 2279 fit
2336 2227 2636 2296 prandium,
2670 2236 2732 2282 ut
2759 2229 2985 2282 aliorum
3012 2227 3151 2284 fessa
3173 2239 3505 2286 sustentetur
3521 2240 3673 2295 aetas,
3693 2230 3829 2284 alio-

2249 2331 2369 2371 rum
2399 2331 2504 2372 non
2534 2317 2809 2388 frangatur
2833 2319 3112 2388 incipiens.
3151 2321 3354 2375 Dehinc
3378 2330 3705 2389 consurgunt
3730 2335 3829 2391 pa-

2250 2409 2400 2474 riter,
2427 2419 2481 2464 et
2506 2409 2705 2481 hymno
2724 2411 2887 2478 dicto,
2909 2411 2973 2465 ad
2997 2414 3254 2482 prmscpia
3275 2412 3500 2467 redeunt
3530 2430 3543 2464 :
3574 2412 3643 2467 ibi
3662 2426 3830 2480 usque

2250 2498 2318 2553 ad
2349 2515 2624 2569 vesperam
2652 2516 2774 2556 cum
2805 2502 2916 2557 suis
2946 2504 3313 2574 unusquisque
3355 2502 3610 2573 loquitur,
3650 2512 3706 2557 et
3742 2502 3829 2557 di-

2252 2588 2326 2644 cit
2357 2607 2370 2643 :
2405 2589 2622 2646 Vidistis
2649 2591 2801 2646 illum
2816 2602 2872 2647 et
2903 2594 3096 2647 illum?
3130 2604 3326 2664 quanta
3357 2594 3411 2647 in
3440 2595 3557 2663 ipso
3591 2592 3663 2647 sit
3702 2608 3829 2662 gra-

2252 2680 2365 2735 tia?
2393 2692 2649 2752 quantum
2676 2671 2992 2738 silentium?
3021 2700 3177 2753 quam
3208 2684 3517 2739 moderatus
3544 2683 3831 2740 incessus?

2251 2764 2307 2827 Si
2336 2773 2606 2829 infirmum
2641 2774 2895 2841 viderint,
2923 2776 3271 2832 consolantur
3303 2793 3317 2830 :
3353 2776 3400 2831 si
3431 2777 3485 2831 in
3522 2776 3615 2832 Dei
3646 2790 3831 2832 amore

2252 2860 2566 2930 ferventem,
2599 2866 2950 2935 cohortantur
2989 2866 3057 2921 ad
3102 2866 3359 2921 studium.
3402 2867 3468 2921 Et
3507 2867 3632 2938 quia
3673 2877 3832 2923 nocte

2252 2964 2402 3010 extra
2433 2956 2703 3011 orationes
2741 2946 2981 3026 publicas
3012 2959 3063 3012 in
3108 2973 3208 3013 suo
3244 2957 3407 3013 cubili
3431 2955 3671 3029 [Aliquot
3697 2957 3826 3013 Mss.

2252 3039 2520 3118 cubiculo]
2565 3049 2929 3118 unusquisthe
2972 3038 3194 3118 vigilat,
3238 3050 3570 3105 circumeunt
3608 3050 3833 3106 cellulas

2254 3131 2611 3208 singulorum;
2642 3147 2697 3195 et
2729 3155 2860 3194 aure
2895 3140 3162 3210 apposita,
3194 3139 3318 3211 quid
3360 3141 3573 3206 faciant,
3603 3141 3833 3211 diligen-

2257 3242 2336 3289 ter
2365 3234 2667 3303 explorant.
2698 3235 2868 3303 Quem
2899 3236 3189 3290 tardiorcm
3220 3235 3691 3305 deprehenderint,
3723 3250 3831 3288 non

2255 3326 2533 3398 increpant
2560 3345 2576 3385 :
2609 3327 2702 3382 scd
2729 3328 3064 3383 dissimulato
3087 3329 3228 3398 quod
3251 3336 3468 3392 norunt,
3493 3343 3612 3382 cum
3634 3326 3833 3396 saepius

2254 3418 2469 3473 visitant
2497 3436 2511 3473 :
2539 3430 2593 3473 et
2620 3420 2768 3489 prius
2796 3420 3131 3487 incipientes,
3162 3431 3455 3489 provocant
3482 3420 3649 3488 magis
3671 3434 3829 3473 orare

2254 3525 2411 3578 quam
2455 3520 2669 3581 cogunt.
2711 3510 2859 3581 Opus
2886 3511 2994 3567 diei
3036 3520 3236 3565 statum
3279 3510 3575 3581 est:un
3621 3512 3831 3565 Dceattn

2254 3601 2545 3668 redditum,
2598 3601 2769 3657 fertur
2816 3602 2884 3657 ad
2928 3601 3314 3669 Oeconomum,
3352 3604 3443 3672 qui
3486 3613 3542 3656 et
3581 3603 3694 3673 ipse
3738 3613 3833 3670 μυι-

2253 3692 2492 3761 singulos
2533 3707 2748 3748 menses
2789 3693 2932 3747 Patri
2960 3693 3199 3747 omnium
3229 3708 3349 3747 cum
3385 3708 3575 3762 tnagno
3602 3703 3834 3746 tremore

2253 3781 2430 3837 reddit
2485 3784 2769 3838 rationem.
2805 3784 2849 3838 Λ
2900 3797 3008 3853 quo
3052 3784 3213 3838 etiam
3249 3783 3352 3837 cibi
3398 3797 3518 3836 cum
3555 3779 3680 3836 facti
3720 3782 3831 3835 fue-

2254 3874 2382 3938 rint,
2408 3883 2799 3944 przegnstantur
2824 3893 2837 3929 :
2860 3885 2913 3930 et
2934 3877 3056 3944 quia
3077 3889 3182 3929 non
3205 3874 3329 3928 licet
3349 3873 3528 3928 dicere
3543 3873 3785 3943 cuiquam
3812 3887 3828 3924 :

2255 3965 2513 4020 Tunicam
2538 3977 2593 4021 et
2619 3981 2804 4038 sagum
2834 3975 3084 4037 textaque
3107 3966 3287 4036 juncis
3309 3974 3475 4021 strata
3505 3980 3609 4019 non
3635 3964 3830 4030 habeo,

2255 4057 2347 4113 ille
2373 4056 2446 4113 ita
2473 4054 2719 4113 universa
2754 4058 3082 4124 moderatur,
3116 4058 3198 4128 (ιι)
3221 4067 3279 4112 ttt
3306 4073 3463 4113 nemo
3491 4056 3616 4125 quid
3651 4065 3833 4128 postu-

2253 4151 2347 4217 let,
2376 4166 2536 4207 nemo
2559 4150 2840 4208 dehabeat.
2880 4152 2938 4207 Si
2967 4152 3087 4222 quis
3125 4166 3255 4208 vero
3279 4153 3506 4222 coeperit
3541 4164 3829 4223 aegrotare,

2255 4238 2573 4321 transfertur
2616 4242 2685 4299 ad
2722 4244 2977 4304 exedram
3031 4243 3302 4306 latiorem,
3347 4254 3405 4298 et
3452 4254 3600 4299 tanto
3643 4260 3833 4299 scrtum

2255 4334 2557 4389 ministerio
2589 4334 2929 4400 confovetur,
2960 4344 3021 4389 ut
3058 4350 3160 4390 nec
3203 4334 3427 4390 delicias
3469 4335 3704 4398 urbium,
3734 4349 3834 4391 nec

2255 4425 2442 4479 matris
2467 4432 2674 4494 quaerat
2717 4423 2990 4483 an‘cctum.
3036 4425 3331 4480 Dominicis
3369 4426 3560 4481 dichus
3605 4427 3834 4481 oratiOni

2257 4520 2462 4568 tantum
2498 4521 2555 4568 et
2580 4513 2900 4570 lectionibus
2936 4524 3127 4571 vacant
3153 4532 3167 4569 :
3197 4515 3338 4586 quod
3367 4516 3581 4586 quidem
3612 4527 3666 4571 et
3690 4517 3834 4570 omni

2257 4618 2498 4678 tempore
2523 4609 2799 4677 completis
2827 4608 3095 4677 opusculis
3122 4608 3337 4665 faciunt.
3368 4608 3613 4677 Quotidie
3636 4608 3834 4677 aliquid

2256 4697 2325 4753 de
2353 4697 2644 4767 Scripturis
2692 4696 2933 4752 discitur.
2965 4698 3236 4768 .lejuuium
3274 4699 3593 4753 totius'anni
3630 4699 3837 4766 tequale

2257 4798 2361 4855 est,
2389 4796 2608 4858 excepta
2653 4789 3091 4860 Quadragesima,
3143 4790 3196 4845 in
3234 4806 3338 4861 qua
3372 4792 3484 4845 sola
3524 4790 3836 4846 conceditur

2256 4881 2552 4936 districtius
2581 4881 2762 4953 vivere
2805 4880 2896 4952 (ε).
2931 4882 2978 4937 Α
3018 4882 3333 4939 Pentecoste
3358 4897 3523 4938 eorum
3559 4890 3835 4936 mutantur

2258 4973 2311 5028 in
2340 4972 2559 5045 prandia
2592 4990 2607 5028 :
2635 4987 2742 5044 quo
2767 4982 2824 5029 et
2848 4974 3119 5031 traditioni
3165 4975 3549 5032 Eeclesiasticaa
3586 4974 3831 5042 satisﬁat,

2325 5169 2394 5244 (ς)
2420 5169 2655 5244 Plerique
2677 5168 2792 5244 Mss:
2813 5171 2914 5222 sale
2933 5179 2979 5223 et
2989 5173 3105 5244 ⁸ριεο
3126 5176 3561 5244 condiuntugliox
3582 5191 3644 5228 ex
3662 5179 3832 5229 iisdem

2262 5231 2488 5304 et_llom.
2513 5231 2749 5304 _Editione
2774 5233 2873 5304 leg.
2915 5234 3086 5297 quibus
3120 5251 3230 5287 cum
3251 5240 3482 5303 parvulis,
3510 5250 3605 5290 etc.
3631 5256 3717 5304 pro
3741 5256 3837 5304 quo

2261 5300 2404 5342 antea
2424 5300 2530 5341 erat
2549 5300 2594 5343 et
2619 5291 2846 5352 parvulis?

2326 5352 2405 5413 (ά)
2440 5352 2650 5425 Peccant
2667 5362 2980 5425 omnesante
3011 5356 3336 5425 Martianaaum
3371 5360 3511 5423 edlti,
3546 5365 3627 5423 qui
3670 5362 3838 5425 legunt

2261 5425 2399 5486 nemo
2420 5415 2537 5486 quid
2573 5415 2808 5486 postulet,
2842 5417 3012 5486 habent
3029 5451 3043 5477 ,
3080 5420 3157 5486 vel
3201 5434 3461 5486 nemqnqn
3497 5415 3669 5473 habent
3690 5415 3838 5486 [quas

2263 5473 2583 5544 frequentior
2605 5476 2752 5524 etiam
2784 5473 2837 5544 in_
2878 5480 2989 5544 Mss.
3024 5473 3103 5544 est
3129 5482 3288 5531 lectio.
3316 5483 3533 5532 Verbum
3567 5473 3799 5535 (Ie/mirere
3822 5521 3836 5544 ,

2248 5536 2358 5582 etsi
2382 5536 2638 5606 barbarum
2663 5549 2749 5597 pro
2771 5538 2929 5590 minus
2950 5540 3127 5591 habere
3148 5578 3161 5602 ,
3187 5544 3303 5591 olim
3342 5553 3625 5606 usurpatum
3663 5536 3841 5596 duceni
3932 5578 3945 5584 κ

2265 5594 2493 5658 exempla
2516 5609 2612 5644 non
2634 5594 2801 5658 pauca.

2319 5654 2671 5731 Etherium...
2694 5658 2946 5731 interpres
2980 5672 3005 5709 4
3030 5660 3213 5731 [fasc/ta
3235 5663 3301 5713 ad
3326 5669 3629 5717 Pentecosten
3653 5705 3667 5730 ,
3695 5680 3840 5731 quam

2268 5712 2451 5777 aliquot
2475 5712 2910 5781 manuscriptoritm
2931 5737 3024 5781 ope
3051 5722 3311 5775 lectionem
3328 5712 3529 5777 tuetur.
