4078 6198
612 236 723 295 tes
738 208 743 213 ’

614 354 725 411 Sed
754 352 876 425 quia
908 350 1080 407 sciunt
1105 340 1359 415 virginale
1385 337 1697 394 vocabulum
1729 337 2017 407 gloriosum
2039 381 2052 403 ,
2093 338 2196 419 sub

616 412 797 502 ovium
826 412 1050 514 pellibus
1080 412 1231 506 lupos
1260 441 1460 503 tegunt.
1496 430 1765 485 Christum
1799 430 2053 495 mentitur
2080 414 2195 485 An-

617 539 924 596 tichristus;
955 539 1008 586 et
1029 514 1407 596 turpitudinem
1430 524 1553 578 vita:
1574 522 1706 577 falso
1733 523 1965 577 nominis
1988 524 2205 609 honore

615 625 968 684 convestiunt.
1022 617 1206 675 Gaude
1250 631 1437 680 soror,
1490 614 1662 687 gaude
1709 616 1855 680 filia,
1903 615 2075 691 gaude
2122 615 2195 701 φῖ

613 719 764 787 virgo
793 731 806 768 :
834 712 956 784 quia
994 708 1138 782 quod
1185 709 1303 765 alia:
1347 708 1631 774 simulant,
1661 717 1717 764 tu
1761 723 1886 764 vere
1920 722 2040 765 esse
2079 723 2195 793 cte-

610 807 758 881 pisti.

683 899 773 956 39.
808 898 937 954 Haec
961 897 1138 953 omnia
1172 911 1292 965 quae
1333 894 1686 967 digessimus,
1717 893 1847 949 dura
1874 893 2197 971 videbuntur

608 990 681 1059 ei,
713 1005 832 1063 quae
857 1005 961 1045 non
989 997 1133 1043 amat
1171 985 1465 1043 Christum.
1494 985 1594 1054 Qui
1636 995 1815 1042 autem
1855 1000 2067 1041 omnem
2096 1001 2198 1039 sm-

608 1086 720 1144 culi
770 1099 1020 1157 pompam
1070 1097 1167 1151 pro
1219 1087 1566 1150 purgamento
1618 1078 1902 1143 habuerit;
1958 1086 2013 1133 et
2059 1092 2201 1161 vana

609 1177 821 1233 duxerit
861 1175 1104 1229 universa
1143 1171 1243 1226 sub
1286 1171 1428 1236 sole,
1462 1177 1519 1225 ut
1561 1168 1833 1225 Christum
1862 1168 2191 1249 lucrifaciat;

606 1270 695 1339 qui
724 1275 1087 1324 commortuus
1112 1273 1194 1319 est
1223 1262 1451 1337 Domino
1478 1275 1576 1318 suo
1596 1302 1611 1327 ν
1652 1268 1706 1315 et
1742 1260 2111 1325 consurrexit,
2140 1266 2197 1316 et

607 1359 868 1414 cruciﬁxit
888 1371 1104 1412 carnem
1132 1370 1252 1410 cum
1276 1353 1416 1407 vitiis
1445 1360 1501 1408 et
1526 1351 1994 1422 concupiscentiis,
2026 1350 2193 1406 libere

608 1450 996 1523 proclamabit:
1033 1468 1052 1501 ι
1084 1448 1214 1517 Quis
1241 1461 1341 1501 nos
1382 1443 1650 1513 separabit
1678 1458 1706 1497 a
1736 1442 1957 1498 caritate
1984 1441 2076 1497 Dei
2100 1441 2191 1514 [ιιι.

605 1544 854 1616 Christi]?
892 1559 957 1597 an
984 1538 1296 1615 tribulatio?
1323 1552 1389 1593 an
1430 1535 1713 1608 angustia?
1746 1550 1813 1590 an
1851 1534 2196 1605 persecutio?

605 1654 671 1692 an
703 1635 910 1690 fames?
936 1648 1004 1688 an
1039 1629 1289 1686 nuditas?
1316 1644 1383 1683 an
1412 1627 1748 1699 periculum?
1773 1643 1841 1681 an
1881 1624 2131 1697 gladius?
2168 1643 2188 1677 ι

605 1716 679 1781 Et
702 1726 895 1780 iterum
929 1740 943 1776 :
980 1741 999 1775 ‹
1034 1721 1225 1776 Certus
1252 1733 1369 1775 sum
1391 1704 1570 1790 ,‘quia
1614 1732 1787 1788 neque
1812 1732 1991 1782 mors,
2022 1731 2197 1787 neque

604 1818 733 1883 vita,
766 1830 940 1886 neque
965 1811 1235 1884 Angelus,
1268 1826 1439 1881 neque
1481 1802 1815 1879 Principatus
1836 1850 1850 1872 ,
1894 1822 2069 1878 neque
2097 1806 2198 1862 Po.

604 1916 846 1969 testates,
880 1921 1053 1976 neque.
1080 1903 1357 1967 instantia,
1386 1914 1562 1971 neque
1601 1898 1775 1954 futura
1796 1939 1812 1966 ,
1843 1912 2017 1970 neque
2043 1898 2196 1953 forti-

603 2000 753 2065 tudo,
784 2014 955 2070 neque
976 1981 1265 2062 excelsum,
1299 2009 1470 2065 neque
1490 1993 1829 2064 profundum,
1870 2007 2044 2065 neque
2081 1993 2181 2048 alia

600 2102 843 2147 creatura
868 2089 1062 2160 poterit
1091 2104 1188 2143 nos
1224 2101 1474 2157 separare
1500 2101 1532 2141 a
1557 2086 1779 2141 caritate
1820 2084 1933 2151 Dei,
1967 2101 2086 2157 quae
2109 2095 2196 2173 est.

599 2185 654 2240 in
673 2184 886 2239 Christo
905 2182 1032 2239 Iesu
1046 2172 1276 2237 Domino
1295 2191 1480 2271 n'tSll’O
1510 2199 1529 2232 ι
1559 2177 1735 2271 (Rom.
1753 2178 1807 2235 8.
1941 2188 1987 2232 et
2006 2179 2192 2271 seqq).

600 2274 698 2329 Dei
725 2273 891 2328 Filius
933 2287 1034 2343 pro
1064 2280 1245 2327 nostra
1295 2270 1465 2326 salute
1487 2312 1501 2336 ,
1536 2268 1766 2325 hominis
1813 2268 1982 2323 factus
2007 2277 2091 2325 est
2131 2267 2199 2323 ﬂ'c

601 2363 706 2418 lius
749 2364 845 2433 (a).
879 2362 1081 2419 Nevem
1111 2361 1382 2441 mensibus
1424 2361 1490 2415 iu‘
1520 2370 1674 2415 utero
1714 2368 1770 2414 ut
1814 2367 2063 2416 nascatur
2102 2374 2196 2445 exr-

602 2464 831 2526 spectat,
863 2454 1070 2510 fastidia
1097 2452 1361 2520 sustinet,
1399 2462 1652 2507 cruentus
1683 2450 1977 2522 egreditur,
2002 2448 2193 2521 pannis

604 2545 916 2613 involvitur,
946 2544 1211 2599 blanditiis
1238 2543 1493 2598 delinitur
1520 2541 1612 2614 [al.
1656 2541 1933 2615 deridetur]
1966 2561 1979 2597 :
2012 2552 2065 2623 et
2103 2542 2194 2599 ille

602 2636 803 2707 pugillo
829 2633 1085 2689 mundum
1132 2634 1439 2699 includens,
1468 2634 1723 2705 prtcsepis
1751 2631 2055 2690 cdntinetur
2092 2650 2195 2690 an-

602 2730 810 2801 gustiis.
839 2729 1015 2785 Taceo
1035 2727 1178 2798 quod
1206 2742 1372 2798 usque
1397 2727 1462 2782 ad
1488 2727 1703 2799 triginta
1725 2742 1896 2782 annos
1923 2727 2189 2797 ignobilis,

601 2829 881 2891 parentum
932 2827 1245 2888 paupertate
1284 2826 1567 2873 contentus
1606 2825 1690 2874 est
1721 2835 1735 2873 :
1765 2817 2107 2882 verberatur,
2139 2824 2195 2873 et

604 2920 743 2966 tacet
767 2929 780 2966 :
810 2904 1157 2980 crucifigitur,
1182 2917 1238 2964 et
1278 2924 1376 2979 pro
1395 2908 1826 2980 cruciﬁgentibus
1850 2907 2189 2979 deprecatur.

608 3020 627 3053 ι
641 3002 773 3069 Quid
792 3002 949 3073 igitur
965 3000 1254 3056 retribuam
1279 2996 1504 3055 Domino
1519 3015 1618 3070 pro
1633 3001 1880 3056 omnibus
1895 3016 2016 3072 quae
2031 3002 2192 3057 retri-

601 3094 718 3151 buit
739 3093 905 3148 mihi?
933 3093 1166 3148 Calicem
1192 3093 1443 3147 salutaris
1467 3092 1744 3162 accipiam,
1774 3101 1833 3149 et
1858 3108 2054 3149 nomen
2088 3093 2192 3149 Do-

603 3186 736 3241 mini
763 3184 1073 3246 invocabo.,
1112 3182 1270 3256 124
1331 3183 1569 3239 Pretiosa
1595 3193 1678 3239 est
1697 3185 1748 3238 in
1773 3171 2063 3255 conspectu
2081 3185 2191 3240 Do-

604 3281 759 3345 mini,
780 3293 925 3335 mors
946 3278 1265 3333 Sanctorum
1285 3276 1403 3346 ejus
1430 3297 1449 3329 1
1480 3275 1649 3347 (Ρεαι.
1673 3277 1797 3333 115.
1816 3278 1870 3332 4.
1888 3278 1941 3334 5.
1960 3276 2037 3348 6).
2064 3276 2193 3333 Hice

606 3379 690 3426 est
714 3370 824 3423 sola
852 3382 1005 3424 DlGNA
1026 3380 1362 3431 RETRIBU'I'IO,
1381 3380 1501 3419 cum
1520 3367 1735 3436 sanguis
1765 3367 2022 3436 sanguine
2041 3382 2191 3424 com-

604 3467 891 3531 pensatur;
918 3467 974 3511 et
996 3451 1260 3524 redempti
1282 3470 1475 3511 cruore
1496 3455 1715 3523 Christi,
1737 3471 1834 3527 pro
1848 3457 2195 3529 redemptore

604 3551 834 3605 libenter
862 3545 1244 3602 occumbimus.
1269 3544 1398 3613 Quis
1425 3555 1729 3601 sanctorum
1751 3548 1867 3603 sine
1895 3551 2190 3608 certamine

605 3648 890 3696 coronatus
918 3638 1038 3692 est?
1069 3636 1202 3692 Abel
1236 3635 1412 3706 justus
1437 3637 1734 3703 occiditur;
1762 3638 2030 3695 Abraham
2060 3657 2189 3698 uxo-

603 3748 718 3788 rem
741 3729 1070 3802 periclitatur
1095 3727 1362 3785 amittere.
1405 3727 1472 3789 Et
1508 3744 1578 3785 ne
1606 3728 1661 3785 in
1689 3730 2006 3787 immensum
2038 3732 2189 3788 volu-

604 3841 725 3881 men
751 3821 1070 3888 extendam,
1101 3836 1283 3893 quaere
1320 3829 1375 3877 et
1414 3822 1655 3879 invenies
1693 3821 1937 3894 singulos
1964 3824 2187 3881 adversa

603 3930 905 3986 perpessos.
934 3912 1092 3971 Solus
1120 3912 1174 3968 in
1203 3912 1419 3997 deliciis.
1449 3913 1705 3971 Salomon
1737 3914 1851 3982 fuit,
1883 3923 1938 3970 et
1967 3915 2189 3973 forsitan

604 4008 726 4063 ideo
750 4005 969 4061 corruit.
1000 4022 1020 4057 ι
1051 4004 1225 4071 Quem
1244 4005 1391 4067 enim
1431 4006 1606 4077 diligit
1643 4006 1937 4074 Dominus,
1966 4009 2188 4081 corripit

602 4097 696 4170 [aL
742 4095 1014 4169 ﬂagellat].
1066 4095 1302 4168 Castigat
1346 4109 1531 4163 autem
1567 4114 1780 4161 omnem
1831 4101 1996 4158 ﬁlium
2026 4112 2185 4174 quem

603 4189 794 4259 recipit
825 4207 845 4242 ι
875 4188 1079 4260 (Prom.
1102 4190 1157 4246 3.
1187 4188 1299 4262 i2).
1331 4190 1519 4248 Nonne
1546 4191 1737 4249 melius
1760 4202 1843 4250 est
1871 4194 2021 4250 brevi
2050 4202 2186 4252 tem-

604 4295 735 4350 pore
754 4280 1009 4335 dimicare
1033 4280 1132 4351 (li),
1164 4280 1304 4337 terre
1330 4282 1551 4348 vallum,
1576 4298 1724 4339 arma
1753 4298 1989 4352 sumere,
2018 4285 2187 4343 lasse-

600 4387 752 4427 scere
780 4371 880 4428 sub
908 4372 1068 4428 lorica
1090 4412 1107 4440 ,
1134 4382 1191 4428 et
1214 4383 1401 4443 postea
1439 4375 1672 4444 gaudere
1700 4379 1964 4434 victorem
1983 4420 1998 4446 ,
2023 4394 2185 4451 quam

601 4465 928 4535 impatientia
953 4466 1111 4520 unius
1135 4466 1281 4523 horae
1308 4468 1517 4525 servire
1545 4472 1837 4539 perpetuo?

673 4557 760 4612 40.
794 4555 935 4611 Nihil
956 4557 1254 4613 amantibus
1283 4574 1460 4613 DURUI
1489 4570 1606 4625 EST,
1637 4561 1811 4617 nullus
1840 4561 2072 4619 difﬁcilis
2099 4579 2186 4621 cu-

601 4648 767 4716 pienti
804 4647 956 4703 labor
992 4659 1095 4703 est.
1138 4640 1364 4718 Respice
1402 4658 1596 4720 quanta
1640 4650 1805 4707 Jacob
1843 4668 1942 4724 pro
1982 4654 2183 4712 Rachel

601 4750 948 4807 pacta.uxore
978 4738 1246 4795 sustinuit.
1279 4759 1298 4792 ι
1329 4740 1397 4795 Ει
1423 4743 1661 4808 servivit,
1684 4744 1855 4815 inquit
1880 4743 2174 4817 Scriptura,

608 4831 764 4888 lactlb
788 4847 887 4901 pro
907 4831 1280 4888 Rachelannis
1303 4842 1525 4904 septem.
1551 4835 1616 4891 Et
1635 4846 1787 4892 erant
1808 4838 1862 4893 in
1887 4849 2180 4910 conspectu

596 4925 714 4994 ejus
743 4925 894 4995 quasi
920 4925 1036 4981 dies
1058 4927 1231 4997 pauci,
1256 4926 1378 4998 quia
1395 4930 1609 4987 amabat
1638 4930 1778 4988 illaut
1803 4950 1824 4984 ι
1850 4930 2059 5005 (Cenes.
2081 4926 2189 4991 29..

658 5095 1117 5179 telPeesdieiaus
1140 5102 1295 5179 editor
1316 5114 1521 5179 ,ρςεεηι
1553 5108 1749 5172 Valenti
1771 5110 1850 5163 alii
1873 5127 2062 5179 omnes.
2096 5133 2211 5179 no-.

593 5160 786 5243 ἯῨΨΞ
814 5160 1163 5243 Mff‘;°°di°es~
1180 5167 1524 5243 υιέίὲίάίηηιξ.
1544 5160 1709 5243 nave?"
1722 5160 2180 5243 ἰέρξιιίίῖιὶἐιιῖῖῆίῖὖι

597 5230 693 5303 gum
732 5226 1207 5303 ignJoramusidecent
1242 5232 1495 5303 recenseri
1512 5226 1615 5303 non
1639 5226 2044 5303 absliieroriyjnio
2067 5226 2189 5295 ῖῖιῖξ

595 5282 1050 5371 ξὲιῗιῖηξξρέιὲἓὶρξ
1074 5290 1223 5371 etiam
1252 5292 1475 5371 .antiqtt‘is
1496 5282 1813 5371 scriptoribus

596 5339 2182 5431 2".t.2:ts-esae.uesgeslsiseu}:assesasses.

594 5404 930 5484 9}?“"12"?
950 5409 1006 5484 ‘ltt
1026 5404 1479 5484 Ibancvscntnet'ttiatn
1503 5404 1693 5484 indicat-

594 5460 1301 5553 f9..3¥l"i?l3.‘..§"i§kﬂ‘§'ﬂ.3"
1336 5460 1681 5553 energies;
1718 5460 2012 5537 ῐδξῑίῖιῆιδ·

595 5532 766 5569 eorum
804 5523 1295 5590 afferre'possemus,
1320 5534 1404 5595 qui
1429 5547 1525 5583 non
1548 5523 1648 5587 nisi
1664 5523 2175 5607 hoiéﬁi'éﬁh'x‘ﬁeﬂ'ﬁﬂ

655 5602 727 5694 ιε)
762 5601 1352 5694 ἵέξὲξῖἷξὶὲηξέιίιηίεατει
1376 5613 1543 5677 ferire.
1566 5618 1743 5679 vallum
1774 5631 1926 5685 armis

593 5661 731 5725 dare,
763 5661 1010 5728 lacessere,
1038 5677 1134 5720 etc.
1569 5661 1743 5679 """"
1774 5661 1926 5685 “’””⁶⁶
1965 5661 2177 5727 ww":

1902 187 2145 278 διιὼἰί
2186 212 2566 277 tttenomstt

2308 336 2422 401 20).
2455 337 2607 394 Unde
2634 347 2689 394 et
2720 338 2835 410 ipse
2863 347 3045 411 postea
3075 337 3151 415 (c)
3194 351 3463 401 memorat
3492 363 3507 400 :
3561 345 3626 403 In
3653 349 3737 404 die
3776 369 3885 408 ure-

2305 427 2398 481 bar
2420 439 2565 495 testu,
2596 439 2645 484 et
2663 431 2783 501 gelu
2807 441 2953 486 nocte
2978 431 3132 504 (Gen.
3157 434 3249 489 5i.
3277 435 3394 505 10).
3427 439 3687 497 Amemus
3716 452 3769 498 et
3792 460 3883 509 nos

2303 516 2571 574 Christum
2595 561 2611 585 ,
2659 520 2881 592 ejusque
2908 537 3127 592 semper
3171 540 3475 594 quazramus
3500 531 3776 601 amplexus
3794 576 3811 603 ,
3836 545 3886 592 et

2309 611 2461 668 facile
2488 613 2755 668 videbitur
2773 630 2933 671 omne
2957 615 3209 683 difﬁcile;
3238 618 3418 674 brevia
3446 623 3749 690 putabimus
3773 628 3885 685 uni-

2305 719 2458 760 versa
2485 721 2604 776 quas
2626 708 2780 777 longa
2809 718 2972 774 sunt;
3012 717 3063 763 et
3090 708 3266 779 jaculo
3290 700 3440 766 illius
3461 700 3757 785 vulnerati,
3799 735 3886 791 per

2303 794 2556 851 horarum
2604 809 2875 854 momenta
2912 794 3153 857 dicemus
3181 818 3196 854 :
3228 818 3249 853 ι
3282 801 3395 858 lieu
3431 820 3551 873 me,
3582 809 3705 877 quia
3736 826 3886 879 pere-

2301 887 2531 957 grinatio
2558 904 2678 945 mea
2704 892 3017 963 prolongata
3042 901 3127 948 est
3163 908 3193 947 a
3222 910 3329 951 me.
3361 895 3478 971 (Ps.
3508 892 3629 965 119.
3664 886 3745 974 2).
3771 902 3886 958 Non

2301 991 2425 1034 sunt
2452 980 2594 1035 enim
2628 982 2909 1055 condigna:
2937 986 3213 1054 passiones
3236 974 3409 1058 [hujus
3434 976 3691 1062 temporis
3719 995 3785 1049 ad
3814 995 3863 1049 fu

2301 1082 2474 1127 turam
2500 1072 2745 1144 gloriam,
2763 1091 2885 1145 quae
2907 1078 3234 1134 revelabitur
3253 1079 3305 1135 in
3328 1081 3485 1138 nobis
3505 1083 3683 1155 (Rom.
3701 1086 3755 1142 8.
3780 1088 3883 1156 18).

2301 1164 2435 1232 Quia
2474 1164 2744 1221 tribulatio
2774 1168 3081 1236 patientiam
3109 1180 3365 1257 operatur
3389 1215 3403 1239 ,
3432 1175 3687 1257 patientia
3715 1186 3884 1233 autem

2302 1255 2694 1325 probationem,
2729 1258 2971 1327 probatio
2995 1270 3172 1317 autem
3219 1250 3395 1333 spem,
3427 1280 3552 1337 spes
3579 1250 3755 1324 autem
3785 1286 3884 1324 non

2300 1344 2577 1401 confundit
2616 1366 2636 1400 ι
2676 1347 2837 1419 (Ibid.
2880 1351 2930 1405 5.
2963 1351 3017 1407 3.
3046 1352 3127 1421 4).
3171 1352 3397 1420 Quando
3429 1346 3522 1411 tibi
3561 1374 3721 1428 grave
3747 1360 3885 1414 vide-

2303 1445 2388 1490 tur
2412 1452 2532 1491 esse
2557 1438 2701 1507 quod
2730 1440 2985 1505 sustines,
3018 1442 3163 1498 Pauli
3186 1445 3477 1502 secundam
3504 1447 3795 1527 Epistolam
3821 1451 3884 1506 ad

2300 1526 2607 1583 Corinthios
2633 1530 2791 1601 lege:
2825 1549 2845 1583 ι
2881 1531 2937 1586 In
2962 1533 3233 1591 laboribus
3274 1537 3597 1607 plurimum;
3629 1541 3681 1596 in
3708 1557 3885 1599 carce-

2300 1619 2449 1673 ribus
2473 1619 2867 1689 abundantius;
2898 1624 2949 1678 in
2974 1624 3143 1699 plagis
3168 1640 3329 1697 supra
3364 1628 3615 1696 modum;
3661 1632 3714 1685 in
3741 1648 3882 1687 mor-

2302 1708 2442 1764 tibus
2486 1707 2817 1781 frequenter.
2865 1717 2905 1768 Δ
2948 1713 3152 1772 Iuda-is
3193 1718 3481 1790 quinquies
3524 1723 3886 1794 quadragenas

2301 1815 2406 1854 una
2452 1802 2627 1859 minus
2664 1806 2855 1876 accepi
2886 1823 2900 1859 :
2928 1817 3012 1862 ter
3037 1808 3201 1881 virgis
3228 1794 3402 1866 caisus
3426 1827 3544 1867 sum
3574 1830 3589 1867 :
3617 1816 3780 1870 setnel
3812 1816 3885 1871 la-

2301 1895 2513 1965 pidatus
2552 1911 2670 1953 sum
2699 1915 2713 1953 :
2758 1900 2841 1955 ter
2882 1901 3216 1972 naufragium
3247 1901 3351 1961 feci
3382 1921 3397 1961 :
3436 1917 3592 1962 nocte
3618 1917 3673 1964 et
3704 1907 3789 1964 die
3831 1909 3880 1964 in

2302 1987 2566 2056 profundo
2608 1991 2773 2046 maris
2817 1992 2909 2047 fui.
2963 1991 3021 2047 In
3062 1994 3341 2052 itineribus
3371 1984 3601 2067 saepius,
3639 1998 3886 2069 periculis

2300 2076 2580 2135 ﬂuminum
2604 2120 2620 2145 ,
2662 2082 2914 2152 periculis
2953 2085 3219 2142 latronum
3240 2127 3255 2151 ,
3284 2088 3535 2159 periculis
3571 2105 3636 2146 ex
3662 2107 3881 2163 genere,

2303 2169 2554 2239 periculis
2579 2185 2644 2226 ex
2674 2174 2925 2244 gentibus
2944 2217 2961 2244 ,
2993 2177 3250 2248 periculis
3278 2181 3330 2235 in
3360 2180 3575 2238 civitate
3594 2223 3609 2247 ,
3640 2184 3885 2253 periculis

2299 2263 2353 2316 in
2380 2261 2620 2332 deserto,
2652 2266 2906 2336 periculis
2944 2269 2997 2324 in
3037 2271 3208 2338 mari,
3239 2273 3494 2343 periculis
3519 2274 3573 2330 in
3604 2276 3753 2333 falsis
3779 2278 3884 2333 fra-

2298 2353 2471 2410 tribus
2498 2371 2514 2410 :
2542 2354 2599 2412 in
2626 2352 2919 2427 laboribus,
2948 2362 3001 2417 in
3031 2362 3284 2433 miseriis,
3312 2366 3367 2422 in
3387 2367 3584 2439 vigiliis
3607 2371 3806 2435 multis,
3835 2372 3884 2428 in

2298 2441 2439 2500 fame
2457 2452 2515 2501 et
2538 2445 2662 2514 siti,
2698 2449 2749 2502 in
2782 2449 2999 2520 jejuniis
3027 2452 3271 2523 plurimis
3294 2496 3309 2522 ,
3341 2457 3399 2513 in
3429 2457 3626 2531 frigore
3651 2471 3703 2517 et
3730 2462 3885 2519 nudi-

2299 2542 2408 2589 tate
2432 2552 2454 2587 s
2476 2535 2557 2604 (2.
2578 2536 2698 2593 Cor.
2723 2539 2837 2612 11).
2867 2541 2999 2609 Quis
3017 2554 3261 2601 nostrum
3280 2547 3471 2605 saltem
3526 2551 3680 2633 125
3732 2554 3887 2609 mini-

2298 2640 2439 2681 mam
2459 2629 2759 2698 portionem
2773 2631 2841 2689 de
2853 2634 3097 2708 catalogo
3113 2636 3300 2695 harum
3316 2641 3416 2697 sibi
3428 2629 3605 2712 potest
3618 2643 3886 2704 vindicare

2296 2718 2595 2774 virtutum?
2632 2721 2714 2778 0b
2758 2739 2878 2794 quas
2919 2726 3008 2784 ille
3057 2739 3241 2799 postea
3278 2732 3611 2792 conﬁdenter
3654 2739 3828 2794 aiebat
3867 2757 3881 2794 :

2304 2826 2323 2859 ι
2354 2807 2583 2866 Cursum
2603 2818 2994 2884 consummavi,
3028 2818 3185 2876 ﬁdem
3214 2823 3445 2881 servavi.
3474 2825 3729 2897 Superest
3755 2829 3883 2885 mihi

2296 2915 2495 2957 corona
2526 2902 2748 2972 justitite
2772 2946 2787 2970 ,
2831 2924 2992 2978 quam
3022 2912 3280 2969 retribuet
3303 2914 3436 2971 mihi
3474 2917 3526 2973 in
3553 2917 3645 2974 illa
3671 2918 3757 2976 die
3784 2920 3886 2977 Do-

2294 2991 2472 3048 minus
2491 2993 2666 3063 justus
2689 2996 2855 3066 judex
2890 3018 2912 3052 ι
2947 3001 3029 3069 (2.
3061 3000 3191 3059 Tim.
3221 3005 3277 3060 4.
3318 3005 3373 3061 7.
3404 3006 3487 3078 8).
3530 3007 3589 3064 Si
3631 3010 3778 3066 cibus
3805 3012 3886 3066 in-

2294 3084 2492 3139 sulsior
2521 3084 2713 3153 fuerit,
2759 3091 3142 3150 contristamur
3182 3112 3198 3151 :
3246 3106 3301 3153 et
3341 3109 3591 3168 putamus
3639 3103 3747 3158 Deo
3784 3119 3886 3160 nos

2293 3175 2509 3245 aliquod
2551 3187 2811 3247 priestare
2854 3182 3175 3241 beneﬁcium
3228 3188 3313 3261 (ά)
3336 3231 3352 3258 ,
3382 3205 3504 3248 cum
3530 3196 3774 3264 aquatius
3799 3196 3885 3252 vi-

2294 3282 2421 3323 num
2460 3269 2713 3327 bibimus.
2758 3272 2908 3330 Calix
2954 3275 3250 3350 frangitur,
3291 3298 3478 3341 mensa
3524 3286 3881 3355 subvertitur;

2294 3357 2520 3413 verbera
2546 3372 2830 3429 resonant,
2861 3374 2918 3420 et
2940 3381 3075 3436 aqua
3106 3370 3336 3440 tepidior
3357 3375 3620 3447 sanguine
3648 3378 3889 3435 vindica;

2295 3456 2399 3503 tur.
2436 3468 2456 3501 ι
2485 3450 2726 3521 Regnum
2758 3455 3016 3513 etelorum
3043 3460 3148 3515 vim
3189 3464 3421 3533 patitur,
3461 3476 3516 3522 et
3539 3469 3756 3525 violenti
3795 3486 3887 3527 ra-

2293 3539 2448 3606 piunt
2473 3540 2607 3596 illud
2634 3562 2655 3594 ι
2685 3543 2898 3613 (Matth.
2929 3549 3017 3606 11.
3048 3551 3161 3623 12).
3190 3552 3304 3608 Nisi
3326 3556 3435 3611 vim
3464 3557 3685 3627 feceris,
3717 3563 3884 3618 caelo-

2292 3643 2413 3684 rum
2442 3645 2604 3702 regna
2634 3650 2739 3690 non
2768 3636 2851 3708 (1)
2870 3640 3069 3710 capies.
3102 3643 3216 3700 Nisi
3241 3646 3535 3715 pulsaveris
3556 3650 3882 3721 importune,

2292 3736 2483 3791 panem
2508 3739 2615 3780 non
2640 3729 2868 3799 accipies
2892 3730 3243 3792 Sacramenti.
3273 3738 3355 3794 An
3379 3754 3482 3797 non
3519 3757 3623 3797 'l'lBl
3650 3759 3884 3802 vtosrun

2292 3829 2609 3882 VIOLEN'I'IA,
2639 3834 2765 3876 cum
2811 3837 2941 3879 caro
2981 3828 3131 3897 cupit
3157 3844 3277 3887 esse
3304 3834 3445 3902 quod
3477 3834 3619 3893 Deus
3643 3847 3728 3893 est
3762 3855 3777 3893 :
3822 3826 3893 3895 et

2292 3903 2424 3961 illnc
2470 3907 2614 3964 unde
2659 3912 2855 3983 Angeli
2896 3928 3247 3988 corruerunt,
3297 3922 3531 3996 Angelos
3578 3926 3878 3998 judicatura

2289 3998 2604 4054 mttscendit
2618 4000 2642 4054 τ
3414 4014 3421 4023 ’

2359 4088 2447 4145 41.
2500 4090 2696 4148 mrces
2761 4093 3024 4168 Virginum
3073 4110 3120 4156 et
3179 4104 3458 4175 pudicitia.
3500 4138 3572 4150 -—
3608 4109 3879 4182 Egredere

2288 4195 2472 4252 quaeso
2518 4186 2787 4257 paulisper
2836 4189 2906 4245 de
2948 4207 3195 4261 carcere,
3236 4206 3292 4252 et
3338 4203 3622 4269 praesentis
3677 4204 3878 4260 laboris

2288 4281 2419 4329 ante
2467 4275 2656 4333 oculos
2712 4285 2833 4335 tuos
2906 4282 3001 4338 tibi
3068 4288 3227 4356 pinge
3303 4292 3609 4348 mercedem
3636 4332 3653 4361 ,
3717 4311 3878 4366 quam

2292 4377 2392 4423 nec
2423 4365 2614 4421 oculus
2667 4367 2819 4437 vidit,
2854 4386 2955 4427 nec
2999 4375 3144 4431 auris
3174 4378 3412 4447 audivit,
3445 4397 3546 4438 nec
3576 4384 3628 4439 in
3657 4365 3751 4440 cor
3780 4387 3880 4441 hn-

2290 4455 2451 4517 minis
2520 4459 2789 4516 ascendit.
2851 4462 3037 4530 Qualis
3099 4469 3206 4524 erit
3259 4471 3347 4525 illa
3389 4472 3546 4540 dies,
3596 4491 3717 4531 cum
3783 4479 3879 4533 tibi

2290 4546 2452 4611 Maria
2493 4549 2662 4609 Mater
2688 4552 2901 4611 Domini
2930 4557 3111 4615 choris
3137 4574 3384 4620 occurret
3425 4567 3675 4625 comitata
3703 4568 3879 4640 Virgi-

2292 4640 2441 4697 ueis?
2469 4656 2589 4701 cum
2641 4655 2759 4715 post
2792 4646 3033 4706 Rubrum
3083 4668 3251 4720 mare,
3305 4657 3588 4715 submerso
3628 4675 3748 4714 cunt
3780 4677 3855 4715 s.»

2289 4734 2533 4797 exercitu
2556 4736 2857 4819 Pharaone,
2886 4749 3205 4814 tympanum
3235 4756 3425 4804 tenens
3454 4750 3531 4819 (ο)
3569 4750 3734 4806 Maria
3787 4768 3865 4807 so

2288 4839 2379 4887 ror
2409 4827 2590 4883 Aaron
2613 4828 2666 4885 in
2684 4845 2783 4887 sua
2805 4847 2988 4900 manu,
3016 4837 3273 4905 praecinet
3292 4839 3656 4909 responsuris:
3681 4859 3701 4893 ι
3724 4840 3869 4900 Can—

2289 4922 2466 4981 temus
2519 4916 2747 4977 Domino
2771 4962 2785 4986 ,
2839 4923 3074 4993 gloriose
3112 4929 3255 4984 enim
3305 4929 3696 4986 honoriﬁcatus
3740 4943 3828 4989 est
3858 4950 3877 4989 :

2285 5019 2482 5076 equum
2507 5018 2562 5063 et
2580 5024 2922 5070 ascensorem
2947 5017 3172 5087 projecit
3192 5020 3244 5075 in
3262 5036 3408 5078 mare
3432 5021 3769 5105 »(lt:xod.t5.
3792 5024 3875 5098 1).

2284 5096 2436 5155 Tunc
2461 5099 2661 5159 Thecla
2693 5104 2744 5159 in
2774 5114 2893 5163 tuos
2918 5107 3038 5165 laeta
3071 5113 3273 5169 volabit
3296 5096 3594 5184 amplexus.
3623 5117 3776 5175 Tunc
3820 5096 3881 5176 et

2348 5216 2418 5304 ξε)
2441 5218 2904 5304 ξιξξξξιῌξξελ
2934 5242 3118 5304 memor
3150 5232 3255 5304 ait,
3280 5242 3333 5284 In
3361 5234 3461 5298 die,
3488 5244 3601 5304 etc.
3624 5238 3881 5304 Et__paulo

2284 5279 2840 5370 lif'“.£ﬁii‘325.£’i‘lli
2855 5279 3333 5370 esseesse;
3482 5279 3880 5370 ἔᾷἷςῗυῐᾶίιῗὲἁῖ

2282 5339 2392 5428 9.53.:
2862 5339 3162 5428 Petelini}:
3176 5339 3352 5428 "sis.
3366 5339 3879 5428 "enavimus;

2282 5415 2393 5465 quae
2417 5412 2564 5453 etiam
2587 5412 2881 5461 vetustiores
2904 5412 3025 5463 editi
3038 5412 3247 5467 habent.
3413 5424 3416 5428 “
3540 5412 3547 5414 ἡ
3600 5412 3615 5415 ⁷
3660 5412 3686 5414 ⁷-

2306 5480 2309 5481 '
2344 5462 2424 5586 (tl)
2460 5464 2642 5517 Iterum
2664 5470 2866 5544 Cisterc.
2891 5475 3149 5545 exemplar
3171 5493 3281 5554 cum
3313 5482 3699 5557 aqua’lgibimus.

2365 5526 2413 5586 ε)
2448 5524 2643 5579 Desunt
2663 5540 2754 5581 ista
2777 5547 2824 5582 tu
2844 5533 3119 5586 Victoriana
3139 5538 3349 5586 Edmon.
3383 5548 3534 5586 Mnrm
3550 5560 3690 5586 sna-m-

2365 5524 2754 5613 alleum
2777 5524 3699 5613 ttctoriinéﬁiiihr?iiirii'iiiii'
3716 5561 3891 5613 me...

2278 5586 2617 5700 mammam
2642 5600 2662 5618 κ·
2685 5599 2742 5665 ut
2778 5607 2837 5645 ao
2862 5594 3067 5647 Matrem
3097 5586 3467 5669 'nBiiihﬁsiBEi
3484 5586 3894 5686 ’ᾤδειῗέ

2280 5658 2541 5700 referatur.
2705 5660 2709 5665 '
3158 5660 3161 5669 ‘
3509 5658 3520 5661 ⁷
3690 5658 3712 5686 '-

2343 5714 2416 5775 (1)
2453 5712 2630 5766 Verius
2651 5724 2768 5780 puto
2791 5718 2999 5772 Grattius
3023 5720 3148 5785 legit
3171 5725 3348 5788 rapies.
