4078 6198
158 306 282 366 ηδ

164 426 296 494 ipse
331 436 561 493 sponsus
587 429 850 489 occurret,
871 410 926 479 et
952 422 1093 478 dicet
1122 437 1137 476 :
1170 440 1189 474 ‹
1220 419 1412 493 Surge,
1439 421 1557 475 veni
1580 421 1751 490 proxi-

163 531 258 570 ma
302 530 447 582 mea,
500 514 737 585 speciosa
767 530 919 581 mea,
968 515 1216 571 columba
1265 531 1404 583 mea,
1459 515 1579 584 quia
1628 528 1757 569 ecce

166 605 374 676 liyems
390 606 659 671 transivit,
691 607 863 677 pluvia
888 606 1019 661 abiit
1048 607 1151 662 sibi
1180 625 1200 659 ι
1232 606 1405 676 (Cant.
1435 608 1488 662 l.
1520 606 1607 662 l0.
1639 603 1752 677 11).

162 698 333 753 Tunc
372 707 426 752 et
463 698 650 769 Angeli
695 698 1030 755 mirabuntur
1056 740 1070 764 ,
1114 709 1170 756 et
1196 701 1418 755 dicent:
1452 717 1471 748 ι
1507 700 1637 766 Quae
1673 706 1758 753 est

167 790 275 844 ista
315 790 650 860 prospiciens
696 789 807 864 [ιιι.
840 792 1167 862 proficiscens
1191 790 1211 863 J
1238 792 1390 862 quasi
1420 790 1711 845 diluculum
1739 829 1754 851 ,

162 883 421 953 speciosa
450 892 506 938 ut
532 883 679 948 luna,
701 885 870 940 electa
892 892 952 939 ut
979 884 1093 939 sol»
1120 883 1281 952 (Ibid.
1298 883 1351 939 6.
1371 883 1469 953 9)?
1494 882 1759 938 Videbunt

163 985 217 1028 te
251 975 407 1041 tiliae,
430 983 485 1030 et
522 974 812 1031 laudabunt
834 976 1059 1046 reginae,
1081 984 1136 1031 et
1162 974 1473 1030 concubina:
1502 974 1757 1044 praedica-

160 1066 326 1121 bunt.
369 1067 502 1122 llinc
530 1077 584 1122 et
614 1068 751 1122 alius
775 1067 1036 1122 castitatis
1076 1068 1272 1122 chorus
1306 1076 1553 1122 occurret
1584 1085 1597 1120 :
1626 1065 1757 1122 Sara

156 1176 286 1212 (‘ttm
326 1160 514 1229 nuptis
538 1158 716 1213 veniet
747 1175 762 1211 :
795 1158 903 1212 ﬁlia
926 1157 1210 1213 Phanuelis
1235 1158 1387 1212 Anna
1412 1173 1536 1212 cum
1565 1157 1756 1212 viduis.

156 1252 347 1305 Ειίιιιι
382 1252 434 1305 ἱη
476 1250 704 1305 diversis
728 1251 982 1320 gregibus
1024 1250 1202 1305 carnis
1228 1260 1282 1305 ct
1312 1250 1531 1319 spiritus
1561 1259 1760 1304 matres

157 1354 293 1394 turn.
358 1342 657 1396 Laetabitur
696 1340 811 1408 illa,
840 1340 986 1411 quod
1022 1343 1205 1412 genuit
1234 1357 1249 1394 :
1280 1340 1607 1395 exultabitur
1636 1340 1758 1407 ista,

148 1432 310 1501 quod
344 1433 549 1487 docuit.
580 1432 730 1488 Tunc
753 1447 879 1487 vere
895 1448 1055 1502 super
1070 1432 1272 1487 asinam
1299 1432 1551 1487 Dominus
1570 1446 1760 1486 ascen-

151 1525 272 1588 det,
305 1535 368 1579 et
395 1525 669 1580 ctelestem
694 1525 989 1595 ingreditur
1012 1524 1329 1581 Jerusalem.
1353 1525 1503 1580 Tunc
1533 1523 1758 1594 parvuli,

154 1616 227 1671 de
260 1615 475 1685 quibus
502 1616 552 1668 in
583 1615 716 1670 Isaia
740 1616 986 1672 Salvator
1028 1615 1221 1671 effatur
1253 1634 1267 1670 :
1301 1633 1320 1667 ι
1359 1614 1500 1670 Ecce
1543 1629 1674 1685 ego,
1706 1623 1760 1668 et

156 1707 321 1776 pueri
353 1704 486 1771 mei,
528 1718 663 1774 quos
682 1704 813 1759 mihi
835 1704 980 1759 dedit
1011 1706 1150 1759 Deus
1182 1724 1199 1756 ι
1239 1703 1390 1774 (Isai.
1419 1704 1472 1759 8.
1506 1703 1617 1775 18),
1642 1705 1760 1774 pal-

159 1811 281 1849 mas
333 1794 578 1849 victoriae
606 1793 970 1858 sublevantes,
1003 1808 1242 1848 consono
1270 1809 1366 1849 ore
1420 1794 1711 1848 cantabunt
1740 1810 1755 1848 :

169 1904 190 1938 ι
221 1885 454 1942 Osanna
481 1885 534 1939 in
565 1884 795 1939 excelsis
823 1901 837 1935 :
869 1884 1190 1939 Benedictus
1216 1883 1306 1954 qui
1332 1883 1477 1937 venit
1505 1883 1555 1937 iu
1588 1884 1760 1937 nomi-

160 1993 230 2033 ne
261 1976 512 2043 Domini,
535 1991 736 2032 osanna
763 1977 815 2031 in
838 1977 1065 2032 excelsis
1089 1995 1109 2029 ι
1137 1975 1325 2046 (Joan.
1361 1976 1446 2031 li.
1476 1975 1585 2049 15).
1609 1977 1757 2032 Tunc

162 2077 388 2123 centum
458 2068 614 2140 126
671 2067 1259 2138 quadragintaquatuor
1274 2067 1437 2123 millia
1460 2070 1511 2121 in
1532 2082 1759 2139 conspe-

161 2170 254 2215 ctu
276 2159 465 2214 throni
482 2168 535 2213 et
548 2160 819 2214 seniorum
843 2159 1102 2215 tenebunt
1117 2159 1372 2225 citharas,
1398 2167 1452 2214 et
1466 2159 1757 2213 cantabunt

161 2252 458 2306 Canticum
479 2265 696 2306 novum.
728 2250 796 2305 Et
842 2266 1002 2305 nemo
1038 2251 1232 2320 poterit
1276 2251 1456 2306 dicere
1482 2250 1758 2305 Canticum

164 2344 322 2409 illud,
341 2342 453 2397 nisi
481 2357 733 2397 numerus
758 2340 1031 2397 deﬁnitus.
1059 2361 1076 2394 ι
1097 2341 1160 2397 Hi
1179 2342 1409 2411 suntqui
1426 2358 1545 2396 cum
1570 2342 1759 2397 mulie-

163 2435 318 2491 ribus
358 2449 425 2490 se
457 2449 562 2490 non
605 2435 1085 2505 coinquinaverunt
1118 2449 1131 2485 :
1171 2433 1416 2504 Virgines
1445 2434 1587 2488 enim
1638 2449 1761 2504 per-

165 2534 514 2583 manserunt.
547 2525 611 2580 Hi
641 2535 766 2581 sunt
792 2527 881 2596 qui
899 2533 1400 2597 sequunturagnum
1424 2540 1759 2596 quocumque

164 2616 309 2672 vadit
344 2635 366 2669 ι
404 2616 596 2687 (Apoc.
626 2616 714 2670 M.
744 2616 824 2685 4).
856 2614 1305 2685 Quotiescumque
1341 2626 1391 2670 te
1413 2630 1545 2669 vana
1576 2616 1758 2670 saeculi

167 2707 530 2764 delectaverit
550 2707 772 2762 ambitio
803 2722 817 2760 :
843 2710 1054 2777 quoties
1077 2707 1130 2760 in
1166 2706 1367 2761 mundo
1392 2706 1589 2774 aliquid
1611 2706 1759 2761 vide-

165 2799 242 2855 ris
283 2798 597 2871 gloriosum
622 2838 637 2861 ,
667 2798 734 2851 ad
774 2798 1082 2867 paradisum
1112 2808 1293 2853 mente
1334 2796 1708 2867 transgredere
1741 2813 1755 2850 :

168 2904 285 2945 esse
315 2890 502 2958 incipe
516 2888 660 2959 quod
688 2889 858 2942 futura
886 2904 962 2954 es,
996 2899 1051 2944 et
1067 2888 1295 2943 audiesa
1322 2903 1521 2958 sponso
1549 2898 1663 2943 tuo:
1681 2887 1761 2958 (a)

174 2998 193 3031 ι
227 2980 375 3036 Pone
408 2996 501 3035 me
523 2980 661 3035 sicut
693 2979 1062 3035 umbraculum
1088 2981 1139 3034 in
1168 2980 1330 3034 corde
1354 2990 1483 3044 tuo;
1522 2980 1660 3033 sicut
1686 2980 1761 3033 si-

169 3076 461 3145 gnaculum
493 3074 547 3128 in
575 3072 795 3128 brachio
821 3082 908 3127 tuo
944 3091 963 3123 ι
1017 3072 1187 3144 (Cant.
1217 3072 1270 3126 8.
1303 3072 1383 3143 6),
1431 3080 1487 3127 et
1532 3085 1762 3140 corpore

171 3168 373 3236 pariter
394 3181 465 3222 ac
491 3175 670 3221 mente
696 3165 901 3219 munita
922 3165 1176 3219 clamabis
1198 3204 1213 3231 ,
1246 3173 1298 3218 et
1317 3164 1466 3219 dices
1495 3180 1508 3215 :
1547 3182 1566 3214 s
1593 3164 1763 3231 Aquae

172 3260 354 3314 multa:
376 3274 487 3313 non
511 3264 799 3327 potuerunt
814 3257 1130 3324 extinguere
1148 3256 1446 3321 caritatem,
1473 3262 1528 3310 et
1547 3252 1762 3308 flumina

173 3364 277 3405 non
306 3350 564 3421 operient
587 3363 705 3405 eam
738 3367 756 3400 ι
780 3346 941 3418 (Ibid.
972 3363 1018 3401 υ.
1046 3347 1122 3417 7).

658 3480 988 3538 EPISTULA
1020 3479 1187 3537 xxm
1206 3481 1299 3554 (ὁ).

746 3635 814 3675 ιιι
849 3634 1189 3687 ιιΑιιεειιΑιι,

754 3751 833 3807 De
862 3754 998 3807 exitu
1026 3751 1163 3807 Lena.

177 3889 290 3947 Late
313 3890 714 3964 religiosissima:
740 3890 940 3959 furtiua:
966 3900 1175 3944 mortem
1203 3906 1317 3944 cum
1356 3891 1591 3946 Consulis
1630 3891 1762 3945 desi-

242 3986 411 4054 gnati,
445 3983 532 4053 qui
559 3980 648 4035 sub
674 3981 808 4033 idem
829 3989 1021 4049 tempus
1043 3981 1253 4047 obierat,
1279 3996 1437 4036 morte
1474 3992 1757 4052 comparat,

196 4110 199 4115 -
243 4072 523 4128 ostendens
550 4079 798 4141 quantum
838 4069 1105 4123 discrimen
1130 4071 1193 4124 sit
1218 4071 1351 4125 inter
1374 4071 1681 4127 Sanctorum
1714 4080 1771 4126 st

247 4166 595 4221 Ethnicorum
624 4163 808 4217 exitus.

249 4299 299 4355 1.
339 4299 476 4356 Cum
506 4298 637 4354 liora
670 4297 840 4353 ferme
863 4297 1014 4353 tertia
1045 4296 1316 4352 hodierna:
1337 4297 1460 4363 diei,
1486 4307 1771 4369 septuagea

188 4389 374 4445 simum
406 4389 706 4446 secundum
752 4388 1054 4453 Psalmum,
1086 4388 1137 4442 id
1166 4397 1265 4452 est,
1299 4388 1439 4443 tertii
1469 4388 1586 4442 libri
1620 4388 1765 4457 prin-

188 4482 374 4549 cipium
433 4486 610 4553 legere
656 4482 1037 4551 cmpissetnus;
1098 4489 1151 4537 et
1194 4481 1387 4536 docere
1427 4497 1761 4552 cogeremur,

192 4562 315 4625 liluli
342 4575 510 4641 ipsius
535 4582 736 4643 partem
767 4573 843 4644 (c)
876 4571 943 4626 ad
971 4572 1126 4627 ﬁnem
1146 4572 1364 4629 secundi
1385 4573 1527 4638 libri,
1556 4584 1761 4643 partem

190 4668 246 4717 ad
281 4669 596 4739 principium
646 4668 788 4722 tertii
845 4665 965 4721 libri
1015 4666 1282 4735 pertinere
1313 4667 1489 4736 :quod
1518 4668 1757 4732 scilicet,

196 4773 210 4803 ι
244 4758 549 4816 defecerunt
583 4760 764 4831 hymni
796 4759 958 4814 David
988 4800 1002 4824 ,
1058 4760 1150 4814 lilii
1177 4758 1347 4825 Jesse,
1380 4779 1399 4812 ι
1458 4760 1577 4815 ﬁnis
1620 4769 1762 4815 esset

194 4850 377 4912 prioris
408 4871 421 4905 :
458 4872 477 4905 t
510 4854 751 4908 Psalmus
787 4872 806 4905 ι
841 4867 971 4907 vero
1006 4871 1025 4903 ‹
1057 4852 1236 4923 Asaph
1272 4871 1291 4905 ι
1327 4854 1643 4924 principium
1675 4869 1762 4910 se-

193 4944 426 5006 quentis;
475 4955 530 5000 et
558 4958 723 5015 usque
748 4945 813 4999 ad
842 4960 962 5000 eum
994 4946 1170 4999 locmu
1208 4947 1656 5015 pervenissemus,
1704 4947 1758 5002 in

192 5030 717 5104 quojustusloquitur
745 5053 758 5088 :
789 5055 807 5088 ι
830 5037 883 5091 Si
909 5036 1173 5102 dicebam,
1200 5038 1431 5092 narrabo
1449 5038 1541 5110 (al.
1574 5055 1759 5092 narra-

194 5118 447 5193 uerojsic,
479 5140 603 5181 ecce
640 5128 1031 5197 generationem
1090 5129 1318 5183 ﬁliorum
1361 5138 1571 5184 tuorum
1620 5145 1757 5198 prte-

250 5252 319 5315 (a)
350 5255 561 5309 Romana
584 5261 727 5325 hujus
751 5260 970 5324 epistolae
994 5261 1111 5311 edit.
1137 5262 1261 5313 sicut
1298 5261 1370 5312 sin
1405 5264 1631 5314 naculum
1670 5277 1758 5327 pro

250 5314 531 5375 tlluaculmn.
550 5323 719 5375 sicque
741 5322 952 5375 Vulttala
977 5326 1161 5375 pariter
1184 5332 1236 5375 et
1276 5275 1416 5375 Lxg.

202 5314 531 5385 υνξᾲζααᾳζιηη,
550 5314 719 5385 sicq'ue
741 5314 952 5384 Vulgata
976 5326 1161 5385 pariter
1184 5332 1236 5375 et
1276 5314 1416 5375 LXX.

254 5375 320 5449 (lt)
349 5383 479 5449 ﬁdius
609 5375 798 5449 Si:_r_t'pta
818 5375 988 5449 eodeni
1008 5398 1133 5435 mmo
1156 5399 1250 5448 quo
1272 5386 1507 5449 superior.

250 5440 315 5510 (c)
346 5442 426 5510 Sic
444 5448 641 5509 quidem
658 5440 856 5510 ﬂebrmi
873 5440 1192 5510 distinguunt.
1212 5461 1277 5497 ex
1286 5440 1489 5510 quorum
1510 5449 1760 5510 sententia

209 5500 506 5575 l{ifijoquituig
527 5516 578 5557 et
592 5510 648 5575 in
668 5508 878 5575 Epistula
896 5509 969 5575 ad
984 5500 1273 5575 C§prianum
1294 5500 1342 5558 i'n
1357 5514 1581 5575 quinque
1608 5509 1760 5559 libros

199 5550 553 5630 at;
562 5550 1219 5630 ⁷ἆὲιῖἓέῧίὀέἀῖἔιιῗ⁴ἥὲῖἰὲιῖ
1226 5550 1757 5623 "ﬁgeremus

197 5612 393 5698 {retired
411 5612 1299 5698 transnabizaia'sosnanum
1307 5612 1509 5698 Ῑῖἰᾴιίὲ
1696 5612 1758 5698 '5};

195 5688 281 5759 {tuo
301 5688 403 5759 eius
424 5688 821 5759 esngsenteutige
841 5692 971 5759 clare
996 5688 1267 5757 proﬁtetur,
1293 5688 1444 5759 atque
1456 5710 1634 5749 omnes
1657 5688 1762 5748 vult.

197 5749 284 5791 uno
305 5752 482 5803 tantum
504 5753 629 5804 libro
667 5756 928 5806 contineri.

1552 302 1879 364 EPISTOLA
1908 301 2095 362 XXI“.

3337 307 3444 369 4.9.6

1865 421 2132 474 varicatus
2147 433 2264 475 sum
2292 438 2312 471 ι
2346 418 2516 491 (Psal.
2551 419 2640 475 72.
2671 420 2798 491 15);
2827 422 2969 493 quod
2998 423 3052 480 in
3074 421 3279 479 Latinis
3300 426 3449 481 codi-

1864 512 2019 569 cibus
2069 527 2175 568 non
2224 513 2296 567 ita
2347 512 2604 567 habemus
2630 528 2944 584 expressum
2974 533 2989 569 :
3021 527 3243 587 repente
3288 517 3449 575 nobis

1864 605 2166 658 nuntiatum
2183 611 2268 659 est
2290 604 2683 659 sanctissimam
2706 602 2869 659 Leatn
2900 605 3079 661 exisse
3106 607 3174 663 de
3198 624 3446 679 corpore.

1865 696 2049 768 Ibique
2079 698 2148 753 ita
2175 706 2227 753 te
2281 698 2534 767 palluisse
2571 698 2846 768 conspexi,
2874 708 2928 752 ut
2958 713 3086 754 vere
3129 711 3222 756 aut
3256 717 3447 772 pauca,

1864 799 1955 845 aut
1983 791 2127 845 nulla
2166 792 2236 846 sit
2261 791 2473 854 anima,
2522 806 2645 861 qua:
2672 790 2842 845 fracto
2871 805 2999 846 vase
3029 801 3286 858 testaceo,
3337 810 3448 850 non

1866 881 2033 936 tristis
2054 891 2318 952 erumpat.
2340 881 2408 936 Et
2434 891 2487 935 tu
2502 881 2741 951 quidem,
2762 897 2869 935 non
2897 882 3039 950 quod
3067 880 3228 937 futuri
3248 884 3451 939 incerta

1864 988 2049 1037 esses,
2091 973 2341 1037 dolebas;
2392 972 2488 1027 sed
2532 972 2676 1041 quod
2721 972 2876 1027 triste
2919 971 3089 1027 funeri
3135 973 3449 1044 obsequium

1868 1079 1972 1118 non
2004 1063 2267 1119 dedisses.
2304 1064 2543 1133 Denique
2565 1064 2616 1118 in
2646 1063 2837 1123 mediis
2871 1063 3061 1118 fabulis
3082 1063 3449 1138 [Calluquiis],

1865 1169 2079 1209 rursum
2105 1154 2426 1222 didicimus,
2454 1155 2709 1226 reliquias
2750 1155 2868 1226 ejus
2916 1155 3026 1226 jam
3056 1155 3259 1211 Ostiam
3291 1160 3452 1215 luisse

1866 1246 2090 1302 delatas.

1936 1341 1991 1395 2.
2033 1340 2275 1408 Qumras,
2305 1355 2414 1411 quo
2448 1341 2716 1411 pertineat
2744 1340 2843 1397 ista
2883 1341 3204 1411 replicatio?
3299 1341 3449 1413 127

1868 1430 2227 1500 Respondebo
2241 1432 2333 1486 tibi
2348 1432 2526 1487 verbis
2547 1430 2811 1501 Apostoli,
2845 1450 2865 1483 ‹
2888 1432 3108 1486 multum
3124 1447 3220 1502 per
3237 1447 3449 1488 omnem

1868 1520 2105 1575 modum.
2124 1540 2142 1572 ι
2171 1521 2432 1589 Primum,
2462 1520 2604 1591 quod
2630 1522 3005 1577 universorum
3031 1522 3239 1593 gaudiis
3268 1538 3449 1592 prose-

1867 1611 2079 1680 quenda
2103 1612 2193 1678 sit,
2218 1626 2337 1680 qum
2365 1612 2574 1666 calcato
2603 1611 2819 1666 diabolo
2839 1652 2853 1677 ,
2878 1627 3133 1667 coronant
3158 1613 3268 1681 jam
3298 1627 3449 1667 sccu—

1865 1703 2038 1755 ritatis
2059 1704 2282 1772 accepit.
2319 1702 2586 1766 Secundo,
2618 1714 2673 1757 ut
2697 1704 2813 1773 ejus
2841 1705 2945 1757 vita
2973 1704 3203 1759 breviter
3223 1704 3453 1771 explice-

1867 1802 1971 1847 tur.
1987 1793 2197 1858 Tertio,
2217 1804 2274 1848 ut
2304 1794 2383 1864 (a)
2405 1795 2746 1864 designatum
2771 1793 3083 1859 Consulem,
3113 1794 3181 1849 de
3197 1796 3309 1848 suis
3330 1809 3455 1849 soc-

1863 1884 1998 1938 culis
2020 1882 2110 1956 [al.
2134 1883 2356 1959 sarculis]
2384 1884 2777 1950 detrahentem,
2799 1899 2920 1940 esse
2945 1885 3234 1941 doceamus
3266 1885 3317 1939 in
3346 1893 3454 1940 tar-

1867 1985 2006 2029 taro.
2028 1976 2091 2029 Et
2108 1977 2322 2045 quidem
2339 1977 2803 2031 conversationem
2828 1975 2952 2030 Leu:
2967 1983 3185 2037 nostrae,
3200 1975 3320 2045 quis
3336 1990 3455 2045 pos-

1864 2069 1927 2122 sit
1944 2067 2105 2138 digno
2122 2069 2353 2124 allevare
2373 2071 2666 2138 praeconio?
2680 2069 2756 2123 lta
2768 2084 2884 2123 eam
2901 2077 3064 2122 totam
3081 2068 3148 2123 ad
3167 2068 3451 2124 Dominum

1866 2160 2030 2215 fuisse
2084 2176 2399 2226 conversam
2436 2202 2451 2225 ,
2487 2173 2546 2217 ut
2599 2161 2904 2215 Monasterii
2955 2160 3228 2230 princeps,
3284 2169 3454 2215 mater

1865 2253 2127 2322 virginum
2160 2253 2313 2309 ﬁeret
2346 2269 2360 2304 :
2398 2262 2521 2322 post
2540 2253 2823 2307 mollitiem
2846 2253 3076 2307 vestium
3102 2266 3258 2307 sacco
3284 2268 3455 2307 mem-

1866 2344 1961 2399 bra
1994 2345 2241 2400 trivisse:
2269 2345 2544 2401 insomnes
2581 2344 2917 2400 orationibus
2958 2344 3175 2400 duxisse
3222 2352 3444 2400 noctes:

1867 2445 1919 2492 et
1952 2438 2175 2493 comites
2202 2452 2326 2493 suas
2354 2438 2471 2507 plus
2510 2438 2762 2507 exemplo
2788 2438 3036 2493 docuisse
3063 2453 3220 2508 quam
3250 2439 3449 2494 verbis.

1868 2528 2194 2585 llumilitatis
2222 2532 2318 2584 fuit
2349 2539 2510 2585 tanta:
2532 2539 2748 2600 tamque
2777 2530 3067 2600 subjectus,
3098 2539 3155 2584 ut
3181 2530 3451 2599 quondam

1866 2620 2082 2676 domina
2145 2622 2497 2692 plurimorum
2551 2621 2745 2677 ancilla
2795 2621 3034 2678 omnium
3064 2620 3167 2694 [aL
3202 2620 3449 2695 hominis]

1866 2721 2145 2782 putaretur
2177 2732 2192 2768 :
2228 2713 2331 2768 nisi
2364 2712 2502 2782 quod
2525 2727 2592 2770 eo
2628 2712 2829 2770 Christi
2855 2714 3024 2785 magis
3052 2723 3197 2771 esset
3233 2716 3448 2779 ancilla,

1865 2802 1993 2857 dum
2039 2802 2259 2858 domina
2303 2803 2580 2859 hominum
2611 2818 2719 2858 non
2764 2812 2998 2874 putatur.
3032 2805 3235 2860 Inculta
3263 2806 3448 2870 vestis,

1867 2895 1989 2949 vilis
2031 2895 2185 2950 cibus
2207 2935 2223 2960 ,
2273 2897 2571 2965 neglectum
2627 2904 2786 2966 caput
2816 2911 2830 2947 :
2865 2896 2937 2950 ita
2984 2905 3158 2950 tamen
3183 2937 3199 2961 ,
3231 2906 3289 2951 ut
3326 2912 3448 2950 cum

1867 2986 2045 3040 omnia
2070 2987 2287 3049 faceret,
2319 2986 2738 3039 ostentationem
2762 2984 2968 3055 fugeret
3000 2986 3354 3056 singulorum,
3384 3001 3450 3042 ne

1869 3078 2132 3145 reciperet
2149 3078 2202 3131 in
2229 3078 2479 3146 prtcsenti
2510 3077 2709 3130 saeculo
2734 3076 3033 3131 mercedem
3061 3092 3232 3131 suam.

1940 3171 1994 3223 '5.
2035 3168 2186 3223 Nunc
2210 3168 2370 3237 igitur
2398 3183 2494 3236 pro
2524 3168 2672 3222 brevi
2702 3167 2884 3223 labore
2902 3176 3101 3222 (eterna
3125 3168 3451 3226 beatitudine

1870 3260 2102 3325 fruitur;
2147 3259 2412 3328 excipitur
2453 3258 2779 3329 Angelorum
2826 3260 3027 3325 choris,
3059 3260 3287 3315 Abrahae
3314 3262 3444 3315 sini-

1870 3352 1975 3406 bus
1993 3350 2313 3406 coufovetur
2337 3392 2352 3416 ,
2382 3358 2583 3406 etcum
2613 3364 2846 3419 paupere
2881 3350 3151 3420 quondam
3204 3351 3404 3407 Lazaro
3429 3395 3444 3419 ,

1868 3443 2087 3499 divitem
2111 3451 2479 3513 purpuratum,
2504 3449 2558 3496 et
2584 3456 2690 3495 non
2712 3441 3003 3509 palmatam
3019 3441 3327 3504 Cousulem,
3352 3442 3448 3497 sed

1868 3545 2139 3601 atratum,
2170 3534 2368 3590 stillam
2393 3533 2541 3603 digiti
2582 3532 2807 3589 minoris
2846 3534 3017 3589 cernit
3063 3534 3351 3604 inquirere.
3402 3533 3449 3590 Ο

1869 3635 2064 3695 quanta
2093 3639 2273 3680 rerum
2303 3624 2561 3679 mutatio!
2595 3623 2717 3688 Ille,
2749 3639 2906 3693 quem
2937 3633 3060 3678 aute
3109 3639 3302 3693 paucos
3330 3625 3448 3680 dzes

1867 3715 2182 3785 dignitatum
2209 3714 2447 3769 omnium
2470 3714 2703 3770 culmina
2723 3714 3120 3782 praecedebant,
3152 3714 3265 3784 qui,
3294 3715 3446 3783 quasi

1867 3805 1937 3862 de
1956 3806 2210 3875 subjectis
2235 3805 2476 3860 hostibus
2506 3803 2878 3870 triumpharet,
2909 3802 3233 3870 Capitolinas
3260 3818 3449 3857 ascen-

1868 3898 1947 3953 dit
1963 3911 2118 3954 arces
2145 3937 2159 3962 ,
2186 3911 2345 3967 quem
2374 3895 2563 3965 plausu
2589 3893 2818 3962 quodam
2846 3900 2902 3945 et
2943 3892 3176 3959 tripudio
3222 3893 3449 3960 populus

1868 3990 2143 4044 Romanus
2193 3985 2422 4055 excepit,
2468 3983 2534 4038 ad
2564 3982 2715 4051 cujus
2748 3982 2824 4052 (1)
2870 3980 3143 4036 interitum
3181 3980 3305 4035 urbs
3333 3985 3451 4035 uni-

1866 4096 2021 4137 versa
2074 4085 2340 4140 commota
2371 4082 2474 4139 est,
2517 4088 2657 4128 nunc
2687 4072 2979 4137 desolatus,
3018 4080 3072 4126 et
3102 4073 3274 4127 nudus
3296 4114 3310 4137 ,
3341 4088 3447 4126 non

1870 4172 1923 4228 in
1952 4172 2125 4226 lacteo
2150 4167 2270 4224 casti
2304 4165 2531 4235 palatio,
2569 4172 2627 4217 ut
2660 4163 2727 4234 (ε)
2758 4178 2895 4218 ιιχοι·
2940 4162 3196 4217 mentitur
3222 4160 3407 4217 infelix
3429 4205 3445 4229 ,

1869 4263 2045 4333 sedin
2096 4258 2439 4316 sordentibus
2485 4254 2721 4312 tenebris
2764 4254 3091 4309 continetur.
3145 4253 3269 4309 Haec
3320 4269 3450 4309 vero

1869 4372 2029 4428 quam
2058 4354 2215 4409 unius
2234 4350 2467 4408 cubiculi
2514 4357 2721 4405 secreta
2762 4347 3060 4414 vallabant,
3089 4363 3205 4418 qua:
3250 4362 3451 4418 pauper

1871 4446 2180 4513 videbatur,
2211 4456 2269 4501 et
2310 4443 2512 4507 tenuis,
2557 4440 2707 4512 cujus
2747 4440 2854 4495 vita
2880 4440 3164 4513 putabatur
3192 4441 3448 4508 amentia,

1869 4539 2140 4599 Christum
2163 4536 2424 4607 sequitur,
2445 4545 2497 4589 et
2515 4532 2676 4589 dicit:
2707 4551 2725 4584 t
2751 4532 3108 4607 Quaecumque
3127 4532 3447 4600 audivimus,

1869 4632 1941 4687 ita
1970 4641 2025 4687 et
2052 4630 2282 4685 vidimus
2310 4628 2373 4687 in
2392 4625 2609 4682 civitate
2635 4623 2728 4680 Dei
2756 4624 2957 4681 nostri)
2975 4622 3149 4695 (Psal.
3175 4624 3265 4679 47.
3286 4621 3364 4693 Ί),
3394 4632 3451 4677 et

1868 4724 2092 4780 reliqua.

1935 4739 1962 4778 Il
2005 4739 2092 4777 ua.

1935 4739 2003 4871 ἐ
2030 4814 2368 4885 Quapropter
2396 4824 2591 4868 moneo
2614 4849 2629 4876 ,
2668 4816 2724 4866 et
2751 4806 2884 4863 ﬂens
2908 4818 3232 4879 gemensque
3254 4811 3438 4860 conte-

1927 5023 2004 5084 (d)
2035 5021 2126 5071 Hic
2150 5017 2574 5084 VettiusAgot-ius
2594 5014 2928 5084 Praetextatus.
2932 5009 3208 5084 dicebatur,
3230 5009 3453 5084 ut'docet

1865 5068 2006 5134 ι’ρῖὖέ
2028 5068 2299 5144 inscriptio.
2326 5068 2597 5144 Pril’ectus
2619 5074 2748 5144 _Urbi
2780 5068 3248 5144 fuitLValeutinia'uo
3282 5068 3345 5144 ll.
3372 5078 3451 5144 Aet

1864 5131 2073 5193 valente
2114 5131 2198 5191 ll.‘
2219 5142 2352 5189 Cass.
2398 5147 2452 5187 ut
2487 5137 2655 5185 scribit
2679 5131 3023 5181 Marcellinus:
3052 5140 3153 5193 tum
3178 5132 3450 5183 Praefectus

1863 5192 2098 5255 Prtetorio
2122 5204 2214 5251 sub
2236 5200 2512 5250 Theodosio
2549 5195 2798 5253 decessit,
2824 5206 2935 5242 cum
2958 5200 3093 5243 esset
3114 5192 3290 5243 Consul
3312 5194 3445 5244 desi-

1862 5276 2051 5330 gnatus;
2061 5270 2110 5312 ιιι
2132 5268 2425 5330 sequentem
2447 5270 2641 5330 antt‘u't‘n.
2797 5315 2959 5330 tu")

1925 5314 1994 5389 (ἐ)
2020 5326 2179 5389 Ριιιιξιυ
2187 5314 2302 5389 x'tati
2315 5334 2436 5389 uxor
2450 5325 2555 5389 erat
2566 5315 2788 5389 Paullina
2795 5315 2991 5389 Cereris
3004 5314 3242 5389 Sacerdos
3250 5331 3443 5389 magna,

1863 5374 2002 5461 ιιι
2027 5388 2240 5461 antiqua”
2265 5382 2636 5461 inscriptione}
2659 5379 2844 5448 Stuetio
2877 5374 3020 5461 alliam
3044 5385 3266 5461 apparqu
3284 5374 3446 5461 Eram;

1863 5437 1914 5499 id
1938 5448 2099 5511 lacteo
2128 5437 2244 5498 Cwli
2273 5437 2448 5511 palatio
2471 5439 2858 5511 uiaritiauimam
2878 5437 3446 5511 degere’titentiebatur,

1864 5497 2064 5574 quodin
2089 5509 2243 5574 lacteo
2268 5497 2449 5574 circulo
2472 5515 2563 5551 seu
2602 5501 2678 5549 via
2704 5497 3077 5574 immortalitatis
3099 5502 3270 5574 sedem
3296 5540 3312 5565 ,
3332 5497 3459 5574 -ερἒ

1862 5561 2095 5644 rituque,
2120 5569 2203 5631 qui
2222 5569 2274 5644 in
2299 5566 2513 5644 Deorum
2538 5575 2795 5612 numerum
2816 5561 3213 5614 adscriberentur
3228 5602 3242 5627 ,
3271 5561 3445 5630 phlatia

1866 5631 2046 5685 ethnici
2082 5631 2455 5681 constituerent.

1928 5700 1999 5759 (1)
2036 5694 2241 5744 Gravius
2277 5689 2399 5753 legit
2435 5688 2713 5749 introitum,
2755 5691 2832 5738 cui
2870 5685 2986 5738 Mss.
3011 5686 3196 5752 aliquot
3234 5691 3446 5758 adstipu.

1865 5761 2041 5811 lantur.
