4078 6198
568 278 673 337 427

571 411 706 459 sior,
739 400 796 448 ut
826 389 951 445 dum
979 383 1137 454 hujus
1163 372 1346 432 mundi
1377 371 1513 426 viam
1545 365 1811 423 currimus
1831 403 1847 430 ,
1880 378 1985 417 non
2012 360 2144 415 dua-

573 491 673 545 bus
693 450 906 545 tunicis,
938 476 988 531 id
1019 450 1121 535 est,
1149 464 1343 537 duplici
1371 461 1658 517 vestiamer
1698 456 1801 511 fide
1834 472 1847 506 :
1880 469 1983 507 non
2034 450 2116 507 cal

572 543 967 638 ccamentorum
1011 563 1170 637 128
1207 543 2151 628 pellibus,mortuisvidelicetopcri-

571 675 691 736 bus,
710 670 1129 741 pravgravemur:
1151 665 1256 707 non
1275 648 1581 705 divitiarum
1594 658 1693 700 nos
1707 641 1785 713 (a)
1805 654 1929 711 pera
1952 637 2154 741 ad‘ter-

586 726 691 821 in};
710 726 919 830 premat
947 768 961 805 :
993 762 1101 803 non
1145 744 1330 814 virgae,
1368 739 1419 795 id
1447 747 1548 805 cst,
1595 733 1849 806 potentiae
1878 726 2154 785 smcularis

582 819 841 928 quaeratur
863 843 1118 901 auxilium
1141 856 1154 893 :
1180 852 1286 893 non
1316 833 1539 905 pariter,
1564 838 1619 885 et
1638 826 1906 883 Christum
1925 819 2157 876 velimus

580 910 804 1013 liabere,
826 949 883 997 et
909 935 1201 999 saeuitum;
1233 928 1326 986 sed
1360 941 1455 998 pro
1494 921 1749 981 brevibus
1774 961 1790 985 ,
1819 924 1875 972 et
1913 910 2154 1013 caducis,

578 1004 804 1094 :eterna~
841 1027 1133 1087 succedant
1180 1040 1194 1077 :
1248 1032 1304 1078 et
1346 1033 1468 1075 cum
1518 1011 1755 1086 quotidie
1802 1009 1821 1080 (
1863 1004 2157 1064 secundum

580 1141 766 1198 corpus
799 1118 1022 1193 loquor)
1057 1115 1490 1189 prmmoriamur,
1543 1122 1594 1161 IN
1635 1114 1872 1159 διετειιιε
1914 1112 2015 1154 non
2059 1108 2159 1150 nos

576 1188 1272 1291 perpetuos-existimemus
1292 1247 1307 1273 ,
1346 1214 1404 1258 ut
1440 1200 1710 1271 possimus
1740 1209 1862 1251 esse
1892 1188 2158 1263 perpetui.

1040 1344 1370 1408 EPISTOLA
1399 1339 1570 1397 xxw
1605 1335 1706 1412 (b).

1015 1502 1084 1543 an
1118 1496 1337 1541 EAIDBI
1361 1487 1682 1535 IABCELLAI!
1702 1513 1717 1538 ,

1078 1617 1157 1673 De
1191 1610 1426 1670 laudibus
1464 1603 1668 1660 Asellre.

586 1764 811 1822 Asellam
833 1755 1113 1828 Virginem,
1132 1763 1245 1819 qua:
1260 1745 1438 1801 Romae
1460 1737 1609 1794 veluti
1629 1736 1682 1789 in
1703 1745 1866 1787 eremo
1884 1722 2170 1828 solitariam

659 1815 814 1912 vitam
850 1815 1165 1906 sanctissime
1191 1840 1411 1910 degeret,
1465 1829 1642 1886 laudat
1679 1823 1818 1894 apud
1847 1815 2168 1879 Marcellam,

662 1967 693 2003 a
720 1961 821 2018 qua
849 1943 912 1996 de
936 1939 1075 1993 illius
1096 1931 1359 1989 sanctitate
1388 1923 1641 1979 audierat.

666 2085 718 2137 1.
761 2077 932 2134 Nemo
961 2063 1340 2140 reprehendat,
1387 2054 1529 2129 quod
1584 2054 1637 2107 in
1685 2043 1939 2118 Epistolis
1967 2040 2175 2140 aliquos

593 2184 686 2232 aut
708 2170 1010 2231 laudamus,
1042 2172 1134 2216 aut
1177 2156 1479 2225 carpimus;
1513 2162 1654 2208 cum,
1687 2150 1743 2197 et
1786 2141 1837 2194 in
1889 2131 2175 2232 arguendis

595 2267 768 2328 malis,
797 2261 866 2317 sit
890 2251 1160 2323 correptio
1180 2255 1520 2304 catterorum,
1549 2245 1602 2292 et
1655 2235 1706 2288 in
1736 2228 1954 2300 Optimis
1985 2221 2178 2328 pridi-

594 2313 798 2420 caudis,
826 2352 1087 2407 bonorum
1114 2341 1183 2395 ad
1209 2339 1457 2393 virtutem
1486 2327 1659 2385 studia
1677 2321 2032 2379 concitentur.
2067 2313 2175 2367 Nu—

598 2545 742 2600 illico
772 2532 995 2609 pupugit
1019 2527 1278 2588 animum,
1299 2530 1352 2575 et
1372 2515 1504 2572 mihi
1529 2510 1673 2609 venit
1702 2508 1754 2560 in
1787 2510 2042 2609 mentem,
2071 2507 2177 2609 non

599 2585 801 2689 debere
825 2585 1130 2680 u‘osutacere
1154 2614 1224 2670 de
1252 2585 1488 2678 Virgine,
1519 2600 1608 2672 qui
1639 2597 1703 2652 de
1732 2590 1967 2649 secundo
1993 2585 2181 2686 ordine

598 2720 858 2781 castitatis
913 2711 1079 2768 locuti
1119 2718 1324 2761 sumus.
1379 2695 1541 2766 Igitur
1587 2689 1782 2746 Asella:
1825 2690 2022 2737 nostra:
2073 2676 2181 2729 vita

600 2814 835 2872 breviter
855 2801 1171 2877 explicanda
1206 2790 1435 2858 est;cui
1462 2800 1645 2858 quaeso
1670 2797 1738 2837 ne
1778 2779 1916 2832 hanc
1967 2772 2182 2877 Episto-

599 2910 706 2963 Iam
747 2906 892 2972 legas
968 2900 1219 2967 gravatur
1243 2885 1441 2957 quippe
1485 2874 1729 2932 laudibus
1774 2869 1925 2924 suis:
1959 2862 2053 2919 sed
2101 2860 2185 2972 his

603 3001 777 3072 potius
800 2952 922 3066 qua:
943 2979 1359 3044 adolescentulis
1380 2982 1525 3037 sunt,
1552 2970 1732 3038 legere
1754 2963 1973 3065 dignare
1989 2999 2004 3024 ,
2022 2964 2092 3072 ’ξιξ
2119 2952 2186 3008 ad

601 3048 906 3160 Exemplum
924 3082 1041 3153 ejus
1066 3092 1123 3133 se
1150 3073 1510 3129 instituentes,
1535 3054 1996 3117 conversationem
2019 3048 2183 3113 illius,

603 3181 850 3256 perfecta:
880 3176 1001 3231 vita:
1031 3180 1272 3225 normam
1302 3159 1653 3253 arbitrentur.

674 3272 730 3326 9..
766 3260 1142 3325 Praetermitto,
1194 3250 1336 3324 quod
1365 3250 1418 3303 in
1448 3244 1637 3301 matris
1675 3247 1830 3294 utero
1857 3228 2189 3290 benedicitur

607 3367 678 3431 ei,
711 3320 1009 3427 antequam.
1034 3320 1283 3404 nascatur
1311 3362 1323 3396 :
1356 3337 1497 3410 quod
1522 3336 1574 3389 in
1607 3330 1782 3403 phiala
1805 3325 2023 3382 nitentis
2044 3320 2185 3385 vitri,

607 3417 678 3513 et,
711 3417 869 3507 omni
902 3442 1118 3515 speculo
1148 3434 1381 3507 purioris
1406 3471 1420 3495 ,
1453 3427 1587 3499 patri
1620 3425 1768 3492 virgo
1822 3417 2048 3474 traditur
2096 3427 2192 3484 per

609 3507 860 3617 quietem.
914 3507 1067 3602 Quod
1120 3527 1296 3582 adlmc
1344 3519 1581 3617 infantiae
1626 3513 1862 3617 involuta
1887 3507 2195 3617 Ipannisnet

612 3594 701 3690 \fix
728 3594 1022 3696 annum~(c)
1045 3619 1311 3676 decimum
1349 3608 1521 3666 aptatis
1550 3602 1818 3685 excedens
1841 3640 1855 3665 ,
1887 3600 2088 3652 honore
2114 3594 2195 3648 fu-

614 3739 747 3784 turzc
775 3686 1113 3777 beatitudinis
1137 3715 1502 3767 consecratur.
1534 3698 1613 3755 Sit
1638 3696 1823 3770 gratia:
1852 3705 2028 3757 omne,
2054 3686 2194 3759 quod

615 3832 737 3875 ante
760 3816 997 3872 laborem
1025 3800 1120 3861 fuit
1146 3822 1159 3858 ε
1189 3803 1311 3858 licet
1341 3799 1481 3853 Deus
1515 3790 1772 3865 praescius
1798 3786 2119 3847 futurorum,
2143 3788 2199 3836 et

614 3912 898 3971 Jcremiarn
945 3898 1240 3960 sattctilicet
1268 3897 1321 3949 in
1351 3901 1503 3948 utero
1531 3905 1547 3954 ;
1580 3895 1659 3952 ,et
1686 3883 1949 3940 Joannem
1992 3879 2044 3934 in
2076 3876 2197 3933 alvo

616 4007 801 4064 matris
828 4000 985 4057 faciat
1060 3993 1219 4065 129
1290 3988 1648 4047 exultarc;et
1675 3978 1895 4035 Paulum
1919 3982 2043 4029 ante
2066 3987 2199 4028 con-

618 4082 953 4157 stitutionem
975 4085 1178 4150 mundi,
1202 4091 1413 4152 separet
1441 4078 1495 4132 in
1522 4073 1869 4144 Evangelium
1895 4068 2014 4125 Filii
2042 4067 2145 4123 sui.

689 4189 745 4243 5.
775 4182 854 4239 Ad
883 4195 943 4237 ea
971 4175 1156 4240 venio,
1186 4187 1304 4243 qua:
1330 4177 1449 4241 post
1472 4166 1847 4223 duodecimum
1880 4176 2076 4217 annum
2104 4174 2201 4214 su-

622 4281 753 4335 dore
777 4265 1202 4346 proprio'elegit,
1227 4259 1472 4331 arripuit,
1504 4258 1691 4320 tenuit,
1722 4255 1907 4325 erepit,
1938 4250 2196 4321 implevit.

625 4342 797 4426 Unius
836 4362 1043 4421 cellula:
1080 4360 1256 4415 clausa
1303 4351 1598 4424 angustiis,
1639 4347 1919 4403 latitudine
1964 4342 2204 4400 Paradisi

623 4459 920 4518 fruebatur.
950 4452 1099 4508 Idem
1126 4458 1281 4504 terra:
1310 4445 1480 4499 solum
1506 4482 1523 4508 ,
1556 4450 1611 4496 et
1640 4438 1897 4493 orationis
1926 4437 2078 4491 locus
2105 4450 2203 4491 ex-

624 4555 761 4612 stitit
798 4559 853 4607 et
896 4546 1108 4618 quietis.
1162 4538 1430 4610 Jejunium
1460 4549 1559 4606 pro
1586 4532 1714 4589 ludo
1742 4530 1947 4596 habuit,
1972 4528 2202 4583 inediam

623 4664 719 4719 pro
764 4640 1079 4699 refectione.
1126 4634 1188 4689 Et
1229 4646 1350 4686 cum
1393 4642 1511 4683 eam
1558 4640 1665 4680 non
1708 4622 1957 4679 vescendi
1989 4620 2201 4677 deside-

622 4713 782 4804 rium,
803 4733 897 4791 sed
921 4732 1150 4787 humana
1173 4721 1439 4780 confectio
1460 4717 1526 4773 ad
1554 4716 1732 4771 cibum
1764 4713 2021 4778 traheret,
2044 4726 2202 4783 pane,

625 4845 678 4891 et
717 4830 848 4895 sale,
888 4834 945 4884 et
980 4836 1116 4895 aqua
1158 4814 1346 4889 frigida
1392 4809 1695 4869 concitabat
1736 4808 1907 4878 magis
1950 4807 2203 4872 esuriem,

625 4939 782 4998 quam
810 4914 1196 4988 restinguebat.
1244 4909 1309 4964 Et
1337 4906 1458 4979 quia
1484 4918 1621 4975 pene
1655 4901 1851 4958 oblitus
1879 4915 1995 4956 sum
2017 4941 2034 4969 ,
2063 4897 2207 4970 quod

626 4992 679 5073 in
708 5011 970 5087 principio
1023 5004 1182 5063 debui
1222 5002 1403 5058 dicere
1428 5016 1441 5053 :
1464 4998 1599 5053 Cum
1633 4994 1859 5067 primum
1888 4992 1993 5047 hoc
2016 5004 2211 5062 propo-

627 5086 787 5164 situm
833 5102 1077 5172 arripuit,
1121 5111 1310 5153 aurum
1350 5094 1474 5150 colli
1521 5091 1640 5154 sui,
1686 5088 1827 5157 quod
1872 5088 1951 5158 (ά)
1994 5086 2208 5157 quidem

689 5262 763 5325 (a)
797 5256 1033 5325 mendose
1052 5253 1236 5325 Victor.
1269 5248 1557 5325 diuitiarum
1576 5257 1845 5325 accepero.

694 5306 767 5420 sb?
799 5306 932 5391 alias
955 5317 1031 5366 15.
1057 5314 1242 5375 scriptu
1265 5310 1410 5362 biduo
1435 5319 1540 5374 post
1563 5306 1881 5381 supericreut.

719 5396 744 5420 ι-
799 5382 1047 5420 Privatam
1070 5374 1322 5420 mramdam
1346 5378 1764 5420 consecrationem
1807 5375 1877 5417 ml

705 5326 744 5371 ‘b
806 5326 932 5369 Alias
955 5326 1031 5366 15.
1057 5326 1242 5375 Scripta
1265 5326 1410 5362 mrtuo
1435 5326 1540 5374 ροβε
1563 5326 1881 5369 superarem.

705 5326 767 5449 [εἰ
799 5381 1047 5449 Privatam
1070 5374 1322 5449 qttatiidam
1346 5364 2068 5449 consecrationemintelligi].
2085 5376 2211 5449 “99:11

631 5428 924 5498 solemnem,
949 5428 1213 5500 cujusinodi
1237 5436 1329 5500 alia
1344 5433 1582 5500 exempla
1607 5444 1702 5480 non
1735 5430 1913 5500 desunt
1935 5428 2059 5490 apud
2083 5428 2210 5500 auli-

665 5487 923 5563 uosiiinani
944 5487 1308 5563 ex'Carthagin.
1333 5487 1518 5563 Synod;
1538 5495 1585 5542 5.
1611 5505 1722 5563 can.
1819 5498 1931 5539 ante
1953 5487 2106 5537 annos
2127 5487 2208 5537 ‘35.

665 5519 785 5563 U05;
811 5519 920 5549 nam
944 5519 1008 5547 cx
1032 5519 1308 5557 υιιϊιιιςιδιυ.
1335 5519 1511 5559 ayuuu.
1538 5519 1585 5542 υ.
1611 5519 1722 5540 La.“
1744 5519 1791 5540 απ.
1819 5519 1931 5539 ultu;
1953 5519 2106 5537 auuva
2129 5519 2208 5537 ιον.

631 5519 866 5626 admittes
906 5571 1199 5626 consecrare
1240 5558 1362 5626 haud
1398 5556 1593 5626 licebat.
1615 5553 1784 5626 .Quod.
1819 5559 2012 5622 tempus
2045 5557 2214 5610 postea

632 5612 752 5676 Ι.ὀὸ
772 5624 953 5685 primus
978 5621 1026 5666 in
1049 5617 1246 5685 antiquo
1268 5617 1533 5665 Pontitieali
1569 5616 1625 5663 ad
1662 5612 2095 5675 quadragenariam
2131 5623 2214 5658 us-

632 5676 951 5753 tltre_a;}atern
987 5676 1238 5753 produxit:
1338 5736 1369 5753 ﬁ
1412 5738 1462 5753 Μ
1522 5740 1536 5753 1
1720 5737 1762 5753 ,1
1864 5739 1905 5753 η
2071 5680 2089 5753 1,

680 5736 751 5815 [ill
776 5736 1318 5800 Rt'clittsaqttibUsdam
1337 5736 1626 5789 C0dd.:tb:‘st
1650 5737 2113 5799 {Illilt’:ll.}lllfl“i!!lft
2132 5751 2217 5785 att-

1859 242 2100 305 SANCTI
2140 237 2518 301 IIIERONYMI

3740 224 3842 281 “8

2260 354 2593 411 Murenulam
2635 348 2827 421 vulgus
2868 352 3050 411 vocat;
3098 341 3241 415 quod
3288 339 3493 398 scilicet
3531 338 3751 395 metallo
3793 338 3843 393 in

2258 449 2493 519 virgulas
2540 448 2835 501 latescente
2855 483 2869 508 ,
2898 439 3141 512 quaadam
3170 436 3375 493 ordinis
3407 434 3628 490 flexuosi
3656 443 3841 487 catena

2260 539 2583 603 contexitur,
2613 537 2818 607 absque
2850 531 3163 604 parentibus
3194 528 3467 593 vendidit;
3518 536 3574 584 ct
3613 527 3847 582 tunicam

2262 632 2571 694 fusciorcm,
2599 643 2757 698 quam
2789 642 2819 679 a
2847 633 3017 679 matre
3049 623 3335 691 impetrare
3357 634 3465 674 non
3494 627 3698 690 poterat
3719 661 3733 684 ,
3766 620 3847 672 iu-

2262 724 2391 779 duta
2414 764 2427 788 ,
2460 721 2548 791 pio
2576 716 2952 790 negotiationis
2982 713 3221 785 auspicio
3240 753 3254 776 ,
3287 726 3347 766 se
3376 720 3598 781 repente
3626 710 3851 765 Domino

2264 813 2638 879 consecravit,
2682 820 2741 866 ut
2785 810 3105 879 intelligeret
3145 807 3391 861 universa
3436 806 3703 876 cognatio,
3745 820 3852 859 non

2265 922 2427 979 posse
2458 905 2599 961 aliud
2622 905 2671 961 ei
2694 900 3024 973 extorqueri,
3047 916 3166 972 quae
3192 900 3302 971 jam
3331 898 3583 955 saeculum
3609 899 3858 954 damnas-

2267 1007 2351 1054 set
2376 999 2430 1053 in
2459 998 2718 1053 vestibus.

2338 1091 2391 1145 4.
2422 1089 2548 1157 Sed,
2580 1098 2634 1146 ut
2665 1088 2845 1143 dicere
2876 1098 3232 1155 coeperamus,
3256 1083 3327 1138 ita
3349 1096 3409 1137 se
3430 1096 3643 1153 semper
3671 1081 3857 1137 mode-

2271 1194 2384 1238 rate
2413 1180 2621 1244 habuit,
2654 1188 2707 1235 et
2732 1180 2871 1233 intra
2899 1175 3131 1232 cubiculi
3174 1173 3259 1230 sui
3298 1183 3505 1229 secreta
3550 1173 3854 1240 ουειοιιὶγὶῑ,

2272 1283 2330 1328 ut
2373 1287 2647 1342 nunquam
2676 1270 2866 1340 pedem
2891 1267 3157 1339 proferret
3190 1266 3242 1320 in
3272 1264 3563 1336 publicum,
3588 1278 3856 1333 nunquam

2274 1366 2373 1422 viri
2406 1372 2590 1421 nosset
2629 1364 2945 1434 alloquium.
2997 1362 3065 1417 Et
3106 1358 3250 1432 quod
3294 1358 3465 1429 magis
3487 1356 3559 1413 sit
3588 1356 3858 1411 admiran-

2272 1459 2422 1524 dum,
2450 1472 2691 1514 sororem
2716 1455 2976 1525 virginem
2997 1461 3201 1507 amaret
3222 1450 3419 1520 potius,
3443 1463 3604 1520 quam
3630 1446 3856 1501 videret.

2275 1548 2609 1621 Operabatur
2631 1546 2877 1601 manibus
2899 1544 3032 1607 suis,
3051 1543 3227 1598 sciens
3247 1541 3504 1611 scriptum
3527 1554 3648 1595 esse
3672 1556 3687 1594 :
3717 1557 3735 1591 ‹
3761 1537 3860 1604 Qui

2276 1656 2382 1695 non
2432 1646 2725 1710 operatur,
2779 1653 2886 1692 non
2932 1634 3221 1690 manducet
3250 1651 3269 1686 ι
3303 1633 3396 1703 (2.
3439 1630 3621 1685 Thess.
3650 1629 3859 1701 5.10).

2278 1734 2489 1805 Sponso
2517 1742 2607 1786 aut
2635 1744 2796 1785 orans
2827 1729 3166 1799 loquebatur,
3197 1735 3290 1781 aut
3318 1725 3573 1797 psallens.
3606 1722 3688 1779 Ad
3720 1722 3861 1779 Mar-

2278 1835 2452 1898 tyrum
2480 1824 2664 1878 limina
2693 1837 2829 1893 pene
2854 1822 3023 1876 invisa
3072 1818 3412 1892 properabat.
3442 1818 3510 1873 Et
3552 1831 3674 1872 cum
3729 1830 3863 1887 gau-

2278 1920 2431 1974 deret
2462 1917 2738 1989 proposito
2777 1930 2876 1970 suo
2899 1956 2914 1981 ,
2958 1914 3009 1967 in
3053 1928 3119 1968 eo
3162 1911 3531 1967 vehementius
3568 1908 3861 1974 exultabat,

2279 2009 2421 2080 quod
2464 2024 2524 2064 se
2570 2007 2748 2062 nullus
2787 2012 3155 2077 cognosceret.
3204 2001 3445 2072 Cumque
3502 2015 3598 2071 per
3649 2014 3866 2054 omnem

2281 2118 2501 2168 annum,
2525 2101 2639 2172 jugi
2667 2099 2874 2170 jejunio
2901 2105 3213 2168 pasceretur
3235 2137 3251 2159 ,
3278 2093 3442 2150 biduo
3473 2092 3757 2162 triduoque
3787 2091 3865 2145 sic

2284 2210 2629 2267 permanens,
2664 2203 2774 2246 tum
2815 2204 2944 2245 vero
2987 2188 3044 2244 in
3086 2186 3504 2256 Quadragesima
3549 2182 3743 2252 navigii
3782 2180 3867 2236 sui

2283 2289 2400 2344 vela
2425 2285 2694 2350 tendebat,
2718 2298 2906 2339 onmes
2937 2296 3074 2352 pene
3102 2276 3461 2334 hebdomadas
3478 2275 3625 2330 vultu
3650 2274 3867 2329 lactante

2284 2380 2634 2450 conjungeus.
2668 2378 2734 2431 Et
2754 2374 2895 2446 quod
2923 2371 3253 2445 impossibile
3283 2369 3503 2425 forsitan
3532 2378 3614 2423 est
3639 2366 3870 2422 homini-

2284 2474 2385 2529 bus
2423 2471 2488 2526 ad
2533 2468 2882 2533 credendum,
2912 2467 3025 2522 Deo
3062 2474 3240 2519 autem
3288 2469 3580 2533 praestante
3618 2459 3873 2531 possibile

2287 2576 2389 2632 est,
2413 2566 2484 2619 ita
2509 2562 2577 2618 ad
2606 2559 3116 2632 quinquagenariam
3142 2557 3382 2626 pervenit
3412 2563 3646 2619 aetatem,
3677 2564 3735 2607 ut
3763 2569 3870 2608 non

2288 2656 2495 2717 doleret
2520 2652 2854 2709 stomachum
2879 2690 2895 2717 ,
2926 2665 3034 2704 non
3064 2650 3328 2703 viscerum
3364 2646 3698 2701 cruciaretur
3727 2644 3875 2714 inju-

2289 2746 2404 2813 ria;
2435 2761 2540 2801 non
2566 2746 2708 2800 sicca
2737 2742 2932 2797 humus
2951 2739 3184 2811 jacentia
3215 2737 3454 2793 membra
3474 2736 3871 2807 confringeret;

2289 2855 2396 2895 non
2447 2852 2603 2893 sacco
2637 2843 2883 2905 aSperata
2961 2832 3118 2905 130
3190 2830 3327 2886 cutis
3358 2829 3604 2886 fauorem
3638 2828 3875 2897 aliquem

2291 2931 2559 3000 situmque
2588 2926 2928 2983 contraheret
2956 2944 2969 2979 :
2994 2924 3088 2980 sed
3117 2937 3246 2977 sana
3271 2935 3521 2992 corpore,
3564 2923 3745 2975 anima
3783 2933 3880 2973 sa-

2294 3024 2433 3089 nior,
2479 3018 2822 3076 solitudinem
2861 3023 3072 3087 putaret
3128 3030 3250 3069 csse
3296 3012 3536 3080 delicias,
3574 3019 3630 3067 et
3664 3012 3716 3066 in
3744 3011 3885 3067 urbe

2296 3112 2522 3178 turbida,
2548 3110 2810 3166 inveniret
2836 3122 3075 3163 cremum
3106 3105 3510 3160 Monacborum.

2365 3208 2419 3263 5.
2467 3204 2535 3260 Et
2582 3202 2696 3257 lucc
2742 3199 2959 3272 quidem
3007 3207 3061 3252 tu
3106 3197 3296 3252 melius
3328 3197 3487 3262 nosti,
3516 3212 3546 3250 a
3578 3210 3680 3264 qua
3714 3209 3885 3264 pauca

2296 3298 2608 3361 didicimus;
2638 3303 2693 3349 et
2720 3292 2872 3362 cujus
2898 3289 3069 3347 oculis
3092 3288 3317 3345 durities
3337 3288 3405 3343 de
3433 3287 3659 3358 genibus
3702 3302 3889 3342 came-

2298 3388 2472 3443 lorum
2503 3388 2553 3439 in
2578 3385 2666 3439 illo
2686 3394 2875 3439 sancto
2895 3380 3215 3452 corpusculo
3239 3394 3349 3449 pra:
3369 3378 3556 3433 orandi
3581 3372 3888 3443 frequentia

2299 3478 2619 3536 obcalluisse
2645 3485 2924 3546 perspecta
2964 3481 3065 3528 est.
3098 3469 3208 3526 Nos
3236 3470 3376 3541 quod
3403 3470 3542 3524 scire
3574 3483 3885 3538 possumus,

2300 3572 2647 3643 explicemus.
2689 3568 2831 3623 Nihil
2881 3566 3023 3620 illius
3066 3562 3355 3620 severitate
3394 3559 3717 3631 jucundius,
3752 3560 3889 3616 nihil

2299 3661 2631 3734 jucunditatc
2674 3659 2948 3725 severius,
2999 3655 3129 3711 nihil
3168 3654 3424 3711 suavitate
3470 3652 3704 3719 tristius,
3755 3652 3891 3709 nihil

2305 3754 2516 3810 tristitia
2544 3751 2779 3807 suavius.
2809 3750 2883 3805 Ita
2914 3748 3085 3820 pallor
3110 3748 3162 3803 in
3190 3747 3324 3802 facie
3351 3754 3451 3812 est,
3476 3755 3535 3800 ut
3562 3760 3727 3816 quum
3753 3759 3890 3799 con-

2306 3847 2582 3902 tinentiam
2606 3843 2827 3909 indicet,
2847 3855 2952 3896 non
2978 3838 3214 3895 redoleat
3234 3837 3664 3894 ostentationem.
3696 3836 3891 3891 Sermo

2304 3940 2506 4005 silens,
2555 3946 2610 3992 et
2654 3935 2924 3992 silentium
2973 3934 3217 4004 loquens.
3247 3930 3357 3987 Nec
3382 3931 3542 3997 citus,
3577 3944 3678 3985 nec
3705 3928 3890 3984 tardus

2306 4032 2567 4088 incessus.
2597 4029 2741 4085 Idem
2772 4042 2986 4097 semper
3012 4025 3248 4080 habitus.
3290 4022 3538 4094 Neglecta
3563 4020 3853 4076 mundities
3872 4062 3890 4089 ,

2308 4133 2361 4179 et
2392 4122 2465 4197 (ὁ)
2495 4121 2691 4177 inculta
2718 4129 2885 4186 veste,
2916 4118 3091 4173 cultus
3118 4117 3232 4185 ipse
3255 4115 3373 4170 sine
3402 4115 3568 4172 cultu.
3599 4112 3724 4169 Sola
3769 4112 3894 4167 vitm

2310 4231 2421 4272 sua:
2446 4214 2746 4285 mqualilate
2773 4210 3101 4284 promeruit,
3133 4217 3191 4263 ut
3219 4209 3273 4263 in
3303 4205 3443 4264 Urbe
3469 4221 3707 4277 pompm,
3737 4204 3896 4261 lasci-

2310 4310 2432 4373 vim,
2456 4306 2794 4370 deliciarum,
2822 4304 2874 4358 in
2902 4318 3004 4373 qua
3035 4300 3289 4355 humilem
3320 4313 3439 4355 esse
3468 4297 3683 4353 miseria
3715 4304 3817 4361 est,
3842 4305 3897 4350 et

2313 4399 2439 4455 boni
2465 4413 2582 4453 eam
2609 4396 2921 4467 prwdicent,
2952 4402 3008 4449 et
3030 4392 3158 4449 mali
3187 4392 3472 4447 detrahere
3504 4405 3612 4444 non
3642 4388 3897 4443 audeant.

2315 4490 2502 4546 Vidua:
2542 4504 2661 4545 eam
2708 4488 2986 4543 imitentur
3028 4494 3081 4542 et
3119 4484 3392 4554 virgines,
3435 4484 3640 4538 marita:
3683 4482 3862 4538 colant
3882 4476 3907 4547 ,'

2315 4581 2491 4639 noxia:
2523 4580 2765 4646 timeant,
2792 4578 3086 4649 suspiciant
3111 4574 3446 4633 Sacerdotes.

2780 4690 3109 4749 EPIS’I‘OLA
3150 4689 3296 4746 xxv
3335 4689 3435 4762 (a).

2764 4802 2832 4840 ΑΙ)
2872 4800 3090 4841 ΕΔΗΒΕΠ
3130 4795 3471 4848 ιιΑιιοειιΑιί,

2430 4942 2433 4949 ι
2737 4875 2813 4932 De
2840 4877 3011 4931 decem
3041 4874 3346 4930 Nominibus
3375 4871 3489 4927 Dei.

2320 4978 2508 5035 Decem
2540 4971 2790 5039 Nomina,
2831 4968 3012 5042 quibus
3052 4969 3191 5040 apud
3230 4966 3472 5022 Hebrive;
3497 4960 3637 5016 Deus
3672 4958 3905 5027 vocatur,

2554 5064 2820 5122 Marcella:
2848 5063 2901 5116 id
2921 5060 2983 5116 ab
3009 5077 3063 5116 se
3087 5058 3386 5133 postulanti,
3410 5056 3648 5128 explicat.

2390 5181 2805 5254 Nonagesimum
2854 5177 3123 5233 Psalmum
3171 5175 3377 5246 legens,
3425 5172 3477 5226 iu
3527 5186 3594 5227 eo
3641 5170 3762 5226 loco
3804 5178 3910 5239 quo

2312 5308 2420 5358 tem
2442 5298 2569 5347 dicta
2590 5301 2684 5358 est,
2708 5292 2837 5357 quod
2859 5291 3079 5358 Murenae
3102 5289 3220 5353 pisci
3240 5284 3610 5358 assimilaretur.
3632 5281 3914 5358 Anastasius

2318 5342 2569 5421 bibit;
2594 5342 2684 5421 ῙῩξ
2714 5342 2988 5413 ilurenam,
3035 5351 3086 5401 in
3104 5342 3208 5411 ‘qua
3225 5350 3445 5421 pendent
3475 5356 3684 5421 genum?
3714 5342 3911 5421 "llafﬁ'

2318 5408 2463 5474 tliiruz
2500 5408 2630 5469 Trin.
2656 5418 2817 5477 Item,
2858 5408 3081 5465 Munera:
3101 5408 3399 5474 prasinales,
3441 5408 3493 5458 ei
3532 5416 3784 5459 Hurenam
3827 5410 3914 5453 trt-

2358 5487 2471 5541 lein,
2497 5492 2592 5532 nte.

2497 5496 2525 5528 υ
2581 5517 2592 5528 .

2319 5484 2597 5611 ﬁliifilii?»
2621 5548 2725 5608 erat
2746 5538 2930 5611 ίτξειιιία
2949 5534 3300 5611 revenisses
3325 5529 3777 5611 EEeEL‘SET}.l‘l‘1}:‘.‘S
3794 5527 3915 5611 “‘39.:

2320 5593 2614 5657 hus'vcrhis
2650 5602 2830 5650 incultu
2869 5593 3138 5655 vcslc;sed
3166 5596 3299 5657 piget
3324 5594 3371 5641 in
3396 5593 3474 5641 bis
3495 5593 3767 5651 immorari,
3808 5599 3921 5655 qua

2320 5655 2500 5720 sumius
2522 5662 2792 5715 inconsulto
2817 5662 3003 5711 lectore
3027 5655 3358 5720 emendaturus.

2511 5713 2617 5777 :iias
2644 5725 2748 5775 156.
2766 5722 2955 5788 scripta
2977 5730 3102 5773 anno
3122 5717 3291 5772 eodem
3307 5713 3418 5781 58l.
