4078 6198
632 305 735 363 131

636 435 704 474 ex
737 419 951 473 nomine
991 414 1110 471 tidei
1133 415 1289 469 Amen
1311 410 1655 481 Septuaginta
1676 419 1873 476 γένοιτο,
1898 406 1950 461 id
1972 415 2074 471 est,
2098 406 2211 474 ﬁat.

638 509 798 567 Unde
824 520 877 564 et
904 511 955 562 in
987 510 1091 561 line
1119 506 1373 558 librorum
1405 504 1425 571 (
1444 504 1495 557 in
1520 503 1752 572 quinque
1781 499 2041 569 siquidem
2066 498 2213 549 volu—

640 604 807 666 mina,
832 600 1142 654 Psalterium
1165 597 1302 665 apud
1332 595 1582 649 llebrtcos
1601 594 1830 647 divisum
1850 596 1956 657 est)
1988 591 2097 658 ﬁat,
2121 591 2211 656 ﬁat

636 692 1019 746 transtulerunt
1047 706 1060 739 :
1090 688 1230 757 quod
1262 689 1317 741 in
1346 686 1605 740 llebraico
1636 685 1850 753 legitur,
1875 698 2015 737 una
2045 697 2204 744 sum,

636 798 744 851 quo
771 783 971 834 scilicet
992 795 1057 833 eo
1074 795 1199 833 vere
1224 778 1363 832 dicta
1390 795 1508 847 qua:
1535 786 1657 831 sunt
1681 792 1862 845 supra,
1887 776 2212 829 continuen-

631 882 737 926 tur.
784 871 934 927 L'nde
974 880 1029 925 et
1074 872 1271 925 Paulus
1295 871 1508 933 asserit,
1538 884 1643 923 non
1677 882 1832 936 posse
1860 867 2090 936 aliquem
2122 880 2209 919 re-

628 962 897 1030 spondere
926 962 1107 1025 Amen,
1156 961 1205 1015 id
1248 971 1349 1025 est,
1392 960 1717 1015 coiiftrmare
1756 974 1875 1028 qum
1926 957 2210 1027 prtedicata

637 1054 792 1126 133
865 1064 985 1108 sunt
1008 1094 1023 1118 ,
1054 1053 1154 1107 nisi
1176 1053 1518 1116 intellexerit,
1540 1050 1999 1119 pra-dicationem.
2021 1049 2212 1102 Dianas

626 1162 769 1200 una
800 1146 969 1216 magis
997 1146 1187 1215 Syrum
1220 1154 1303 1199 est
1331 1160 1490 1214 quam
1524 1144 1866 1207 Hebraicum,
1897 1142 2109 1195 tametsi
2141 1155 2209 1194 ex

623 1237 858 1291 COttiinin
893 1248 1234 1305 utrarumque
1271 1236 1572 1305 linguarum
1600 1234 1797 1305 aliquid
1829 1243 1885 1290 et
1925 1234 2207 1288 Hebraeum

627 1336 805 1393 sonet,
829 1338 885 1383 et
901 1331 1299 1397 interpretetur,
1325 1329 1613 1383 sDominus
1628 1336 1812 1380 noster
1831 1326 1977 1379 venit
1996 1341 2043 1391 ;s
2068 1334 2122 1377 ut
2140 1325 2210 1378 sit

619 1433 810 1474 sensus
846 1438 859 1473 :
896 1439 914 1470 ι
938 1420 991 1474 Si
1023 1420 1143 1492 quis
1183 1435 1289 1476 non
1329 1429 1475 1475 amat
1510 1420 1793 1474 Dominum
1832 1418 2015 1473 Jesum
2046 1415 2204 1471 Chri-

618 1521 784 1577 stum,
823 1512 1107 1567 anathema
1150 1514 1218 1567 sit
1246 1532 1266 1565 ι
1295 1513 1387 1587 (1.
1419 1512 1538 1568 Cor.
1576 1514 1662 1569 l6.
1692 1513 1821 1583 9.2),
1854 1522 1907 1567 et
1934 1513 2023 1566 illo
2053 1526 2204 1566 com-

620 1602 786 1672 pleto,
816 1601 1070 1672 deinceps
1099 1603 1355 1658 inferatur
1383 1622 1397 1657 :
1430 1622 1451 1655 ε
1480 1604 1735 1657 Dominus
1758 1615 1938 1658 noster
1962 1602 2107 1657 venit
2136 1620 2149 1654 :
2177 1622 2198 1655 ι

617 1694 758 1763 quod
789 1694 1114 1765 superﬂuum
1141 1698 1207 1751 sit
1238 1697 1523 1752 adversum
1545 1713 1667 1750 cum
1688 1698 1826 1752 odiis
1844 1696 2203 1767 pertinacibus

619 1783 758 1838 velle
782 1786 1127 1851 Contenderc,
1158 1803 1317 1856 quem
1351 1789 1560 1842 venisse
1584 1788 1692 1856 jam
1720 1796 1948 1842 constet.

692 1877 746 1930 5.
794 1872 995 1931 Vellent
1029 1876 1119 1931 tibi
1147 1878 1347 1946 aliquid
1379 1890 1434 1933 et
1461 1878 1529 1933 de
1556 1878 1907 1948 Diapsalmate
1936 1880 2196 1945 scribere,

616 1968 758 2037 quod
786 1968 926 2037 apud
962 1968 1215 2022 Ιιριιηυος
1246 1972 1499 2024 scribitur
1523 1985 1654 2025 seu
1689 1990 1701 2024 :
1735 1971 1880 2025 etde
1911 1970 2116 2041 Ephotl,
2145 1980 2201 2027 et

613 2057 681 2111 de
725 2073 789 2111 eo
833 2059 973 2127 quod
1026 2060 1077 2111 in
1129 2060 1409 2129 cujusdam
1462 2061 1660 2114 Psalmi
1716 2060 1872 2115 titulo
1922 2060 2193 2117 habetur:

611 2149 689 2218 (α)
720 2147 824 2202 Pro
850 2167 1097 2217 Αιειετιι,
1142 2163 1196 2207 et
1224 2154 1434 2209 caeteris
1464 2154 1801 2219 istiusmodi;
1849 2155 1950 2209 nisi
1995 2164 2048 2209 et
2076 2171 2193 2209 mo.

607 2241 733 2294 dum
767 2243 1028 2311 epistolici
1062 2245 1391 2300 characteris
1429 2247 1767 2311 excederetn,
1818 2255 1873 2301 et
1903 2247 1997 2301 tibi
2025 2248 2194 2301 avidi-

607 2340 769 2386 tatem
813 2335 980 2404 magis
1008 2334 1187 2390 dilata:
1214 2335 1287 2408 (b)
1323 2335 1585 2391 deberent
1625 2338 1803 2391 facere
1844 2337 2189 2407 qumstiones.

603 2425 812 2480 Tritum
860 2428 1055 2496 quippe
1102 2439 1182 2483 est
1220 2430 1564 2498 proverbium
1605 2447 1618 2482 :
1663 2429 1958 2485 Uitroneas
2005 2440 2192 2497 putere

606 2533 832 2571 merces.
866 2518 1019 2574 Unde
1049 2529 1103 2574 et
1130 2538 1227 2574 nos
1258 2520 1325 2575 de
1347 2521 1606 2575 industria
1632 2519 1855 2577 dicenda
1881 2521 2188 2589 reticentus,

602 2616 663 2662 ut
688 2609 896 2665 avidius
924 2611 1054 2666 velis
1082 2611 1269 2667 audire
1293 2629 1411 2683 qua:
1437 2615 1591 2668 tacita
1623 2622 1767 2669 sunt.

1050 2746 1380 2804 EPISTOLA
1418 2748 1613 2804 xxvn
1639 2748 1737 2821 (c).

1046 2898 1114 2937 AD
1151 2898 1365 2938 EAIDEI
1405 2894 1741 2937 IARCELLAI.

597 3016 887 3089 Respondet
922 3020 1008 3085 iis,
1045 3021 1134 3090 qui
1175 3020 1275 3075 sibi
1301 3019 1669 3085 obtrectabant,
1698 3020 1836 3090 quod
1856 3021 2090 3091 quedam
2118 3037 2185 3075 ea:

666 3129 793 3167 novo
823 3111 1139 3167 Testamento
1171 3114 1277 3179 iam
1309 3123 1514 3182 recepta
1557 3122 1821 3179 mutasset,
1852 3122 1899 3167 et
1928 3114 2181 3182 virginum

666 3222 778 3258 cum
806 3206 924 3259 viris
952 3207 1362 3261 consuetudinem
1392 3208 1742 3275 vituperasset.

667 3336 719 3390 1.
763 3336 950 3390 Omnia
979 3338 1128 3392 verba
1152 3339 1432 3408 Scriptura:
1452 3339 1691 3393 divinitus
1711 3345 1979 3411 inspirata.
2016 3339 2181 3395 Vitio-

591 3430 716 3485 sitas
756 3429 996 3483 Codicum
1036 3430 1318 3500 latinorum
1353 3432 1421 3483 ad
1466 3430 1695 3485 ercam
1738 3434 1984 3502 originem
2030 3448 2178 3486 revo-

594 3524 780 3575 canda.
798 3519 1012 3573 —Post
1038 3521 1265 3588 priorem
1294 3520 1609 3589 Epistolam,
1640 3524 1691 3575 in
1721 3538 1822 3592 qua
1848 3525 1913 3579 de
1937 3523 2177 3579 Hebr-aris

591 3612 770 3666 verbis
796 3626 960 3681 pauca
988 3611 1423 3680 perstrinxeram,
1451 3611 1517 3665 ad
1550 3627 1633 3665 me
1662 3624 1882 3681 repente
1913 3614 2175 3682 perlatum

594 3712 697 3771 est,
741 3703 998 3774 quosdam
1037 3702 1388 3757 homunculos
1419 3701 1546 3757 mihi
1589 3704 1827 3759 studiose
1866 3704 2172 3770 detrahere,

591 3809 689 3851 cur
715 3795 996 3851 adversum
1026 3796 1396 3851 auctoritatem
1423 3805 1684 3859 veterum,
1718 3806 1770 3850 et
1794 3796 1955 3851 totius
1990 3796 2174 3852 mundi

591 3887 918 3957 Opinionem,
948 3886 1125 3957 aliqua
1167 3886 1221 3940 in
1265 3885 1568 3957 Evangeliis
1600 3886 1889 3943 emendare
1932 3897 2175 3943 tentave-

588 3982 713 4035 rim.
756 3981 905 4047 Quos
949 3996 1049 4050 ego
1091 3995 1212 4035 cum
1256 3995 1473 4050 possem
1521 3996 1642 4034 meo
1663 3980 1785 4050 jure
1828 3988 2173 4035 contemnere

590 4073 782 4147 (Asino
834 4073 1033 4143 quippe
1075 4073 1189 4143 lyra
1231 4074 1501 4143 superﬂue
1542 4074 1705 4143 canit)
1732 4081 1910 4128 tamen
1956 4088 2025 4130 ne
2074 4086 2173 4129 nos

588 4164 878 4233 superbiae,
908 4172 965 4217 ut
996 4162 1169 4218 facere
1211 4163 1412 4229 solent,
1460 4173 1707 4235 arguant,
1741 4165 1812 4220 ita
1852 4179 2171 4235 responsum

587 4254 825 4309 habeant
852 4272 865 4308 :
895 4252 1009 4307 Non
1037 4252 1172 4309 adeo
1199 4269 1285 4308 me
1314 4254 1521 4309 hebetis
1558 4255 1717 4310 fuisse
1744 4254 1944 4323 cordis,
1979 4264 2033 4311 et
2062 4263 2170 4310 tam

590 4360 787 4400 crassa:
834 4346 1144 4401 rusticitatis
1195 4347 1375 4416 (quam
1426 4346 1497 4401 illi
1540 4347 1709 4401 solam
1750 4363 1844 4416 pro
1889 4348 2171 4403 sanctitate

592 4438 812 4503 habent,
860 4439 1179 4506 piscatorum
1226 4452 1285 4493 se
1322 4437 1615 4506 discipulos
1656 4448 1982 4504 asserentes,
2016 4441 2169 4509 quasi

590 4534 791 4588 idcirco
834 4532 1005 4585 sancti
1049 4531 1175 4595 sint,
1222 4532 1267 4585 si
1310 4530 1443 4584 nihil
1478 4530 1722 4600 scierint)
1767 4541 1826 4585 ut
1863 4530 2061 4603 aliquid
2099 4532 2169 4589 de

588 4625 880 4681 Dominicis
899 4622 1095 4689 verbis,
1114 4631 1206 4677 aut
1223 4620 1596 4692 corrigendum
1616 4624 1934 4691 putaverim,
1957 4631 2164 4681 antnon

585 4718 839 4773 divinitus
869 4716 1213 4785 inapiratum;
1242 4714 1337 4770 sed
1370 4714 1679 4769 Latinorum
1725 4714 1882 4786 134
1920 4717 2163 4773 codicum

584 4812 948 4873 vitiositatem,
989 4822 1108 4878 qua:
1153 4822 1220 4862 ex
1264 4805 1577 4862 diversitate
1621 4805 1878 4862 librorunt
1924 4810 2163 4865 omnium

582 4900 980 4969 comprobatur,
1026 4897 1093 4953 ad
1141 4897 1385 4954 Graecam
1433 4899 1717 4968 originem,
1769 4896 1911 4953 unde
1963 4908 2017 4955 et
2061 4900 2163 4971 ipsi

583 4992 831 5045 translata
860 5006 966 5045 non
992 4990 1274 5061 denegant,
1304 4990 1537 5045 voluisse
1563 5004 1836 5046 revocare.
1876 4989 2083 5059 Quibus
2116 4994 2161 5048 si

582 5083 829 5152 displicet
853 5083 1017 5138 fontis
1057 5084 1195 5139 unda
1229 5083 1523 5156 purissimi,
1572 5096 1821 5139 emnosos
1852 5084 2051 5139 rivulos
2083 5084 2163 5141 bi-

583 5175 746 5242 bant;
781 5184 837 5231 et
857 5176 1185 5246 diligentiam
1207 5194 1310 5249 qua
1340 5177 1519 5233 avium
1545 5178 1726 5245 silvas,
1751 5186 1807 5234 et
1832 5178 2159 5236 concharum

639 5306 712 5365 (α)
732 5306 954 5373 Martian.
967 5310 1164 5372 Bjeleth,
1181 5313 1265 5373 qui
1282 5312 1492 5361 dandum
1504 5309 1804 5362 librariomm
1821 5314 2053 5363 socordia:
2074 5328 2161 5364 no~

576 5372 665 5436 tat,
684 5370 812 5436 quod
835 5370 1029 5436 inlices
1048 5370 1235 5436 omnes,
1258 5373 1423 5436 legant
1457 5373 1647 5436 Metelli.
1671 5388 1756 5435 pro
1781 5374 1994 5432 .rjeletlt;
2019 5376 2158 5427 facile

579 5431 709 5493 enini
747 5432 795 5493 in
838 5432 1005 5493 ignoto
1037 5434 1273 5483 vocabulo
1297 5431 1359 5493 Si,
1387 5443 1440 5484 et
1468 5434 1541 5483 At.
1565 5431 1938 5484 confunduntur.
1965 5437 2158 5487 Titulus

578 5498 653 5537 est
671 5489 1013 5563 Psalmijuxta
1034 5494 1188 5563 Ηυιιν,
1211 5489 1463 5563 umqum
1486 5509 1574 5555 pro
1591 5506 1738 5563 cervo
1752 5495 1984 5547 matutino
2005 5499 2158 5549 inter-

576 5559 797 5613 pretatur
821 5551 962 5613 Hier.
988 5567 1080 5613 qua
1104 5556 1168 5601 de
1191 5569 1245 5602 re
1268 5551 1496 5604 dicemus
1509 5571 1596 5605 suo
1622 5559 1745 5607 loco.

639 5613 711 5673 (ιι)
749 5612 1073 5685 Νριιὶᾖιηςιιςίς
1089 5615 1428 5685 arridetllegii
1452 5619 1632 5666 codicis
1655 5619 1802 5668 lectio
1824 5618 2050 5671 deberem
2080 5623 2155 5685 fa-

573 5672 1015 5736 cerc'qttarstiottij;
1039 5672 1127 5736 sed
1152 5686 1244 5720 non
1277 5672 1598 5725 imiuutatnus.

638 5731 729 5787 (σι’
745 5733 878 5785 Alias
900 5731 1004 5783 ιω.
1023 5732 1208 5787 scripta
1225 5737 1370 5790 paulo
1391 5742 1492 5786 υοδι
1513 5738 1827 5799 superiorem.

1946 291 2186 350 SANCTI
2226 287 2603 345 HIERONHII

3806 299 3904 354 πιῖ

2323 405 2561 475 gurgites
2580 412 2796 472 norunt,
2819 405 2873 459 in
2894 404 3184 477 Scriptnris
3205 407 3447 479 legendis
3464 408 3721 479 abjiciant
3739 428 3753 465 :
3773 414 3901 468 sint-

2319 512 2424 566 que
2468 497 2521 550 in
2567 497 2670 552 hac
2707 513 2764 552 re
2803 505 3008 552 tantum
3054 500 3346 568 simplices,
3396 512 3454 555 ut
3495 501 3695 556 Christi
3743 505 3896 561 verba

2319 587 2623 642 existiment
2641 589 2931 654 ruSticana,
2959 589 3012 643 in
3044 592 3238 658 quibus
3264 607 3360 661 per
3385 601 3529 647 tanta
3548 593 3661 662 jam
3682 596 3893 661 szecula,

2318 688 2586 734 tantorum
2636 683 2845 752 ingenia
2901 682 3230 737 sudat-erunt
3259 726 3275 749 ,
3322 695 3381 738 ut
3438 687 3700 743 rationem
3751 692 3893 746 verbi

2315 772 2735 842 uniuscujusque
2776 772 2871 844 [aL
2917 774 3280 847 unusquisque]
3312 778 3481 847 magis
3521 780 3722 847 opinati
3765 784 3891 850 sint,

2314 879 2473 934 quam
2517 867 2899 934 expresserim.
2949 869 3268 936 Apostoium
3323 880 3547 939 arguant
3586 874 3889 944 imperitizo,

2315 956 2404 1025 qui
2432 955 2502 1010 ob
2530 957 2725 1010 multas
2748 957 2955 1012 litteras
2980 959 3213 1013 insanire
3233 960 3462 1015 dicatur.

2383 1047 2438 1101 2.
2482 1049 2606 1103 Scio
2646 1059 2700 1105 te
2731 1064 2856 1104 cum
2907 1051 3008 1105 ista
3038 1052 3251 1122 legeris,
3297 1069 3491 1124 ngare
3546 1055 3802 1122 frontem,
3843 1073 3889 1114 rt

2315 1137 2612 1194 libertatem
2655 1156 2827 1196 meam
2870 1158 3084 1198 rursum
3131 1146 3475 1200 seminarium
3519 1149 3709 1203 timere
3751 1152 3884 1203 ris--

2312 1243 2465 1295 rum;
2497 1246 2559 1286 ac
2588 1248 2785 1296 meum,
2836 1235 2879 1287 si
2912 1236 3025 1290 lieri
3056 1244 3251 1304 potest,
3295 1253 3356 1291 os
3385 1238 3553 1308 digito
3582 1241 3719 1294 velle
3749 1257 3861 1293 com

2311 1321 2561 1389 primore,
2595 1338 2662 1377 ne
2688 1323 2915 1378 audeam
2934 1325 3136 1389 dicere,
3165 1342 3284 1395 qua:
3310 1327 3399 1380 alii
3423 1329 3596 1383 facere
3624 1345 3730 1383 non
3762 1346 3855 1385 eru

2311 1411 2552 1465 bescunt.
2584 1413 2733 1483 Rogo
2778 1416 2903 1485 quid
2932 1432 2960 1469 a
2993 1418 3146 1470 nobis
3170 1418 3339 1472 libere
3367 1418 3567 1474 dictum
3599 1422 3887 1476 εδιῖλΝιιιι-

2308 1502 2434 1570 quid
2496 1501 2548 1556 in
2596 1503 2841 1559 lancibus
2884 1506 3021 1561 idola
3067 1508 3253 1561 caalata
3298 1509 3597 1579 descripsi?
3647 1514 3880 1583 nunquid

2307 1592 2447 1646 inter
2471 1595 2657 1663 epulas
2684 1596 3039 1663 Christianas,
3074 1599 3424 1669 virginalibus
3459 1602 3627 1656 oculis
3655 1604 3883 1660 Baccha-

2304 1699 2424 1740 rum
2450 1686 2873 1759 Satyrorumque
2895 1690 3209 1759 complexus
3254 1691 3471 1747 innexni
3496 1710 3510 1745 :
3534 1704 3626 1747 aut
3653 1709 3882 1767 unquam

2303 1778 2533 1848 aliquem
2564 1780 2798 1834 amarior
2821 1796 3002 1835 sermo
3045 1781 3311 1850 pulsavit?
3339 1781 3588 1853 Nunquid
3625 1800 3695 1840 ex
3729 1803 3882 1841 nien-

2303 1867 2439 1923 dicis
2491 1870 2683 1925 divites
2731 1869 2846 1926 ﬁeri
2887 1870 3203 1926 doluimus?
3251 1874 3494 1943 nunquid
3560 1878 3880 1945 reprehendi

2301 1959 2668 2016 hmreditarias
2696 1964 3033 2032 sepulturas?
3074 1964 3249 2020 Unum
3284 1964 3450 2020 miser
3475 1964 3717 2033 loeutus,
3744 1971 3881 2039 quod

2299 2053 2534 2123 virgines
2555 2055 2752 2123 saepius
2772 2054 3034 2111 deberent
3059 2071 3179 2111 cum
3207 2056 3525 2112 mulieribus
3552 2072 3693 2122 esse,
3722 2075 3879 2129 quam

2296 2158 2419 2199 cum
2462 2147 2736 2213 masculis,
2771 2148 2936 2202 totius
2979 2148 3167 2203 oculos
3213 2148 3360 2204 urbis
3400 2148 3617 2213 oﬂ'endi,
3659 2164 3880 2206 cuncto-

2298 2248 2415 2286 rnm
2446 2233 2629 2304 digitis
2674 2245 2852 2289 notor.
2892 2255 2911 2288 ‹
2942 2235 3271 2305 Multiplicati
3299 2245 3425 2290 sunt
3464 2252 3628 2305 super
3653 2238 3880 2308 capillos

2295 2325 2488 2393 capitis
2511 2326 2636 2392 mei,
2668 2326 2759 2396 qui
2791 2326 3023 2381 oderunt
3054 2342 3140 2382 me
3159 2327 3345 2397 gratis,
3370 2335 3427 2382 et
3457 2326 3628 2383 factus
3654 2343 3781 2384 sum
3805 2332 3880 2387 eis

2296 2416 2348 2470 in
2379 2416 2681 2485 parabolam
2711 2437 2731 2469 ι
2767 2416 2938 2487 (Psat.
2973 2417 3100 2489 119)
3129 2437 3142 2474 :
3173 2427 3230 2475 et
3258 2429 3312 2475 tu
3340 2428 3498 2490 putas
3542 2435 3632 2477 me
3676 2421 3878 2494 aliquid

2292 2508 2546 2578 deinceps
2574 2510 2911 2566 locuturum?

2361 2602 2416 2656 5.
2458 2600 2657 2656 Verum
2684 2616 2751 2657 ne
2774 2602 2999 2659 Flaccus
3026 2601 3093 2659 de
3117 2603 3274 2658 nobis
3297 2603 3472 2660 rideat
3500 2622 3516 2660 :
3550 2623 3572 2658 ι
3595 2605 3874 2676 Amphora

2291 2692 2453 2762 cmpit
2497 2693 2740 2758 institui,
2787 2704 3038 2750 currente
3086 2706 3235 2764 rota,
3287 2710 3385 2750 cur
3433 2710 3628 2753 urceus
3668 2699 3871 2754 exitiis

2289 2783 2504 2855 (Horat.
2535 2784 2599 2838 de
2622 2785 2734 2839 Art.
2757 2783 2979 2857 Poctic.)
3003 2786 3080 2857 (ιι)
3106 2788 3427 2843 revertimur
3455 2786 3523 2842 ad
3548 2797 3767 2845 nostros
3800 2790 3875 2847 bi-

2289 2877 2452 2945 pedes
2497 2876 2724 2942 asellos;
2774 2886 2830 2933 et
2870 2878 3082 2933 illorum
3125 2880 3179 2933 in
3218 2894 3349 2934 aure
3398 2879 3658 2936 buccinna
3702 2884 3875 2955 magis

2284 2982 2443 3038 quam
2465 2967 2667 3022 cithara
2692 2982 3101 3038 concrepamus.
3131 2968 3209 3024 Illi
3232 2969 3435 3041 legant,
3466 2989 3488 3024 ί
3512 2985 3611 3042 spe
3630 2974 3874 3043 gauden-

2285 3070 2387 3129 tes,
2421 3062 2649 3131 tempori
2689 3063 2986 3117 servientes
3016 3080 3031 3117 :
3067 3082 3088 3115 ι
3120 3078 3219 3118 nos
3245 3064 3506 3134 legamus,
3547 3081 3567 3117 ι
3604 3080 3701 3134 spe
3728 3080 3872 3137 gau-

2283 3152 2493 3219 dentes,
2529 3152 2755 3208 Domino
2783 3154 3079 3208 servientes
3111 3172 3130 3204 ι
3164 3152 3340 3223 (Rom.
3361 3154 3451 3209 l2.
3482 3155 3550 3209 l2
3574 3165 3621 3210 et
3650 3157 3765 3228 ll).
3795 3158 3871 3213 Illi

2281 3242 2540 3297 adversus
2580 3242 2955 3314 Presbyterum
2987 3247 3382 3299 accusationem
3419 3245 3639 3299 omnino
3664 3245 3735 3317 (ε)
3766 3263 3866 3317 pu-

2281 3342 2395 3389 tent
2421 3334 2783 3403 recipiendam
2815 3351 2829 3388 :
2860 3348 2961 3389 nos
2984 3334 3246 3405 legamus,
3292 3353 3312 3386 t
3339 3334 3600 3390 adversus
3627 3335 3867 3409 Presby-

2282 3433 2454 3480 terum
2471 3424 2866 3481 accusationem
2890 3440 2957 3480 nc
2976 3425 3266 3495 receperis,
3286 3424 3363 3498 (1)
3390 3425 3490 3481 nisi
3509 3426 3608 3480 sub
3629 3425 3864 3495 duobus,

2286 3517 2440 3589 135
2509 3524 2603 3570 aut
2631 3517 2806 3573 tribus
2834 3518 3059 3574 testibus
3087 3534 3103 3573 :
3134 3527 3419 3587 peccantes
3460 3531 3639 3575 autem
3678 3534 3866 3577 coram

2278 3609 2528 3664 omnibus
2551 3623 2715 3679 argue
2747 3626 2767 3661 ι
2800 3610 2880 3680 (1.
2913 3608 3050 3664 Τὶιιι.
3083 3611 3137 3666 5.
3168 3610 3281 3682 19).
3311 3612 3420 3667 Illis
3447 3614 3674 3682 placeat,
3706 3630 3725 3666 ι
3755 3614 3869 3671 Hu-

2277 3715 2467 3754 inanus
2496 3714 2675 3754 sermo
2701 3708 2757 3755 et
2779 3702 2922 3756 omni
2949 3699 3261 3771 acceptione
3288 3701 3481 3773 dignus
3511 3720 3526 3759 :
3553 3724 3573 3758 ι
3604 3720 3705 3760 nos
3739 3720 3866 3763 cum

2277 3789 2500 3855 Grzccis,
2526 3789 2577 3845 id
2611 3800 2712 3858 est,
2746 3806 2866 3846 cum
2895 3792 3284 3864 Apostolo,qui
3310 3793 3726 3853 Graecelocutus
3752 3807 3863 3867 est,

2276 3898 2560 3939 erremus:
2594 3902 2613 3937 t
2640 3882 2842 3939 Fidelis
2883 3898 3082 3952 sermo,
3124 3892 3181 3942 et
3226 3886 3374 3941 omni
3416 3888 3730 3959 acceptione
3774 3889 3863 3945 di-

2274 3989 2433 4046 gnus.
2467 3993 2487 4028 ι
2523 3975 2605 4031 Ad
2637 3984 2939 4032 extremum
2970 3976 3051 4032 illi
3076 3977 3343 4048 gaudeant
3367 3977 3585 4035 Gallicis
3621 3979 3693 4052 (n
3715 3980 3861 4037 Can-

2362 4111 2417 4177 d)
2449 4110 2685 4177 Plerique
2708 4111 2821 4161 Mss.
2849 4110 3162 4177 diser-tamur,
3187 4117 3241 4177 et
3260 4124 3375 4177 mox
3397 4124 3751 4177 ωηεζερεπιω.

2338 4172 2407 4235 (e)
2441 4172 2691 4235 Contraria
2713 4186 2880 4231 sensu,
2904 4173 2994 4222 sed
3016 4177 3196 4235 verius,
3211 4173 3363 4224 habet
3383 4188 3510 4225 unus
3522 4172 3727 4238 Regina:
3748 4175 3854 4227 cod.

2275 4232 2384 4289 215.
2412 4242 2465 4283 et
2486 4242 2630 4283 vetus
2662 4234 2828 4293 editio,
2854 4234 3046 4285 omnino
3065 4248 3159 4285 non
3181 4241 3362 4295 putent.

2336 4273 2401 4360 ὣ
2415 4273 3447 4360 Ϋὲειήἲέἓῖυἴᾷἴἐἆὶῐξῶὤὲῗέὐιυε
3480 4297 3805 4360 etymologia
3826 4311 3857 4350 a

2336 4312 2401 4357 υ)
2436 4312 2693 4345 cantemus
2717 4312 2794 4345 est
2825 4312 2982 4359 equus
3002 4312 3270 4357 casuatus,
3309 4312 3447 4360 cuius
3480 4312 3531 4347 et
3612 4312 3692 4348 OIO
3826 4312 3850 4350 α

2271 4358 2473 4427 seminis
2492 4357 2693 4428 caritate
2703 4356 2887 4428 _Varr_9_,
2914 4365 2967 4428 et
2986 4357 3102 4428 Cato
3122 4359 3390 4428 deducunt.
3431 4312 3640 4428 (ἱειῶ
3677 4312 3850 4428 (Eiic-

2270 4419 2375 4481 tjos
2391 4426 2628 4481 meruerat
2648 4419 2794 4481 etiam
2820 4419 3019 4470 Plautus
3052 4420 3103 4468 in
3135 4419 3412 4481 Aulularia;
3454 4428 3507 4471 et
3535 4421 3599 4470 de
3635 4420 3853 4481 mutuitth

2271 4477 2468 4545 Gallicis
2490 4485 2654 4529 exstat
2672 4478 2916 4530 Claudiam
2942 4484 3264 4545 epigramma,
3292 4477 3448 4545 atque
3487 4482 3615 4545 aliud
3646 4477 3854 4545 Ennodii

2268 4538 2334 4588 de
2373 4540 2557 4603 eodem,
2584 4548 2873 4603 argumento
2896 4538 3131 4592 adverus
3159 4538 3488 4594 Claitdiatium.
3512 4543 3618 4593 Non
3644 4544 3759 4592 hinc
3786 4549 3853 4593 ta-

2269 4613 2391 4669 men
2407 4601 2679 4669 satisbeue
2701 4601 2961 4669 colligitur,
2988 4618 3099 4669 eam
3120 4604 3271 4669 fuisse
3292 4603 3572 4669 Hieronymi
3606 4612 3849 4669 mentem,

2268 4669 2323 4711 ut
2336 4662 2421 4729 his
2438 4663 2609 4729 verbis
2631 4662 3131 4729 notaret'detractoris
3151 4667 3227 4716 sui
3253 4662 3625 4729 patriam,'qtttxl
3654 4662 3855 4729 quidam

2266 4724 2450 4793 opinati
2474 4731 2603 4780 suut,
2629 4730 2682 4774 et
2706 4724 2984 4775 Martiauzeo
3020 4733 3170 4787 teste,
3196 4724 3397 4798 pricfert
3428 4724 3744 4796 quorumdam
3778 4741 3856 4776 ρο·
3904 4750 3913 4757 ·

2266 4782 2425 4834 dtcum
2449 4785 2564 4834 Mss.
2591 4785 2717 4834 istud
2741 4786 3003 4836 alossema.
3028 4795 3133 4836 erat
3155 4802 3282 4836 erum
3299 4787 3476 4836 Gallus.
3502 4801 3584 4836 aut
3607 4787 3669 4836 de
3693 4796 3854 4836 trans-

2266 4785 2425 4834 dicum
2449 4785 2564 4834 Mss.
2591 4785 2717 4834 istud
2741 4786 3003 4850 glossema,
3028 4795 3133 4838 erat
3155 4785 3282 4838 enim
3299 4785 3476 4847 Gallus,
3502 4786 3585 4851 qui
3607 4787 3669 4837 de
3693 4796 3854 4837 trans-

2266 4843 2451 4921 latioch
2480 4847 2781 4921 denegarat.
2961 4862 3127 4921 neque
3158 4849 3335 4921 aliquis
3372 4849 3852 4921 Montanisectator,

2263 4908 2589 4973 quodeditor
2642 4908 2900 4973 Benedict.
2941 4908 3101 4973 putat,
3148 4908 3339 4962 notatur
3396 4910 3470 4960 his
3506 4909 3697 4973 verbis;
3760 4910 3855 4973 i_u.u

2264 4969 2418 5032 ignari
2435 4969 2637 5034 quidam
2659 4970 2900 5034 homines,
2925 4969 3065 5034 quos,
3084 4969 3194 5022 cum
3217 4974 3482 5023 inscienter
3504 4970 3856 5034 sibidetrahe-

2262 5029 2394 5091 rent,
2417 5029 2593 5080 A'sinos
2614 5029 2958 5093 praegrandes'
2973 5029 3128 5096 vocat,
3154 5046 3339 5095 κανθήλιος
3378 5034 3507 5085 enim
3529 5032 3712 5083 Asinus
3737 5046 3855 5095 prte-

2326 5134 2400 5196 (1)
2423 5134 2637 5200 Hilarius
2652 5132 2913 5200 Diaconus,
2929 5137 3021 5200 qui
3032 5135 3390 5200 Ambrosiaster
3412 5139 3563 5197 audit,
3591 5137 3715 5187 hanc
3733 5136 3855 5200 duo-

2262 5209 2371 5270 wm
2392 5196 2867 5270 vel-triumtestium
2888 5196 3215 5270 conditionem
3238 5199 3364 5248 haud
3383 5201 3535 5270 novit,
3552 5196 3728 5270 neque
3751 5199 3854 5261 ipse

2261 5252 2415 5321 Hier:
2427 5257 2541 5321 alibi
2568 5256 2691 5319 legit
2713 5269 2878 5321 neque
2898 5259 3181 5319 Primasius,
3203 5273 3368 5321 neque
3392 5252 3748 5316 OEcumenius,
3769 5252 3845 5308 ite-

2297 5318 2829 5382 ue_Cyprianus._Sutit
2865 5322 2948 5382 qui
2985 5318 3237 5382 putgent’ea
3262 5318 3412 5370 verba
3437 5321 3556 5371 falso
3578 5322 3765 5370 intrusa
3804 5322 3853 5374 in

2262 5378 2397 5429 Pauli
2413 5378 2630 5444 textum,
2647 5378 2726 5428 alii
2749 5378 3042 5444 abaritiquis
3065 5381 3202 5432 libris
3222 5382 3392 5444 abrssa
3417 5388 3641 5444 tanquam
3684 5395 3831 5444 super

2260 5445 2374 5493 tlua.
2401 5441 2565 5503 Quoad
2590 5441 2792 5490 alteram
2818 5438 3099 5497 lectionem.
3125 5442 3328 5503 tempori
3366 5438 3625 5494 servientes
3641 5479 3657 5503 ,
3683 5438 3835 5503 pluris

2260 5517 2359 5566 que
2385 5503 2464 5567 illa
2493 5502 2719 5567 Patribus
2742 5510 2854 5567 nota
2880 5511 2975 5559 est,
3001 5506 3193 5567 tametsi
3236 5505 3541 5565 repudiatur,
3577 5502 3833 5567 praefertur

2258 5563 2359 5629 que
2385 5563 2463 5610 illa
2489 5564 2689 5629 Domino
2712 5564 2984 5629 servientes,
3012 5564 3238 5629 varietas
3261 5563 3322 5629 ej:
3350 5567 3537 5616 tim-cis
3559 5563 3834 5629 exemplari

2260 5625 2352 5673 bus
2373 5633 2477 5672 orta
2503 5633 2597 5682 est,
2626 5627 2672 5673 in
2694 5637 2902 5686 quorum
2923 5625 3164 5686 aliquibus
3186 5629 3259 5686 ob_
3282 5625 3552 5681 litterarum
3572 5625 3845 5676 afﬁnitatem

2261 5693 2443 5763 eratle
2462 5704 2595 5763 περς.)
2621 5686 2666 5763 in
2690 5684 2796 5763 aliis
2816 5704 2868 5737 το
2884 5700 2990 5749 τινι...
3006 5684 3141 5757 unde
3165 5693 3218 5738 et
3239 5684 3398 5737 Latini
3423 5687 3537 5740 Mss.
3559 5688 3747 5763 aliquot
3771 5700 3837 5737 an

2261 5753 2515 5806 tiquissimi
2543 5753 2742 5797 variant.
