4078 6198
631 315 745 373 455

630 434 877 491 abimus
897 440 1091 485 nomen
1116 433 1288 478 tuum:
1322 414 1399 488 (a)
1424 419 1545 485 post
1575 408 1763 477 illud,»
1788 421 1887 476 ego
1900 399 2214 459 conﬁrmavi

633 526 915 583 columnas
941 502 1077 586 ejus,
1116 532 1136 565 ι
1161 508 1301 578 apud
1321 504 1665 575 Septuaginta
1682 511 1736 556 et
1762 495 2215 586 Theodotionem,

630 625 691 675 et
716 583 1095 687 Symmachum
1152 601 1311 673 138
1362 595 1799 665 estDiapsalma;
1833 605 1931 659 pro
1950 602 2057 659 quo
2072 583 2216 687 apud

632 677 901 777 Aquilam,
935 717 956 751 ι
991 695 1281 769 ponderavi
1322 691 1601 747 columnas
1640 687 1776 754 ejus,
1829 696 2108 777 semper.
2159 677 2215 732 ln

629 770 826 868 Quinta
850 802 1027 849 autem
1055 784 1306 844 Editioue
1329 802 1344 839 :
1374 802 1394 835 ι
1417 796 1517 852 ego
1537 794 1656 833 sum
1685 777 1757 846 (b)
1785 775 1875 846 qui
1916 770 2098 868 paravi
2121 784 2216 868 co:

628 863 844 947 lumnas
877 885 1016 955 ejus.
1056 894 1291 949 semper.
1317 895 1338 929 ι
1377 873 1436 929 Ιιι
1463 874 1623 929 Sexta
1645 884 1808 925 vero:
1835 886 1855 920 ι
1886 881 1986 937 ego
2012 863 2217 919 firmavi

628 954 1032 1047 culumnasejus
1043 975 1259 1045 jugiter.
1274 970 1472 1025 sPorro
1490 969 1544 1023 in
1562 965 1825 1021 llebraico
1837 961 1997 1015 habet
2009 968 2127 1028 post
2143 954 2216 1028 (ε)

629 1090 831 1135 suum,
873 1069 1018 1142 quod
1046 1075 1149 1132 est,
1180 1062 1443 1118 columnas
1471 1060 1602 1129 ejus,
1632 1072 1783 1112 seu.
1814 1054 1879 1109 Et
1909 1066 2122 1108 rursum
2163 1048 2218 1103 in

630 1163 1027 1238 septuagesimo
1051 1159 1261 1230 quinto,
1277 1154 1430 1225 cujus
1447 1150 1765 1222 principium
1783 1158 1899 1203 est:
1933 1164 1953 1197 ι
1974 1144 2141 1199 Notus
2162 1142 2217 1195 in

631 1236 816 1317 Judma
846 1258 1016 1319 Deus;
1044 1252 1345 1309 invenimus
1374 1246 1516 1318 apud
1533 1242 1880 1314 Septuaginta
1903 1236 2217 1295 et'l'heodoo

634 1356 859 1418 tionem,
909 1357 1030 1421 post
1091 1364 1111 1398 ι
1162 1352 1371 1400 scutum
1417 1350 1475 1397 et
1520 1338 1824 1399 frameam,
1867 1340 1925 1388 et
1977 1331 2216 1392 bellum,

633 1445 957 1516 Diapsalma.
990 1461 1011 1495 ι
1042 1436 1197 1508 Apud
1226 1432 1609 1508 Symmachum
1630 1471 1645 1494 ,
1687 1436 1808 1498 post
1841 1444 1861 1476 ι
1894 1424 2147 1516 clypeum
2165 1428 2222 1475 et

632 1511 866 1610 gladium
914 1542 970 1588 et
1021 1530 1216 1585 bellum
1241 1570 1259 1595 ,
1296 1546 1317 1579 ι
1352 1523 1602 1580 similiter
1645 1517 1964 1588 Diapsalma.
1991 1514 2073 1610 (d)
2118 1511 2222 1566 Pro

634 1606 742 1700 quo
787 1626 928 1697 apud
960 1622 1208 1692 Aquilam
1233 1660 1249 1684 ,
1283 1626 1405 1688 post
1448 1634 1470 1667 ι
1527 1615 1773 1684 clypeum
1802 1621 1855 1664 et
1887 1606 2122 1678 gladium
2167 1612 2223 1659 et

635 1722 861 1785 bellum,
893 1730 1127 1785 semper.
1159 1732 1181 1766 ι
1212 1711 1366 1781 Apud
1395 1707 1649 1776 Quintam
1701 1702 2004 1758 Editionem
2027 1738 2047 1765 ,
2103 1704 2224 1766 post

642 1832 666 1867 ι
703 1820 908 1868 scutum
937 1818 993 1864 et
1013 1804 1340 1877 romphazam
1355 1811 1410 1856 et
1429 1799 1652 1860 bellum,
1679 1809 1913 1865 semper.
1939 1812 1959 1845 ι
1982 1791 2038 1846 ln
2062 1790 2222 1846 Sexta

638 1920 793 1971 vero,
822 1911 942 1974 post
963 1918 983 1951 ι
1012 1908 1223 1954 scutum
1245 1904 1300 1949 et
1324 1891 1561 1963 gladium
1578 1899 1635 1945 et
1661 1887 1858 1943 bellum
1875 1927 1892 1951 ,
1924 1885 1977 1939 in
2001 1883 2178 1937 ﬁnem.
2198 1898 2217 1931 ι

640 1972 878 2069 Eratque
902 2006 1114 2050 rursum
1143 1989 1196 2045 in
1219 1986 1481 2043 Hebraico
1508 1991 1628 2054 post
1656 1980 1734 2052 (ε)
1760 1993 2013 2034 υιιιιιαλ
2032 2017 2047 2041 ,
2078 1972 2222 2045 quod

640 2101 746 2156 est,
772 2068 821 2142 et
846 2087 1034 2142 bellum
1058 2126 1075 2151 ,
1103 2098 1255 2137 seu.
1283 2079 1351 2134 Et
1372 2078 1426 2132 in
1456 2075 1647 2132 eodem
1677 2073 1889 2128 Psalnto
1925 2078 2044 2140 post
2073 2068 2223 2121 illum

639 2181 838 2240 locutu.
873 2194 894 2230 ι
923 2184 984 2231 ιιι
1004 2174 1182 2228 salvos
1209 2169 1373 2225 faciat
1397 2168 1554 2221 mites
1586 2175 1771 2228 teme,
1807 2161 2111 2232 Diapsalma
2143 2176 2158 2212 :
2196 2175 2217 2210 ι

643 2272 802 2344 139
840 2268 981 2340 apud
1001 2262 1384 2338 Symmachum
1400 2259 1650 2316 similiter
1662 2257 1997 2328 Diapsalma:
2014 2263 2066 2309 et
2083 2251 2224 2323 apud

637 2365 906 2431 Aquilam,
938 2376 1134 2431 semper
1156 2374 1175 2413 :
1202 2370 1411 2412 necnon
1436 2351 1643 2423 etapud
1670 2350 1947 2419 Quintam.
1976 2346 2033 2402 ln
2060 2345 2224 2401 Sexta

643 2472 796 2519 vero,
822 2456 874 2508 in
899 2455 1072 2523 linem.
1103 2450 1173 2505 Et
1197 2450 1251 2504 in
1282 2445 1548 2502 llebraico
1575 2452 1694 2497 erat
1735 2448 1856 2511 post
1902 2453 2027 2494 sxta
2051 2450 2187 2492 anes
2206 2475 2223 2501 ,

640 2546 785 2617 quod
814 2553 919 2610 est,
946 2544 1088 2597 mites
1136 2551 1316 2605 terra,
1358 2552 1511 2593 seu.
1546 2536 1721 2603 Atque
1773 2533 1844 2586 ita
1896 2545 2020 2585 cum
2066 2529 2225 2582 talem

642 2636 1060 2706 uniuscujusque
1112 2631 1380 2687 Editionis
1430 2627 1740 2698 opinionem
1794 2622 2224 2690 reperissemus,

642 2729 762 2785 luce
800 2727 1195 2783 annotavimus.
1227 2722 1421 2779 Utrum
1461 2727 1640 2773 autem
1686 2715 1967 2785 cujusdam
2006 2712 2229 2767 musica:

640 2819 925 2877 cantilenae
950 2860 965 2884 ,
998 2826 1093 2871 aut
1119 2813 1321 2888 rythmi
1348 2809 1776 2867 immutationem
1798 2848 1814 2871 ,
1845 2806 1936 2877 qui
1960 2805 2227 2873 interpre-

640 2912 737 2968 tati
765 2919 889 2966 sunt
915 2908 1235 2978 Diapsalma,
1269 2904 1337 2975 (ι’)
1366 2901 1661 2968 senserint,
1690 2897 1907 2955 aliudve
1944 2895 2231 2953 intellexe-

641 3004 769 3067 rint,
803 3011 895 3057 tuo
917 3000 1123 3071 judicio
1157 2996 1501 3067 derelinquo.

714 3097 767 3150 7.
792 3095 1087 3171 .llucusque
1101 3092 1385 3163 Origenes,
1417 3087 1572 3159 cujus
1603 3100 1703 3143 nos
1735 3083 2024 3142 maluimus
2051 3084 2105 3139 in
2131 3082 2233 3139 hac

643 3186 1000 3257 disputatione
1026 3185 1304 3239 dumtaxat
1329 3180 1653 3250 imperitiam
1683 3177 1870 3251 sequi,
1893 3190 2055 3249 quam
2093 3174 2232 3230 stul-

644 3288 751 3335 tam
782 3277 980 3335 habere
1004 3276 1281 3333 scientiam
1317 3271 1693 3330 nescientium.

1105 3405 1435 3463 EPISTOLA
1465 3404 1642 3461 XXIX
1675 3403 1773 3477 (ς).

1106 3537 1175 3576 Αἰ)
1202 3535 1421 3575 EAIDEI
1441 3534 1781 3574 IABCBLLAI.

1082 3633 1157 3688 De
1182 3632 1370 3705 Ephod
1395 3640 1440 3686 rt
1475 3630 1805 3701 Tlterapltiut.

646 3772 872 3846 Roganti
909 3770 1170 3825 Marcella:
1192 3810 1206 3834 ,
1254 3777 1306 3821 ut
1331 3767 1453 3838 quid
1476 3766 1569 3822 sibi
1605 3766 1751 3820 vellet
1796 3764 1983 3837 Epliod
2028 3764 2143 3819 Bad
2182 3765 2235 3819 in

717 3865 1011 3937 Regnorum
1037 3861 1189 3916 Libro
1212 3862 1263 3916 l.
1287 3860 1382 3915 sibi
1400 3867 1669 3930 exponeret
1688 3900 1701 3923 ,
1725 3858 1974 3927 satisfacit
1993 3899 2010 3925 ,
2041 3857 2236 3912 addens

715 3975 913 4032 quoque
952 3957 1075 4028 quid
1102 3954 1409 4026 Tlterapltim
1444 3952 1692 4025 signiﬁcet
1731 3952 1785 4006 in
1824 3949 2067 4006 Iudicum
2088 3950 2235 4005 volu-

717 4070 785 4107 nu
791 4068 871 4106 ue.

721 4164 772 4218 l.
803 4159 1104 4231 Epistolare
1146 4158 1382 4214 ofﬁcium
1418 4156 1593 4215 estde
1638 4172 1700 4213 re
1738 4156 2020 4224 familiari,
2052 4165 2143 4211 aut
2167 4155 2237 4212 de

648 4253 959 4325 quotidiana
986 4255 1394 4307 conversatione
1441 4248 1642 4321 aliquid
1696 4248 1936 4305 scribere
1958 4289 1974 4316 ,
2007 4257 2062 4303 et
2104 4263 2238 4319 quo-

710 4391 784 4453 (a)
817 4389 1211 4453 Conjunctionem
1248 4395 1301 4439 et
1322 4389 1629 4439 interserunt
1672 4386 1825 4447 editi,
1869 4398 2017 4449 quam
2058 4398 2236 4437 sensus

651 4450 837 4502 respuit
860 4450 1091 4501 εἶϐε-ωε.
1118 4458 1302 4500 textus.

711 4507 786 4576 (ὗ)
820 4513 1022 4572 Quidam
1052 4512 1167 4561 Mss.
1192 4508 1439 4576 cormitui,
1480 4522 1566 4576 pro
1587 4509 1759 4571 quoin
1783 4507 2235 4576 Grieco_mendose

652 4569 1074 4636 ιιιὸιίσέιιμίσ-μιν.
1095 4573 1224 4634 quod
1259 4569 1628 4636 emendavimus
1658 4569 2151 4636 1.3mm.lt_eruni
2185 4571 2236 4636 in

649 4640 822 4688 (ἐι-τωο
844 4630 959 4686 ante
983 4630 1185 4683 verbum
1208 4647 1414 4694 quam,
1440 4630 1567 4694 forte
1590 4643 1611 4682 ὁ
1632 4630 1867 4681 articulus
1906 4632 2117 4694 excidit,
2151 4632 2237 4693 qui

648 4698 850 4826 gemui;
877 4699 927 4748 iu
962 4695 1134 4745 Latino
1161 4692 1327 4745 autem
1365 4692 1480 4743 Mss.
1508 4692 1733 4755 Regium,
1759 4703 1845 4755 ego
1865 4705 1991 4753 sunt,
2014 4692 2098 4756 qui
2119 4692 2234 4745 con-

685 4775 857 4811 ὶΊηηὶΊ.

685 4775 857 4811 ὶίηηιοι.

709 4824 789 4937 (9)
814 4823 961 4935 {gnta
986 4820 1278 4870 Massoretas
1298 4817 1382 4889 Er,
1409 4822 1463 4867 et
1483 4814 1611 4868 Vict.
1637 4814 1936 4866 Ammudeia.

864 4897 1007 4933 rasm.
1034 4894 1124 4937 pro
1145 4894 1238 4937 quo
1262 4878 1449 4937 aquila.

772 4887 789 4945 )
821 4884 1007 4935 Erasrn.
1034 4894 1124 4945 pro
1145 4894 1247 4945 quo
1262 4878 1449 4945 aquila,

817 4946 908 4995 llic
943 4936 1340 5017 quoquefvitiose
1365 4942 1549 5017 habep't
1571 4946 1777 5017 veteres
1797 4939 1915 4989 editi
1944 4936 2235 5013 Untilltama,

648 5001 728 5070 qui
743 5001 934 5070 iterum
953 5001 1249 5070 sequentem
1267 5003 1473 5070 alteram
1490 5002 1783 5070 Hebraicam
1800 5014 1970 5051 vocem
1994 5001 2108 5054 Anie
2127 5014 2239 5054 ares

648 5064 710 5117 ex
740 5068 975 5118 hodierno
998 5064 1347 5118 Massorethico
1385 5072 1528 5115 textu
1572 5064 1748 5126 legunt
1785 5076 1933 5113 (ntere
1973 5075 2085 5114 erez
2128 5070 2241 5125 ιηκ

646 5139 750 5196 τω
797 5151 905 5187 cum
930 5138 1114 5201 legisse
1133 5143 1248 5196 my
1276 5135 1559 5200 Origenes,
1600 5148 1663 5184 ex
1712 5147 1873 5196 eoque
1914 5132 2240 5198 Hieronymus

650 5207 793 5268 plane
820 5208 1105 5269 videantur;
1130 5216 1181 5257 et
1202 5216 1341 5258 certe
1363 5213 1447 5266 ’π
1471 5215 1523 5257 et
1543 5210 1630 5265 τιν
1652 5218 1783 5267 stupe
1806 5204 2164 5254 confunduntur
2188 5210 2238 5254 in

649 5292 787 5327 sacro
811 5284 970 5336 textu,
997 5291 1177 5340 nempe
1200 5278 1476 5327 conditione
1500 5274 1713 5340 humilis,
1759 5282 1811 5326 et
1847 5274 2044 5324 humilis
2064 5276 2238 5340 spiritu

651 5350 707 5387 ac
730 5347 1031 5389 mansuetus.
1056 5337 1286 5401 Denique
1312 5352 1396 5401 ιιι-ο
1423 5350 1536 5387 Ανεδ
1560 5337 1807 5401 Origenes
1836 5345 1929 5401 ίες,
1972 5337 2238 5401 ανδέψιοιι

653 5412 746 5462 nun
768 5398 1414 5461 improbo,queutadmodum
1437 5412 1601 5462 neque
1616 5398 1687 5449 sel
1709 5412 1797 5462 pro
1817 5398 2083 5462 sela,quod
2100 5398 2238 5462 juxta

654 5459 876 5524 Cra-quin
901 5459 1291 5524 ca._cottstatiter
1322 5475 1487 5524 supra,
1521 5459 1675 5523 atque
1712 5459 1836 5510 infra
1874 5459 2058 5509 habent
2092 5459 2238 5523 pleri-

654 5533 751 5581 que
778 5521 890 5569 Mss.
917 5522 1134 5569 melioris
1157 5531 1297 5571 uotae.
1386 5521 1399 5524 ⁷
1592 5521 1607 5523 “
2058 5534 2075 5549 ‘

719 5582 784 5642 (Ῑ)
818 5581 939 5652 llcg.
969 5581 1081 5629 Mss.
1372 5583 1527 5652 aliud,
1551 5582 1624 5633 cel
1646 5583 1763 5652 quid
1786 5581 2236 5652 iutellexeriut.__ln-

657 5638 970 5707 [rar'pcritil'uu
996 5653 1082 5701 pro
1103 5639 1394 5707 imperitum
1414 5638 1541 5707 male
1564 5638 1834 5707 praeierunt
1855 5652 2057 5693 veteres
2079 5644 2200 5694 editi
2221 5659 2235 5705 ;

659 5697 849 5768 liras-ru.
870 5697 1034 5768 tamen
1060 5697 1290 5768 inutile-bat
1312 5697 1592 5768 prudeiuen't
1622 5704 1934 5768 unperitiwu.

724 5763 789 5829 (tl)
826 5764 902 5814 Al.
932 5764 1023 5815 150
1044 5760 1227 5825 scripta
1244 5760 1411 5813 eodem
1431 5769 1641 5826 tempore
1664 5760 1758 5830 duo
1780 5764 2022 5830 superior.

1925 282 2169 344 SANCTI
2211 278 2587 335 lllEﬂUNYkll

3798 276 3907 335 456

2322 395 2607 450 danunodo
2648 396 2903 450 absentes
2949 394 3091 449 inter
3139 407 3203 450 se
3252 399 3547 464 praesentes
3596 392 3751 455 ﬁeri,
3781 391 3906 449 dum

2322 502 2507 546 mutuo
2522 490 2645 560 quid
2674 498 2768 543 aut
2787 488 2973 551 velint.
2995 498 3089 543 aut
3106 498 3314 559 gestum
3343 489 3433 553 sit,
3457 488 3742 543 nuntiant:
3771 488 3900 545 licet

2322 583 2591 640 interdum
2627 581 3077 637 contabulationis
3118 582 3224 637 Iale
3267 581 3573 636 convivium
3598 623 3614 646 ,
3646 581 3905 636 doctrinm

2323 693 2536 749 quoque
2561 678 2672 731 sale
2688 673 3199 731 condiatur.Verum
3231 684 3312 740 tu,
3329 674 3457 728 dum
3491 682 3600 729 tota
3628 674 3680 728 in
3704 682 3905 729 tracta-

2323 772 2469 826 tibus
2496 770 2799 840 occuparis,
2833 768 2965 827 nihil
2991 767 3121 822 mihi
3157 768 3370 833 scribis,
3395 768 3496 821 nisi
3557 767 3715 840 ιω
3767 767 3905 838 quod

2324 880 2412 920 me
2441 873 2706 934 torqueat,
2730 861 3105 933 etScripturas
3136 862 3315 931 legere
3335 862 3646 930 compellat.
3672 863 3909 934 Denique

2326 958 2441 1012 heri
2508 956 2861 1011 famosissima
2917 955 3215 1025 quaestione
3262 954 3908 1023 pr0posita,postulasti,

2325 1053 2381 1097 ut
2403 1086 2418 1109 ,
2449 1042 2577 1113 quid
2604 1043 2861 1096 sentirem
2887 1083 2903 1105 ,
2933 1041 3115 1095 statim
3167 1039 3542 1093 rescriberem.
3575 1038 3735 1104 Quasi
3778 1053 3912 1093 vero

2326 1134 2716 1190 Pharisaaorum
2741 1144 2953 1189 teneam
2991 1132 3302 1188 cathedram
3325 1172 3342 1195 ,
3374 1140 3435 1184 ut
3459 1132 3905 1201 quotiescumque

2325 1227 2395 1283 de
2419 1229 2593 1283 verbis
2624 1228 2902 1283 Hebraicis
2922 1228 3158 1296 jurgium
3183 1233 3267 1279 est
3289 1265 3305 1288 ,
3347 1238 3451 1294 ego
3477 1224 3678 1279 arbiter
3705 1233 3761 1279 et
3802 1225 3912 1280 litis

2320 1333 2608 1395 sequester
2653 1337 2932 1392 csposcar.
2962 1321 3040 1390 (Ii)
3067 1319 3180 1372 Non
3211 1327 3339 1373 sunt
3385 1333 3580 1373 suaves
3626 1319 3908 1388 epistola),

2326 1430 2446 1484 qua:
2472 1429 2578 1468 non
2612 1413 2910 1483 placcntam
2934 1410 3234 1472 rcdoleant.
3262 1424 3398 1479 quas
3423 1423 3531 1463 non
3560 1408 3746 1464 condit
3781 1410 3910 1478 Api-

2327 1504 2463 1570 cius,
2495 1505 2547 1558 in
2575 1503 2769 1572 quibus
2807 1503 2936 1557 nihil
2974 1501 3042 1557 de
3067 1502 3445 1571 magistrorum
3473 1500 3629 1569 hujus
3653 1502 3910 1570 temmris

2321 1599 2446 1667 jure
2474 1596 2746 1651 suﬂ'umat.
2769 1593 2876 1649 Sed
2921 1595 3045 1664 quia
3074 1606 3260 1648 vector
3288 1603 3345 1648 et
3390 1593 3749 1650 internuntius
3789 1608 3909 1649 se:-

2328 1694 2505 1749 monis
2552 1694 2720 1748 nostri
2750 1693 2928 1748 redire
2969 1692 3204 1755 festinat,
3239 1707 3353 1747 rem
3384 1693 3638 1764 grandem
3679 1692 3910 1747 celerius

2329 1785 2490 1850 dicto,
2514 1800 2675 1855 quam
2701 1785 2875 1839 habeo
2905 1802 2919 1838 :
2951 1799 3105 1839 LICE‘I’
3132 1800 3201 1839 ne
3228 1784 3543 1839 Sentnunts
3571 1784 3769 1839 sanctis
3794 1785 3910 1838 dis-

2329 1878 2537 1949 putanti
2557 1918 2574 1943 ,
2606 1892 2711 1931 non
2744 1886 2851 1930 tam
2883 1876 3187 1930 necessaria
3215 1876 3321 1930 sint
3353 1877 3517 1930 verba
3557 1918 3572 1941 ,
3599 1891 3756 1942 quam
3782 1889 3909 1931 seu-

2331 1984 2444 2025 sus.
2493 1968 2648 2035 Quod
2700 1968 2745 2023 si
2791 1968 3154 2037 eloquentiam
3195 1970 3395 2037 qumris
3447 1968 3542 2037 (al.
3575 1966 3909 2038 quatinus),

2333 2060 2723 2116 Demosthenes
2749 2059 3008 2130 legendus
3033 2101 3051 2128 ,
3103 2069 3198 2114 aut
3225 2061 3435 2114 Tullius
3477 2068 3562 2115 est
3597 2078 3613 2116 :
3643 2061 3689 2114 si
3717 2059 3911 2114 Sacra-

2330 2163 2513 2209 menta
2539 2153 2742 2218 divina,
2767 2154 2938 2208 nostri
2959 2151 3198 2217 codices,
3230 2153 3320 2222 qui
3339 2151 3409 2209 de
3433 2151 3659 2209 Hebrum
3689 2153 3741 2207 iu
3764 2151 3914 2208 Lati-

2332 2262 2463 2302 num
2512 2260 2618 2300 non
2646 2245 2785 2301 bene
2805 2256 3081 2310 resonant,
3115 2245 3453 2315 pervidendi.

2403 2337 2459 2395 2.
2485 2335 2540 2391 lu
2566 2337 2740 2392 fronte
2762 2336 3014 2406 Epistola:
3047 2346 3150 2390 tua:
3178 2350 3453 2405 posueras,
3476 2335 3612 2402 Quid
3639 2334 3741 2390 sibi
3763 2333 3916 2402 velit,

2331 2427 2476 2499 quod
2525 2429 2581 2483 in
2610 2427 2920 2498 Regnorum
2967 2427 3105 2482 libro
3147 2428 3320 2497 primo
3366 2428 3621 2498 scriptum
3663 2436 3766 2482 est.
3793 2445 3813 2478 ι
3851 2426 3920 2482 Et

2332 2520 2549 2577 Samuel
2591 2535 2724 2591 puer
2772 2520 3043 2576 serviebat
3088 2530 3214 2575 ante
3260 2527 3608 2589 conspectum
3662 2517 3874 2573 Domini
3900 2559 3917 2582 ,

2335 2616 2545 2671 cinctus
2572 2611 2762 2685 prod
2790 2613 2914 2679 bad,
2937 2621 2991 2669 et
3020 2612 3312 2683 diploidem
3358 2611 3589 2667 trahebat
3633 2610 3880 2681 pusillam
3897 2649 3918 2676 ,

2336 2723 2497 2779 quam
2529 2707 2732 2763 fecerat
2755 2708 2805 2763 ei
2829 2715 3002 2761 mater
3032 2721 3129 2761 sua
3155 2720 3171 2764 ;
3201 2716 3257 2760 et
3282 2704 3540 2760 all’erebat
3562 2703 3609 2758 ei
3639 2703 3707 2757 de
3730 2702 3923 2758 diebus

2337 2800 2393 2855 in
2437 2798 2596 2867 dies,
2646 2814 2767 2854 cum
2811 2797 3131 2853 ascenderet
3170 2812 3291 2852 cum
3341 2798 3455 2850 viro
3478 2809 3577 2849 suo
3616 2793 3926 2850 sacriﬁcare

2337 2891 2661 2947 sacrificium
2679 2892 2887 2946 dierum
2902 2911 2919 2943 ι
2949 2893 2999 2961 (l
3014 2931 3026 2943 .
3052 2891 3181 2960 Reg.
3202 2890 3259 2944 2.
3284 2895 3338 2945 8.
3358 2898 3404 2944 et
3425 2890 3503 2959 9).
3528 2888 3710 2959 Itaque
3724 2888 3927 2959 qumris

2339 2984 2466 3055 quid
2496 2985 2567 3039 sit
2590 2984 2771 3039 Ernon
2795 3000 2916 3047 nan,
2943 2999 3051 3053 quo
3085 2985 3105 3053 ζ
3122 2983 3191 3037 al.
3220 2983 3379 3052 quod)
3408 2982 3612 3037 futurus
3656 2981 3926 3051 Propheta

2339 3078 2709 3149 praecingitur,
2742 3084 2991 3129 utrumne
3020 3089 3154 3129 zona
3179 3115 3195 3139 ,
3227 3088 3319 3141 an,
3346 3075 3404 3129 u't
3427 3074 3645 3144 quidam
3691 3082 3923 3143 putant,

2340 3169 2672 3225 thuribulum
2696 3210 2712 3234 ,
2743 3169 2829 3224 vel
2870 3183 3039 3237 genus
3063 3167 3279 3237 aliquod
3320 3167 3621 3223 vestimenti
3661 3168 3750 3223 sit.
3795 3168 3929 3223 Etsi

2341 3262 2525 3329 vestis,
2546 3259 2815 3332 quomodo
2835 3274 2898 3315 ea
2925 3258 3292 3331 praecingitur?
3303 3268 3354 3314 et
3379 3267 3497 3328 post
3516 3258 3686 3328 ipsum
3717 3257 3930 3328 Ephod,

2341 3371 2509 3425 quare
2551 3355 2855 3425 adjungitur
2883 3356 2931 3409 ei
2962 3353 3061 3407 bad
3080 3355 3106 3408 γ
3131 3354 3189 3409 lu
3214 3352 3562 3423 sequentibus
3591 3366 3801 3423 quoque
3852 3351 3934 3407 le-

2341 3448 2485 3517 gisse
2531 3456 2585 3501 te
2629 3447 2822 3501 scribis
2852 3462 2868 3499 :
2903 3464 2924 3498 ι
2955 3443 3117 3501 Venit
3144 3444 3305 3498 homo
3333 3443 3427 3499 Dei
3455 3444 3522 3498 ad
3552 3444 3669 3511 Eli,
3716 3450 3772 3497 et
3796 3439 3935 3498 dicit

2342 3539 2392 3595 ei
2419 3555 2434 3591 :
2466 3538 2593 3593 llzcc
2619 3537 2751 3592 dicit
2773 3538 3030 3592 Dominus
3055 3555 3067 3590 :
3096 3536 3369 3592 Manifeste
3397 3536 3608 3591 ostendi
3637 3549 3723 3591 me
3748 3533 3812 3590 ad
3829 3534 3936 3590 do-

2342 3644 2489 3686 mum
2518 3629 2682 3700 patris
2708 3629 2818 3692 tui,
2864 3644 2929 3683 ex
2989 3628 3239 3685 omnibus
3285 3627 3531 3682 tribubus
3557 3625 3756 3693 Israel,
3802 3641 3933 3681 cum

2343 3729 2531 3778 essent
2549 3721 2603 3775 in
2636 3730 2775 3776 terra
2796 3719 3019 3792 Egypti
3045 3721 3342 3777 servientes
3363 3721 3414 3773 in
3437 3718 3596 3773 domo
3614 3716 3930 3784 Pharaonis,

2344 3825 2400 3870 et
2428 3815 2563 3886 elegi
2588 3813 2808 3869 domum
2835 3814 3001 3885 patris
3029 3814 3103 3867 tui
3124 3829 3194 3868 ex
3219 3812 3469 3868 omnibus
3495 3810 3737 3866 tribubus
3762 3810 3933 3865 lsrael

2344 3909 2475 3963 mihi
2532 3909 2588 3962 in
2643 3906 3000 3962 sacerdotium
3032 3946 3045 3970 ,
3110 3914 3170 3959 ut
3233 3900 3589 3958 ascenderent
3645 3901 3713 3956 ad
3760 3900 3933 3955 altare

2343 4016 2541 4068 meum,
2560 4009 2616 4057 et
2637 3999 2983 4055 incenderent
3001 3998 3302 4063 incensum,
3325 4007 3381 4052 et
3400 4005 3673 4067 portarent
3702 3994 3893 4067 Ephod
3906 4019 3926 4052 ι

2345 4095 2535 4166 (Ibid.
2574 4094 2666 4150 27.
2712 4102 2761 4148 et
2808 4092 2900 4163 28)
2946 4108 2963 4146 :
3031 4101 3311 4162 totumque
3359 4090 3480 4145 libri
3522 4089 3765 4145 ordinem
3807 4106 3932 4161 pro-

2344 4196 2551 4253 secuta,
2600 4187 2763 4243 etiam
2810 4185 2879 4241 de
2920 4183 3013 4240 illo
3063 4182 3184 4239 loco
3218 4182 3493 4254 exemplar
3531 4182 3841 4253 sumpsisti,
3877 4185 3929 4238 in

2344 4297 2453 4353 quo
2496 4282 2642 4337 Doec
2683 4278 2951 4334 ldummus
2996 4277 3153 4348 jussu
3195 4278 3337 4349 regis
3377 4275 3646 4332 interfecit
3674 4275 3930 4332 sacerdo-

2348 4382 2448 4428 tes.
2491 4390 2512 4425 ι
2546 4373 2613 4428 Et
2659 4384 2975 4434 conversus,
3023 4369 3193 4440 inquit
3232 4367 3528 4438 Scriptura,
3578 4368 3721 4423 Doec
3763 4368 3931 4439 Syrus

2346 4463 2690 4520 mortiﬁcavit
2717 4464 2833 4533 ipse
2858 4463 3169 4518 sacerdotes
3199 4460 3407 4515 Domini
3432 4476 3448 4517 :
3476 4470 3529 4515 et
3550 4460 3745 4515 occidit
3766 4461 3818 4515 in
3842 4460 3931 4514 illa

2345 4557 2436 4614 die
2475 4566 2744 4615 trecentos
2771 4557 3007 4629 quinque
3035 4556 3181 4611 viros
3209 4554 3372 4627 (Ibid.
3392 4572 3441 4610 ε.
3471 4555 3564 4611 22.
3586 4570 3635 4610 υ.
3653 4554 3719 4611 l8
3741 4564 3784 4609 et
3813 4553 3929 4622 l9),

2409 4717 2484 4783 (Ιι)
2520 4716 2761 4783 Victorius
2796 4724 2850 4766 et
2885 4715 3192 4783 Martiangeus
3225 4725 3291 4783 ex
3324 4713 3508 4783 vitiatis
3536 4712 3661 4783 diss.
3697 4724 3790 4762 non
3825 4718 3937 4762 suit

2345 4773 2515 4832 sudv'es
2536 4778 2712 4843 epulw,
2737 4790 2848 4843 quae
2866 4790 2961 4843 non
2981 4783 3026 4827 et
3049 4775 3295 4843 placeant,
3326 4782 3373 4824 et
3411 4773 3656 4843 redolemtt
3674 4812 3687 4829 ,
3725 4786 3937 4843 quorum

2346 4855 2539 4901 sensus,
2565 4835 2620 4890 ut
2641 4835 2915 4890 atteitdenti
2939 4835 3200 4901 cmStabit,
3224 4846 3307 4887 aut
3346 4835 3506 4901 nullus
3543 4843 3636 4893 est,
3662 4842 3759 4901 aut_
3786 4836 3936 4896 plane

2347 4904 2475 4953 inani
2502 4895 2718 4966 βᾷτταλαγίᾳ
2745 4915 3027 4973 expressus.
3065 4895 3350 4973 Numquam
3390 4897 3623 4973 erasmus.
3653 4895 3935 4973 Cl)nj0t‘.t'l'ﬂl

2348 4979 2410 5014 ex
2455 4957 2677 5016 veterqu
2700 4957 3073 5024 exemplarium
3113 4957 3354 5022 vestigiis,
3380 4967 3430 5009 ct
3448 4957 3692 5024 Victorius
3727 4959 3932 5024 probat,

2348 5040 2631 5089 germanam
2657 5018 2917 5075 lectionem
2933 5024 2991 5089 in
3015 5030 3204 5072 textum
3223 5018 3500 5089 recepimus
3523 5033 3587 5069 ex
3612 5018 3757 5068 unius
3780 5018 3934 5089 ὶξςιεοτ

2350 5080 2515 5138 uulsis
2547 5088 2729 5137 codicis
2762 5087 3066 5144 auctoritate,
3096 5095 3157 5132 ex
3193 5097 3292 5144 quo
3330 5080 3496 5144 (etiam,
3519 5095 3614 5144 non
3657 5090 3712 5127 ut
3753 5080 3935 5141 reliqui

2349 5150 2535 5212 vulgati
2560 5149 2672 5197 libri
2697 5149 2895 5205 habent,
2925 5142 3107 5212 Epulug,
3135 5142 3223 5195 sed
3265 5142 3489 5212 Episotw
3512 5143 3723 5205 legimus
3743 5154 3937 5191 C0.tct.t-

2348 5206 2488 5261 more
2511 5223 2696 5270 sensu;
2722 5217 2773 5258 ut
2799 5222 2885 5259 cas
2909 5206 3141 5269 epistolas
3165 5206 3397 5270 causatur
3421 5208 3803 5270 iusuaves_esst_-_.
3826 5215 3936 5265 qum

2347 5273 2412 5322 de
2433 5265 2694 5322 Hebraicis
2716 5273 2882 5321 verbis
2914 5265 3077 5331 agant,
3103 5269 3285 5331 nonde
3309 5265 3439 5331 libis,
3464 5274 3618 5331 atque
3643 5266 3793 5331 Apicii
3818 5278 3934 5331 cut-

2345 5333 2592 5391 dimentis,
2621 5341 2672 5381 et
2695 5346 2883 5390 eor-uni,
2907 5326 3031 5395 quos
3054 5329 3251 5395 proprie
3287 5329 3440 5395 carpit
3463 5326 3550 5395 his
3574 5327 3756 5380 verbis.
3784 5326 3937 5395 Ill;th—

2345 5404 2560 5456 strorum
2581 5389 2657 5444 Sui
2683 5389 3067 5456 temporis'jure.’
3096 5390 3233 5439 Unde
3267 5391 3414 5456 etiam
3456 5390 3678 5456 videatur
3705 5399 3796 5436 non
3820 5389 3938 5456 sa_tis

2345 5455 2561 5506 feliciter
2583 5446 2853 5519 conjecisse
2891 5446 3143 5519 Erasmus,
3164 5465 3251 5512 pro
3275 5451 3618 5519 magistrorum
3643 5451 3842 5519 fortasse
3868 5446 3936 5517 le.

2346 5520 2560 5581 gendum
2585 5509 2899 5581 iung-[irarum
2926 5516 3030 5565 Nec
3054 5509 3377 5581 inpletumeti
3408 5514 3559 5563 habet
3589 5509 3762 5581 eruitur,
3787 5509 3939 5570 siqui-

2344 5573 2459 5629 dem
2486 5582 2575 5628 hoc
2602 5573 2705 5628 fere
2727 5579 3002 5628 iltxlitorum
3026 5575 3154 5631 gula?
3181 5574 3431 5623 hominum
3455 5582 3561 5623 erat
3584 5573 3794 5630 axioma,
3820 5583 3940 5631 epu-

2346 5642 2418 5691 las
2457 5642 2684 5703 naviorcs
2707 5656 2837 5691 csse.
2862 5654 2972 5702 quzc
2995 5633 3053 5703 ad
3080 5635 3415 5703 |!at30llln€'lllll_
3428 5637 3599 5703 instar
3634 5633 3937 5703 conﬁceren-

2347 5703 2576 5812 turiA’iJ.
2607 5694 2989 5752 Observationes
3024 5694 3356 5748 iu'Laettium
3398 5697 3526 5748 ﬁdit.
3577 5694 3936 5754 LoudiucusiS.

2347 5780 2396 5812 ι).
2519 5797 2532 5812 .
3240 5808 3249 5812 -
