4078 6198
668 283 776 343 li?)

668 398 839 467 prima
867 395 1017 468 quasi
1061 392 1292 465 Saphico
1335 399 1508 447 metro
1548 390 1749 461 scripta
1777 396 1945 446 sunt:
1976 388 2098 460 quia
2138 396 2245 444 tres

668 487 964 545 versiculos
989 486 1078 557 qui
1116 483 1219 539 sibi
1262 481 1491 538 connexi
1520 489 1679 549 sunt,
1721 480 1872 536 etab
1910 494 2014 535 una
2043 487 2245 551 tantum

667 579 845 637 littera
885 576 1143 647 incipiunt
1189 574 1399 628 lleroici
1430 587 1638 629 comma
1682 570 1976 628 concludit.
2005 571 2245 627 Tertium

668 689 797 729 vero
822 670 1174 741 Alphabetnm
1208 668 1452 722 trimetro
1496 667 1754 737 scriptum
1798 675 1881 723 est
1903 706 1917 732 ,
1943 674 2000 721 et
2024 680 2052 719 a
2082 665 2249 720 ternis

662 765 882 829 litteris,
914 762 1008 818 sed
1040 761 1244 818 eisdem
1277 760 1414 817 terni
1444 775 1635 816 versus
1674 759 1957 830 incipiunt.
1989 758 2246 825 QUartum

659 855 1019 926 Alphabetum
1053 855 1230 910 simile
1260 863 1341 910 est
1372 854 1565 925 primo,
1592 862 1644 909 et
1670 853 1929 909 secundo.
1958 853 2247 909 Proverbia

627 944 874 1020 quoque
917 948 1222 1004 Salomonis
1261 956 1561 1004 extremum
1613 945 1813 1002 claudit
1856 944 2245 1017 Alphabctum,

657 1040 803 1111 quod
834 1050 1148 1098 tetrametro
1178 1040 1409 1096 iambico
1452 1049 1792 1112 supputatur,
1823 1039 1891 1095 ah
1918 1055 1984 1096 eo
2022 1040 2162 1106 loco,
2195 1040 2248 1094 in

656 1150 765 1204 quo
823 1134 900 1189 ait
947 1151 961 1190 :
1018 1133 1288 1189 Mulierem
1350 1137 1533 1206 fortem
1587 1132 1700 1203 quis
1757 1132 1973 1187 inveniet
2036 1130 2244 1201 (Prov.

657 1224 748 1279 δι.
782 1224 893 1296 ιο).
1898 1220 1905 1228 ‘

730 1315 786 1370 4.
817 1313 1097 1384 Quomodo
1122 1323 1298 1371 autem
1325 1313 1379 1370 in
1403 1314 1488 1370 his
1508 1314 1708 1370 nostris
1732 1312 1925 1370 litteris
1946 1328 2051 1369 non
2075 1322 2252 1385 potest

642 1386 785 1478 quis
816 1408 882 1462 ad
924 1407 1145 1479 legenda
1174 1407 1366 1472 verba,
1409 1406 1748 1478 texendaque
1793 1407 2114 1478 procedere,
2147 1408 2248 1463 nisi

663 1499 812 1569 prius
841 1499 909 1553 ab
931 1500 1210 1555 elementis
1233 1499 1497 1569 coeperit:
1532 1498 1600 1553 ita
1626 1506 1682 1554 et
1709 1497 1764 1552 in
1790 1497 2082 1568 Scripturis
2111 1498 2250 1553 divi-

657 1592 742 1645 nis
784 1606 889 1646 non
916 1592 1158 1648 valemus
1181 1608 1244 1648 ea
1290 1607 1411 1664 qua:
1440 1590 1644 1662 majora
1667 1601 1792 1647 sunt
1832 1606 2015 1659 nosse,
2045 1589 2121 1663 (a)
2150 1592 2251 1646 nisi

660 1682 866 1738 Ethice:
894 1683 1240 1740 habuerimus
1265 1684 1543 1739 exordium
1563 1724 1579 1749 ,
1611 1682 1907 1739 secundum
1953 1683 2080 1738 illud
2110 1683 2251 1758 quod

663 1774 933 1846 Propheta
960 1775 1092 1830 dicit
1118 1793 1134 1834 :
1170 1792 1190 1827 ι
1220 1776 1264 1829 Α
1292 1775 1688 1841 mandatistnis
1713 1774 1950 1830 intellexi
1983 1774 2100 1847 (Ps.
2126 1774 2250 1830 118.

663 1865 823 1937 101);
853 1866 991 1936 quod
1019 1865 1267 1921 videlicet
1288 1874 1409 1935 post
1430 1881 1590 1935 opera
1617 1867 1841 1936 coeperit
1861 1864 2059 1922 habere
2080 1866 2253 1921 scicn-

663 1959 792 2014 tiam
839 1968 1189 2015 secretorum.
1217 1958 1417 2015 Verum
1442 1958 1551 2029 jam
1578 1958 1956 2029 complendum
1999 1969 2080 2014 est
2111 1959 2251 2030 quod

665 2050 875 2119 petisti,
907 2058 964 2104 ut
991 2064 1209 2105 sensum
1236 2049 1659 2122 uniuscujusque
1684 2050 1940 2107 elementi
1982 2050 2249 2122 interpre-

662 2142 791 2196 tatio
813 2158 1026 2199 annexa
1050 2142 1340 2214 signiticet.

731 2232 785 2288 5.
817 2233 988 2303 Aleph
1017 2233 1403 2303 interpretatur
1429 2234 1682 2293 doctrina.
1711 2234 1845 2289 Beth
1869 2276 1883 2301 ,
1913 2235 2112 2290 domus.
2138 2234 2248 2293 Ge-

658 2326 1181 2399 mel,plcnitudo.(b)
1206 2327 1415 2394 Deleth,
1441 2326 1748 2382 tabularum.
1797 2325 1954 2401 159
2007 2327 2103 2392 lle,
2129 2329 2246 2385 ista.

660 2416 796 2482 Van,
851 2428 898 2473 et
947 2418 1019 2489 (ο)
1050 2408 1171 2482 Ζιιῖ.
1200 2418 1330 2474 Ιιωσ.
1363 2419 1525 2486 Heth,
1553 2420 1678 2473 vita.
1706 2417 1834 2483 Tet’,
1871 2422 2074 2474 bonum.
2126 2419 2249 2487 lod,

662 2510 1164 2581 principium.Caph,
1180 2527 1380 2565 manus.
1398 2510 1623 2577 Lamed,
1635 2510 1918 2582 disciplima
1932 2512 2046 2567 sive
2061 2510 2248 2565 cordis.

660 2601 797 2657 Mem
818 2642 833 2668 ,
859 2619 923 2657 ea:
948 2602 1092 2673 ipsis.
1124 2601 1242 2656 Nun
1265 2643 1280 2667 ,
1309 2603 1690 2672 smpiternam.
1735 2601 1961 2659 Samech
1981 2644 1996 2668 ,
2042 2602 2250 2674 adjutoé

660 2695 816 2749 rium.
844 2694 968 2760 Ain,
997 2696 1112 2766 fons
1138 2695 1258 2749 sive
1285 2694 1484 2748 oculus.
1519 2692 1598 2765 (ἀ)
1628 2692 1763 2761 Phe,
1791 2710 1847 2748 os
1866 2735 1881 2760 ,
1909 2693 1977 2748 ah
2001 2709 2116 2760 ore,
2145 2708 2249 2749 non

662 2787 731 2839 ab
758 2800 879 2841 osse
907 2785 1109 2841 dictum
1145 2785 1420 2855 intellige,
1451 2801 1518 2840 ne
1559 2784 1860 2839 litterarum
1906 2786 2252 2856 ambiguitate

662 2876 883 2932 fallaris.
917 2875 1078 2942 Sade,
1096 2876 1323 2947 justitia.
1351 2874 1519 2946 Caph,
1549 2876 1767 2930 vacatio.
1791 2875 1920 2944 Res,
1947 2878 2150 2950 capitis.
2178 2877 2249 2953 (ε)

659 2964 790 3032 Sen,
816 2966 1062 3021 dentiant.
1087 2965 1260 3032 Thau,
1286 2966 1455 3037 signa.

740 3058 794 3113 6.
813 3056 942 3113 Post
961 3057 1457 3128 interpretationem
1476 3056 1865 3113 elementorum
1887 3059 2250 3131 intelligentiae

661 3148 797 3207 ordo
822 3148 1082 3205 dicendus
1103 3159 1185 3204 est
1205 3147 1398 3218 Aleph,
1424 3147 1583 3215 Beth,
1603 3147 1786 3205 Gemel
1808 3190 1824 3216 ,
1848 3150 2061 3216 Deleth,
2082 3152 2250 3222 prima

661 3240 930 3296 connexio
954 3247 1057 3304 est,
1085 3239 1339 3304 doctrina,
1376 3239 1578 3305 domus,
1608 3240 1892 3310 plenitudo,
1932 3242 2250 3311 tabularum;

663 3330 808 3402 quod
831 3329 1083 3407 videlicet
1103 3329 1346 3384 doctrina
1371 3329 1651 3394 Ecclesiae,
1679 3346 1798 3400 quze
1820 3331 2013 3387 domus
2031 3333 2124 3389 Dei
2145 3342 2248 3404 est,

666 3422 722 3477 in
752 3421 1014 3476 librorum
1042 3419 1347 3489 reperiatur
1376 3419 1712 3491 plenitudine
1741 3420 2071 3478 divinorum.

736 3511 792 3565 7.
822 3509 1068 3565 Secunda
1092 3509 1359 3564 connexio
1381 3518 1483 3574 est,
1518 3510 1617 3576 lle,
1639 3509 1778 3578 Van,
1797 3511 1913 3581 Zai,
1945 3514 2104 3580 Heth,
2131 3517 2248 3585 ista,

666 3610 748 3668 et,
778 3600 921 3665 lucc,
950 3600 1071 3652 vita.
1112 3598 1245 3666 Qua:
1282 3614 1411 3653 sum
1449 3615 1571 3655 seu
1600 3614 1799 3657 νοτες-ι·
1830 3617 1951 3658 esse
1988 3605 2094 3661 vita
2134 3606 2252 3665 sine

669 3694 894 3752 scientia
922 3692 1319 3764 Scripturarum
1337 3735 1354 3762 ,
1387 3709 1483 3765 per
1509 3709 1644 3765 quas
1672 3696 1834 3752 etiam
1865 3698 1981 3770 ipse
2006 3700 2252 3761 Christus

667 3787 999 3860 agnoscitur,
1031 3784 1122 3857 qui
1152 3794 1235 3841 est
1261 3779 1368 3841 vita
1400 3786 1778 3843 credentium?
2166 3858 2171 3863 ἡ

736 3881 789 3935 8.
820 3878 998 3935 Tertia
1024 3879 1293 3936 connexio
1320 3878 1500 3947 habet,
1532 3879 1653 3949 Tet,
1684 3880 1776 3937 lod
1799 3923 1815 3949 ,
1843 3881 2031 3940 bonum
2061 3888 2253 3959 princi-

734 4013 799 4080 (αἱ
837 4015 953 4065 Mss.
971 4013 1032 4065 ab
1054 4013 1409 4080 Etltice,gldque
1429 4016 1644 4080 optime,
1677 4016 1765 4066 sed
1787 4016 1867 4067 alii
1892 4017 2109 4070 Graecam
2156 4022 2251 4072 for-

664 4077 794 4127 mam
817 4090 913 4125 non
935 4078 1163 4135 assecuti,
1188 4078 1309 4126 mire
1321 4077 1590 4135 depravant
1613 4079 1826 4135 ignotam
1848 4093 2035 4131 vocem.
2071 4083 2254 4135 Similis

669 4150 808 4200 error
826 4138 877 4186 in
898 4137 950 4186 S.
974 4135 1166 4200 Paulini
1186 4137 1341 4200 Epist.
1365 4135 1446 4188 £9.
1469 4135 1697 4199 obtinuit,
1721 4141 1806 4190 ubi
1842 4140 1987 4193 altior
2008 4153 2056 4195 et
2079 4143 2159 4195 hic
2176 4145 2250 4196 in-

668 4195 885 4259 tellectus
916 4195 1231 4259 proEthicus.

734 4258 810 4334 tto)
841 4258 1022 4334 Excusi
1052 4258 1253 4334 patella,
1275 4264 1331 4334 ut
1354 4268 1407 4311 et
1438 4260 1608 4334 qintel,
1630 4262 1825 4327 aliaque
1860 4278 1924 4316 ex
1957 4266 2247 4334 Massoreta-

667 4332 777 4369 rum
800 4320 1013 4381 ingenio.
1052 4321 1216 4379 Nobis,
1238 4331 1295 4373 ut
1327 4320 1485 4372 semel
1505 4320 1987 4384 dicamusfveterum
2010 4329 2252 4393 interpre-

667 4387 770 4450 tum
793 4380 955 4450 fidem,
981 4389 1032 4432 et
1052 4383 1456 4450 nostroruni_Mss.
1480 4397 1771 4450 consensum
1791 4389 1935 4450 sequi
1959 4389 2134 4450 religio
2152 4398 2246 4443 est.

668 4387 770 4429 tum
793 4387 955 4440 tidem,
981 4389 1032 4432 et
1052 4389 1319 4433 nostrorum
1341 4387 1456 4432 Mss.
1480 4397 1771 4435 consensum
1791 4389 1935 4450 sequi
1959 4389 2048 4439 reli
2089 4387 2246 4443 io'est.

666 4440 821 4515 Porro
842 4445 1293 4515 interpretationem
1316 4445 1441 4493 hanc
1462 4444 1737 4515 tabulam":
1757 4487 1770 4505 ,
1789 4461 1888 4515 seu
1925 4458 1980 4500 ut
2011 4405 2134 4502 milva
2158 4467 2249 4503 ex-

674 4502 820 4574 plicat
858 4502 1143 4573 ipse'llier.
1181 4503 1441 4579 libroruin,
1482 4502 1838 4571 Lexicngraphi
1874 4512 2115 4573 ignorant,
2157 4528 2251 4566 nec

674 4562 813 4627 altam
846 4561 1022 4627 htterte
1072 4563 1235 4627 Deleth
1257 4566 1678 4627 significationem,
1701 4583 1846 4627 quam
1868 4579 2023 4627 porta:
2051 4581 2245 4625 norunt.

669 4577 813 4612 auam
847 4577 1022 4633 auerte
1072 4577 1235 4616 Detem
1257 4577 1678 4637 stgniucationem,
1701 4583 1846 4642 quam
1868 4579 2023 4634 porta:
2051 4581 2245 4625 norunt.

665 4624 729 4675 Et
751 4625 1055 4696 viriguﬂam
1077 4625 1225 4685 docti,
1240 4636 1304 4696 ut
1321 4626 1447 4676 Illam
1474 4630 1813 4696 etymologiam
1844 4633 2115 4696 explicent,
2141 4650 2247 4686 mo-

668 4699 775 4736 rem
832 4686 1151 4766 Hehraaqrum
1173 4688 1459 4766 Ιςιιιιιιιιῑιινιιι.
1491 4686 1578 4766 qui
1620 4686 1822 4766 primam
1869 4686 1978 4766 libri
2025 4686 2248 4766 paginam

663 4760 925 4812 meum
944 4754 1136 4812 parum
1155 4749 1469 4819 dicunt..Sed.
1503 4749 1633 4812 βυιὰ
1657 4751 1765 4802 luce
1786 4749 2050 4828 meridiana
2073 4749 2249 4810 clarius

664 4824 729 4881 ex
755 4810 927 4884 Graeco
943 4810 1141 4884 nomine
1168 4822 1297 4868 sum
1318 4808 1454 4883 liber,
1478 4810 1658 4884 tabula,
1684 4826 1911 4884 cognosci
1931 4824 2111 4880 potest,
2130 4834 2248 4884 qua:

664 4824 729 4859 ex
755 4824 927 4859 bl‘tBOO
943 4824 1141 4860 uonnne
1168 4824 1297 4868 sum
1318 4824 1454 4871 ttoer,
1478 4824 1658 4870 tamtta,
1684 4824 1911 4876 cognosci
1931 4824 2111 4880 potest,
2136 4834 2248 4884 qua:

664 4874 810 4944 suam
832 4870 945 4944 olim
962 4872 1011 4944 in
1034 4869 1241 4944 Hebraea
1261 4872 1582 4944 origine-ejus
1603 4876 1732 4924 vocis
1750 4878 1827 4944 vis
1844 4884 2000 4944 esset,
2024 4893 2080 4929 ac
2099 4883 2248 4944 signi-

662 4932 835 5001 ficatio.
861 4931 1154 5001 Rectissime
1171 4931 1568 5001 adeolosepbus,
1588 4944 1729 4986 vetus
1744 4931 2042 4990 Christianus
2061 4931 2243 5001 auctor,

663 4995 709 5057 in
748 4993 1122 5057 llypomuestig)
1150 4993 1336 5057 ΔΠειθώ
1378 4993 1507 5054 Δάτος
1528 4998 1910 5057 interpretatur.
1964 5001 2153 5054 Cretera
2185 4993 2246 5055 ad

662 5055 1120 5129 tiuue‘nmditinnlie
1140 5055 1412 5129 ipsatvau,
1436 5059 1487 5129 in
1517 5056 1625 5129 illa.
1646 5055 1747 5129 .Zai
1759 5061 1886 5129 vivit,
1911 5062 2243 5129 Hethciueus,

664 5115 794 5190 lla-lt
820 5115 1417 5190 tanienuLarneddiscite,
1433 5119 1693 5190 (ξω-λιξὶᾀο
1711 5115 1944 5190 Drusium
1964 5126 2014 5174 in
2033 5115 2241 5190 Alphab:

663 5176 907 5246 tit-ll)rai_c_o
926 5186 977 5227 et
996 5177 1073 5228 Jo.
1097 5178 1270 5246 Morin.
1297 5179 1513 5246 EXt-rcit.
1536 5181 1665 5231 Bibl.
1692 5197 1739 5246 p.
1763 5184 1871 5235 501.

726 5234 811 5319 (ε).
833 5239 914 5289 δίε
930 5252 1029 5319 ιιι-ο,
1042 5239 1180 5319 κέῐίην
1202 5234 2051 5319 arsissenleeuﬁcareamus
2071 5260 2103 5319 εξ
2123 5248 2239 5299 Mss-

662 5298 915 5370 υιιλιιῄιξιιδ1
930 5298 1173 5370 Eusebio,
1190 5298 1472 5370 A'lpbabeto
1483 5298 1799 5370 Hui-baccus:
1814 5306 2041 5370 aliisque.
2070 5298 2243 5370 oms

663 5366 737 5427 est
759 5362 853 5419 Zai,
884 5367 980 5417 Tet,
1002 5361 1173 5427 ac_Jod
1195 5361 1387 5427 quidam
1428 5364 1538 5413 Mss.
1575 5366 1809 5427 aspirant.
1831 5375 1888 5417 ut
1914 5361 2063 5418 etiam
2084 5369 2241 5420 Euse-

659 5417 769 5469 bius
788 5417 873 5497 ﬁt,
914 5434 975 5473 ιοο
1000 5420 1080 5472 vel
1118 5434 1185 5474 ιω
1215 5417 1344 5473 forte
1366 5437 1455 5486 pro
1487 5427 1599 5474 rma
1633 5417 1749 5475 'olim
1774 5417 1883 5478 erat
1902 5417 2243 5497 12⁵⁷0ξᾶᾖῇ

663 5495 1134 5630 ξιτῖάῑΰλιιιδνρςίηῃ.
1160 5561 1360 5630 Μελ-η,
1385 5567 1439 5611 ut
1460 5563 1651 5625 quidam
1667 5578 1757 5630 ex
1781 5568 2005 5630 antiquis.
2030 5568 2167 5619 Hier.
2195 5572 2242 5620 in

663 5614 852 5694 Isaiam,
881 5628 934 5666 P.
963 5619 1153 5694 gauli,
1186 5638 1209 5665 ι
1234 5614 1443 5694 litteram
1476 5614 1637 5694 seruio
1667 5614 2240 5694 n.-._tm;_iéﬁsnbn’n§iiei;

659 5680 749 5743 sed
772 5671 941 5743 proca
963 5671 1072 5743 put
1089 5671 1276 5743 _Gr_:eco
1298 5683 1466 5731 utitur.
1490 5671 1519 5727 »ί
1538 5684 1647 5733 για.
1669 5671 1792 5736 sit};
1806 5671 1939 5740 biit:
1961 5671 2114 5743 Eii?

721 5694 749 5729 α
788 5694 858 5729 ιτο
881 5694 941 5727 ea
965 5694 1071 5726 ιἰιι
1105 5694 1276 5728 ιιι-πω
1298 5694 1394 5730 ιιιιυ

721 5694 786 5808 (εί
827 5740 1027 5805 Vulgati
1052 5737 1130 5789 sin
1151 5739 1216 5789 de
1239 5752 1394 5790 more.

1956 271 2203 329 SANCTI
2240 244 2612 333 nimam:

3850 301 3966 358 4M

2358 392 2501 463 pium
2539 410 2561 451 :
2596 395 2737 468 quia
2766 400 3010 469 quamvis
3056 417 3203 462 nunc
3246 408 3479 467 sciamus
3526 413 3779 473 universa
3833 430 3963 486 quas

2320 482 2325 489 ’
2351 485 2550 556 scripta
2576 498 2720 557 sunt,
2746 497 2927 548 tamen
2946 508 3012 549 ex
3036 504 3187 564 parte
3207 501 3605 573 cognoscimus,
3629 513 3685 561 et
3703 521 3773 561 ex
3797 482 3962 576 parte

2359 579 2749 649 prophetamus
2783 598 2797 637 :
2830 592 2886 639 et
2933 601 3075 642 nunc
3124 604 3221 658 per
3264 593 3542 661 speculum
3590 595 3849 651 videmus
3904 598 3961 653 in

2353 670 2657 742 aenigmate.
2673 671 2803 739 Cum
2831 684 3007 731 autem
3037 682 3393 738 meruerimus
3417 699 3538 741 esse
3562 700 3685 742 cum
3702 687 3959 749 Christo.

2353 773 2409 818 et
2435 764 2638 821 similes
2663 767 2883 838 Angelis
2914 768 3175 828 fuerimus
3200 815 3215 839 ,
3247 783 3376 831 tunc
3406 777 3663 833 librorum
3695 779 3961 857 doctrina

2353 858 2621 927 cessabit,
2650 859 2719 932 (Ι)
2751 870 2806 916 et
2841 871 2967 919 tunc
3004 864 3307 923 videbimus
3337 867 3472 926 facie
3512 869 3581 927 ad
3617 871 3816 929 faciem
3849 873 3959 929 bo-

2355 963 2485 1005 num
2516 951 2834 1023 principium
2864 954 3021 1012 sicuti
3050 965 3154 1012 est.

2427 1041 2483 1097 9.
2510 1040 2710 1109 Quarta
2740 1047 3006 1102 connexio
3030 1057 3134 1114 est,
3161 1048 3332 1121 Caph,
3365 1050 3588 1120 Lamed,
3619 1071 3826 1123 manus,
3859 1057 3963 1111 dia

2355 1136 2619 1205 sciplime,
2653 1137 2767 1194 sive
2806 1139 2993 1194 cordis.
3028 1140 3216 1197 Manus
3260 1143 3628 1216 intelliguntur
3654 1146 3707 1202 in
3736 1162 3916 1219 opere
3939 1191 3957 1213 ,

2355 1241 2452 1281 cor
2489 1236 2544 1283 et
2588 1228 2869 1299 disciplina
2915 1232 3337 1302 interpretantur
3372 1235 3485 1307 [aL
3525 1238 3908 1311 intelliguntur.
3948 1242 3961 1311 ι

2358 1317 2410 1373 ἰη
2441 1333 2604 1375 sensu
2629 1337 2642 1373 :
2666 1321 2787 1391 quia
2815 1322 2949 1378 nihil
2978 1322 3153 1380 facere
3178 1340 3485 1397 possumus,
3515 1330 3620 1386 nisi
3651 1332 3798 1402 prius
3824 1349 3958 1405 quae

2356 1406 2601 1465 facienda
2632 1420 2758 1466 sunt
2788 1412 3095 1469 scierimus.
3650 1468 3653 1469 ν

2429 1500 2516 1555 10.
2545 1500 2738 1568 Quinta
2781 1505 3044 1560 connexio
3075 1514 3179 1572 est,
3219 1506 3379 1576 Mem,
3410 1508 3551 1577 Nun,
3577 1512 3806 1569 Samech
3833 1554 3850 1580 ,
3886 1531 3959 1569 ea:

2356 1589 2498 1659 ipsis,
2532 1592 2909 1673 sempiternum,
2935 1596 3273 1668 adjutorium.
3300 1600 3413 1656 Hoc
3432 1604 3811 1674 explanatione
3837 1622 3953 1665 non

2359 1679 2580 1752 indiget,
2610 1684 2705 1739 sed
2732 1668 2891 1741 omni
2909 1687 3026 1743 luce
3055 1690 3388 1749 manifestius
3412 1668 3519 1763 est,
3549 1709 3618 1751 ex
3645 1695 3953 1770 Scripturis

2357 1781 2558 1829 aeterna
2586 1775 2827 1832 subsidia
2853 1778 3165 1837 ministrari.

2430 1867 2517 1921 11.
2550 1866 2713 1925 Sexta
2756 1856 3023 1929 connexio
3061 1874 3253 1942 habet,
3286 1877 3387 1933 Ain
3409 1920 3424 1947 ,
3453 1879 3567 1937 Phe
3591 1923 3606 1948 ,
3636 1881 3795 1950 Sade,
3825 1888 3952 1957 fons

2358 1958 2472 2013 sive
2502 1960 2702 2029 oculus,
2727 1963 2849 2031 oris,
2863 1965 3083 2036 justitiae
3107 1983 3126 2022 :
3151 1968 3443 2026 secundum
3465 1970 3597 2028 illud
3617 1973 3759 2045 quod
3784 1975 3838 2032 in
3864 1975 3951 2051 (9)

2356 2051 2520 2106 tertio
2549 2068 2771 2109 numero
2801 2058 3167 2127 exposuimus.

2434 2143 2590 2216 150
2656 2145 2743 2203 19...
2762 2146 2999 2218 Septima
3019 2150 3287 2207 connexio
3314 2162 3417 2222 est,
3437 2171 3558 2227 quae
3585 2166 3639 2214 et
3671 2168 3948 2229 extrema,

2355 2235 2498 2304 quod
2519 2245 2574 2290 et
2598 2236 2650 2291 in
2664 2236 2781 2306 ipso
2801 2254 3012 2310 quoque
3029 2245 3335 2312 septenario
3354 2260 3578 2303 numero
3595 2249 3665 2304 sit
3682 2251 3952 2323 mysticus

2356 2325 2677 2395 intellectus,
2710 2329 2883 2400 Coph,
2916 2331 3045 2397 Res,
3073 2331 3182 2389 Sen
3204 2374 3223 2403 ,
3248 2334 3400 2392 Thau
3424 2378 3443 2403 ,
3470 2341 3685 2407 uacatio,
3730 2344 3946 2413 capitis,

2356 2415 2581 2472 dentium
2605 2458 2621 2485 ,
2648 2421 2811 2491 signa.
2850 2422 2953 2478 Per
2979 2423 3175 2485 dentes
3202 2427 3483 2485 articulata
3507 2446 3612 2486 vox
3640 2433 3906 2502 promitur
3925 2478 3947 2504 ,

2356 2517 2411 2563 ct
2436 2508 2491 2563 in
2524 2511 2608 2566 his
2635 2511 2804 2583 signis
2832 2515 2899 2571 ad
2938 2527 3098 2588 caput
3122 2521 3361 2576 omnium
3384 2562 3398 2586 ,
3427 2523 3517 2593 qui
3542 2534 3627 2581 est
3653 2524 3898 2585 Christus
3925 2572 3944 2597 ,

2356 2602 2700 2673 pervenitur,
2744 2620 2840 2676 per
2864 2623 3024 2679 quem
3055 2611 3269 2669 venitur
3292 2613 3359 2670 ad
3390 2630 3613 2688 regnum
3657 2621 3950 2694 sempiter-

2355 2706 2482 2747 num
2511 2692 2614 2766 (It).
3184 2750 3193 2755 .
3664 2732 3667 2733 ν

2428 2785 2517 2840 15.
2546 2785 2654 2843 Oro
2685 2795 2737 2844 te
2758 2831 2773 2855 ,
2803 2791 2929 2862 quid
2975 2792 3077 2849 hoc
3116 2796 3381 2854 sacratius
3410 2803 3785 2858 sacramento?
3809 2804 3945 2876 quid

2357 2877 2458 2935 hac
2486 2879 2760 2951 voluptate
2793 2883 3125 2954 jucundius?
3153 2889 3255 2957 Qui
3296 2892 3401 2947 cibi
3426 2934 3442 2960 ,
3474 2909 3594 2963 quze
3624 2896 3780 2965 mella
3808 2908 3944 2955 sunt

2356 2970 2596 3029 dulciora
2622 3014 2637 3040 ,
2671 2991 2828 3045 quam
2859 2978 2957 3035 Dei
2998 2981 3139 3038 seire
3175 2983 3510 3053 prudentiam
3536 2997 3639 3058 ,‘et
3665 2988 3720 3045 in
3758 2989 3943 3049 abdita

2357 3063 2474 3135 ejus
2502 3065 2702 3122 intrare
2725 3109 2740 3134 ,
2772 3079 2827 3124 et
2853 3084 3071 3127 sensum
3099 3072 3372 3131 Creatoris
3402 3078 3669 3148 inSpicere
3690 3123 3706 3149 ,
3734 3091 3789 3138 et
3816 3099 3943 3141 ser-

2356 3170 2546 3213 mones
2578 3158 2790 3217 Domini
2834 3162 2927 3218 Dei
2956 3164 3030 3218 tni
3055 3205 3071 3231 ,
3102 3166 3192 3235 qui
3223 3168 3292 3223 ab
3320 3167 3477 3240 hujus
3505 3173 3690 3230 mundi
3719 3177 3941 3248 sapien-

2358 3247 2501 3304 tibus
2537 3248 2853 3309 deridentur
2876 3294 2892 3320 ,
2934 3254 3124 3325 plenos
3150 3256 3217 3329 (i)
3246 3258 3454 3317 discere
3491 3263 3751 3334 sapientia
3780 3247 3941 3338 Spiri-

2357 3341 2489 3397 tali?
2518 3342 2756 3401 Habeant
2776 3347 2875 3404 sibi
2902 3351 3109 3418 caeteri,
3132 3351 3177 3407 si
3203 3352 3387 3419 velint,
3410 3368 3534 3410 suas
3554 3372 3703 3428 opes,
3726 3374 3940 3430 gemma

2356 3431 2564 3501 bibant,
2598 3437 2773 3493 serico
2799 3444 3026 3508 niteant,
3058 3442 3247 3514 plausu
3277 3445 3460 3515 populi
3483 3444 3856 3518 delectentur;
3883 3462 3943 3509 et

2357 3538 2455 3595 per
2485 3527 2662 3583 varias
2686 3531 3012 3602 voluptates,
3035 3533 3249 3591 divitias
3270 3550 3396 3593 suas
3415 3538 3631 3595 vincere
3647 3552 3939 3612 nequeant.

2356 3615 2568 3672 Nostra:
2597 3618 2798 3677 divitia:
2827 3623 2936 3678 sint
2956 3664 2971 3691 ,
3012 3623 3066 3679 in
3106 3625 3222 3697 lege
3249 3627 3460 3685 Domini
3490 3630 3735 3688 meditari
3762 3633 3849 3692 die
3876 3650 3943 3693 ac

2358 3717 2539 3776 nocte,
2558 3711 2773 3781 pulsare
2797 3714 3017 3784 januam
3046 3733 3152 3774 non
3174 3729 3465 3791 patentem,
3483 3738 3649 3794 panes
3661 3726 3943 3787 Trinitatis

2358 3801 2623 3872 accipere,
2643 3814 2697 3860 et
2716 3807 2897 3862 saeculi
2917 3807 3129 3877 ﬂuctus,
3151 3809 3378 3868 Domino
3398 3826 3691 3885 prmeunte,
3709 3820 3936 3878 calcare.

2432 3892 2518 3948 14.
2552 3891 2732 3950 Saluta
2774 3896 3062 3954 Bltesillam
3088 3941 3103 3967 ,
3150 3910 3206 3957 et
3245 3900 3601 3962 Eustochium
3645 3909 3941 3968 tirunculas

2356 3995 2587 4041 nostras.
2618 3986 2798 4045 Saluta
2826 3990 2892 4062 (j)
2924 3990 3278 4064 Felicianam,
3313 4010 3441 4053 vere
3463 3999 3672 4069 carnis,
3699 4009 3754 4056 et
3778 4003 3936 4072 spiri-

2358 4084 2443 4133 tus
2492 4078 2797 4149 virginitate
2850 4080 3085 4139 felicem.
3133 4083 3317 4141 Saluta
3364 4087 3631 4159 reliquum
3684 4093 3940 4151 castitatis

2356 4167 2603 4237 chorum,
2635 4178 2690 4226 et
2718 4171 3072 4230 domesticam
3104 4185 3246 4232 tuam
3277 4177 3595 4247 Ecclesiam,
3624 4183 3707 4238 cui
3739 4188 3936 4255 omnia,

2356 4259 2518 4315 etiam
2543 4275 2660 4331 qua:
2692 4270 2803 4317 tuta
2835 4272 3000 4332 sunt,
3030 4265 3229 4333 timeo;
3264 4282 3330 4323 ne
3370 4268 3669 4328 dormiente
3705 4277 3939 4345 patrefa-

2355 4351 2552 4416 mitias,
2579 4351 2828 4409 inimicus
2848 4354 3008 4410 homo
3027 4357 3231 4414 zizania
3251 4363 3640 4432 superseminet
3664 4381 3677 4419 :
3698 4370 3941 4437 quamvis

2355 4442 2516 4497 etiam
2542 4441 2726 4499 dicere
2752 4444 2982 4501 audeant
3009 4489 3025 4515 ,
3066 4447 3175 4519 Ego
3202 4450 3377 4505 civitas
3416 4452 3568 4522 ﬁrma
3589 4496 3602 4519 ,
3629 4456 3804 4512 civitas
3829 4476 3943 4528 qua:

2355 4548 2455 4586 non
2486 4542 2814 4604 oppugnatur
2859 4536 3017 4605 (Isai.
3063 4538 3155 4594 27.
3200 4541 3254 4597 5.
3295 4542 3435 4612 just.
3480 4542 3674 4615 LXX).
3717 4545 3935 4615 Nullus,

2355 4623 2535 4680 hostili
2561 4625 2843 4683 obsidente
2869 4630 3128 4698 exercitu,
3161 4646 3385 4690 securus
3407 4643 3510 4690 est.
3539 4635 3707 4693 Nemo
3733 4676 3749 4702 ,
3777 4640 3853 4713 (lt)
3882 4653 3939 4697 ut

2358 4715 2549 4772 beatus
2578 4718 2875 4790 Cyprianus
2901 4720 2992 4788 ait,
3025 4727 3154 4778 satis
3185 4732 3350 4793 tutus,
3377 4726 3615 4797 periculo
3638 4731 3933 4799 proximus.

2355 4809 2645 4881 Exemplar
2677 4812 2963 4883 Epistolas,
2994 4815 3041 4871 si
3069 4816 3313 4889 accipere
3338 4818 3565 4874 voluerit
3587 4828 3937 4890 φιλοπονοτάτη

2380 4961 2641 5075 coit:
2656 4972 2927 5029 sequuntur
2947 4980 3105 5033 usque
3128 4968 3188 5020 ad
3219 4969 3409 5035 periodi
3422 4968 3565 5021 linem
3584 4971 3765 5025 absunt
3784 4988 3813 5025 a
3835 4976 3937 5039 ple-

2351 5038 2518 5076 l'lSGlle
2543 5038 2657 5076 MSS.

2381 5036 2748 5159 [Sargelghsélss
2774 5101 2961 5151 omnes,
2985 5105 3081 5143 nec
3121 5093 3322 5159 dubium
3358 5096 3557 5159 tertiam
3578 5098 3930 5159 connexionem

2351 5149 2548 5222 respici,
2595 5149 2817 5212 adeoque
2856 5149 3114 5215 perperam
3150 5155 3200 5204 in
3244 5162 3388 5205 antea
3433 5156 3639 5221 vulgatis
3660 5158 3858 5222 haberi,
3880 5161 3929 5213 in

2352 5217 2522 5272 alterm
2540 5224 2758 5272 numero-

2421 5267 2487 5335 (It)
2527 5270 2701 5339 f‘onl‘er
2742 5273 2924 5339 saepius
2958 5275 3137 5339 laudati
3167 5278 3371 5339 Iosephi
3425 5277 3685 5330 Christiani
3725 5284 3927 5332 auctoris

2348 5330 2713 5395 Hypomnestic.
2732 5330 2838 5397 mp.
2849 5335 2930 5385 ‘26.
2943 5338 3025 5387 ubi
3048 5330 3449 5390 intertlum'aliter
3463 5340 3552 5391 has
3574 5330 3767 5392 litteras
3784 5330 3927 5394 inter;

2348 5401 2600 5504 gratatur,
2626 5403 2677 5445 ct
2699 5398 3031 5448 eonnexiones
3052 5402 3258 5473 instituit
3292 5400 3435 5463 paulo
3456 5403 3692 5454 diversas.
3716 5403 3839 5454 Vide
3877 5411 3927 5455 et

2393 5457 2531 5504 useh.
2559 5456 2820 5504 Prtetarat.
2845 5458 3029 5504 Evann.
3054 5459 3138 5504 ιιι».
3164 5461 3220 5504 Χ.
3248 5474 3292 5504 c-
3317 5463 3363 5504 5-
3384 5470 3437 5504 nt
3460 5462 3540 5504 XI-
3566 5478 3610 5504 η-
3634 5466 3681 5504 ιιΔ

2393 5457 2540 5523 ιιξιιι).
2559 5456 3029 5523 Prrej.arat_._Evang.
3054 5459 3220 5523 lita}.
3248 5456 3363 5511 c.'5.
3384 5470 3437 5513 et
3459 5462 3541 5513 Xl.
3566 5478 3610 5514 ο.
3634 5466 3682 5515 ϐ.

2420 5515 2475 5579 (i)
2509 5515 2772 5580 Sequimur
2796 5520 2907 5568 Mss.
2938 5515 3196 5571 etvvetclﬁ
3235 5522 3463 5574 editionis
3483 5525 3645 5575 tidem.
3680 5526 3776 5577 Alii
3809 5527 3925 5579 editi

2350 5576 2523 5638 legunt
2544 5576 2735 5630 docure.
2762 5582 2872 5630 Mox
2897 5583 3040 5632 abest
3060 5596 3087 5631 a
3110 5583 3223 5633 Mss.
3243 5582 3287 5634 si
3305 5585 3463 5635 velint.

2452 5641 2459 5649 '
2517 5640 2840 5700 Martiann'US,
2867 5644 3177 5702 Felicitatem,
3201 5644 3386 5696 lectore
3411 5648 3700 5701 inconsulto.

2412 5640 2487 5763 8")
2519 5702 2572 5751 S.
2597 5701 2857 5763 ijrianus
2875 5703 3028 5763 Epist.
3053 5707 3170 5754 mihi
3194 5706 3276 5756 IV.
3298 5707 3360 5756 ad
3395 5707 3700 5763 Pomponiun

2519 5701 2859 5782 ξείξξῬείξιιξξξξ
2875 5703 3028 5782 Elis!-
3046 5701 3171 5782 mihi;
3188 5706 3360 5782 Παειεὲ
3395 5707 3715 5782 Pomponium
3736 5713 3801 5765 de
3825 5713 3926 5767 Vir

2347 5761 2547 5824 ginihus
2571 5777 2585 5813 :
2610 5761 2753 5816 Némo
2775 5763 2862 5818 diu
2880 5761 3009 5820 tutus
3031 5772 3119 5830 est,
3140 5766 3358 5831 periculo
3375 5761 3650 5833 proximus.
