4078 6198
164 254 270 315 “5

162 383 240 444 (ld
259 390 351 439 est
378 383 572 439 taooris
593 385 977 459 studiosissimo)
1008 395 1187 444 nostra
1219 389 1485 459 Marcella,
1511 393 1751 451 tribuite.

165 473 229 527 Et
273 485 560 530 memento
610 477 748 541 mei,
796 479 1120 547 obsecrans,
1168 490 1226 536 ut
1269 482 1527 539 Dominus
1571 496 1757 543 noster

153 563 321 619 Jesus
353 565 607 622 Christus
633 577 875 625 conterat
899 569 1150 626 Satanam
1177 573 1278 630 sub
1304 575 1530 645 pedibus
1561 580 1759 635 nostris

155 658 450 715 velociter.
1654 677 1696 725 ο

521 795 673 870 151
749 797 1079 856 EPlS’l‘OLA
1121 800 1294 860 xxxx
1329 803 1426 878 (a).

730 953 798 992 ΔΙ)
835 953 1192 996 Βυετοειιιυιι.

736 1069 814 1125 De
843 1071 1184 1131 Munusculis.

148 1199 417 1267 Quadam
450 1203 754 1257 munuscula
788 1203 884 1259 sibi
922 1206 976 1260 in
1003 1209 1165 1263 natali
1194 1207 1257 1264 S.
1290 1208 1433 1278 Petri
1471 1211 1533 1266 ab
1564 1210 1756 1268 Eusto-

209 1295 336 1348 chio
366 1297 560 1360 missa,
594 1297 807 1367 mystica
833 1297 1249 1372 interpretatione
1277 1303 1432 1358 trahit
1459 1303 1528 1358 ad
1555 1321 1755 1361 morum

207 1386 625 1442 institutionem.

209 1523 264 1577 l.
306 1523 491 1578 Parva
521 1526 720 1596 specie,
750 1535 846 1583 sed
872 1538 1096 1586 caritate
1120 1540 1247 1586 sunt
1272 1547 1460 1603 magna
1480 1573 1495 1600 ,
1525 1549 1750 1591 munera

145 1617 435 1686 accepisse
465 1632 495 1672 a
524 1616 742 1688 Virgine
764 1661 778 1686 ,
807 1623 1046 1677 armillas
1069 1664 1084 1689 ,
1117 1625 1420 1693 epistolam,
1453 1635 1507 1681 et
1536 1628 1746 1683 colum-

145 1708 260 1762 bas.
292 1709 364 1762 Et
391 1709 648 1778 quoniam
678 1711 784 1766 mel
812 1712 866 1766 in
893 1713 986 1768 Dei
1019 1715 1296 1770 sacriﬁciis
1336 1731 1440 1770 non
1481 1717 1743 1787 oll'ertur,

147 1801 313 1856 nimia
359 1801 598 1856 dulcedo
637 1813 752 1858 arte
792 1813 997 1859 mutata
1043 1817 1162 1874 est,
1207 1817 1262 1862 et
1290 1809 1556 1878 quadam,
1584 1819 1643 1864 ut
1671 1811 1743 1866 ita

145 1897 344 1963 dicam,
377 1897 586 1968 piperis
614 1899 928 1955 austeritate
955 1901 1187 1956 condita.
1216 1903 1369 1972 Apud
1401 1904 1568 1958 Deum
1597 1905 1740 1960 enim

149 1987 280 2042 nihil
309 1989 738 2057 voluptuosum;
779 1990 910 2045 nihil
947 2001 1149 2046 tantum
1191 2008 1356 2048 suave
1394 1994 1604 2064 placet;
1637 1997 1741 2052 nisi

147 2079 286 2149 quod
322 2081 376 2134 in
422 2095 486 2136 se
526 2081 687 2137 habet
716 2083 984 2139 mordacis
1022 2085 1220 2156 aliquid
1248 2087 1506 2143 veritatis.
1536 2088 1740 2144 Pascha

144 2169 346 2227 Christi
380 2187 511 2228 cum
539 2173 986 2230 amaritudinibus
1017 2176 1391 2232 manducatur.

211 2261 266 2314 2.
293 2261 492 2318 Festus
519 2264 624 2318 dies
643 2263 708 2318 Β.
731 2264 872 2319 Petri
897 2267 1146 2335 quomodo
1173 2268 1524 2323 celebrandas.
1547 2299 1619 2310 —
1637 2271 1740 2327 Fe-

146 2360 251 2407 stus
274 2363 359 2408 est
386 2353 531 2418 dies,
561 2363 618 2410 et
638 2356 831 2411 natalis
851 2355 993 2411 beati
1020 2357 1188 2422 Petri,
1213 2357 1452 2414 festivius
1472 2370 1556 2415 est
1577 2361 1739 2418 solito

147 2445 486 2500 condiendus
529 2464 542 2500 z
584 2447 656 2501 ita
695 2455 915 2513 tamen,
947 2457 1005 2502 ut
1030 2447 1425 2520 Scripturarum
1463 2453 1737 2508 cardinem

141 2537 393 2606 jocularis
445 2554 628 2595 sermo
670 2555 774 2595 non
807 2539 971 2612 fugiat
1002 2560 1015 2597 :
1044 2557 1146 2597 nec
1183 2559 1212 2597 a
1243 2545 1552 2614 praescripto
1579 2546 1738 2614 palae-

147 2642 262 2686 stra:
294 2643 509 2688 nostra:
540 2633 747 2703 longius
776 2650 1081 2704 evagemur.
1111 2636 1349 2691 Armillis
1376 2637 1430 2691 in
1458 2637 1736 2695 Ezechiele

142 2723 212 2792 (ὁ)
241 2734 478 2778 ornatur
520 2725 836 2781 Jerusalem.
883 2727 1090 2781 Daruch
1136 2729 1389 2797 epistolas
1433 2730 1627 2800 accipit
1666 2731 1736 2787 ab

141 2811 386 2869 Jcrcmia.
404 2817 430 2870 Ι
447 2834 474 2868 u
503 2817 765 2872 columba:
787 2820 965 2887 specie
986 2819 1214 2887 Spiritus
1235 2819 1462 2874 Sanctus
1484 2821 1734 2877 allabitur

140 2903 310 2973 (Joan.
347 2908 431 2974 l).
472 2907 651 2978 Itaque
679 2919 734 2962 ut
762 2918 812 2963 te
836 2909 1056 2980 aliquid,
1083 2921 1135 2965 et
1161 2911 1357 2980 piperis
1387 2911 1648 2977 mmdeat,
1677 2921 1734 2969 et

141 2998 338 3065 pristini
371 2999 550 3054 libelli
577 3000 768 3070 (Epist.
794 3002 857 3056 de
886 2999 1082 3073 Virgin.
1113 3005 1378 3072 servanda)
1401 3006 1560 3059 etiam
1589 3019 1732 3062 tiuLc

137 3091 469 3158 recorderis,
499 3106 628 3147 cave
660 3107 727 3147 ne
754 3093 932 3161 operis
960 3105 1274 3147 ornamenta
1306 3094 1542 3150 dimittas
1565 3136 1582 3161 ,
1609 3111 1730 3165 quae

138 3194 272 3236 vera:
295 3183 531 3236 armilla:
553 3192 676 3238 sunt
697 3183 1036 3238 brachiorum
1060 3200 1074 3250 ;
1107 3200 1173 3240 ne
1194 3185 1471 3254 epistolam
1496 3187 1728 3255 pectoris

146 3275 214 3327 tui
261 3276 484 3331 scindas
510 3317 524 3340 ,
556 3293 716 3346 quam
757 3292 785 3330 a
819 3276 1028 3331 Baruch
1073 3275 1322 3331 traditam
1367 3279 1620 3333 novacula
1648 3277 1724 3352 (ις)

147 3360 249 3418 Rex
277 3367 543 3436 profanus
582 3367 801 3433 incidit;
834 3383 901 3422 ne
931 3367 996 3422 ad
1025 3367 1430 3424 similitudinem
1473 3369 1725 3440 Ephraim

146 3471 233 3522 per
253 3456 394 3513 Osee
417 3459 603 3513 audias
629 3477 640 3512 :
669 3458 833 3513 Facta
857 3477 908 3514 es
931 3460 1194 3531 insipiens,
1227 3471 1280 3515 ut
1308 3461 1540 3516 columba
1569 3462 1728 3534 (Osee

146 3544 216 3617 7).
248 3549 507 3616 Nimium,
538 3550 906 3620 respondebis,
936 3562 1170 3620 austere,
1200 3561 1255 3607 et
1284 3553 1422 3623 quod
1451 3552 1587 3608 festo
1616 3569 1724 3609 non

145 3641 427 3695 conveniat
473 3641 601 3695 dici.
633 3642 850 3698 Talibus
883 3643 995 3713 ipsa
1025 3645 1336 3700 muneribus
1383 3648 1720 3716 provocasti:

145 3730 259 3784 dum
285 3732 541 3787 dulcibus
563 3749 742 3788 amara
766 3737 964 3790 sociata
988 3746 1130 3801 sunt,
1156 3745 1212 3791 et
1233 3752 1264 3791 a
1290 3738 1443 3793 nobis
1465 3740 1610 3809 paria
1638 3755 1723 3795 re-

143 3822 300 3891 cipies
318 3865 331 3885 ,
365 3824 579 3879 laudem
607 3827 904 3880 amaritudo
931 3829 1293 3884 comitabitur.

204 3915 257 3968 3.
293 3916 499 3970 Verum
531 3931 598 3969 ue
627 3915 808 3970 videar
837 3916 976 3972 dona
1005 3920 1261 3974 minuisse
1292 3938 1304 3972 :
1333 3923 1638 3992 accepimus
1666 3931 1724 3979 et

143 4006 436 4062 canistrum
481 4008 680 4061 cerasis
711 4007 963 4062 refertum
991 4050 1006 4074 ,
1048 4009 1242 4065 talibus
1268 4021 1322 4065 et
1347 4020 1451 4066 tarn
1481 4014 1722 4084 virginali

145 4097 464 4154 verecundia
494 4099 828 4166 rubentibus,
863 4109 919 4156 ιιι
946 4115 1006 4155 ea
1035 4117 1174 4156 nunc
1204 4117 1234 4156 a
1267 4103 1346 4174 (ά)
1375 4103 1596 4160 Lucullo
1623 4107 1721 4161 de-

148 4187 243 4245 lata
273 4190 655 4246 cxistimarim.
691 4191 962 4262 Siquidem
995 4193 1094 4248 hoc
1122 4208 1292 4264 genus
1323 4195 1486 4264 pomi,
1518 4195 1720 4265 Ponto,

148 4291 196 4335 et
219 4285 473 4338 Armenia
503 4283 820 4355 subjugatis,
853 4284 919 4340 de
946 4284 1017 4358 (e)
1051 4286 1348 4341 Ccrasunto
1383 4289 1587 4357 primus
1616 4288 1724 4342 Ro-

149 4387 276 4428 mam
309 4377 532 4445 pertulit
555 4375 726 4446 (Plin.
754 4377 842 4431 lib.
875 4379 961 4434 l5.
991 4393 1109 4449 cap.
1137 4379 1249 4450 25).
1275 4379 1429 4436 Unde
1459 4391 1509 4436 et
1535 4381 1601 4438 de
1633 4397 1725 4453 pa-

153 4466 240 4520 tria
279 4470 441 4524 arbor
479 4485 675 4524 nomen
717 4471 943 4541 accepit.
980 4473 1146 4542 Igitur
1187 4473 1308 4542 quia
1352 4475 1403 4528 in
1431 4473 1722 4545 Scripturis

153 4558 427 4616 canistrum
459 4562 574 4616 ficis
597 4562 808 4632 plenum
841 4563 1085 4634 legimus,
1117 4581 1301 4622 cerasa
1329 4583 1456 4624 vero
1486 4584 1591 4625 non
1633 4571 1720 4625 in-

153 4650 400 4720 venimus,
485 4656 640 4728 152
715 4655 768 4710 in
796 4672 862 4712 eo
890 4657 1030 4728 quod
1075 4661 1288 4715 allatum
1318 4671 1437 4728 est,
1481 4663 1532 4716 id
1576 4663 1719 4732 quod

153 4738 355 4798 allatum
386 4761 494 4800 non
520 4757 624 4815 est,
656 4748 1038 4818 prmdicamus;
1079 4760 1429 4823 optamusque
1448 4762 1499 4808 te
1521 4753 1586 4810 de
1611 4755 1719 4811 illis

153 4834 313 4895 pomis
330 4835 464 4904 ﬁeri,
483 4855 600 4910 quae
616 4850 798 4896 contra
814 4843 1094 4914 Templum
1111 4845 1201 4900 Dei
1218 4855 1360 4913 sunt,
1379 4856 1432 4903 et
1448 4846 1513 4903 de
1524 4849 1718 4920 quibus

230 5009 274 5081 ᾳ]
301 5009 444 5081 Alias
464 5015 543 5081 _l9.
562 5018 746 5081 Scripta
763 5019 930 5070 eodem
947 5032 1071 5070 anno
1088 5021 1197 5071 384.

231 5068 272 5144 θ)
301 5071 437 5144 {laud
459 5077 592 5144 bene
606 5068 926 5144 Martianieus
949 5068 1061 5144 post
1075 5068 1260 5134 ﬁdem.
1287 5091 1528 5138 armatur.

231 5132 581 5213 c)_.loachimus
604 5141 709 5192 Rex
733 5143 891 5206 Judae,
918 5132 972 5194 u't
996 5159 1061 5194 ex
1081 5132 1270 5197 Jerein.
1546 5165 1592 5202 v.
1635 5151 1712 5202 9.3.

155 5189 424 5265 Moxgneque
448 5210 552 5265 erat
568 5189 749 5265 prone.

215 5250 426 5324 (ἀλ-ΗΜ
467 5250 652 5314 Fler'us'
667 5250 808 5316 tradit
851 5265 934 5317 lib.
957 5269 1006 5315 5.
1050 5283 1096 5318 c.
1140 5271 1184 5321 5.
1209 5271 1496 5322 Plutarchus
1538 5276 1584 5323 in
1609 5275 1717 5324 Vita

155 5309 344 5399 laricth
367 5329 416 5399 et
440 5309 633 5399 rimati;
648 5328 732 5377 tib.
771 5342 822 5377 κ.
863 5343 906 5379 c.
929 5343 1012 5399 xx.
1048 5309 1245 5399 aliique.
1273 5309 1560 5399 Ἰἰῖιπιυηὶδψ
1587 5337 1716 5399 Apo-

157 5371 342 5458 Paetis:
361 5371 843 5458 adversi—Evenl‘eﬁiuc
866 5371 1572 5458 inale_cum‘ll'.ucullowactum
1621 5371 1714 5458 est,

157 5447 231 5517 Qu}
255 5447 428 5517 pruinis
449 5461 616 5517 cer_a_sa
641 5464 704 5517 ex
727 5452 1057 5502 Ponto-Italize
1083 5457 1418 5517 promulgavit.
1441 5475 1462 5501 »

274 5455 428 5494 inmus
449 5461 616 5498 cerasa
641 5464 704 5498 ex
727 5454 1057 5502 Ponto-Italize
1083 5457 1418 5517 promulgavit.
1441 5475 1462 5501 »
1702 5454 1711 5458 ⁷

233 5454 272 5585 ὦ
311 5503 504 5585 Quidam
523 5511 640 5583 Mss.
659 5514 720 5583 de
738 5523 913 5585 ceraso
934 5524 1191 5585 surreptam,
1205 5532 1315 5580 qua:
1337 5533 1428 5567 uou
1455 5522 1718 5585 incongrua

220 5554 232 5561 _
260 5554 269 5563 ,
319 5554 342 5561 ,
523 5554 639 5560 ___-_-
660 5554 716 5561 η
739 5554 910 5562 πη--
1207 5554 1222 5565 .
1242 5554 1315 5567 ...μ
1337 5554 1428 5567 ην..
1456 5554 1718 5573 ...νων-ιι...

157 5554 290 5648 {stitio
313 5573 400 5625 cst,
425 5575 616 5643 proprie
643 5574 773 5626 enim
797 5575 919 5648 urbs
956 5554 1306 5648 illarcerast‘is,
1329 5595 1420 5631 seu
1444 5562 1718 5648 ιιρεσοςξορ-

157 5622 364 5706 ggllatur,
391 5622 581 5706 tante-tsi
605 5622 1068 5706 quemadmodum}
1632 5622 1716 5698 ἦξ-

159 5680 369 5800 mum}
401 5693 461 5800 alb
482 5680 671 5750 ὶιίᾰγῦἔ
681 5680 1028 5759 ’ἱίἰέἰῐιῖἔξίἰὶέο
1043 5680 1607 5768 :laaﬁc‘ﬁ'éiazdiauii
1632 5680 1717 5761 τὸ-

347 5765 416 5800 BN
443 5793 457 5800 -

213 5005 228 5190 l

260 5007 274 5196 ξ

1491 274 1822 337 EPISTOLA
1860 279 2100 338 XXXIII.

3341 311 3447 371 M6

1869 398 2010 455 Deus
2035 400 2166 457 dicit
2189 420 2203 457 :
2231 401 2364 472 Quia
2393 405 2522 462 bona
2537 452 2560 492 κ,
2592 408 2723 466 bona
2753 415 2915 470 valde.
2941 417 3080 476 Nihil
3113 425 3308 497 quippe
3333 429 3452 486 Sal-

1864 503 2018 545 vator
2039 493 2274 549 medium
2296 508 2458 552 amat.
2484 500 2551 555 Et
2574 502 2726 558 sicuti
2751 504 2994 577 frigidum
3020 493 3437 591 nonrefugiens,

1864 583 2054 640 calidis
2081 586 2404 656 delectatur,
2439 593 2508 648 ita
2539 596 2747 665 tepidos
2776 601 2827 654 in
2851 603 3170 677 Apocalypsi
3195 583 3442 670 evomere

1863 687 1926 768 se
1951 674 2186 746 loquitur
2211 680 2394 752 (Apoc.
2417 684 2496 754 5).
2522 684 2672 743 Unde
2694 690 2849 746 nobis
2869 674 3148 752 sollicitius
3171 706 3449 768 providen-

1864 763 1990 820 dum
2017 776 2121 835 est,
2153 781 2208 824 ut
2238 773 2536 831 solemnem
2564 777 2730 844 diem,
2755 797 2860 836 non
2886 793 2992 839 tam
3014 787 3256 845 ciborum
3279 795 3447 850 abun-

1863 855 2044 913 dantia
2065 900 2082 924 ,
2110 878 2269 932 quam
2305 867 2526 936 spiritus
2563 873 2891 932 exultatione
2921 881 3275 940 celebremus.
3313 889 3448 956 Qum

1860 963 2036 1006 unus
2063 969 2340 1012 aususnon
2369 975 2485 1026 ss'r,
2521 963 2682 1019 nimia
2709 970 2988 1026 saturitate
3021 975 3154 1030 velle
3183 977 3446 1038 honorare

1862 1039 2173 1116 Martyrem,
2199 1065 2356 1119 quem
2389 1053 2532 1110 scias
2557 1056 2668 1112 Deo
2696 1059 2961 1129 placuisse
2981 1064 3216 1135 jejuniis.
3251 1072 3323 1125 lta
3356 1076 3445 1131 tibi

1861 1143 2076 1202 semper
2097 1138 2487 1198 comedendum
2518 1155 2632 1212 est,
2665 1156 2724 1202 ut
2747 1150 2922 1206 cibum
2954 1165 3008 1208 et
3050 1159 3221 1212 oratio
3251 1177 3443 1232 scqua~

1861 1231 1986 1322 tur,
2019 1236 2075 1282 et
2117 1228 2298 1286 lectio.
2327 1234 2482 1300 Quod
2514 1239 2559 1292 si
2587 1239 2854 1311 aliquibus
2886 1245 3174 1318 displicet,
3204 1228 3444 1322 Apostoli

1860 1315 2025 1411 verba
2055 1329 2306 1378 cantato:
2333 1323 2396 1381 Si
2421 1328 2589 1384 adhuc
2615 1331 2902 1391 hominibus
2931 1315 3182 1408 placerent
3201 1383 3218 1411 ,
3252 1315 3446 1400 illiriin

1859 1407 2052 1464 ancilla
2074 1426 2179 1467 non
2203 1429 2380 1470 essem.

2295 1505 2628 1568 EPISTOLA
2669 1513 2867 1572 XXXII
2912 1518 3001 1593 (f).

2420 1638 2490 1677 AD
2528 1639 2844 1685 ιΑιιεειιΑιί
2851 1671 2864 1686 ο

1852 1721 2083 1783 Επιιοαι
2105 1745 2179 1796 se,
2209 1733 2344 1799 quod
2367 1738 2540 1802 paucis
2563 1743 2840 1810 scripserit,
2859 1745 3100 1804 nimirum
3126 1754 3440 1824 conferendis

1921 1835 2036 1874 cum
2066 1822 2266 1892 Aquila:
2306 1829 2640 1887 translatione
2668 1831 2897 1892 Hebreeis
2928 1822 3262 1900 voluminibus
3291 1864 3440 1904 occu-

1921 1921 2093 1979 patus.
2143 1913 2446 1973 Brevitatem
2491 1936 2607 1977 vero
2649 1925 2802 1996 hujus
2851 1928 3099 2000 Epistolas
3147 1951 3438 2008 compensat

1919 2003 2117 2060 duabus
2153 2010 2495 2078 superioribus
2556 2015 2801 2086 Epistolis
2843 2021 3028 2080 Pauli:
3072 2037 3122 2083 et
3157 2003 3436 2090 Eustochio

1922 2096 2148 2167 directis,
2177 2117 2303 2167 quas
2328 2103 2596 2162 Marcella:
2619 2110 2857 2182 legendas
2881 2117 3053 2173 mittit.

1919 2229 1974 2284 l.
2007 2231 2076 2287 Ut
2103 2241 2208 2288 tam
2234 2251 2454 2304 parvam
2485 2241 2779 2312 Epistulam
2802 2249 3116 2319 scriberem,
3141 2269 3316 2313 causa:
3332 2260 3435 2315 du-

1847 2321 2003 2392 plicis
2032 2323 2132 2379 fuit
2156 2342 2170 2392 ;
2203 2330 2366 2397 quod,
2391 2341 2446 2387 et
2475 2334 2780 2392 tabellarius
2805 2339 3109 2411 festinabat,
3133 2357 3185 2402 et
3208 2365 3306 2420 ego
3325 2353 3434 2408 alio

1847 2426 2012 2483 opere
2037 2415 2304 2488 detentus,
2332 2421 2436 2478 hoc
2453 2427 2604 2495 quasi
2630 2439 2842 2503 παρέργῳ
2869 2450 2955 2490 me
2976 2415 3429 2509 occupare'nolui.

1845 2504 2053 2573 Quaeris
2082 2510 2336 2579 quidnam
2370 2514 2497 2571 illud
2530 2519 2599 2573 sit
2630 2529 2734 2575 tam
2765 2525 3003 2594 grande,
3048 2504 3151 2585 tam
3181 2550 3430 2592 necessa-

1845 2597 2002 2663 rium,
2030 2615 2135 2669 quo
2157 2603 2450 2672 epistolica:
2470 2611 2915 2671 confabulationis
2934 2633 3130 2676 munus
3151 2627 3430 2684 exclusum

1845 2687 1936 2742 sit.
1962 2688 2078 2744 Jam
2108 2693 2313 2760 pride'm
2337 2711 2456 2752 cum
2479 2701 2836 2759 voluminibus
2859 2706 3204 2767 Hebraeorum
3226 2713 3428 2771 Editio-

1842 2793 1968 2874 nem
1988 2783 2196 2874 Aquila:
2225 2788 2470 2856 confero,
2497 2809 2564 2848 ne
2593 2795 2720 2865 quid
2752 2797 2974 2856 forsitan
3004 2815 3221 2874 propter
3245 2810 3425 2864 odium

1841 2868 2044 2926 Christi
2069 2873 2347 2947 Synagnga
2378 2885 2664 2938 mutaverit
2699 2903 2711 2939 :
2745 2895 2799 2940 et
2841 2899 2897 2942 ut
2935 2868 3122 2947 amica;
3152 2898 3314 2950 menti
3349 2898 3428 2951 fa-

1841 2968 1975 3027 tear,
2005 2979 2123 3032 quae
2155 2967 2220 3020 ad
2251 2979 2493 3026 nostram
2525 2975 2682 3029 fidem
2719 2979 3019 3046 pertineant
3047 2987 3425 3059 roborandam,

1841 3054 1992 3123 plura
2020 3060 2251 3127 reperio.
2286 3061 2438 3118 Nunc
2465 3080 2494 3117 a
2523 3066 2805 3134 Prophetis
2831 3113 2845 3133 ,
2873 3071 3159 3133 Salomone
3177 3122 3191 3144 ,
3227 3054 3429 3139 Psalle;

1836 3146 1940 3212 rio,
1969 3146 2385 3221 Regnorumque
2414 3153 2564 3209 libris
2593 3163 2916 3216 examussim
2948 3169 3245 3234 recensitis,
3282 3173 3426 3226 Exo-

1836 3234 1960 3290 dum
1991 3245 2150 3294 teneo
2170 3281 2185 3305 ,
2218 3257 2376 3311 quem
2408 3245 2479 3298 illi
2511 3262 2644 3303 ELLE
2672 3265 2847 3307 suom
2873 3266 3068 3311 vocant
3090 3300 3106 3325 ,
3134 3260 3201 3314 ad
3230 3261 3426 3318 Leviti-

1834 3343 1954 3382 cum
1986 3332 2324 3388 transiturus.
2355 3335 2517 3393 Vides
2560 3339 2723 3410 igitur
2751 3345 2892 3412 quod
2940 3348 3142 3403 nullum
3183 3352 3421 3410 officium

1836 3421 1960 3477 huic
1983 3424 2133 3493 operi
2163 3429 2584 3497 praeponendum
2616 3433 2706 3488 sit.
2741 3437 2988 3493 Attamen
3020 3457 3085 3494 ne
3111 3441 3423 3502 Currentius

1831 3524 2018 3570 noster
2047 3515 2186 3573 forte
2231 3518 2426 3574 frustra
2472 3527 2769 3581 cucurrerit
2794 3569 2807 3592 ,
2839 3531 2916 3600 (g)
2944 3530 3076 3586 duas
3111 3533 3376 3604 Epistolas
3403 3580 3421 3607 ,

1831 3621 1962 3701 quas
1977 3608 2041 3663 ad
2057 3625 2297 3668 sororem
2368 3615 2522 3687 153
2587 3625 2728 3673 tuam
2749 3620 2966 3678 Paulam
2993 3627 3214 3699 ejusque
3232 3631 3423 3701 pignus
3499 3685 3510 3693 .

1829 3695 2176 3756 Eustochium
2207 3703 2486 3770 miseram,
2521 3707 2642 3763 huic
2674 3717 3018 3770 sermunculo
3058 3725 3290 3776 annexui
3323 3741 3335 3776 :
3367 3735 3423 3780 ut

1829 3787 2089 3846 dumillas
2106 3793 2324 3864 legeris,
2350 3804 2405 3849 et
2431 3795 2483 3848 in
2505 3796 2588 3850 his
2614 3800 2813 3868 aliquid
2845 3803 3104 3861 doctrina:
3132 3813 3334 3878 pariter
3357 3830 3421 3870 ac

1830 3881 2028 3951 leporis
2059 3885 2349 3954 inveneris,
2370 3897 2525 3956 putes
2552 3889 2642 3943 tibi
2673 3905 2887 3962 quoque
2915 3897 3111 3967 scripta
3137 3915 3279 3969 esse,
3301 3919 3421 3972 quae

1829 3972 1938 4030 illis
1963 3975 2160 4044 scripta
2187 3985 2330 4030 sunt.

1900 4065 1955 4118 2.
1997 4066 2244 4122 Albinam
2275 4082 2617 4126 communem
2649 4084 2873 4132 matrem
2904 4079 3084 4137 valere
3117 4083 3274 4154 cupio
3303 4104 3316 4140 :
3349 4087 3418 4144 de

1829 4168 2053 4225 corpore
2074 4157 2283 4227 loquor,
2311 4170 2370 4215 ut
2393 4162 2584 4233 spiritu
2609 4165 2806 4232 valeat,
2833 4183 2937 4223 non
2966 4173 3216 4241 ignorans
3237 4192 3249 4230 :
3269 4192 3418 4232 eam-

1829 4258 1934 4314 que
1964 4255 2132 4315 perte
2155 4249 2372 4306 salutari
2401 4251 2656 4323 obsecro,
2690 4266 2744 4311 et
2769 4257 2972 4329 duplici
3003 4265 3215 4332 pietatis
3238 4271 3417 4328 officio
3509 4281 3511 4288 ‘

1829 4337 2079 4408 focillari,
2107 4343 2250 4412 quod
2292 4345 2344 4400 in
2385 4362 2490 4403 una
2516 4358 2680 4420 atque
2708 4351 2896 4408 eadem
2923 4353 3226 4418 Christiana
3253 4365 3414 4422 simul

1829 4427 2102 4502 diligatur,
2131 4443 2186 4490 et
2213 4444 2403 4493 mater.

2253 4547 2587 4609 EPISTOLA
2627 4553 2847 4614 xxxut
2888 4562 2988 4634 (1.).

2174 4674 2240 4714 an
2283 4675 2495 4720 unum
2536 4665 2598 4740 (i)
2645 4684 2776 4726 uas
2814 4687 3060 4737 οωεωιι.

1825 4764 2058 4824 Iudicem
2089 4788 2297 4844 operum
2330 4776 2566 4850 Origenis
2597 4794 2776 4840 contra
2811 4786 3055 4844 Varronis
3099 4791 3270 4863 Opera
3298 4811 3414 4849 con-

1895 4866 2086 4934 ferens,
2120 4869 2356 4936 ostendit,
2388 4868 2676 4928 Ecclesium
2709 4876 2899 4931 Christi
2920 4880 3156 4934 habuisse
3185 4884 3416 4951 Scripto-

1895 4970 2020 5021 rem,
2056 4957 2141 5026 qui
2173 4975 2342 5015 omnes
2371 4959 2580 5017 Graecos
2609 4965 2921 5035 Latinosque
2948 4985 3236 5041 superasset
3265 4977 3414 5029 etiam

1895 5045 2143 5101 librorum
2169 5051 2420 5106 editorum
2447 5055 2792 5110 multitudine.

1898 5180 1950 5233 l.
2002 5179 2170 5235 Varro
2217 5192 2262 5236 et
2311 5184 2673 5242 Chalcenterus
2730 5190 3066 5260 capiosissimi
3105 5197 3412 5272 Scriptores.

1824 5302 1897 5312 —
1918 5273 2150 5328 Marcum
2179 5275 2489 5333 Terentium
2514 5279 2812 5338 Varronem
2842 5287 3066 5344 miratur
3087 5292 3410 5366 Antiquitas,

1911 5404 1956 5488 ﬁ.
1973 5404 2595 5488 ~".'3i:7f;§criptsvav¢e
2620 5412 2790 5466 diebus
2815 5424 2916 5479 ροδι
2939 5419 3062 5474 duas
3082 5425 3372 5488 superiores.

1911 5467 1956 5543 ρ)
1999 5467 2119 5537 Dum
2137 5467 2331 5543 Inem‘pe'
2347 5467 2880 5543 superiores,_quartim_
2899 5467 3414 5543 ua‘5"'&¢i?55iuZhi'iie

1827 5520 2068 5640 .He'brqigio
2094 5520 2370 5594 .tlphabeto,
2397 5520 2556 5585 altera
2578 5520 2663 5588 '65:
2677 5520 2994 5595 Rimini;
3029 5520 3095 5600 ii;

1827 5605 1970 5640 lllSCl‘l
1989 5607 2020 5640 ›ι
2046 5604 2121 5640 nr.

1827 5605 2121 5640 lllSCl‘ll)lllll‘.

1888 5652 1958 5776 μα)
1996 5652 2181 5718 scripta
2200 5655 2493 5731 circiteran.
2520 5662 2631 5735 581..

1909 5718 1948 5776 ι)
1981 5715 2092 5765 huc
2125 5730 2189 5766 ex
2230 5717 2402 5769 Bullini
2435 5721 2631 5775 lnvectr

1853 5715 1953 5813 “Si!
1981 5715 2795 5813 ¹ὶ¹ξεῤ.ξ¹.¹ἐ.ιθ.¹ΞΞΡί-.ἓ¹1θιεξὲξπιιξιε
2835 5729 2943 5813 1-}-
2961 5735 3285 5813 .ads.eita..est.
3308 5745 3414 5813 «ιρεο

1825 5777 1967 5840 stola,
2018 5780 2156 5840 unus
2202 5783 2372 5834 eminit
2403 5785 2509 5838 inse
2556 5786 2699 5840 liter.
2727 5789 2814 5843 lib.
2860 5777 3412 5864 aé’s‘ciiﬁiTs‘éEiésiil
