4078 6198
617 275 718 336 451

621 410 917 453 ειιΑνιιΑαι.
948 394 1014 449 Et
1042 387 1393 463 Symmachus
1415 428 1427 452 ,
1461 385 1763 455 Quintaque
1805 381 1984 437 Editio
2021 391 2193 436 trans-

620 492 896 554 tulerunt,
926 503 1162 541 manuum
1210 493 1448 548 tuarum,
1484 492 1542 536 ut
1571 477 1975 548 ambiguitatem
2002 473 2197 545 prioris

621 581 882 636 sermonis
906 578 1218 642 effugerent.

693 673 746 728 6.
785 672 916 726 Cum
964 668 1078 722 hazc
1128 665 1356 730 furtivis,
1384 672 1443 720 ut
1495 664 1683 730 aiunt,
1715 661 1894 732 operis
1937 657 2004 714 ad
2049 657 2198 713 lucu-

635 758 1022 816 bratiunculam
1049 758 1202 813 velox
1225 756 1415 812 notarii
1443 772 1631 811 manus
1657 770 1743 810 me
1763 755 1999 809 dictante
2021 750 2197 821 signa-

629 861 746 917 ret,
777 862 829 907 et
873 851 1024 922 plura
1064 849 1247 905 dicere
1287 849 1576 920 cogitarem
1601 889 1614 912 ,
1641 846 1750 917 jam
1792 845 1962 900 ferme
2006 849 2196 913 quarta

622 948 792 999 noctis
818 945 946 998 hora
971 952 1299 1009 excesserat,
1315 951 1371 997 et
1391 951 1612 1010 repente
1628 938 1860 994 stimulis
1877 933 2196 1006 quibusdam

611 1038 839 1093 dolentis
867 1038 1128 1092 stomachi
1157 1037 1444 1093 suscitatus
1467 1077 1482 1100 ,
1515 1037 1567 1090 in
1593 1034 1891 1089 orationem
1939 1027 2156 1100 prorupi
2176 1063 2193 1092 ,

611 1140 666 1184 ut
692 1131 881 1184 saltem
906 1131 1111 1199 reliquo
1136 1129 1390 1184 horarum
1415 1127 1612 1198 spatio,
1633 1125 1960 1195 subrepente
1981 1133 2192 1186 somno,

612 1220 960 1278 frustraretur
987 1221 1287 1278 infirmitas.

1047 1332 1382 1389 EPISTOLA
1419 1329 1617 1386 XXXV
1657 1330 1762 1402 (a).

963 1465 1154 1506 DAIASI
1186 1464 1336 1504 ΡΔΡΑΕ
1365 1463 1434 1503 ΑΒ
1471 1458 1837 1502 ιιιῑιοιηῖιωιι.

618 1585 1024 1660 Hieronymum,
1061 1587 1212 1658 cujus
1254 1585 1444 1656 scripta
1486 1584 1647 1638 multa
1693 1598 1748 1637 se
1789 1598 1906 1636 cum
1951 1579 2196 1635 aviditate

688 1681 854 1748 legere
881 1679 1164 1746 proﬁtetur,
1195 1679 1340 1731 enixe
1374 1675 1628 1730 Damasus
1670 1683 1849 1745 rogat,
1878 1684 1932 1728 ut
1960 1675 2198 1744 subjectis

701 1769 762 1823 V.
791 1771 1148 1839 questionibus
1173 1785 1236 1824 ea:
1265 1767 1431 1822 Veteri
1456 1767 1776 1822 Testamento
1802 1767 2122 1837 respondeat.

690 1881 1048 1938 Dilectissimo
1073 1882 1181 1936 lilio
1205 1881 1518 1938 Hisnonvno
1549 1882 1814 1937 Dsnsns.

695 2016 748 2071 l.
788 2034 807 2068 ι
847 2017 1209 2073 Dormientem
1237 2027 1321 2083 te,
1347 2026 1402 2073 et
1428 2019 1586 2088 longo
1611 2017 1721 2088 jam
1750 2027 1990 2087 tempore
2012 2016 2196 2088 legen-

621 2116 728 2164 tem
775 2109 986 2178 potius,
1012 2123 1170 2179 quam
1207 2109 1534 2165 scribentem
1557 2149 1571 2174 ,
1602 2109 2003 2179 quaestiunculis
2041 2108 2107 2163 ad
2149 2118 2199 2164 te

617 2200 795 2255 missis
823 2201 1061 2256 excitare
1085 2200 1161 2272 (ὁ)
1187 2200 1426 2270 diSposui
1452 2218 1465 2253 :
1489 2216 1597 2254 non
1639 2215 1746 2271 quo
1785 2211 1839 2256 et
1886 2201 2063 2270 legere
2092 2213 2198 2255 non

619 2294 818 2350 debeas
843 2313 856 2348 :
881 2293 984 2350 hoc
1031 2294 1177 2349 enim
1226 2294 1392 2349 veluti
1436 2294 1748 2366 quotidiano
1786 2294 1908 2349 cibo
1947 2294 2110 2348 alitur
2145 2301 2202 2348 et

618 2387 915 2457 pinguescit
940 2388 1113 2441 oratio
1140 2403 1152 2439 :
1177 2387 1270 2442 sed
1299 2387 1440 2458 quod
1473 2388 1722 2444 lectionis
1744 2387 1948 2442 fruetus
1977 2389 2047 2442 sit
2075 2387 2197 2454 iste,

617 2478 663 2533 si
688 2479 910 2533 scribas.
936 2477 1116 2548 Itaque
1135 2478 1388 2548 quoniam
1411 2489 1464 2534 et
1487 2479 1558 2548 (c)
1583 2478 1696 2533 heri
1723 2478 2004 2534 tabellario
2025 2479 2091 2533 ad
2116 2493 2202 2534 me

620 2570 869 2636 remisso,
890 2569 1067 2624 nullas
1119 2569 1275 2641 159
1327 2569 2195 2640 tejamepistolashabcredixisti,

619 2663 858 2733 exceptis
901 2663 1004 2729 his,
1049 2679 1182 2732 quas
1226 2663 1512 2732 aliquando
1559 2662 1612 2717 in
1659 2679 1842 2718 eremo
1875 2663 2199 2731 dictaveras,

617 2769 857 2825 quasque
875 2763 982 2808 tota
1001 2753 1254 2809 aviditate
1273 2754 1374 2820 legi
1393 2764 1554 2824 atque
1575 2754 1833 2824 descripsi
1855 2771 1870 2810 :
1891 2755 1967 2826 (ά)
1983 2765 2034 2810 et
2064 2756 2203 2810 ultro

620 2849 886 2920 pollicitus
927 2865 986 2905 es
1030 2859 1084 2905 te
1129 2852 1338 2905 furtivis
1388 2850 1625 2904 noctium
1671 2851 1850 2920 operis
1895 2852 2123 2920 aliquas,
2156 2851 2201 2907 si

616 2941 833 3009 vellem,
860 2956 1017 3011 posse
1045 2942 1280 3007 dictare;
1311 2941 1544 2997 libenter
1572 2943 1782 3012 accipio
1806 2942 1873 2996 ab
1902 2943 2197 3010 olferente,

615 3033 759 3105 quod
805 3049 993 3104 rogare
1032 3033 1305 3090 volueram
1334 3033 1408 3106 (ε)
1439 3035 1599 3088 etiam
1627 3035 1670 3088 si
1704 3049 1976 3106 negasses.
2019 3035 2203 3105 Neque

617 3141 748 3180 vero
768 3119 929 3180 ullam
963 3135 1087 3195 puto
1113 3126 1413 3195 digniorem
1443 3126 1822 3196 disputationis
1850 3136 2047 3181 nostra:
2074 3143 2203 3182 con-

617 3216 997 3273 fabulationem
1028 3217 1163 3282 fore,
1196 3233 1354 3288 quam
1383 3219 1427 3273 si
1455 3219 1522 3273 de
1553 3219 1847 3289 Scripturis
1871 3223 2202 3276 sermocine-

620 3327 742 3366 mur
762 3310 904 3366 iuter
927 3326 1024 3365 nos
1050 3329 1063 3366 :
1088 3311 1140 3365 id
1166 3323 1268 3376 est,
1303 3322 1359 3365 ut
1381 3328 1481 3381 ego
1510 3313 1860 3384 interrogem,
1888 3326 1940 3370 tu
1969 3331 2201 3387 respon-

623 3400 775 3456 deas.
807 3401 919 3467 Qua
951 3402 1056 3454 vita
1089 3401 1217 3454 nihil
1245 3411 1373 3470 puto
1403 3402 1456 3456 in
1485 3402 1588 3458 hac
1615 3404 1730 3459 luee
1755 3405 2067 3474 jucundius,
2095 3422 2202 3478 quo

617 3493 814 3545 anima:
843 3492 1036 3560 pabulo
1062 3492 1240 3545 omnia
1271 3492 1430 3546 mella
1461 3503 1798 3563 superantur.
1831 3516 1850 3547 ι
1889 3496 2054 3563 Quam
2084 3499 2204 3553 dul-

619 3586 722 3651 cia,
742 3584 913 3654 inquit
948 3583 1230 3651 Propheta,
1251 3583 1318 3654 (f)
1338 3586 1531 3654 gutturi
1552 3602 1660 3639 meo
1691 3587 1890 3657 eloquia
1917 3599 2024 3656 tua,
2051 3607 2203 3660 super

623 3677 724 3731 mel
752 3677 828 3730 ori
856 3691 964 3730 meo
993 3675 1011 3746 (
1035 3674 1132 3747 Ps.
1160 3676 1282 3730 H8.
1311 3676 1414 3732 105
1441 3686 1478 3748 ).
1516 3695 1536 3730 ι
1570 3677 1700 3733 Nam
1729 3694 1849 3734 cum
1882 3681 2110 3750 idcirco,
2146 3696 2204 3739 ut

617 3769 692 3824 ait
719 3771 1018 3840 prtecipuus
1044 3780 1249 3836 orator,
1285 3769 1531 3826 homines
1574 3786 1603 3824 a
1639 3771 1824 3828 bestiis
1853 3774 2198 3846 ditferamus,

615 3863 756 3935 quod
788 3863 927 3934 loqui
958 3878 1245 3934 possumus
1271 3881 1284 3919 :
1308 3880 1410 3935 qua
1443 3864 1601 3920 laude
1629 3866 1822 3936 dignus
1867 3879 1950 3923 est
1971 3911 1986 3936 ,
2016 3871 2107 3940 qui
2150 3872 2201 3927 in

615 3970 676 4010 ca
708 3970 768 4010 re
797 3964 1024 4011 ctetcros
1051 3965 1290 4026 superat,
1326 3955 1378 4010 in
1409 3972 1512 4028 qua
1543 3956 1795 4014 homines
1825 3960 2023 4016 bestias
2047 3972 2201 4019 ante-

616 4047 852 4103 cellunt?
882 4066 900 4098 ι

685 4139 735 4192 2.
773 4157 793 4191 ι
828 4139 1118 4210 Accingere
1159 4139 1337 4210 igitur,
1379 4151 1432 4198 et
1468 4143 1597 4199 mihi
1632 4161 1751 4216 quae
1793 4147 2033 4219 subjecta
2074 4159 2197 4206 sunt

617 4230 860 4297 dissere,
895 4247 1116 4287 servans
1145 4231 1224 4306 (g)
1257 4235 1536 4308 utrobique
1566 4240 1950 4308 moderamen,
1998 4255 2058 4300 ut
2101 4261 2199 4302 nec

621 4325 889 4394 proposita
917 4324 1237 4380 solutionem
1270 4327 1612 4394 desiderent,
1644 4350 1744 4389 nec
1769 4337 1996 4405 epistola
2025 4339 2200 4395 brevi-

619 4426 800 4471 tatem.
830 4416 1024 4473 Fateor
1047 4419 1246 4488 quippe
1275 4421 1389 4486 tibi,
1423 4437 1518 4477 eos
1544 4441 1678 4494 quos
1708 4427 1834 4482 mihi
1871 4429 2194 4500 jampridem

615 4509 696 4580 (h)
725 4507 985 4562 Lactantii
1011 4509 1240 4564 dederas
1265 4509 1448 4578 libros,
1479 4513 1599 4568 ideo
1635 4531 1740 4571 non
1781 4518 2014 4576 libenter
2045 4523 2194 4594 lego,

615 4599 738 4669 quia
762 4607 818 4655 et
846 4598 1084 4669 plurimae
1107 4599 1350 4670 epistola:
1375 4600 1492 4671 eius
1539 4603 1658 4675 (al.
1685 4608 1881 4679 liuius)
1923 4627 2090 4683 usque
2129 4615 2195 4670 ad

699 4755 751 4877 il
783 4755 1330 4874 oﬁiia‘é‘uiii’ii’iffi

697 4879 746 4939 c)
779 4877 904 4952 Olim
930 4877 1118 4952 Etherio
1159 4880 1430 4952 tabellario.
1453 4894 1552 4944 quo
1572 4881 1715 4952 modo
1739 4897 1981 4952 neunum,
1996 4892 2198 4952 quidem

697 4755 751 4877 (ἐξ
783 4752 912 4865 Alit];
932 4752 1072 4864 114Μ
1063 4753 1260 4867 Sciigtrtb
1267 4767 1398 4836 anno
1411 4755 1522 4805 584.

673 4754 746 4939 3c)
779 4817 904 4928 83:11
916 4829 1141 4927 agitatis.
1159 4830 1430 4936 taebe'lll'ario.
1453 4895 1522 4939 qua

610 4939 1190 5006 manuscriptumlegisse
1215 4939 1522 5000 invenimus;
1549 4944 1636 4992 sed
1659 4959 1766 4994 cum
1785 4948 1942 4996 datam
1966 4939 2198 5006 maias};

612 4999 753 5075 lymis
775 5001 898 5075 hanc
921 4999 1174 5075 epistolam
1196 5007 1284 5075 alis
1320 4999 1617 5075 Hieronymo
1642 5021 1704 5075 ex
1729 4999 2076 5075 prtemncept;
2094 4999 2196 5067 ᾗῇ-
2238 5057 2248 5066 ,

612 5062 734 5143 r'onii
749 5062 1074 5143 “aditu;
1101 5065 1326 5143 ppinione
1348 5067 1437 5143 sibi
1452 5062 1786 5143 persuasisset
1810 5062 2048 5126 Reatinus
2087 5062 2198 5143 Epi-

615 5123 1076 5191 scopus_,_conlictatn
1103 5123 1514 5191 lectionemtueri
1543 5131 1785 5191 impendio
1815 5123 2015 5187 conatus
2028 5123 2133 5191 vos:

676 5185 756 5247 (d)
783 5185 1038 5255 Vaticanus
1060 5193 1107 5258 et_
1128 5186 1242 5258 quia
1263 5189 1524 5258 pollicitus
1547 5204 1598 5240 es
1611 5185 1634 5258 ’ί
1657 5193 1889 5258 idemque
1911 5185 2200 5258 frtrtiriﬂno-

607 5245 955 5358 ξιέἱηέιυὲξιςῦἒ,
980 5249 1108 5310 quod
1127 5245 1206 5299 alii
1232 5245 1450 5316 plerique
1465 5252 1578 5303 Mss.
1603 5245 1792 5316 furtivis
1808 5245 2027 5311 'noct'ittni
2036 5245 2192 5330 Ἰῖοἶίξ,

615 5321 695 5358 vel
719 5321 960 5369 operum.

674 5369 745 5487 ξε)
782 5369 981 5439 Victorii
1007 5369 1208 5423 Codices
1229 5377 1459 5426 omittunt
1483 5376 1646 5428 etiam.

696 5432 747 5487 Ῑ)
783 5429 877 5478 Alii
912 5430 1024 5479 Mss.
1051 5433 1245 5484 inverso
1269 5451 1530 5487 narumner
1573 5452 1646 5487 ore

696 5429 877 5509 [χθξῇ
912 5430 1245 5509 ηδεὶξηνιξιιδρ
1269 5451 1530 5509 parumper
1573 5441 1762 5502 ordine,
1796 5457 1984 5509 «super
2021 5449 2119 5501 mel
2147 5461 2199 5504 et

610 5488 771 5554 favum
785 5494 858 5554 _o_ri
883 5505 996 5554 meo
1014 5490 1202 5554 eloquia
1227 5488 1306 5546 tu'a
1329 5488 1554 5548 Domine.
1581 5517 1604 5546 ι

676 5551 751 5658 ἓν)
785 5549 1328 5632 V'aticannsutrumque,
1353 5568 1406 5609 et
1424 5574 1535 5608 mox
1562 5562 1798 5628 Epistolw,
1825 5577 1878 5618 ut
1900 5576 1951 5619 et
1973 5570 2052 5621 alii
2079 5574 2194 5626 Mss.

713 5617 794 5658 ent
822 5623 907 5658 tiro
932 5612 1148 5658 Emstoln.

610 5609 794 5660 habent
822 5623 907 5667 pro
932 5609 1148 5667 Epistola.

674 5670 763 5762 .(1').
785 5669 1204 5762 33233135231223?
1224 5679 1458 5762 meme
1476 5679 1724 5748 ιεειίιαηιεν
1745 5697 1796 5740 ει
1817 5693 1958 5755 paqu
1981 5706 2087 5760 post
2112 5713 2197 5762 pro

610 5731 763 5796 huius
785 5743 936 5798 usque
952 5731 1076 5797 legit
1097 5735 1202 5799 ejus
1222 5749 1391 5804 neque.

1905 259 2147 321 SANCTI
2188 255 2564 316 HIERONYMI

3790 267 3900 326 452

2305 376 2450 430 mille
2492 374 2664 445 spatia
2711 389 2965 431 versuum
3006 375 3320 445 tenduntur,
3343 385 3399 434 et
3438 393 3562 434 raro
3601 378 3668 438 de
3707 393 3900 441 nostro

2303 468 2552 537 dogmate
2594 469 3037 541 diSpntant:quo
3075 471 3154 536 fit,
3180 482 3236 526 ut
3275 482 3330 527 et
3378 472 3573 543 legenti
3617 474 3896 534 fastidium

2301 569 2523 631 generet
2549 561 2826 632 longitudo
2853 581 2866 617 :
2891 573 2946 618 et
2974 564 3017 617 si
3041 580 3145 633 qua
3173 564 3354 619 brevia
3379 575 3524 630 sunt,
3549 567 3896 624 scholasticis

2304 654 2472 724 magis
2497 655 2604 707 sint
2637 665 2757 725 apta
2780 697 2796 721 ,
2820 672 2980 726 quam
3007 658 3162 711 nobis
3183 699 3196 722 ,
3227 658 3295 712 de
3318 659 3505 715 metris
3528 669 3585 715 et
3609 665 3894 732 regionum

2303 746 2406 802 situ
2428 757 2480 802 et
2512 748 2848 818 philosophis
2878 751 2946 819 (i)
2977 751 3333 820 disputantia.

2375 842 2425 895 1.
2463 859 2482 892 ι
2515 841 2652 908 Quid
2683 843 2782 897 sibi
2812 844 2928 898 vult
2967 845 3109 914 quod
3155 847 3206 900 in
3248 846 3445 904 Genesi
3477 849 3737 919 scriptum
3768 859 3889 910 est:

2307 932 2484 989 Omnis
2503 935 2590 1001 qui
2630 937 2869 991 occiderit
2893 936 3043 1006 Cain,
3083 949 3274 1006 septem
3299 942 3547 997 vindictas
3572 946 3838 1000 exsolvet?
3864 964 3884 998 ι

2307 1023 2458 1096 (Gen.
2487 1027 2538 1080 4.
2567 1028 2685 1096 15.)

2372 1115 2427 1170 2.
2465 1136 2482 1168 ι
2517 1117 2571 1174 Si
2614 1119 2794 1174 omnia
2842 1121 2982 1176 Deus
3038 1123 3108 1194 (j)
3157 1122 3286 1179 fecit
3335 1125 3473 1180 bona
3502 1126 3695 1194 valde,
3724 1143 3892 1198 quare

2301 1206 2415 1264 Noe
2460 1209 2527 1264 de
2568 1211 2784 1266 mundis
2823 1222 2877 1268 et
2921 1213 3214 1270 immundis
3251 1217 3571 1274 animalibus
3610 1225 3888 1290 prtecepit,

2302 1314 2424 1354 eum
2485 1299 2818 1358 immundum
2867 1304 2998 1359 nihil
3053 1307 3253 1362 bonum
3295 1323 3416 1364 esse
3467 1312 3668 1380 possit?
3708 1313 3774 1366 Et
3835 1311 3887 1366 in

2302 1405 2444 1446 novo
2483 1392 2832 1450 Testamento
2877 1407 2998 1466 post
3045 1399 3348 1466 visionem,
3377 1419 3496 1470 qua:
3529 1403 3687 1458 Petro
3717 1403 3889 1459 fuerat

2301 1493 2516 1539 ostensa
2548 1486 2746 1541 dicenti
2775 1505 2787 1539 :
2813 1489 2972 1554 Absit,
3009 1489 3242 1554 Domine,
3270 1510 3302 1546 a
3345 1510 3445 1557 me,
3475 1496 3712 1565 quoniam
3753 1513 3887 1549 com-

2301 1592 2474 1644 mune,
2519 1588 2566 1632 et
2607 1579 2923 1637 immundum
2968 1599 3226 1652 nunquam
3271 1584 3498 1638 introivit
3530 1587 3583 1638 in
3615 1603 3669 1640 os
3697 1604 3881 1654 meum,

2303 1683 2405 1724 vox
2448 1669 2518 1724 tle
2551 1671 2690 1726 caalo
2716 1672 3093 1741 responderit:
3124 1675 3278 1741 Quod
3321 1675 3459 1731 Deus
3501 1679 3790 1745 mandavit,
3833 1690 3886 1732 tu

2304 1777 2565 1815 commune
2592 1778 2654 1816 ne
2681 1763 2906 1818 dixeris!
2937 1782 2956 1816 ›
2984 1765 3120 1832 (Act.
3149 1767 3236 1821 10.
3273 1768 3338 1822 14
3363 1779 3407 1820 et
3445 1768 3558 1840 l5.)

2373 1852 2427 1906 3.
2464 1870 2482 1904 ι
2512 1852 2621 1907 Cur
2651 1852 2791 1907 Deus
2822 1857 3057 1924 loquitur
3081 1856 3147 1910 ad
3175 1858 3483 1926 Abraham,
3517 1861 3658 1930 quod
3700 1871 3882 1930 quarta

2304 1943 2560 2012 progenie
2615 1943 2705 1998 lilii
2763 1944 2926 2001 Israel
2974 1956 3157 2002 essent
3203 1948 3278 2019 (lt)
3314 1951 3379 2005 de
3423 1950 3655 2022 Egypto
3735 1955 3885 2025 160

2304 2035 2592 2100 reversuri,
2638 2043 2693 2090 et
2743 2047 2924 2106 postea
2955 2036 3168 2109 Moyses
3211 2041 3391 2094 scribit
3423 2061 3441 2094 ι
3467 2065 3482 2094 ;
3509 2045 3698 2111 Quinta
3722 2055 3883 2097 autem

2306 2126 2548 2197 progenie
2574 2128 2806 2182 exierunt
2836 2130 2934 2198 lilii
2977 2129 3145 2186 Israel
3171 2134 3234 2188 de
3260 2143 3395 2187 terra
3423 2133 3640 2206 Egypti
3669 2135 3690 2206 (
3711 2134 3880 2190 Exod.

2306 2218 2394 2272 l3.
2429 2219 2516 2273 18.
2550 2219 2696 2284 iuxta
2713 2220 2886 2294 LXX)
2915 2241 2928 2278 :
2963 2243 2982 2277 ι
3014 2225 3156 2295 quod
3204 2227 3388 2298 utique
3427 2229 3528 2284 nisi
3571 2238 3882 2299 exponatur,

2304 2309 2517 2365 videtur
2544 2326 2664 2368 esse
2685 2305 3031 2370 contrarium.
3073 2335 3094 2369 ι

2375 2403 2430 2457 4.
2467 2422 2486 2455 ε
2515 2403 2626 2460 Cur
2653 2407 2923 2462 Abraham
2955 2409 3077 2464 ﬁdei
3116 2425 3227 2468 sua:
3257 2411 3468 2483 signum
3513 2413 3568 2469 in
3609 2413 3888 2470 circumci-

2307 2493 2458 2550 sione
2484 2498 2758 2567 suscepit?
2785 2517 2804 2550 s

2377 2587 2430 2643 5.
2469 2607 2488 2640 ‹
2517 2591 2623 2645 Cur
2651 2591 2802 2648 Isaac
2827 2594 2910 2648 vir
2933 2593 3131 2663 justus,
3156 2605 3209 2650 et
3235 2596 3346 2652 Deo
3367 2612 3546 2664 carus,
3573 2614 3677 2654 non
3704 2600 3776 2655 illi
3801 2601 3889 2658 cui

2307 2681 2494 2752 voluit,
2525 2685 2618 2740 sed
2647 2685 2733 2741 cui
2765 2686 2937 2741 noluit
2966 2687 3225 2760 deceptus
3246 2706 3452 2758 errore,
3478 2692 3784 2749 benedixit?
3815 2713 3840 2747 ι

2744 2798 3078 2857 EPISTOLA
3120 2802 3340 2859 xxxvr
3378 2805 3468 2876 (ι).

2873 2913 2980 2968 Seu
3005 2916 3322 2986 rescriptum

2760 3061 2953 3103 BIERON
2963 3064 3049 3103 “ll
3078 3066 3146 3105 AD
3175 3065 3422 3107 οΑιιΑεωί

2310 3156 2589 3214 Prwmissa
2617 3163 2941 3216 excusatione
2972 3182 3268 3234 morarum,
3301 3183 3361 3221 ac
3391 3170 3743 3237 prtelermissis
3779 3181 3890 3226 Ian-

2382 3262 2489 3307 tunt
2517 3254 2714 3308 duabus
2743 3255 3165 3324 Quwsliunculis,
3191 3263 3410 3314 secunda
3438 3273 3482 3315 et
3511 3272 3692 3333 quarta
3712 3282 3744 3317 (ι
3770 3264 3889 3318 Ter-

2383 3346 2622 3412 tulliano,
2657 3345 2950 3403 Novatiauo
2971 3392 2987 3416 ,
3017 3367 3078 3404 ac
3109 3349 3329 3422 Origene
3355 3353 3645 3424 disputatis,
3682 3357 3889 3428 reliquis

2382 3437 2541 3492 tribus
2569 3440 2773 3507 copiose
2796 3441 3084 3510 respondet.

2521 3549 2838 3607 Beatissimo
2863 3552 3020 3624 Papae
3053 3554 3279 3611 Damaso
3305 3556 3658 3614 HIERONYIUS.

2382 3667 2435 3720 1.
2456 3664 2743 3736 Postquam
2768 3668 3048 3738 epistolam
3067 3679 3171 3725 tuze
3189 3671 3496 3729 Sanctitatis
3525 3675 3731 3747 accepi,
3764 3691 3887 3732 eon-

2309 3757 2484 3812 festim
2532 3759 2706 3814 accito
2755 3762 3001 3826 notario,
3030 3772 3089 3817 ut
3133 3765 3406 3834 exciperet
3450 3767 3708 3836 imperavi
3741 3787 3753 3822 :
3786 3782 3883 3838 quo

2309 3849 2373 3904 ad
2401 3849 2637 3905 ofﬁcium
2670 3862 2991 3922 praeparato,
3023 3855 3162 3925 quod
3191 3872 3337 3911 eram
3365 3873 3496 3914 voce
3525 3872 3880 3930 prompturus,

2310 3951 2434 3998 ante
2469 3942 2600 3997 mihi
2637 3944 2965 4013 cogitatione
2997 3947 3302 4017 pingebant.
3331 3949 3545 4006 Interim
3572 3951 3683 4022 jam
3715 3962 3770 4008 et
3793 3969 3886 4023 ego

2309 4032 2541 4105 linguam
2565 4075 2579 4098 ,
2608 4045 2662 4091 et
2691 4035 2780 4090 ille
2809 4037 3091 4092 articulum
3141 4040 3487 4096 movebamus
3505 4084 3520 4107 ,
3548 4059 3668 4098 cum
3716 4045 3887 4100 subito

2309 4122 2566 4181 Hebraeus
2595 4126 2692 4199 (ιη)
2717 4128 3022 4198 intervenit,
3055 4129 3304 4187 deferens
3340 4149 3444 4188 non
3467 4149 3632 4205 pauca
3667 4137 3890 4191 volumi-

2309 4232 2374 4271 na
2399 4260 2414 4286 ,
2445 4235 2566 4289 quae
2600 4221 2667 4275 de
2705 4221 2984 4293 Synagoga
3011 4225 3161 4294 quasi
3196 4225 3433 4282 lecturus
3474 4241 3774 4309 acceperat.
3824 4230 3886 4284 Et

2310 4313 2454 4368 illico
2500 4315 2667 4370 habes
2690 4357 2705 4380 ,
2735 4316 2904 4386 inquit
2929 4360 2943 4382 ,
2976 4319 3117 4388 quod
3151 4323 3516 4389 pnstulaveras
3541 4343 3554 4379 :
3582 4342 3770 4396 meque
3795 4327 3884 4381 du-

2308 4403 2478 4472 bium,
2501 4413 2555 4460 et
2581 4406 2707 4474 quid
2737 4408 2965 4462 facerem
2993 4413 3345 4476 nescientem,
3378 4415 3446 4468 ita
3478 4414 3702 4471 festinus
3725 4427 3882 4472 exter-

2309 4496 2451 4562 ruit,
2480 4507 2538 4551 ut
2564 4497 2813 4552 omnibus
2843 4501 3219 4568 praetermissis
3247 4503 3312 4557 ad
3341 4506 3681 4561 scribendum
3717 4519 3882 4563 trans-

2308 4587 2546 4643 volarent
2592 4607 2605 4642 :
2647 4589 2789 4659 quod
2843 4591 3055 4660 quidem
3114 4609 3284 4664 usque
3341 4597 3406 4650 ad
3453 4613 3688 4667 prtesens
3734 4600 3882 4656 facio.

2309 4679 2509 4736 Verum
2537 4682 2660 4750 quia
2690 4682 2770 4754 (η)
2798 4681 2915 4738 beri
2941 4685 3169 4742 diacono
3195 4689 3261 4744 ad
3299 4706 3383 4746 me
3411 4694 3596 4759 misso,
3629 4703 3685 4748 ut
3716 4704 3767 4748 tu
3795 4712 3886 4765 pu-

2311 4781 2392 4826 tas
2415 4771 2710 4840 Epistolam
2731 4815 2747 4838 ,
2777 4784 2833 4829 ut
2857 4791 2957 4844 ego
2979 4780 3152 4834 sentio
3171 4820 3186 4839 .
3211 4780 3664 4838 Commentarium
3710 4795 3760 4838 te
3799 4801 3889 4840 ex-

2307 4873 2524 4934 pectare
2551 4863 2766 4932 dixisti,
2806 4866 3023 4923 brevem
3053 4874 3458 4942 responsionem
3485 4874 3548 4929 ad
3587 4890 3646 4929 ca
3674 4875 3875 4935 deside

2370 5018 2432 5082 (i)
2466 5019 2572 5097 Non
2598 5023 2736 5084 pauci
2762 5022 2908 5074 Codd.
2931 5025 3254 5097 diqutandis,
3270 5029 3358 5097 alii
3376 5029 3885 5097 disputmuibus,qutxl

2307 5082 2365 5130 ad
2389 5082 2697 5157 superiorem
2723 5099 2890 5157 vocem
2935 5082 3254 5157 scholasticis
3275 5082 3464 5143 rez‘erri'
3493 5082 3686 5157 potest.
3709 5082 3822 5146 S'eii
3835 5082 3885 5149 et

2305 5157 2449 5221 supra
2475 5144 2733 5221 plurimum
2755 5156 2954 5221 veteres
2971 5153 3265 5221 membranae
3281 5144 3613 5215 variant,'dum
3630 5144 3888 5221 promoti-is

2306 5205 2415 5254 aliae
2438 5205 2630 5264 muniis,
2655 5207 2762 5258 alia:
2785 5209 2970 5262 meritis
2993 5212 3192 5264 habent.

2369 5267 2730 5347 (j)_Yatieantts
2769 5270 2903 5347 facit,
2932 5282 2985 5347 et
3007 5275 3148 5347 paulo
3172 5277 3291 5327 infra
3330 5279 3378 5327 in
3412 5280 3501 5329 hac
3542 5281 3714 5332 eadem
3759 5295 3886 5347 qua:-

2305 5333 2464 5394 stione
2486 5333 2693 5394 έναι-θένα
2718 5346 2804 5394 pro
2824 5333 3052 5384 introibit.

2369 5390 2442 5457 (It)
2477 5390 2815 5457 Cisterciensis
2833 5395 2947 5445 olim
2970 5397 3334 5452 Nonantldanns
3351 5402 3499 5453 habet
3521 5405 3721 5457 exituri.

2369 5452 2429 5524 (ι)
2446 5519 2454 5524 Δ
2469 5454 2613 5524 alios.
2644 5456 2734 5524 11ζὸ
2757 5458 2945 5524 Scripta
2969 5466 3122 5524 altera
3145 5452 3696 5524 postsitrerimleinvdie.

2369 5514 2460 5590 (ut)
2496 5515 2632 5565 Idem
2678 5517 2990 5570 Cisterciens.
3027 5521 3116 5570 Ms.
3145 5514 3186 5567 ἰ
3225 5514 3468 5574 Heb'rzeus
3507 5514 3700 5590 quidam
3740 5533 3880 5581 inter-

2305 5587 2455 5626 venit.
2481 5594 2503 5622 κ

2367 5639 2443 5700 (u)
2478 5639 2610 5704 Idem
2635 5653 2804 5691 rursus
2824 5642 2930 5691 heri
2947 5656 2977 5691 α
3001 5643 3204 5693 m'acouo
3230 5658 3248 5694 :
3272 5647 3425 5695 Vatic.
3467 5651 3578 5700 595.
3599 5652 3707 5704 heri
3728 5653 3884 5704 ure/u-

2305 5699 2796 5782 ¹¹ί³¹⁶⁰¹ο¹⁰κνίῖίίῖτὶ¹¹³
2819 5716 2938 5782 νθιιο
2961 5717 3023 5782 9*
3051 5719 3384 5782 ιιτίοὲίὲἕιειῖριεξ
3402 5699 3883 5782 φυίήίδιιδῖιὶιξίέιῖιὴ

2304 5763 2541 5826 ὅὶιμΨίυΥί
2569 5764 2773 5826 eplstola
2799 5763 3117 5830 explodimt‘ts,
3140 5763 3333 5821 διηετώ
3358 5763 3584 5828 viarum).
