4078 6198
689 270 790 324 655

691 387 805 440 nuit
828 381 1134 445 Mathusala,
1169 374 1453 431 Mathusala
1482 373 1661 443 genuit
1689 370 1937 435 Lamech,
1965 369 2052 438 qui
2081 370 2247 438 septi-

693 489 810 528 mus
834 475 901 527 ab
927 471 1088 525 Adam
1111 506 1124 526 ,
1158 480 1260 518 non
1306 472 1495 531 sponte
1525 462 1621 531 (ut
1667 460 1720 513 in
1767 458 1993 527 quodam
2035 457 2253 512 hebrreo

690 561 952 617 volumine
997 553 1281 619 scribitur)
1321 550 1584 606 interfecit
1621 550 1748 606 Cain
1778 567 1790 602 :
1818 557 1878 602 ut
1913 549 2026 615 ipse
2065 558 2249 617 postea

688 650 986 708 confitetur,
1024 661 1043 692 ι
1072 643 1192 712 quia
1242 641 1414 695 virum
1455 639 1622 694 occidi
1672 640 1727 692 in
1769 638 1986 691 vulnere
2030 651 2170 699 men,
2199 645 2252 690 et

687 740 925 802 iuvenem
956 733 1008 786 in
1039 731 1203 785 livore
1230 743 1351 784 meo
1370 747 1383 781 :
1401 728 1649 796 quoniam
1675 727 1871 796 septies
1897 724 2251 779 vindicabitur

681 825 746 876 tle
773 822 900 876 Cain
933 839 946 874 :
973 820 1040 876 de
1066 819 1299 874 Lamecb
1329 828 1506 872 autem
1535 817 1834 886 Septuagies
1858 813 2248 884 septies»(Gen.

681 915 733 966 4.
758 911 848 968 25.
878 909 993 980 24).
1048 909 1160 964 lioc
1193 907 1407 978 quidem
1461 907 1530 962 de
1570 907 1723 969 Cain,
1756 905 1894 975 quod
1935 905 1986 958 in
2025 904 2249 974 septima

679 1002 1023 1072 generatione
1060 999 1136 1070 (a)
1175 1014 1206 1054 a
1247 998 1478 1054 Lamecb
1525 995 1833 1051 interfectus
1873 995 1961 1060 sit,
2008 1003 2061 1048 et
2101 994 2249 1063 juxta

680 1095 839 1149 aliam
877 1093 1187 1156 editionem,
1216 1105 1426 1160 pennam
1468 1089 1549 1143 sui
1586 1088 1804 1142 sceleris
1829 1086 2034 1141 dederit
2064 1103 2077 1138 :
2109 1085 2249 1153 quod

683 1193 761 1238 tot
787 1181 1219 1254 generationibus
1246 1193 1466 1249 gemens
1501 1186 1556 1233 et
1594 1186 1828 1232 tremens
1870 1177 2069 1229 viveret
2093 1189 2252 1243 super

637 1259 640 1266 ’
683 1284 901 1339 terram,
928 1273 1056 1327 nihil
1100 1272 1310 1326 obscuri
1339 1271 1569 1325 arbitror
1592 1268 1932 1323 remansisse.

750 1365 806 1419 5.
863 1361 1110 1417 Vindicta:
1151 1362 1238 1416 77.
1283 1362 1336 1414 in
1379 1360 1600 1414 [.ameclt
1639 1357 1971 1414 exsolvendte.
2000 1385 2070 1397 ——
2104 1356 2251 1410 Nunc

681 1453 812 1508 illud
841 1452 984 1522 quod
1029 1467 1137 1506 non
1181 1451 1635 1520 interrogaveras,
1665 1448 1790 1503 dum
1819 1447 1960 1502 aliud
2001 1447 2204 1517 agimus
2231 1486 2248 1512 ,

683 1544 917 1613 irrepsit.
959 1542 1089 1609 Quae
1114 1543 1224 1596 sint
1250 1541 1582 1610 septuaginta
1609 1548 1811 1609 septem
1841 1537 2105 1598 vindicas.
2133 1551 2252 1604 qua:

684 1635 736 1686 in
767 1632 997 1686 Lamecb
1036 1631 1376 1686 exsolvenda:
1402 1630 1528 1684 sint.
1557 1631 1752 1694 Aiunt,
1785 1628 1852 1682 ab
1889 1627 2055 1682 Adam
2087 1641 2252 1698 usque

685 1720 750 1775 ad
777 1720 1043 1775 Christum
1081 1721 1452 1790 generationes
1493 1719 1820 1788 septuaginta
1846 1726 2067 1786 septem.
2113 1718 2252 1786 Lege

644 1809 648 1814 ’
685 1809 878 1864 Lucam
901 1809 1312 1878 Evangelistam,
1339 1817 1395 1862 et
1415 1809 1653 1862 invenies
1670 1809 1741 1860 ita
1766 1821 1906 1872 esse,
1930 1817 1984 1859 ut
2005 1805 2248 1860 dicimus.

685 1897 835 1953 Sicut
863 1913 991 1968 ergo
1038 1898 1260 1968 septima
1299 1897 1644 1968 generatione
1681 1896 1809 1951 Cain
1854 1905 2128 1965 peccatum
2169 1904 2253 1950 est

683 1989 1020 2054 dissolutum,
1042 2004 1148 2042 non
1171 1989 1311 2043 enim
1332 1987 1621 2042 vindicabit
1649 1988 1788 2040 Deus
1811 1986 1892 2040 bis
1918 1987 1969 2040 in
1999 1986 2248 2055 idipsum,

682 2089 736 2133 et
764 2079 854 2147 qui
898 2078 1065 2132 semel
1095 2078 1297 2145 recepit
1333 2078 1471 2132 mala
1511 2078 1561 2130 in
1600 2077 1707 2130 vita
1740 2091 1854 2142 sua,
1897 2092 2000 2130 non
2033 2076 2248 2131 eosdem

681 2172 944 2225 cruciatus
973 2169 1205 2240 patietur
1231 2169 1284 2222 in
1313 2177 1506 2231 morte,
1533 2183 1669 2238 quos
1694 2175 1775 2222 est
1799 2181 1985 2236 passus
2011 2167 2063 2221 in
2100 2167 2204 2220 vita
2233 2183 2247 2219 :

681 2261 750 2316 ita
778 2270 830 2317 et
855 2261 1082 2316 Lamecb
1124 2269 1425 2330 peccatum,
1463 2257 1515 2313 id
1545 2268 1647 2325 est,
1681 2261 1840 2314 totius
1875 2258 2055 2312 mundi
2093 2269 2250 2328 atque

679 2352 950 2422 sanguinis
969 2392 985 2417 ,
1012 2351 1102 2420 qui
1129 2350 1326 2405 effusus
1349 2359 1448 2414 est,
1494 2347 1691 2404 Christi
1721 2349 1792 2419 (b)
1822 2350 2118 2404 solveretur
2157 2350 2250 2402 ad-

680 2453 841 2496 ventu
875 2460 888 2494 :
917 2441 1007 2511 qui
1050 2442 1170 2495 tulit
1199 2441 1382 2495 mundi
1431 2451 1668 2510 peccata,
1699 2441 1788 2510 qui
1836 2440 1960 2493 lavit
1999 2441 2247 2493 amictum

681 2547 836 2586 suum
881 2532 1138 2605 sanguine
1178 2547 1314 2594 uvae,
1341 2540 1394 2586 et
1419 2531 1654 2584 torcular
1694 2531 1917 2588 calcavit
1943 2531 2087 2584 solus
2117 2548 2128 2582 :
2159 2531 2247 2598 qui

681 2629 746 2682 de
775 2627 942 2682 Edom
976 2625 1042 2680 ad
1071 2625 1262 2680 coelum
1291 2622 1615 2678 rubicundus
1647 2623 1940 2677 ascendens
1974 2621 2126 2687 (lsai.
2157 2623 2244 2676 65.

681 2720 730 2773 ι.
761 2715 837 2790 ὅ).
857 2715 1206 2772 clamantibus
1226 2714 1427 2784 angelis
1453 2713 1760 2768 miraculum
1790 2712 2010 2782 praabuit
2035 2729 2047 2762 :
2081 2731 2100 2764 ι
2131 2713 2250 2766 Ele-

681 2818 800 2862 vate
840 2815 1038 2876 portas,
1067 2806 1356 2874 principes,
1389 2816 1614 2869 vestras,
1642 2814 1696 2858 et
1724 2803 1962 2857 introibit
2000 2819 2092 2857 rex
2135 2803 2248 2873 glo-

682 2901 774 2955 riae
806 2918 824 2951 ι
859 2897 1024 2970 (Psal.
1045 2897 1135 2952 25.
1165 2898 1243 2965 7),
1268 2907 1320 2950 et
1344 2905 1556 2950 czetera.
1577 2893 1860 2949 Referebat
1881 2893 2006 2947 mihi
2033 2893 2246 2963 quidam

683 2992 938 3046 llebrzeus
967 2991 1019 3043 in
1054 2987 1480 3058 apocryphorum
1510 2985 1660 3040 libris
1686 2986 2015 3055 septuaginta
2044 2995 2245 3056 septem

678 3084 884 3136 animas
929 3097 994 3135 ex
1040 3079 1270 3134 Lamech
1350 3076 1506 3150 164
1577 3078 1828 3148 progenie
1863 3079 2102 3146 reperiri,
2126 3093 2248 3148 qure

677 3171 877 3225 diluvio
927 3170 1113 3224 deletae
1151 3170 1256 3223 sint
1289 3187 1302 3221 :
1332 3179 1389 3224 et
1436 3170 1487 3222 in
1545 3169 1644 3222 hoc
1673 3183 1897 3222 numero
1921 3169 1988 3223 de
2012 3169 2244 3226 Lamecb

659 3262 869 3316 tactam
896 3275 1015 3315 esse
1055 3259 1358 3324 vindictam,
1391 3257 1530 3328 quod
1577 3273 1746 3328 genus
1793 3258 1957 3327 ipsius
1987 3274 2152 3329 usque
2181 3260 2248 3314 ad

679 3351 1055 3420 cataclysmum
1086 3347 1519 3417 perseveraverit.

753 3439 805 3491 6.
834 3435 960 3491 Cain
983 3445 1167 3504 septem
1194 3444 1416 3503 peccata.
1448 3463 1517 3472 —
1544 3434 1644 3488 Alii
1671 3434 1737 3489 de
1764 3445 1967 3504 septem
2005 3435 2249 3491 vindiciis

683 3528 815 3582 Cain
837 3527 980 3579 varia
1009 3524 1362 3592 suspicantur.
1393 3522 1628 3576 Primum
1658 3525 1772 3591 ejus
1813 3536 2057 3579 asserunt
2087 3525 2250 3581 fuisse

689 3627 982 3688 peccatum,
1005 3614 1145 3684 quod
1174 3630 1276 3668 non
1306 3623 1448 3668 recte
1471 3614 1730 3668 diviserit.
1760 3614 2082 3679 Secundum,
2108 3617 2249 3687 quod

686 3707 934 3764 inviderit
957 3706 1104 3760 fratri
1145 3719 1261 3759 suo.
1290 3702 1549 3765 Tertium,
1575 3703 1716 3772 quod
1741 3703 1926 3758 dolose
1952 3705 2139 3773 egerit,
2165 3707 2250 3760 di-

682 3813 849 3856 cens:
881 3814 900 3848 ‹
932 3795 1284 3851 Transeamus
1307 3795 1358 3848 in
1386 3808 1629 3863 campum
1665 3811 1684 3846 ι
1718 3793 1869 3865 (Gen.
1894 3796 1948 3849 4.
1981 3795 2056 3866 8).
2079 3796 2253 3864 Quar-

686 3901 816 3954 tum,
836 3886 975 3955 quod
1004 3885 1346 3941 interfecerit.
1365 3884 1638 3952 Quintum,
1669 3887 1806 3955 quod
1839 3889 2132 3957 procaciter
2159 3905 2252 3944 ne-

684 3979 908 4050 g'averit,
934 3976 1118 4031 dicens
1143 3993 1156 4028 :
1185 3994 1204 4026 ι
1233 3974 1445 4038 Nescio,
1474 3977 1708 4045 nunquid
1745 3985 1925 4032 custos
1953 3977 2130 4033 fratris
2151 3981 2250 4034 mei

685 4084 802 4122 sum
838 4084 856 4118 ι
890 4065 959 4138 (υ.
987 4065 1083 4133 9)?
1113 4064 1361 4128 Sextum,
1392 4064 1533 4134 quod
1573 4081 1632 4120 se
1674 4067 1844 4134 ipsum
1883 4068 2247 4135 damnaverit,

687 4159 903 4214 dicens:
932 4174 950 4208 «ι
985 4155 1149 4225 Major
1178 4156 1328 4224 culpa
1351 4171 1469 4210 mea
1493 4165 1593 4220 est,
1623 4173 1779 4226 quam
1804 4168 1859 4212 ut
1884 4159 2146 4214 dimittar:
2180 4178 2249 4230 (υ.

690 4246 823 4315 15).
855 4244 1182 4313 Septimum,
1233 4243 1353 4313 quia
1398 4259 1497 4298 nec
1545 4243 1826 4300 damnatus
1873 4249 2042 4316 egerit
2086 4250 2256 4318 pmni-

691 4335 930 4400 tentiam,
944 4333 1231 4388 secundum
1245 4332 1522 4396 Ninivitas,
1541 4344 1593 4385 et
1607 4331 1888 4387 Ezechiam
1908 4350 2084 4404 regem
2097 4335 2125 4390 J
2132 4335 2251 4392 uda:

689 4428 778 4496 qui
806 4425 1170 4480 imminentem
1202 4431 1424 4476 mortem
1464 4423 1711 4492 iacrymis
1746 4423 2170 4496 sustulerunt‘(c)
2199 4435 2255 4480 ut

688 4515 779 4586 qui
806 4513 1035 4568 damnati
1059 4511 1286 4575 fuerant,
1318 4525 1422 4564 non
1451 4511 1705 4580 perirent,
1726 4511 1821 4567 sed
1843 4523 2060 4582 agentes
2086 4517 2254 4583 paeni-

689 4605 934 4667 tentiam,
977 4603 1321 4671 impetrarent
1363 4601 1781 4656 misericordiam
1828 4602 1943 4658 Dei.
1973 4605 2101 4660 Nam
2146 4616 2255 4662 tra-

688 4697 821 4751 dunt
861 4693 1006 4747 illum
1034 4706 1062 4742 a
1105 4690 1519 4745 clementissimo
1551 4690 1676 4754 Deo,
1724 4692 1844 4746 ideo
1880 4709 2046 4764 usque
2073 4697 2138 4749 ad
2171 4712 2256 4752 sc-

753 4887 815 4955 (a)
855 4888 911 4937 In
947 4887 1171 4997 lplurimis
1212 4885 1325 4935 Mss.
1365 4885 1702 4935 desiderantur
1723 4899 1754 4936 a
1787 4891 2002 4949 Lamecb,
2030 4899 2082 4942 et
2115 4893 2255 4954 paulo

753 4958 792 4997 st
813 4957 910 4997 tota
981 4961 1051 4997 mc
1094 4950 1344 4997 nericone:
1370 4965 1391 4992 ει
1413 4947 1540 4997 quod
1555 4954 1625 4997 tot
1641 4953 2035 4997 generationibus
2050 4969 2255 4997 tremens

685 4947 792 5020 post
803 4947 910 4999 'tota
947 4947 1051 5020 hac
1094 4950 1344 5020 pericope:
1370 4965 1393 5020 ες
1413 4947 1540 5009 quod
1555 4954 1625 4997 tot
1640 4947 2035 5011 generationibus
2050 4947 2256 5017 gemens

685 5025 741 5060 ac
764 5018 982 5060 tremens
1002 5014 1195 5058 viveret
1210 5021 1358 5070 super
1382 5014 1579 5070 terram.

753 5069 816 5136 (b)
855 5071 1011 5120 Antea
1031 5069 1222 5138 vulgati
1244 5067 1465 5121 solvetur.
1490 5069 1600 5120 Mox
1625 5067 1830 5122 Cisterc.
1851 5072 1960 5123 his:
1985 5091 2007 5121 ι
2027 5076 2110 5138 qui
2133 5075 2256 5128 tollit

685 5131 877 5192 peccata
902 5131 1130 5192 mundi.)

752 5190 812 5300 (e)
852 5192 1030 5241 Fertne
1053 5189 1330 5252 glossatoris
1349 5193 1601 5253 ingenium
1634 5193 1826 5253 sapiunt
1862 5196 1978 5245 mihi
2001 5198 2119 5246 ista:
2154 5215 2176 5245 α
2199 5205 2254 5251 ut

789 5251 997 5300 damnati
1031 5249 1229 5300 fuerunt
1263 5265 1356 5300 non
1381 5255 1626 5300 perirent.
1649 5253 1739 5300 sed
1768 5263 1976 5300 agentes
2009 5260 2250 5300 omnim"-

720 5249 1365 5330 Pidaeeattfﬁeeueee
1375 5249 1739 5330 Phanotea
1768 5263 1976 5330 eseam?
2007 5249 2250 5330 ρεειξῑιθιιέ

683 5311 814 5371 tiam,
837 5315 1153 5372 impetrarent
1176 5311 1551 5361 misericordiam
1573 5311 1684 5362 Dei.
1714 5329 1737 5358 ι
1777 5311 1924 5365 Certe
1948 5311 2248 5369 in'Vatican.

683 5373 1028 5440 antiquissinug3
1047 5376 1193 5433 atque
1208 5373 1399 5440 Optimae
1413 5381 1541 5422 notae
1563 5373 1677 5423 Mss.
1697 5388 1790 5423 non
1809 5376 2066 5440 habentur,
2086 5391 2250 5440 neque

685 5432 832 5496 etiam
876 5444 934 5480 ea
966 5432 1250 5500 Hieronymi
1289 5445 1447 5500 mens
1474 5442 1525 5482 et
1567 5441 1830 5500 contextus
1862 5432 2089 5500 postulat.
2129 5432 2249 5500 quin

684 5490 791 5560 iugo
837 5503 1034 5560 sensum
1068 5490 1318 5560 _iaiiore_m
1361 5491 1577 5560 faciunt;
1609 5494 1666 5560 In
1703 5490 2017 5560 Ambrosiam
2051 5490 2249 5560 quoque

685 5545 1173 5621 alitgr_et__mendos_e
1220 5551 1502 5621 eﬂ‘eruntur.
1539 5552 1608 5621 Ea
1643 5555 1768 5621 forte
1798 5545 2038 5621 studiosus
2069 5545 2248 5621 aliquis

687 5603 735 5648 tn
750 5602 858 5654 libri
879 5607 990 5654 albo
1012 5613 1337 5665 annotaverat,
1361 5624 1472 5669 quae
1495 5620 1657 5671 postea
1684 5602 1945 5676 inrepsere-
1959 5602 2240 5669 iﬁ'tofiiﬁﬁii

1973 248 2212 303 ΞΛΜ]ἶί
2243 243 2621 300 IIIERONYMI

3828 254 3931 305 456

2361 377 2504 437 ptem
2542 364 2910 434 generationes
2957 364 3117 419 fuisse
3159 363 3398 429 dilatum,
3448 371 3506 418 ut
3543 364 3732 418 saltem
3775 367 3932 421 malis

2357 457 2509 526 ipsis,
2539 464 2593 511 et
2633 456 2713 525 (Δ)
2741 455 3074 525 longaevitate
3103 456 3348 510 maeroris
3383 456 3718 526 compulsus,
3753 458 3928 526 paeni-

2356 549 2572 602 tentiam
2598 556 2798 616 ageret,
2827 555 2882 602 et
2908 557 3202 601 mereretur
3226 548 3448 601 absolvi.

2423 640 2475 690 ‘7.
2510 637 2758 691 Nonnulli
2785 637 3148 705 septenarium
3180 653 3458 690 numerum
3484 639 3696 706 plenum
3719 649 3775 693 et
3808 654 3925 707 per-

2352 727 2548 780 fectum
2577 726 3008 794 interpretantur,
3049 725 3116 783 de
3153 727 3334 779 multis
3375 726 3768 796 Scripturarum
3798 731 3923 784 locis

2353 815 2653 869 testimonia
2679 815 3056 869 contrahentes
3084 831 3097 866 :
3137 825 3188 868 et
3217 814 3356 868 hunc
3382 829 3502 869 esse
3527 830 3742 870 sensum
3766 833 3921 887 quem

2352 922 2510 976 supra
2550 907 2983 976 perstrinximus,
3015 906 3155 976 quod
3199 907 3289 975 qui
3323 907 3646 963 interfecerit
3670 908 3824 974 Cain,
3855 909 3923 962 ab

2353 999 2549 1069 ingenti
2577 1013 2695 1053 eum
2721 996 2794 1070 (e)
2821 998 3127 1062 afﬂictione,
3159 1007 3212 1052 et
3240 998 3417 1052 omnia
3453 999 3713 1067 supplicia
3745 1009 3922 1054 trans-

2351 1098 2509 1144 eunte
2539 1089 2728 1144 liberet
2757 1105 2933 1159 pcena.

2420 1178 2473 1232 8.
2504 1178 2639 1232 Sunt
2666 1188 2842 1233 autem
2868 1179 2958 1249 qui
2978 1187 3031 1234 et
3054 1177 3122 1234 de
3142 1178 3430 1248 Evangelio
3452 1179 3922 1250 interrogationem

2351 1268 2495 1322 Petri
2544 1268 2801 1335 replicent
2832 1285 2846 1322 :
2881 1286 2898 1320 t
2938 1268 3180 1333 Domine,
3225 1269 3435 1337 quoties
3475 1268 3716 1337 peccabit
3754 1271 3805 1324 in
3834 1285 3924 1324 me

2351 1358 2517 1413 frater
2542 1373 2712 1422 meus,
2753 1368 2808 1413 et
2834 1359 3095 1414 dimittam
3122 1358 3172 1413 ei
3205 1377 3218 1412 :
3249 1373 3416 1428 usque
3439 1359 3680 1429 septies?
3709 1360 3844 1415 Dicit
3871 1362 3921 1415 ei

2351 1449 2508 1504 Jesus
2531 1467 2545 1503 :
2570 1450 2687 1504 Non
2715 1451 2837 1505 dico
2859 1451 2950 1505 tibi
2974 1465 3141 1520 usque
3165 1451 3383 1518 septies,
3402 1448 3496 1504 sed
3519 1464 3684 1519 usque
3709 1459 3921 1520 septua-

2350 1540 2466 1610 gies
2493 1541 2691 1608 septies
2725 1559 2744 1592 ι
2776 1539 2990 1610 (Matth.
3024 1540 3110 1595 18.
3142 1541 3232 1594 21.
3259 1549 3306 1594 et
3331 1539 3445 1612 22).
3474 1540 3540 1595 Et
3566 1549 3751 1609 putant
3775 1555 3920 1595 mor-

2353 1638 2457 1684 tem
2471 1638 2629 1700 atque
2642 1638 2919 1701 peccatum
2939 1630 2994 1686 in
3016 1631 3236 1699 septima
3264 1631 3514 1700 progenie
3543 1630 3916 1692 sabbatizasse.

2351 1718 2562 1788 quando
2585 1719 2770 1773 Enoch
2795 1727 2978 1788 raptus
2999 1728 3100 1785 est,
3135 1736 3154 1770 ι
3184 1729 3357 1774 etnon
3382 1719 3775 1784 inveniebatur,
3798 1721 3917 1788 quia

2353 1809 2622 1863 transtulit
2660 1809 2807 1863 illum
2837 1810 2975 1864 Deus
3012 1828 3031 1860 ι
3068 1809 3220 1881 (Gen.
3250 1811 3302 1864 5.
3333 1810 3446 1878 24).
3490 1811 3564 1866 De
3591 1813 3916 1882 septuaginta

2351 1907 2528 1953 autem
2580 1907 2634 1953 et
2681 1908 2920 1969 septem,
2951 1900 3095 1954 illam
3147 1900 3532 1970 expositionem
3610 1901 3763 1972 155
3836 1916 3919 1955 se-

2351 2000 2583 2059 quuntur
2615 2008 2630 2044 :
2661 1990 2710 2044 in
2740 1991 2970 2045 adventu
3015 1991 3250 2058 Christi,
3281 1993 3469 2046 mortis
3505 2002 3663 2061 atque
3715 1993 3914 2062 peccati

2352 2082 2596 2136 aculeum
2624 2098 2742 2138 esse
2767 2082 3117 2138 confractum.

2421 2172 2474 2226 9.
2498 2173 2694 2226 Ponam
2721 2184 2774 2228 et
2796 2175 2952 2228 aliam
2979 2176 3301 2244 opinionem,
3328 2191 3394 2231 ne
3422 2177 3547 2246 quid
3577 2177 3756 2231 videar
3782 2193 3916 2247 pra:-

2353 2267 2662 2330 tergressus.
2688 2262 2910 2328 Quidam
2947 2265 3231 2330 septimum
3267 2279 3460 2318 annum
3491 2267 3834 2328 remissionis,
3862 2276 3916 2320 et

2349 2354 2841 2424 quinquagesimum
2856 2354 3082 2417 Jubilmi,
3102 2364 3156 2409 et
3173 2356 3741 2426 quadringentesimum
3763 2372 3916 2410 nona-

2348 2445 2629 2512 gesimum,
2650 2446 2788 2514 quod
2808 2447 2986 2500 volunt
3007 2447 3222 2515 intelligi
3241 2447 3534 2516 septuagies
3547 2448 3760 2516 septies,
3777 2447 3913 2501 mul-

2350 2537 2416 2588 tis
2447 2535 2616 2589 modis
2641 2536 3086 2605 interpretantur:
3123 2546 3420 2591 asserentes
3447 2537 3514 2591 ob
3541 2537 3674 2591 hanc
3701 2551 3911 2590 causam

2347 2624 2767 2694 quinquagesimi
2793 2635 2846 2680 et
2870 2626 3274 2696 quingentesimi
3303 2627 3500 2680 numeri
3527 2624 3591 2697 ({l
3623 2625 3832 2691 sacrati,
3861 2626 3912 2678 in

2349 2711 2633 2784 Evangelio
2647 2714 2871 2782 positum
2885 2714 3174 2769 debitorem
3193 2734 3205 2768 :
3221 2714 3767 2784 ctquinquagesimum
3781 2715 3915 2768 Psal-

2347 2819 2489 2857 mum
2509 2805 2830 2872 poenitentia:
2846 2822 2858 2858 :
2874 2805 2961 2873 qui
2992 2817 3192 2874 septem
3219 2805 3498 2859 coniicitur
3515 2804 3914 2874 septimanis,et

2347 2895 2398 2948 in
2443 2896 2757 2964 principium
2800 2895 3052 2965 ogdoadis
3103 2897 3352 2964 erumpit.
3389 2896 3583 2951 Verum
3615 2911 3680 2950 ne
3714 2897 3916 2965 longius

2347 2998 2524 3040 sermo
2543 2987 2808 3055 precedat,
2830 2985 3099 3058 hucusque
3120 3001 3278 3056 super
3292 2986 3392 3041 hoc
3408 2987 3634 3041 locutum
3651 3002 3768 3042 esse
3783 2987 3917 3041 sufti-

2347 3077 2470 3142 ciat,
2493 3078 2612 3146 quia
2629 3088 2682 3132 et
2712 3093 2776 3132 ex
2799 3077 2880 3131 bis
2895 3093 3011 3148 qua:
3029 3077 3396 3147 respersimus,
3417 3077 3680 3148 ingentem
3700 3077 3790 3133 tibi
3805 3077 3915 3132 dis-

2347 3167 2630 3236 putationis
2646 3168 2830 3221 silvam
2859 3168 3054 3236 poteris
3083 3169 3195 3236 ipse
3217 3168 3477 3222 conficere
3505 3184 3519 3220 :
3542 3169 3716 3222 sciens
3732 3167 3916 3236 Orige-

2347 3272 2492 3323 nem,
2515 3258 2881 3313 duodecimum
2905 3269 2959 3314 et
2989 3257 3062 3330 (g)
3095 3259 3571 3314 tertiumdecimum
3599 3261 3649 3313 in
3671 3258 3917 3316 Genesim

2350 3347 2537 3401 librum
2565 3348 2634 3403 de
2662 3349 2760 3403 hac
2787 3358 2986 3403 tantum
3023 3349 3330 3416 Quaestione
3353 3349 3603 3404 dictasse.

2351 3455 2437 3510 10.
2471 3456 2568 3510 Cur
2596 3456 2733 3512 Deus
2757 3459 2974 3525 loquitur
3009 3458 3076 3511 ad
3110 3458 3385 3524 Abraham,
3413 3461 3547 3526 quod
3575 3468 3756 3526 quarta
3804 3475 3920 3527 pro-

2421 3549 2592 3617 genie,
2624 3549 2718 3618 ﬁlii
2746 3548 2912 3602 Israel
2959 3559 3118 3603 essent
3164 3549 3226 3602 dc
3262 3547 3490 3619 Egypto
3523 3549 3769 3602 reversuri
3813 3565 3830 3602 :
3873 3558 3921 3600 et

2425 3648 2594 3708 postea
2615 3639 2814 3708 Moyses
2830 3640 3022 3692 scribit:
3044 3639 3232 3705 Quinta
3262 3649 3435 3693 autem
3464 3638 3712 3708 progenie
3740 3653 3922 3692 ascen-

2423 3729 2613 3782 derunt
2643 3729 2732 3782 lilii
2759 3729 2920 3784 Israel
2945 3727 3010 3782 de
3033 3737 3174 3782 terra
3198 3727 3449 3798 Egypti?
3475 3728 3622 3794 Quod
3644 3730 3810 3798 utique
3828 3729 3922 3781 nisi

2423 3827 2729 3886 exponatur,
2757 3818 2948 3871 videtur
2974 3832 3080 3872 esse
3106 3818 3429 3870 contrarium.

2424 3949 2536 4003 Hoc
2574 3963 2696 4002 vero
2740 3949 3009 4018 problema
3055 3964 3174 4003 cum
3230 3948 3493 4016 legissem,
3543 3950 3680 4018 εωρί
3718 3965 3922 4004 mecum

2357 4040 2544 4094 tacitus
2579 4049 2804 4094 mstuare
2824 4082 2838 4105 ,
2865 4049 2919 4094 et
2947 4055 2978 4094 e
3016 4040 3235 4110 vestigio
3264 4039 3529 4102 Genesim.
3578 4040 3924 4109 Exodumqne

2358 4145 2689 4199 percurrens,
2717 4131 2889 4200 reperi
2924 4132 3060 4194 loca,
3092 4131 3143 4184 in
3173 4132 3362 4202 quibus
3395 4131 3588 4201 scripta
3615 4142 3756 4192 sunt,
3805 4148 3923 4202 qua:

2355 4222 2601 4275 videntur
2645 4220 2817 4275 facere
2870 4220 3237 4290 qumstioncm.
3283 4220 3362 4275 Ac
3407 4220 3576 4289 primo
3598 4222 3922 4275 aestimabam

2357 4309 2712 4379 spiritualibus
2731 4309 3020 4378 spiritualia
3039 4324 3372 4376 comparans,
3393 4309 3768 4364 indissolubilia
3783 4324 3920 4376 esse,

2358 4401 2493 4455 sicut
2520 4409 2574 4454 et
2613 4401 2780 4454 multa
2826 4407 2950 4454 sunt
3001 4400 3124 4452 alia.
3155 4399 3286 4454 Nam
3328 4408 3382 4454 et
3420 4400 3763 4454 Mathusalam
3792 4417 3924 4469 qua-

2361 4490 2648 4545 ttuordecim
2675 4504 2841 4544 annos
2873 4499 2990 4558 post
3013 4488 3268 4543 diluvium
3311 4489 3503 4543 vixisse
3528 4489 3794 4554 scribitur,
3827 4504 3925 4544 nec

2363 4591 2535 4636 tamen
2580 4581 2849 4649 ingressus
2886 4589 2968 4634 est
3011 4594 3187 4635 arcam
3217 4595 3337 4634 cum
3387 4579 3514 4634 Noe.
3542 4580 3608 4634 Et
3645 4595 3764 4634 cum
3815 4583 3928 4650 ipse

2361 4673 2500 4727 Deus
2561 4673 2767 4725 locutus
2826 4671 2895 4724 sit
2947 4669 3012 4725 ad
3058 4669 3326 4725 Abraham
3374 4689 3388 4725 :
3435 4687 3453 4721 ι
3486 4669 3711 4725 Sciendo
3754 4672 3924 4734 scies,

2359 4762 2475 4830 quia
2497 4759 2830 4830 peregrinum
2857 4762 2957 4814 erit
2980 4774 3160 4815 semen
3189 4768 3336 4814 tuum
3361 4760 3412 4814 in
3439 4768 3571 4814 terra
3597 4773 3700 4811 non
3732 4773 3851 4822 sua,
3877 4770 3932 4814 et

2361 4853 2410 4905 in
2441 4851 2748 4906 servitutem
2771 4849 3010 4918 redigent
3026 4865 3119 4905 eos
3139 4857 3193 4906 et
3216 4848 3468 4921 affligent,
3497 4856 3548 4901 et
3571 4846 3932 4903 humiliabunt

2443 5021 2493 5094 ά)
2527 5020 2726 5094 έιὶῳερι
2755 5021 2870 5094 Mss.
2893 5021 3048 5094 longis
3069 5023 3178 5094 vitm
3198 5034 3420 5094 mturare,
3458 5033 3558 5094 non
3579 5020 3672 5071 alio
3692 5035 3862 5094 sensu.

2443 5081 2489 5147 e)
2526 5081 2639 5147 Duo
2657 5081 2771 5130 Mss.
2792 5089 2842 5132 ut
2855 5083 2946 5147 _qui
2970 5081 3278 5147 interﬁceret,
3300 5091 3351 5133 et
3370 5082 3744 5147 moxﬁbqaret.
3767 5083 3930 5132 Vatir‘.

2355 5142 2519 5207 autem
2565 5145 2770 5207 integro
2811 5142 2967 5207 adhuc
3010 5142 3159 5207 sensu
3218 5157 3387 5207 vocem
3431 5142 3686 5207 afﬂictione
3730 5147 3930 5193 omittit.

2355 5203 2878 5311 έᾶιιὲξῖἓῗὶᾝέὲιᾳιθίυάθ,
2903 5205 2968 5254 ad
2989 5205 3149 5254 omnia
3170 5201 3405 5267 supplicia
3439 5201 3776 5263 transeuntem,
3821 5217 3932 5266 qua:

2355 5273 2413 5311 ad
2436 5277 2544 5312 eum
2567 5273 2735 5314 retert.

2420 5320 2480 5389 (Γ)
2520 5324 2672 5389 Vatie.
2697 5333 2844 5387 atque
2868 5324 3211 5389 Ambrosianus
3231 5339 3339 5389 cum
3375 5325 3480 5389 aliis
3508 5325 3680 5389 decem
3706 5325 3932 5389 Msssa-

2353 5385 2503 5456 crate,
2522 5385 2653 5456 quod
2675 5385 2991 5456 est'rnystice,
3019 5387 3119 5456 etsi
3138 5386 3483 5456 min_us__l_atine_,
3511 5385 3715 5456 fortasse
3738 5388 3926 5434 verius.

2420 5442 2494 5510 (g)
2522 5442 2629 5510 Non
2651 5447 2741 5510 nisi
2765 5442 3024 5510 duodecim
3041 5442 3510 5510 Origeqisljbrosjn
3535 5446 3764 5495 Genesim
3800 5459 3928 5494 enu-

2560 5505 2806 5578 Eusebius
2819 5505 3174 5579 ,_N.inPhOl‘_Il§,
3200 5505 3388 5579 S_uidas,
3403 5507 3612 5579 alitque,
3636 5519 3763 5579 quos
3778 5519 3927 5579 supra

2354 5565 2635 5628 adduximus
2657 5569 2704 5614 in
2729 5565 2918 5628 epistol.
2943 5565 3104 5628 35.79:!
3123 5566 3341 5622 Paulam,
3368 5568 3449 5614 ubi
3476 5565 3620 5615 etiam
3643 5565 3726 5628 qui
3751 5565 3929 5616 tactum

2354 5581 2635 5613 adduximus
2657 5581 2704 5614 ιη
2729 5581 2758 5614 e
2794 5581 2918 5614 lSlOl.
2943 5581 3020 5614 oo.
3047 5581 3104 5612 au
3123 5581 3341 5622 'l'alllam,
3368 5581 3449 5614 um
3476 5581 3620 5615 etiam
3643 5581 3726 5628 qut
3751 5581 3921 5616 lacuum

2353 5626 2430 5684 sit,
2457 5633 2507 5674 ut
2531 5629 2728 5674 tertium
2751 5581 2993 5675 Sec-imum
3017 5626 3342 5688 Hieronymus
3365 5629 3580 5687 noverit,
3609 5627 3921 5689 esplicamus
