4078 6198
152 257 241 310 i‘i'l
1183 277 1190 282 π
1445 247 1712 303 EPISTOI

1816 245 2054 302 XXXVI.

147 383 230 423 eos
277 363 432 418 annis
481 360 871 430 quadringentis
919 359 1075 428 (Gen.
1130 358 1216 412 15.
1271 358 1414 426 I3):
1453 378 1470 409 ι
1519 369 1697 428 postea

145 459 340 526 Moyses
361 453 546 508 scribit
573 454 624 506 in
647 451 868 506 Exodo:
903 469 922 502 ε
957 452 1023 504 Et
1049 452 1242 504 factum
1279 459 1364 504 est
1402 460 1520 518 post
1566 465 1699 519 qua-

143 547 441 614 dringentos
457 553 510 598 et
539 544 746 612 triginta
775 557 962 605 annos,
983 543 1144 596 exivit
1166 541 1340 596 omnis
1365 542 1440 611 (a)
1471 543 1699 610 potentia

147 635 339 689 Domini
359 635 426 688 de
449 642 586 687 terra
611 632 822 703 :Egypli
849 650 868 684 ι
895 631 1100 703 (Exod.
1122 632 1207 684 12.
1238 632 1366 700 41).
1395 634 1537 700 Agar
1571 646 1704 700 quo-

143 744 238 796 que
262 726 558 788 lsmaelem,
589 727 737 792 quasi
768 725 1044 778 lactentem
1079 733 1132 778 et
1167 733 1406 778 tenerum
1436 731 1610 789 portat
1651 722 1702 775 in

145 820 389 882 humeris,
416 833 537 871 cum
577 817 761 871 decem
808 825 863 871 et
911 822 1032 869 octo
1066 814 1250 879 ferme,
1286 822 1341 868 et
1367 812 1589 880 amplius
1617 827 1701 865 re-

142 912 370 982 periatur
433 923 696 962 annorum
751 924 766 962 ι
817 915 872 961 et
916 905 1190 959 ridiculum
1246 903 1316 957 sit
1367 912 1474 956 tam
1552 902 1708 972 ιω

141 999 382 1070 grandem
403 998 654 1066 juvenem
698 996 882 1050 matris
905 994 1106 1048 sedisse
1127 993 1442 1047 cervicibus.
1468 991 1704 1045 Roboam

140 1106 258 1146 vero
287 1091 427 1144 filius
457 1087 757 1143 Salomonis
789 1084 1187 1154 quadragesimo
1208 1087 1379 1151 primo
1403 1083 1573 1135 artatis
1597 1095 1706 1134 sua

137 1198 266 1236 anno
286 1183 437 1252 regni
464 1177 997 1248 sumpsitexordium,
1012 1185 1066 1229 et
1085 1174 1320 1244 regnavit
1341 1175 1391 1226 in
1415 1170 1705 1226 Jerusalem

134 1275 277 1328 annis
316 1274 593 1329 sexdecim
624 1289 638 1324 :
669 1286 790 1325 cum
837 1269 1016 1337 utique
1041 1277 1192 1336 pater
1233 1266 1348 1333 ejus
1395 1263 1709 1317 duodecimo

134 1380 266 1418 anno
300 1377 537 1432 regnare
563 1361 841 1428 incipiens,
867 1359 1020 1411 annis
1045 1355 1387 1426 quadraginta
1414 1353 1712 1423 regnaverit

135 1463 179 1506 et
202 1452 495 1506 undecimo
523 1450 684 1503 lilium
723 1462 978 1516 generare
1015 1462 1120 1500 non
1147 1444 1394 1514 quiverit.

200 1542 290 1594 11.
325 1540 472 1593 Dum
504 1538 618 1591 hate
638 1545 692 1592 et
712 1542 876 1590 multa
906 1534 1202 1603 hujusmodi
1230 1549 1436 1588 mecum
1461 1533 1710 1587 sollicitus

136 1631 439 1691 volverem,
493 1627 700 1695 aperuit
746 1627 874 1680 milii
919 1625 1134 1689 ostium,
1179 1624 1268 1692 qui
1310 1622 1469 1676 habet
1508 1623 1708 1676 clavem

140 1720 316 1780 David,
342 1726 398 1772 et
429 1715 717 1769 introduxit
743 1730 827 1768 me
857 1715 908 1767 in
937 1713 1234 1768 cubiculum
1279 1726 1464 1777 suum,
1512 1711 1709 1779 posuit-

141 1825 236 1880 que
258 1810 308 1863 in
337 1806 596 1861 foramine
626 1816 788 1873 petra:
819 1822 832 1857 :
859 1813 914 1857 ut
940 1812 1058 1872 post
1101 1802 1341 1869 spiritum
1369 1801 1704 1862 saevientem,

144 1909 256 1966 post
280 1908 432 1950 terra:
462 1909 596 1948 mea:
623 1903 842 1956 motum,
900 1900 1018 1961 post
1047 1891 1347 1946 incendium
1396 1889 1707 1958 ignorantiae

141 2004 240 2055 quo
264 1987 477 2050 urebar,
510 1997 613 2038 vox
631 1983 697 2042 ad
720 1999 804 2037 me
831 1996 974 2035 aura:
1001 1981 1214 2035 lenioris
1239 1979 1536 2045 accederet,
1565 1979 1709 2032 dicc-

145 2093 352 2147 remqne
385 2094 397 2129 :
431 2094 451 2127 ι
493 2075 667 2128 Inveni
697 2088 852 2143 quem
880 2072 1119 2141 quaesivit
1143 2071 1316 2125 anima
1339 2085 1492 2124 mea:
1519 2070 1708 2124 tenebo

144 2183 254 2222 eum
298 2175 350 2221 et
398 2183 509 2219 non
555 2165 817 2218 dimittant
851 2182 869 2214 ι
907 2161 1094 2231 (Cant.
1127 2161 1180 2214 '5.
1225 2161 1312 2227 4).
1361 2160 1564 2213 E'rsant
1601 2174 1710 2212 cun

146 2259 368 2311 videatur
401 2255 679 2322 Scriptura
718 2254 856 2306 inter
883 2266 941 2306 se
964 2265 1084 2305 esse
1115 2249 1398 2312 contraria,
1427 2258 1710 2316 utrumque

147 2361 318 2404 verum
361 2356 471 2413 est,
521 2361 638 2400 cum
666 2343 934 2398 diversum
977 2342 1065 2394 sit.
1111 2339 1323 2408 Egressi
1366 2346 1486 2392 sunt
1525 2345 1710 2406 quarta

147 2438 480 2508 generatione
499 2436 587 2488 lilii
605 2435 766 2489 Israel
779 2432 846 2487 de
869 2441 1006 2486 terra
1023 2429 1240 2500 Egypti
1257 2447 1269 2482 :
1296 2427 1508 2496 Replica
1525 2441 1714 2496 genea-

149 2529 321 2599 logiam
339 2527 499 2582 Levi.
523 2525 646 2579 Levi
664 2523 846 2594 genuit
862 2521 1051 2585 Caatb,
1085 2519 1252 2576 Caatli
1273 2522 1453 2587 genuit
1471 2519 1708 2580 Amram,

147 2621 342 2674 Amram
367 2617 561 2688 genuit
582 2617 778 2678 Aaron,
812 2615 988 2668 Aaron
1015 2612 1193 2682 genuit
1221 2610 1466 2673 Eleazar,
1495 2609 1714 2664 Eleazar

144 2709 310 2779 genuit
339 2707 564 2762 Finees.
612 2703 776 2759 Caatli
806 2717 927 2757 cum
958 2712 1104 2771 patre
1138 2715 1234 2754 suo
1275 2699 1401 2754 Levi
1443 2699 1712 2768 ingressus

144 2807 218 2852 est
237 2797 556 2870 ,θη-μαψ.
586 2795 816 2849 Rursum
846 2793 1066 2846 Eleazar
1090 2805 1210 2845 cum
1239 2797 1388 2858 patre
1412 2803 1508 2843 suo
1536 2790 1712 2843 Aaron

144 2903 372 2958 egressus
401 2896 500 2944 est
521 2886 592 2941 de
621 2884 871 2955 Egypto.
920 2883 964 2936 A
1002 2881 1165 2937 Caath
1193 2895 1358 2950 usque
1380 2880 1446 2934 ad
1493 2879 1715 2936 Eleazar

143 2987 512 3048 computantur
565 2975 932 3045 generationes
981 2981 1211 3042 quatuor
1255 2987 1270 3025 :
1327 2971 1449 3024 licet
1495 2969 1708 3038 quidam

146 3068 292 3122 velint
326 3068 392 3122 ab
418 3066 510 3137 (ὁ)
541 3067 754 3119 Amram
781 3063 1014 3132 incipere
1040 3070 1094 3115 et
1122 3061 1186 3114 ad
1212 3059 1423 3125 Finees,
1452 3068 1508 3111 ut
1535 3073 1631 3112 nos
1661 3057 1712 3111 in

146 3156 453 3214 Eleazarum
505 3155 745 3219 fecimus,
778 3153 1074 3223 pervenire.
1105 3152 1160 3206 Si
1198 3164 1322 3204 vero
1351 3150 1582 3204 volueris
1607 3149 1715 3202 dis-

146 3261 312 3313 parem
368 3257 658 3302 numerum
719 3242 1035 3308 ostendere,
1093 3238 1360 3310 quomodo
1423 3237 1714 3292 secundum

147 3335 370 3392 Exodum
397 3338 593 3407 quinta
617 3333 959 3406 generatione
986 3331 1184 3400 egressi
1215 3329 1321 3382 sint
1351 3329 1444 3382 lilii
1465 3327 1626 3382 Israel
1649 3326 1717 3382 de

148 3434 273 3480 terra
299 3425 549 3497 Egypti,
607 3423 775 3478 tribus
818 3422 909 3474 tibi
950 3419 1101 3474 Iuda:
1149 3427 1204 3474 et
1232 3417 1361 3473 ordo
1387 3426 1714 3471 numeretur.

147 3515 265 3570 Juda
293 3519 484 3585 genuit
523 3515 738 3577 Phares,
784 3512 987 3567 Pliares
1038 3511 1219 3580 genuit
1269 3509 1480 3573 Esrom,
1525 3508 1714 3562 Esrom

147 3606 524 3674 genniIArgam,
561 3605 717 3657 Aram
741 3603 920 3674 genuit
948 3599 1270 3663 Aminadab,
1313 3597 1606 3653 Aminadab
1627 3613 1718 3668 ge-

150 3697 252 3749 nuit
275 3696 512 3758 Naason,
535 3693 742 3766 Naason
781 3692 959 3762 genuit
985 3692 1219 3745 Salmon.
1254 3690 1452 3743 Phares
1479 3704 1598 3744 cum
1625 3703 1716 3757 pa-

152 3794 222 3838 tre
245 3801 338 3840 suo
360 3786 386 3840 J
395 3804 429 3838 ιι
441 3784 503 3837 da
527 3783 793 3850 ingressus
812 3789 892 3835 est
912 3780 1220 3849 IEgypIuin,
1248 3778 1452 3832 Naason
1475 3779 1716 3847 princeps

153 3875 308 3930 tribus
332 3875 470 3930 Juda
493 3873 544 3924 in
572 3870 783 3924 deserto
797 3868 1110 3923 describitur
1139 3885 1152 3920 :
1178 3867 1327 3934 cujus
1348 3868 1485 3920 filius
1504 3867 1714 3922 Salmon

155 3971 340 4017 terram
394 3956 824 4028 repromissionis
875 3955 1106 4008 intravit.
1151 3953 1405 4022 Computa
1454 3970 1483 4008 a
1522 3955 1718 4010 Phares

156 4068 313 4124 usque
351 4051 416 4104 ad
471 4048 715 4111 Naason,
762 4045 996 4098 invenies
1036 4043 1405 4112 generationes
1437 4045 1668 4113 quinque
1703 4063 1718 4098 :

157 4141 358 4197 tametsi
415 4135 654 4192 nonnulli
708 4135 802 4204 (ut
847 4134 898 4187 in
953 4132 1088 4186 tribu
1127 4131 1255 4186 Levi
1289 4133 1641 4203 ostendimus)
1668 4135 1717 4188 in

157 4230 339 4286 Esrom
369 4229 578 4284 initium
619 4224 836 4289 faciant,
868 4233 921 4280 et
947 4225 1013 4279 ad
1055 4224 1272 4281 Salmon
1325 4240 1489 4295 usque
1535 4239 1722 4294 perve-

159 4331 314 4374 utaut.

225 4410 308 4464 12.
335 4411 468 4465 Puto
499 4407 767 4478 problema
810 4405 1126 4460 dissolutum
1171 4423 1184 4457 :
1217 4405 1354 4474 quod
1385 4407 1429 4460 si
1456 4405 1717 4475 displicet,

161 4498 222 4553 ad
245 4500 612 4570 compendium
638 4499 868 4562 veniam,
893 4505 946 4551 et
965 4497 1136 4552 dicam
1158 4496 1209 4550 in
1243 4496 1453 4551 ltebrteo
1481 4511 1584 4550 non
1603 4511 1724 4550 esse

161 4587 435 4644 diversum.
481 4588 634 4660 167
714 4587 900 4656 Aquila
925 4601 1152 4656 namque
1177 4585 1264 4655 qui
1295 4600 1400 4638 non
1430 4585 1725 4639 contentio-

163 4676 284 4741 sius,
303 4687 358 4732 ut
373 4679 584 4748 quidam
605 4687 807 4747 putant,
823 4676 914 4730 sed
931 4675 1216 4730 studiosius
1236 4674 1453 4728 verbum
1473 4675 1724 4744 interpre-

163 4774 296 4820 tatur
310 4768 372 4821 ad
397 4769 636 4833 verbum,
654 4767 705 4822 in
720 4781 786 4821 eo
806 4767 922 4821 loco
944 4766 1031 4820 ubi
1046 4765 1383 4834 Septuaginta
1406 4771 1718 4833 posuerunt:

167 4873 186 4906 ι
213 4857 401 4922 Quinta
423 4869 597 4912 autem
619 4859 956 4926 generatione
979 4857 1332 4912 ascenderunt
1354 4857 1441 4910 lilii
1466 4856 1625 4910 Israel
1654 4857 1722 4911 de

165 4953 303 4996 terra
327 4943 537 5014 Egypti
566 4965 586 4997 ›
624 4945 828 5014 (Exod.
854 4947 940 5001 I3.
971 4946 1094 5016 I8),
1117 4947 1187 5000 ita
1217 4945 1462 4999 transulit
1490 4951 1622 5000 :Kaz
1647 4946 1718 5016 (ε)

231 5115 292 5191 (a)
331 5117 460 5191 Edit.
481 5117 837 5191 lienemexivit
859 5120 1008 5171 omnis
1042 5121 1244 5191 populus
1523 5118 1721 5188 Graecus

164 5179 341 5249 autem,
365 5181 443 5228 cui
467 5181 612 5249 etiam
634 5179 875 5249 Hebraeus
895 5179 1148 5249 consentit.
1172 5199 1282 5249 vidua:
1302 5189 1532 5249 (item.
1571 5179 1722 5249 omnis

162 5239 384 5304 patentia,
405 5241 528 5300 quod
549 5253 615 5304 ex
639 5240 912 5304 quindecim
932 5239 1553 5304 Hieronymianis'blssmos
1576 5242 1722 5288 etiam

165 5303 507 5363 expressimus.
548 5300 728 5363 Paulo;
740 5308 846 5363 post
887 5313 972 5362 pro
991 5300 1153 5363 decent
1183 5309 1228 5352 et
1262 5309 1364 5363 octo
1400 5303 1579 5363 ferme,
1625 5312 1720 5348 non

165 5313 507 5370 expressimus.
550 5313 700 5368 ramo
737 5313 846 5410 Fmt
887 5313 972 5362 pro
993 5313 1153 5350 aeccm
1183 5313 1228 5352 et
1262 5313 1364 5351 octo
1400 5313 1579 5363 ferme,
1625 5313 1717 5348 non

165 5373 299 5434 pauci
323 5361 628 5434 liabent
649 5361 776 5434 XV".
801 5362 970 5434 ferme,
991 5361 1230 5434 Yictorius
1250 5362 1432 5434 decem,
1457 5369 1501 5410 et
1523 5365 1717 5434 septem.

229 5418 292 5485 (bl
329 5422 409 5486 Sic
443 5423 597 5475 locum
636 5437 698 5472 ex
731 5418 844 5471 Mss.
865 5418 1048 5486 nostris
1068 5424 1396 5486 supplevimus
1434 5435 1543 5486 cum
1575 5418 1721 5470 antea

168 5483 317 5547 penes
337 5483 658 5547 blartianzeum
683 5491 816 5533 esset
837 5483 898 5532 ab
920 5496 1106 5533 amram
1129 5483 1276 5547 itaque
1297 5485 1362 5534 ad
1390 5483 1574 5534 Γίνεσθε.

229 5542 296 5604 (c)
346 5543 495 5597 V'atic.
545 5548 997 5613 tmme‘qIIOd
1039 5542 1224 5613 rectius
1268 5546 1365 5613 legi
1421 5553 1536 5605 puto
1579 5554 1720 5613 quam

170 5611 450 5669 “vim.
483 5621 588 5656 nam
630 5605 772 5655 etiam
807 5605 1042 5656 Diodorus
1065 5609 1109 5654 in
1135 5605 1339 5657 Catenis
1355 5606 1481 5653 hunc
1510 5605 1722 5652 recitans

3271 262 3374 318 438

1809 362 2155 424 ἕνοπλισάμινοι
2173 361 2410 428 ἄνιρησαν
2424 365 2470 413 οἱ
2491 367 2582 413 υἱοὶ
2603 351 2780 434 lupae)
2795 367 2892 418 ἀπὸ
2912 382 2995 429 τῆς
3015 383 3098 434 γῆς
3118 375 3375 438 Abba-xu.

1807 447 1859 501 id
1899 457 2000 511 est,
2063 465 2081 498 t
2116 449 2183 502 Et
2218 451 2408 502 armati
2443 451 2796 506 ascenderunt
2822 455 2912 509 lilii
2956 459 3112 515 Israel
3141 462 3205 516 de
3233 473 3377 519 terra

1808 539 2044 610 Egypti.
2070 557 2089 590 ι
2138 541 2285 594 Licet
2329 556 2426 609 pro
2451 557 2517 597 eo
2557 544 2699 612 quod
2759 559 2856 600 nos
2891 551 3072 602 armati
3113 551 3374 620 diximus,

1806 630 2097 685 secundum
2137 632 2296 701 graeci
2338 633 2598 688 sermonis
2637 635 3067 706 ambiguitatem,
3115 642 3376 711 instructi,

1807 721 1920 774 sive
1972 721 2171 782 muniti,
2229 732 2445 792 propter
2491 724 2910 792 supellectilem,
2948 742 3051 797 qua
3102 730 3380 803 Egyptios

1808 809 2190 878 spoliaverunt,
2222 811 2389 880 possit
2408 811 2646 882 intelligi.

1883 899 1970 954 I3.
2013 899 2320 954 Estimanti
2365 902 2727 959 curiositatem
2777 919 2898 961 esse
2943 906 3167 974 finitam,
3213 912 3382 982 major

1809 990 2078 1058 quaerendi
2107 991 2268 1044 ardor
2303 993 2542 1046 exoritur
2571 1010 2584 1046 :
2617 1001 2672 1048 et
2710 993 2776 1048 ad
2809 997 3204 1054 similitudinem
3233 1000 3383 1056 Iere-

1809 1080 1930 1132 mias
1942 1080 2202 1136 dissolvor
2221 1081 2448 1152 undique
2465 1094 2517 1138 et
2534 1084 2673 1140 ferre
2689 1101 2792 1140 non
2811 1101 3026 1156 possum
3041 1090 3097 1159 (1
3103 1108 3253 1147 erem.
3266 1094 3380 1164 20):

1810 1183 1976 1238 quare
2018 1170 2381 1240 Septuaginta,
2411 1175 2638 1240 quintam
2666 1179 3052 1245 generationem,
3096 1190 3151 1236 et
3192 1183 3382 1254 Aquila

1814 1260 2145 1314 transtulerit
2209 1272 2449 1317 armatos.
2505 1263 2765 1321 Volumen
2818 1268 3098 1325 Hebraeum
3145 1275 3380 1344 replico,

1811 1347 1952 1416 quod
1982 1349 2175 1403 Paulus
2201 1351 2279 1418 (ά)
2300 1361 2486 1422 φινόλην
2504 1353 2650 1422 juxta
2679 1357 2933 1424 quosdam
2960 1371 3132 1428 vocat,
3155 1374 3212 1417 et
3240 1366 3383 1434 ipsos

1813 1439 2150 1493 characteres
2193 1441 2450 1496 sollicitus
2497 1445 2804 1511 attendens,
2853 1449 3105 1518 scriptum
3151 1443 3380 1522 reperio.

1823 1526 2064 1582 Vnusnt
2101 1545 2203 1583 ALU
2251 1546 2349 1584 an:
2388 1547 2572 1587 ιειιηι.
2594 1551 2800 1589 usansz
2831 1553 3077 1595 IBSRAII.
3107 1541 3162 1596 In
3185 1546 3383 1615 reliqua

1815 1625 1964 1684 parte
1993 1618 2459 1685 interpretationes
2496 1637 2601 1674 non
2628 1623 2933 1679 discordant
2970 1645 2983 1680 :
3009 1631 3182 1684 omnis
3211 1648 3384 1702 pugna

1811 1704 1878 1757 de
1905 1705 2068 1758 verbo
2097 1717 2179 1758 cst
2208 1722 2426 1773 auusm,
2449 1709 2589 1777 quod
2613 1711 2694 1764 liis
2713 1711 3186 1782 litteris-scribitur,
3219 1735 3380 1786 nam,

1811 1809 1920 1847 usit
1945 1835 1961 1860 ,
2001 1809 2112 1860 suv,
2153 1811 2245 1851 ιο»
2265 1838 2280 1862 ,
2311 1813 2420 1852 unt
2442 1839 2457 1863 ,
2501 1808 2675 1853 utrum
2708 1817 2826 1856 nam
2854 1809 3086 1876 quinque,
3121 1823 3186 1864 an
3213 1812 3383 1865 mimi-

1811 1893 1886 1936 tos
1909 1895 2062 1938 sonet
2103 1884 2198 1956 (e).
2229 1886 2296 1941 Et
2321 1888 2532 1957 quidem
2559 1892 2776 1960 quinque
2816 1893 2920 1950 lioc
2963 1912 3209 1954 sermone
3244 1901 3384 1968 dici,

1809 1989 2001 2044 negare
2021 1991 2124 2031 non
2148 1991 2428 2046 possumus
2453 1998 2465 2034 :
2486 1996 2668 2036 verum
2689 1985 2904 2054 quinque
2923 1989 3111 2056 plurali
3139 2007 3382 2059 numero,

1810 2079 1914 2118 non
1940 2066 2134 2134 quinta,
2181 2077 2235 2121 nt
2279 2068 2354 2121 illi
2410 2070 2738 2139 interpretati
2784 2086 2930 2142 sunt,
2969 2078 3219 2147 singulari
3249 2099 3261 2134 :
3291 2083 3385 2138 sed

1811 2168 1910 2207 nec
1946 2157 2198 2223 generatio
2227 2156 2495 2212 invenitur
2517 2158 2768 2227 adjuncta
2787 2202 2804 2228 ,
2827 2178 2944 2232 quas
2970 2165 3147 2236 lingua
3176 2169 3386 2225 helirtea

1811 2257 1918 2296 non
1943 2241 2135 2297 dicitur
2162 2263 2177 2297 :
2210 2255 2265 2298 ut
2294 2247 2338 2300 si
2364 2256 2507 2301 esset
2529 2250 2707 2317 quinta
2739 2255 3014 2322 generatio,
3045 2272 3292 2314 sermone
3312 2262 3389 2316 Ie-

1811 2346 2026 2406 geretur
2067 2337 2274 2392 illorum
2307 2340 2373 2410 (f)
2417 2358 2589 2398 assa
2629 2361 2748 2400 non.
2779 2347 2929 2404 Nunc
2951 2362 3126 2408 autem
3156 2371 3350 2412 nestit
3370 2399 3385 2422 .

1813 2425 1868 2478 id
1919 2434 2030 2491 est,
2069 2429 2304 2498 quinque,
2341 2434 2449 2486 imo
2485 2435 2679 2502 quinta,
2722 2446 2921 2493 tantum
2971 2443 3224 2512 scriptum
3279 2458 3390 2515 est,

1814 2526 1872 2570 ut
1894 2517 1963 2572 sit
1981 2519 2386 2600 quasisensus:
2423 2542 2442 2574 ε
2478 2524 2668 2592 Quinta
2703 2538 2878 2583 autem
2917 2534 3271 2592 ascenderunt
3297 2539 3390 2594 lilii

1815 2605 1978 2662 Israel
2003 2608 2069 2662 de
2089 2617 2227 2663 terra
2253 2610 2470 2683 Egypti
2503 2633 2517 2668 :
2553 2633 2573 2666 ι
2599 2617 2739 2685 quod
2759 2619 2881 2688 quia
2903 2622 3078 2679 minus
3113 2625 3393 2684 videbatur

1815 2695 2059 2768 intelligi,
2109 2700 2353 2770 adjuncta
2381 2709 2636 2772 generatio
2659 2718 2760 2762 est.
2794 2712 3035 2780 Aquilam
3062 2730 3188 2773 vero
3236 2727 3292 2772 ut
3338 2721 3391 2774 in

1814 2789 2042 2855 czeteris,
2069 2798 2123 2844 et
2148 2791 2200 2845 in
2240 2792 2342 2848 hoc
2377 2797 2610 2852 maxime
2646 2799 2764 2854 loco
2806 2805 3020 2872 proprie
3059 2809 3394 2864 transtulisse

1814 2880 1987 2934 omnis
2009 2880 2188 2936 Judara
2218 2884 2514 2940 conclamat
2541 2903 2556 2943 :
2585 2897 2638 2942 et
2674 2888 3068 2961 Synagogarum
3099 2909 3394 2953 consonant

1815 2969 2059 3023 universa
2113 2971 2383 3040 subsellia,
2435 2975 2574 3044 quod
2617 2977 2859 3034 videlicet
2910 2981 3049 3035 idem
3094 2998 3292 3050 sermo,
3339 2995 3396 3044 et

1815 3059 2015 3113 eisdem
2048 3060 2237 3114 litteris
2261 3064 2510 3132 scriptus,
2533 3065 2773 3121 diversas
2798 3069 2936 3136 apud
2961 3085 3056 3125 eos
3085 3082 3140 3126 et
3165 3089 3321 3130 voces
3341 3088 3396 3132 et

1817 3150 2192 3219 intelligentias
2216 3151 2425 3208 habeat.
2452 3155 2527 3209 Ex
2551 3157 2742 3225 quibus
2775 3161 3006 3230 exempli
3041 3177 3198 3217 causa
3228 3181 3391 3221 unum

1818 3239 2084 3309 ponimus,
2115 3252 2173 3294 ut
2193 3241 2332 3310 quod
2363 3243 2587 3298 dicimus
2613 3248 2951 3316 perspicuum
3025 3253 3186 3324 168
3257 3254 3349 3309 fiat
3374 3274 3389 3311 :

1820 3338 2057 3397 pastores
2085 3340 2137 3385 et
2164 3341 2428 3388 amatores
2465 3335 2662 3390 eisdem
2693 3337 2882 3394 litteris
2928 3344 3235 3399 scribuntur
3264 3362 3389 3414 nas,

1819 3435 1926 3482 am,
1955 3434 2067 3487 ton,
2099 3436 2210 3475 usit
2243 3439 2256 3474 :
2292 3423 2385 3478 sed
2415 3434 2655 3494 pastores
2693 3443 2849 3496 nont,
2889 3441 3156 3490 amatores
3206 3437 3394 3508 legun-

1820 3518 1904 3562 tur
1930 3525 2077 3564 nsnt.
2103 3509 2257 3567 Unde
2283 3513 2478 3576 evenit,
2501 3524 2557 3569 ut
2575 3517 2659 3572 ubi
2685 3517 2980 3578 Jerusalem
3007 3526 3058 3579 in
3090 3527 3394 3599 Prophetis,

1819 3616 1938 3653 cum
1958 3603 2281 3657 amatoribus
2301 3605 2413 3660 suis
2437 3604 2798 3666 fornicationis
2822 3616 3026 3670 scelere
3043 3597 3301 3688 arguitur,
3322 3597 3392 3678 ibi

1820 3693 1874 3795 in
1897 3694 2089 3748 nostris
2108 3695 2398 3764 codicibus,
2419 3714 2517 3766 pro
2539 3703 2882 3770 amatoribus,
2899 3717 3168 3775 pastorum
3197 3728 3392 3770 nomen

1818 3785 1884 3838 sit
1911 3785 2265 3842 immutatum.

1892 3874 1979 3929 14.
2005 3877 2128 3932 Scio
2149 3877 2262 3932 hac
2287 3879 2510 3933 molesta
2535 3893 2656 3934 esse
2682 3879 2899 3946 lectori,
2931 3883 3026 3938 sed
3051 3885 3122 3942 de
3171 3887 3393 3944 Hebrai-

1821 3965 1898 4019 cis
1924 3966 2111 4020 litteris
2137 3967 2519 4035 disputantem,
2564 3983 2669 4022 non
2713 3969 2864 4026 decet
2910 3974 3208 4032 Aristotelis
3231 3993 3394 4049 argn-

1823 4066 1998 4109 menta
2020 4055 2354 4124 conquirere,
2377 4071 2474 4110 nec
2494 4073 2557 4111 ex
2580 4057 2798 4114 flumine
2817 4060 3058 4118 Tulliano
3076 4065 3395 4136 eloquentiae

1823 4143 2095 4198 ducendus
2123 4153 2205 4199 est
2233 4144 2434 4199 rivulus
2460 4163 2474 4198 :
2521 4161 2618 4201 nec
2647 4163 2808 4204 aures
2831 4148 3134 4217 Quintiliani
3160 4155 3394 4214 ﬂosculis

1823 4315 2017 4422 Aqnilce
2036 4314 2189 4363 locum
2235 4327 2506 4385 ιγυιλισμνοι.
2529 4315 2668 4379 legit.
2694 4319 2798 4368 Nec
2838 4325 3226 4383 praetereundum
3263 4332 3390 4392 quod

1824 4377 1882 4422 Ita
1921 4384 1973 4422 et
2006 4376 2132 4422 idem
2158 4377 2308 4422 νειμ).
2349 4393 2413 4422 τῆς
2439 4389 2509 4422 εὶπά
2547 4395 2608 4422 vi:
2647 4391 2756 4422 mm
2794 4380 2996 4422 furtunae.
3035 4388 3196 4422 von-im-
3221 4399 3288 4422 ncl
3319 4393 3390 4422 nt-

1824 4376 1973 4450 liabet
2006 4376 2132 4450 idem
2158 4377 2308 4450 italis.
2331 4389 2509 4450 ﬁgeret
2547 4376 2609 4450 τρὶ
2647 4391 2756 4450 qua;
2794 4376 3007 4450 fortasse
3035 4388 3196 4436 verior
3221 4376 3392 4440 esivn'i:

2329 4439 2610 4498 interpretis
2646 4439 2817 4502 lectio,
2842 4451 2896 4492 ut
2916 4443 3177 4497 Hebrazum
3222 4439 3392 4530 V131:

1823 4506 2036 4568 pressius
2057 4504 2323 4568 redderet:
2459 4564 2502 4568 η
2566 4531 2569 4533 -
2726 4567 2730 4568 ν
3016 4535 3018 4538 ν

1893 4561 2440 4641 μὶριξρξφειῑυιίφιξξ
2459 4564 2572 4641 lisse
2587 4567 2810 4641 ,ρεηοιεην
2833 4578 2916 4641 θυι
2938 4570 3388 4641 ρίιεηοίςηιιθϋθηι.

1823 4633 1907 4699 aut
1928 4625 2176 4688 penulam;
2199 4639 2362 4699 neque
2384 4627 2508 4699 adeo
2531 4625 2658 4699 satis
2673 4625 2805 4679 bene
2829 4625 3031 4699 veteres
3064 4636 3186 4699 pediti
3224 4625 3392 4699 μιίᾴᾷᾖζ

1822 4693 1907 4735 aut
1927 4687 2078 4750 φωνην
2098 4687 2376 4750 praeferunt.
2400 4687 2624 4749 Sequens
2647 4688 2779 4739 locus
2799 4692 2872 4741 sic
2893 4693 3102 4744 bebrteis
3123 4687 3298 4747 litteris
3317 4687 3390 4748 ei;

1821 4764 1977 4816 fertur
2010 4776 2194 4827 unm
2218 4777 2385 4850 vam:
2406 4751 2581 4830 5N1?”
2609 4753 2805 4835 $31537
2831 4782 3086 4838 omnm.

1891 4856 1950 4924 (ε)
1989 4857 2054 4924 I_Jt
2073 4862 2305 4924 quantum
2328 4858 2432 4907 fleri
2470 4864 2632 4924 potest
2669 4858 2728 4905 ad
2765 4857 3264 4924 hebraicum_te_xtum
3294 4877 3388 4924 ve-

1822 4919 1984 4968 teru'm
2006 4919 2432 4979 interpretationes
2451 4919 2634 4979 exigat,
2660 4919 2995 4979 grammaticas
3029 4919 3252 4970 Hebraea
3294 4921 3386 4972 Iin-

1820 4992 1933 5040 gua:
1969 4977 2166 5040 regulas
2200 4978 2391 5027 videtur
2421 4977 2559 5040 Hier}
2595 4977 2837 5040 scribendi
2877 4979 3187 5028 festinatione
3232 4983 3390 5032 minus

1821 5037 2107 5097 attendisse,
2129 5038 2242 5086 dum
2274 5037 2494 5086 concedit
2517 5038 2718 5104 verbum
2750 5041 2960 5092 ειηπιη
2996 5052 3138 5099 posse
3181 5041 3388 5104 quinque

1821 5107 2096 5168 signiﬁcare
2118 5107 2244 5168 quod
2265 5116 2440 5168 revera
2463 5112 2600 5152 sonat
2622 5103 2982 5168 quinquaginta.

1891 5167 1960 5232 (f)
1998 5163 2191 5232 Acerba
2225 5166 2352 5212 liunc
2375 5163 2541 5232 locum
2579 5163 3012 5232 Sttgillant_critici_,
3046 5169 3174 5232 quod
3208 5171 3388 5221 nomini

1825 5223 1926 5276 Do'r'
1946 5223 2193 5274 masculini
2215 5225 2430 5284 generis,
2460 5234 2622 5272 .tmesa
2644 5223 2948 5285 ’adjectivum
2981 5223 3194 5278 feminini
3239 5243 3387 5285 copti.

1821 5287 1949 5335 larit.
1996 5286 2093 5347 Sed
2132 5283 2306 5347 vereor
2339 5296 2402 5331 ne
2442 5297 2583 5344 prava
2619 5283 2958 5345 ipsi'lectione
2995 5287 3229 5347 fallantur,
3273 5283 3383 5341 Iilss.

1824 5349 1957 5395 enim
2000 5346 2192 5395 codices
2233 5343 2452 5405 aliquot,’
2479 5357 2541 5391 ex
2584 5343 2786 5405 quorum
2819 5360 3023 5398 numero
3051 5343 3388 5400 Cisterciensis

1824 5419 2056 5469 perquam
2100 5403 2400 5469 emendatus,
2425 5415 2582 5469 (tineae
2603 5403 2812 5466 habent,
2853 5409 2979 5468 quod
3022 5422 3083 5458 ex
3128 5410 3388 5461 masculino

1819 5464 2005 5521 itmnn
2025 5467 2164 5515 facile
2187 5464 2287 5525 legi
2320 5467 2490 5526 potuit.
2519 5464 2806 5528 lmpressam
2840 5464 2954 5517 vcro
2993 5469 3248 5520 lectionem
3291 5485 3386 5523 non

1823 5539 2146 5649 (animamus,
2170 5535 2295 5597 quod
2319 5542 2372 5584 nt
2414 5536 2660 5598 scripserit
2694 5545 2876 5596 auctor,
2903 5551 2997 5588 non
3020 5541 3134 5589 satis
3166 5555 3388 5604 comper-

1846 5614 1925 5647 um
1948 5612 1973 5647 8
2016 5632 2028 5646 ο

1846 5614 1925 5647 11111
1948 5612 2028 5647 ιιι.
