4078 6198
675 269 783 324 459

677 395 732 440 et
783 377 1013 440 sclrolari
1061 369 1446 430 declamatione
1490 359 1803 416 llllliCCndtl'.
1851 355 2144 415 Pedestris.
2197 362 2251 405 ct

677 474 997 547 quotidiana:
1013 464 1217 527 similis,
1246 469 1301 514 et
1327 456 1524 511 nullam
1558 451 1977 547 lucubrationem
1999 445 2248 500 redoleas

676 539 848 622 oratio
903 552 1200 615 necessaria
1244 556 1352 612 est,
1397 560 1516 615 qua:
1565 558 1677 598 rem
1732 539 1976 609 explicet,
2031 549 2247 590 sensum

676 659 952 716 edisserat,
998 647 1225 702 obscura
1267 639 1592 702 manifestat,
1645 648 1752 689 non
1796 646 1915 701 quae
1962 627 2244 684 verborum

673 740 1054 813 compositione
1073 732 1398 808 frondescat.
1426 728 1545 783 Sint
1574 726 1661 780 alii
1703 721 1910 784 diserti,
1938 719 2242 813 laudentur,

673 846 728 889 ut
756 807 958 895 volunt,
989 835 1045 883 et
1074 807 1278 880 inﬂatis
1303 821 1502 883 buccis,
1557 817 1855 886 spumantia
1895 809 2059 865 verba
2089 807 2241 861 truti-

670 933 838 980 nent:
870 919 1002 976 mihi
1023 915 1220 972 sufﬁcit
1267 913 1345 968 sic
1395 909 1561 980 loqui,
1600 916 1661 961 ut
1711 904 2012 973 intelligar,
2070 908 2127 952 ut
2178 897 2244 952 de

670 1011 960 1080 Scripturis
986 1007 1298 1077 disputans,
1345 1001 1738 1070 Scripturarum
1774 995 1953 1049 imiter
1987 989 2243 1059 simplici-

669 1115 853 1159 tatem.
965 1110 968 1112 ⁷

670 1195 758 1248 15.
789 1191 892 1246 Cur
917 1188 1066 1243 Isaac
1085 1187 1160 1240 vir
1184 1185 1349 1254 iustus
1372 1191 1420 1235 et
1448 1178 1554 1233 Deo
1596 1192 1745 1231 carus
1789 1190 1889 1228 non
1931 1171 2006 1225 illi
2033 1172 2110 1225 eui
2154 1184 2243 1223 uo-

739 1286 867 1348 luit,
931 1280 1017 1335 sed
1085 1277 1168 1332 cui
1211 1274 1402 1338 noluit,
1454 1270 1689 1339 deceptus
1733 1281 1904 1320 errore
1956 1261 2247 1316 benedixit?

742 1378 762 1444 (
788 1373 967 1427 Gener.
1001 1368 1110 1440 l7.)

703 1509 706 1512 ~
743 1481 936 1538 Diﬁ‘ero
961 1478 1226 1549 paulisper
1252 1485 1426 1547 typos,
1455 1483 1510 1529 et
1530 1487 1593 1527 ea
1619 1485 1738 1541 quae
1763 1484 1793 1524 a
1818 1466 2106 1538 majoribus
2151 1479 2246 1519 no-

671 1577 798 1632 stris
823 1588 983 1643 super
1005 1571 1107 1625 hoc
1135 1569 1255 1623 loco
1279 1574 1402 1622 sunt
1433 1566 1802 1632 interpretata,
1833 1567 2118 1629 praetereo,
2141 1571 2246 1609 non

670 1665 813 1734 quod
844 1659 1082 1730 opinioni
1112 1672 1298 1713 eorum
1325 1670 1430 1709 non
1473 1652 1830 1722 acquiescam,
1877 1648 1970 1704 sed
2007 1646 2150 1716 quod
2195 1654 2248 1699 tu

674 1757 775 1809 hoc
795 1760 1001 1807 tantum
1031 1761 1258 1817 quaeras,
1288 1758 1453 1814 quare
1477 1743 1558 1796 vir
1595 1741 1769 1810 justus
1807 1737 2004 1808 aliquid
2041 1736 2250 1806 ignora-

674 1843 834 1908 verit,
864 1848 919 1895 et
956 1846 1140 1894 contra
1171 1848 1320 1890 suam
1376 1831 1563 1887 fecerit
1601 1829 1945 1884 voluntatem.
1990 1826 2071 1881 Ad
2108 1825 2248 1896 quod

672 1933 910 1988 diStricta
939 1928 1219 1998 responsio
1239 1933 1321 1980 est
1347 1942 1360 1979 :
1389 1922 1609 1978 NULLUII
1636 1934 1869 1976 nomnen
1886 1960 1900 1984 ,
1941 1925 2161 1986 excepto
2185 1931 2250 1968 eo

674 2023 760 2091 qui
788 2020 858 2076 ob
880 2011 1114 2074 nostram
1145 2015 1369 2069 salutem
1396 2025 1610 2066 carnem
1633 2019 1715 2064 est
1741 2009 1984 2077 dignatus
2009 2005 2247 2067 induere,

675 2115 888 2183 plenam
913 2103 1162 2164 habuisse
1181 2103 1479 2165 scientiam,
1507 2109 1560 2156 et
1579 2099 1930 2155 certissimam
1954 2097 2247 2152 veritatem.

674 2192 910 2270 Denique
936 2196 1134 2254 Paulus
1163 2210 1229 2250 ex
1254 2203 1404 2264 parte
1441 2190 1731 2260 cognoscit,
1761 2197 1816 2244 et
1860 2203 1926 2242 ex
1955 2196 2105 2256 parte
2129 2201 2253 2256 pro-

673 2291 851 2360 phetat
873 2288 932 2358 (l
969 2286 1086 2341 Cor.
1112 2284 1198 2339 l5.
1229 2282 1330 2354 9),
1364 2290 1418 2336 et
1438 2293 1578 2334 nunc
1609 2293 1704 2348 per
1729 2277 2002 2346 speculum
2030 2275 2250 2330 videtin

673 2381 978 2450 aenigmate,
1022 2385 1078 2430 et
1103 2371 1396 2428 secundum
1438 2369 1578 2438 quod
1602 2377 1812 2437 oportet
1838 2380 2013 2432 orare,
2046 2365 2254 2420 nescire

675 2485 775 2526 nos
820 2469 949 2523 dicit
991 2466 1183 2539 (Rom.
1236 2464 1290 2518 8.
1333 2460 1438 2532 26)
1466 2480 1480 2516 :
1507 2460 1643 2526 Quia
1693 2472 1814 2513 cum
1865 2455 2073 2511 venerit
2114 2456 2253 2526 quod

680 2558 975 2631 perfectum
1007 2563 1110 2622 est,
1135 2565 1260 2609 tunc
1277 2553 1418 2623 quod
1460 2566 1524 2606 ex
1553 2554 1702 2621 parte
1727 2559 1809 2604 est
1835 2549 2137 2623 destruetur
2162 2547 2251 2617 (l.

677 2653 796 2708 Cor.
825 2652 915 2706 15.
935 2647 1045 2720 10).
1065 2645 1277 2702 Samuel
1301 2644 1564 2713 Propheta
1591 2656 1823 2696 connum
1849 2652 2044 2696 eratus
2066 2639 2114 2694 bl
2135 2639 2258 2707 ο)ςὶ

677 2745 730 2799 in
777 2744 855 2813 (a)
894 2739 1173 2806 Psalterio,
1202 2736 1268 2792 ad
1312 2734 1610 2806 ungendum
1642 2747 1820 2802 regem
1874 2733 2088 2796 missus,
2135 2744 2256 2785 cum

684 2836 842 2909 ιω
913 2831 1201 2888 maximum
1230 2829 1456 2883 ﬁliorum
1486 2826 1638 2881 Jesse
1676 2824 1899 2879 vidisset
1941 2821 2114 2889 Eliab,
2137 2822 2211 2874 ait
2241 2837 2254 2874 :

684 2945 703 2978 ι
733 2927 871 2981 Ecce
889 2936 1071 2978 coram
1103 2918 1326 2974 Domino
1353 2916 1598 2973 Christus
1622 2914 1738 2984 ejus
1761 2932 1779 2964 ι
1805 2913 1880 2984 (l.
1899 2913 2027 2983 Reg.
2053 2913 2141 2966 l6.
2165 2911 2259 2981 6)?

678 3017 746 3072 Et
772 3013 904 3070 dixit
927 3011 1182 3067 Dominus
1212 3007 1280 3063 ad
1301 3006 1518 3062 Samuel
1547 3023 1560 3060 :
1589 3024 1609 3057 ι
1641 3004 1755 3059 Noli
1777 3003 2045 3073 respicere
2074 3000 2258 3056 faciem

679 3107 815 3177 ejus,
847 3116 1018 3174 neque
1045 3109 1323 3164 staturam,
1364 3091 1612 3167 quoniam
1642 3093 1919 3164 reprobavi
1950 3107 2070 3147 eum
2095 3109 2108 3144 :
2137 3089 2260 3161 quia

680 3216 788 3258 non
811 3196 1076 3271 quomodo
1106 3193 1248 3248 videt
1273 3192 1432 3254 Deus,
1462 3188 1607 3244 videt
1631 3188 1812 3243 homo.
1840 3185 2011 3240 Homo
2041 3183 2181 3238 videt
2209 3184 2260 3236 in

681 3292 836 3355 faeie,
866 3288 1006 3342 Deus
1037 3277 1216 3339 autem
1265 3279 1477 3350 inspicit
1503 3293 1598 3333 cor
1626 3295 1644 3328 ι
1683 3275 1853 3348 (Ibid.
1881 3290 1932 3327 υ.
1955 3273 2051 3343 7).
2081 3273 2148 3327 Ει
2170 3286 2264 3342 per

683 3381 920 3451 singulos
941 3377 1018 3447 (ὁ)
1039 3387 1249 3442 semper
1267 3356 1545 3440 ignorans,
1572 3381 1737 3436 usque
1757 3366 1822 3421 ad
1843 3364 2008 3421 David
2029 3365 2264 3419 nescisse

687 3467 1020 3526 describitur.
1071 3463 1291 3518 Elisazus
1315 3475 1526 3530 quoque
1574 3457 1664 3528 qui
1706 3457 1901 3526 duplici
1939 3456 2263 3527 gloriﬁcatus

689 3569 774 3616 est
814 3557 1012 3626 Spiritu
1038 3593 1054 3620 ,
1081 3552 1232 3620 cujus
1258 3564 1378 3604 ossa
1426 3551 1588 3603 vitam
1615 3549 1845 3602 exanimi
1872 3547 2117 3602 cadaveri
2146 3545 2266 3600 red-

691 3648 940 3704 diderunt
970 3644 1057 3714 (ι.
1086 3641 1213 3712 Reg.
1247 3641 1272 3694 ι
1305 3649 1350 3693 et
1377 3637 1480 3707 l5)
1513 3656 1528 3692 :
1559 3652 1680 3692 eum
1710 3636 2000 3691 Sunamitis
2039 3636 2105 3690 ad
2145 3650 2265 3691 eum

693 3736 928 3792 venisset
970 3733 1022 3788 in
1069 3739 1326 3794 montem,
1353 3737 1411 3783 et
1437 3728 1501 3781 ad
1551 3726 1713 3796 pedes
1738 3725 1854 3795 ejus
1880 3725 2124 3779 flebiliter
2151 3740 2269 3778 cor-

693 3831 907 3894 ruisset,
938 3825 1084 3882 Giezi
1127 3822 1444 3893 prohibente
1483 3834 1548 3874 ne
1586 3820 1804 3882 faceret,
1853 3817 1967 3870 ait:
2001 3834 2019 3866 ‹
2054 3815 2268 3871 Dimitte

693 3936 833 3985 eam,
864 3919 985 3989 quia
1011 3916 1186 3971 anima
1207 3913 1324 3983 ejus
1350 3913 1401 3966 in
1429 3908 1779 3965 amaritudine
1799 3918 1901 3974 est,
1932 3917 1986 3962 et
2017 3907 2270 3962 Dominus

696 4009 978 4067 abscondit
1007 4021 1036 4060 a
1068 4022 1174 4070 me,
1202 4015 1256 4058 et
1282 4019 1384 4058 non
1437 4001 1698 4056 nuntiavit
1717 4000 1847 4055 mihi
1885 4019 1904 4052 ι
1938 4000 2021 4069 (4.
2049 4000 2177 4070 Reg.
2212 4001 2264 4055 4.

698 4100 823 4163 27).
884 4097 1043 4152 Plura
1079 4100 1202 4148 sunt
1257 4107 1413 4162 quam
1454 4100 1511 4144 ut
1560 4091 1816 4161 exemplis
1861 4090 2149 4144 debeamus
2177 4090 2271 4144 do-

697 4203 842 4253 cere,
892 4192 1108 4240 sanctos
1157 4181 1300 4236 viros
1333 4189 1390 4236 et
1442 4181 1552 4235 Deo
1589 4196 1763 4244 caros,
1795 4195 1854 4236 ea
1906 4181 2271 4235 tantummodo

699 4279 886 4340 scisse,
930 4289 1048 4343 quae
1093 4271 1172 4327 eis
1213 4285 1244 4324 a
1279 4270 1502 4324 Domino
1527 4271 1757 4325 revelata
1799 4279 1966 4324 sunt:
1999 4271 2272 4341 ignorasse

701 4381 850 4432 vero,
878 4379 995 4435 qua:
1023 4363 1100 4419 eis
1127 4361 1362 4418 revelata
1386 4376 1490 4415 non
1520 4360 1747 4416 fuerint:
1771 4371 1825 4417 et
1849 4362 1914 4416 ad
1942 4362 2174 4432 singulas
2197 4365 2274 4417 vi-

700 4446 880 4521 siones
897 4452 1206 4510 Zachariam
1247 4461 1408 4522 atque
1441 4453 1708 4508 Danielem
1745 4453 2073 4522 interrogare
2108 4468 2273 4523 ange-

703 4552 832 4612 lum,
857 4555 911 4600 et
930 4544 1236 4614 suppliciter
1254 4541 1549 4612 deprecari,
1581 4552 1882 4612 utexponat
1912 4544 2150 4614 sibiqua:
2170 4546 2277 4599 sint

703 4642 791 4695 illa
819 4652 938 4707 quae
968 4635 1197 4693 videant.
1223 4632 1374 4689 Unde
1419 4649 1524 4695 non
1575 4634 1766 4687 mirum
1807 4642 1910 4695 est,
1961 4643 2017 4688 et
2053 4634 2198 4689 Isaac
2225 4637 2274 4688 in

702 4744 852 4786 suam
883 4725 1110 4780 maxime
1138 4723 1417 4777 utilitatem
1460 4723 1696 4776 nescisse
1718 4721 1844 4790 quid
1887 4721 2085 4777 faceret
2111 4764 2126 4789 ,
2155 4740 2274 4778 cum

706 4819 872 4888 magis
891 4831 956 4871 eo
979 4824 1216 4883 tempore
1253 4819 1477 4875 erraret,
1504 4825 1610 4879 quo
1635 4810 1798 4864 ﬁlium
1817 4813 2167 4880 sanguinariae
2189 4815 2278 4868 de-

706 4909 871 4964 ditum
901 4905 1188 4975 voluptati,
1216 4912 1272 4958 et
1297 4917 1441 4968 eum,
1482 4901 1572 4970 qui
1615 4911 1796 4971 postea
1839 4902 2052 4958 fratrem
2101 4918 2282 4975 posset

709 4998 976 5059 occidere.
1019 4993 1378 5064 praetermisso
1405 4991 1501 5047 illo
1533 4991 1624 5061 qui
1655 4992 1973 5047 innocenter
2016 4993 2284 5050 habitabat

710 5088 850 5143 domi
872 5129 888 5152 ,
913 5085 1074 5140 vellet
1096 5081 1310 5145 efferre,
1338 5089 1393 5134 et
1421 5094 1570 5154 suam
1620 5081 1789 5152 magis
1810 5098 1965 5152 quam
1989 5084 2084 5139 Dei
2112 5087 2284 5143 facere

781 5224 845 5288 (a)
881 5223 1130 5274 Hactenus
1149 5220 1413 5288 Yttlgati‘in
1434 5222 1700 5288 sacerdotio
1725 5224 1837 5288 Dei,
1860 5237 2004 5287 quam
2027 5225 2285 5279 lectionem

716 5283 970 5335 immutare
1009 5297 1103 5333 non
1139 5283 1464 5347 dubitavimus
1495 5297 1560 5347 ex
1603 5283 1698 5333 ﬁde
1737 5283 2025 5347 Mss._supra
2052 5289 2248 5347 triginta

714 5327 1467 5416 ᾇίἱόζῷὶῐίτεῖ
1482 5327 1697 5416 eam};
1715 5327 2084 5416 saginabat:
2100 5327 2288 5400 ’3ϋὶῖὲἰεῖ

713 5404 980 5466 ὶὶιιέειύιειιι
1003 5405 1122 5454 illud
1146 5404 1320 5466 Psalmi
1337 5405 1414 5466 98.
1437 5405 1485 5453 6.
1516 5424 1538 5451 ι
1557 5405 1762 5466 Moyses,
1790 5415 1842 5456 et
1863 5407 2022 5455 Aaron
2047 5411 2092 5456 in
2131 5423 2290 5460 sacer.

717 5463 910 5537 (ictibus
921 5467 1040 5537 ejus
1054 5473 1162 5537 iet.
1181 5465 1380 5537 Samuel
1405 5467 1555 5537 inter.
1571 5463 1688 5537 eos,
1849 5468 2072 5516 invocant
2110 5484 2288 5521 nomen

723 5523 844 5580 ejus.
869 5540 892 5566 ι
921 5523 1034 5572 Mox
1054 5523 1210 5571 νεαρ.
1237 5536 1411 5572 nomen
1438 5524 1566 5574 Lliab
1588 5523 1777 5575 omittii.

725 5646 749 5648 η
791 5579 853 5642 (b)
891 5583 988 5629 Pro
1017 5594 1205 5642 semper
1243 5582 1464 5648 plerique
1487 5585 1606 5633 editi
1650 5594 1868 5648 septem:
1893 5593 1945 5648 et
1979 5591 2140 5638 statim
2173 5591 2286 5640 Mss.

724 5646 900 5699 magno
921 5641 1126 5688 numero
1147 5641 1296 5687 nescit
1317 5641 1532 5700 brevius,
1557 5656 1642 5704 ιιό
1661 5641 1866 5696 nescisse
1890 5646 2194 5699 describitur.

1966 243 2044 298 SA
2057 239 2208 296 NCTI
2251 236 2625 299 IIIERONYMI

3831 219 3942 295 imo

2359 352 2705 404 voluntatem.
2741 349 2850 419 Ego
2893 359 3018 418 puto
3048 350 3246 404 divina:
3291 349 3706 419 dispensationis
3736 351 3902 409 fuisse
3923 397 3939 418 ,

2354 452 2411 496 ut
2461 441 2628 496 oculis
2673 452 2994 505 caecaretur,
3040 451 3095 496 et
3141 455 3261 494 cum
3319 441 3432 510 ipse
3473 440 3720 495 diceret:
3766 460 3786 494 ι
3824 443 3938 498 Vox

2353 533 2588 601 quidem,
2610 549 2709 588 vox
2736 534 2900 588 Jacob
2928 542 3008 586 est
3037 550 3050 586 :
3081 547 3269 586 manus
3293 541 3472 586 autem
3493 573 3508 594 .
3535 548 3724 586 manus
3747 534 3886 587 Esau
3917 553 3936 585 ι

2355 625 2505 695 (Gen.
2534 627 2762 693 27.22):
2798 635 2972 680 tamen
3028 640 3132 679 non
3184 625 3504 694 intelligeret
3531 625 3793 679 minorem
3819 641 3942 680 esse

2352 718 2538 784 ﬁlium,
2550 720 2637 787 qui
2653 719 2716 773 ad
2730 719 3156 773 benedictionem
3172 717 3349 771 fratris
3365 726 3656 786 praereptor
3668 719 3936 772 astiterat.

2424 810 2512 864 16.
2542 809 2815 880 Hippolyti
2860 811 3096 879 martyris
3125 810 3338 878 mystica
3381 810 3752 876 interpretatio.
3799 808 3944 876 Quo-

2351 899 2493 953 niam
2518 910 2695 954 autcm
2725 899 2949 969 polliciti
2981 912 3186 961 sumus,
3211 904 3264 952 et
3285 897 3352 952 de
3375 911 3441 951 eo
3469 897 3593 966 quid
3614 898 3944 967 signiﬁcaret

2351 990 2403 1044 in
2431 989 2613 1061 ﬁgura,
2645 989 2932 1060 adjungere
2961 1030 2975 1055 ,
3005 987 3273 1058 llippolyti
3303 987 3554 1056 martyris
3582 987 3741 1041 verba
3768 1001 3909 1056 poua
3927 1017 3943 1028 ο

2351 1095 2490 1144 mus,
2523 1097 2552 1134 a
2583 1095 2689 1150 quo
2731 1090 2784 1135 et
2812 1079 3121 1136 Victorinus
3169 1085 3351 1132 noster
3388 1091 3493 1130 non
3522 1076 3811 1146 plurimum
3841 1076 3945 1130 dis-

2351 1183 2533 1242 crepat
2560 1195 2574 1226 :
2604 1188 2709 1227 non
2739 1171 2880 1242 quod
2918 1171 3092 1226 omnia
3137 1169 3347 1240 plenius
3395 1179 3654 1224 executus
3697 1167 3803 1232 sit,
3844 1168 3944 1222 sed

2351 1261 2491 1332 quod
2522 1263 2684 1331 possit
2713 1261 3048 1316 occasionem
3077 1260 3316 1330 prmbere
3339 1259 3524 1313 lectori
3559 1258 3626 1313 ad
3649 1259 3945 1328 intelligen-

2350 1355 2581 1424 gentiam
2630 1355 2895 1408 latiorem.
2920 1355 2992 1422 (c)
3037 1371 3056 1406 ι
3087 1352 3232 1407 Isaac
3298 1360 3472 1422 portat
3515 1352 3798 1422 imaginem
3845 1353 3942 1406 Dei

2352 1446 2546 1513 Patris,
2576 1445 2815 1500 Rebecca
2846 1445 3074 1515 Spiritus
3109 1444 3298 1508 sancti,
3333 1443 3471 1498 Esau
3510 1444 3689 1513 p0puli
3720 1443 3941 1513 prioris,

2353 1551 2404 1595 et
2420 1539 2640 1595 diaboli.
2667 1539 2832 1595 Jacob
2853 1538 3103 1593 Ecclesia:
3124 1537 3236 1591 sive
3260 1535 3478 1590 Christi.
3495 1534 3748 1591 Seuuisse
3773 1535 3942 1598 Isaac,
3983 1554 3988 1558 '

2352 1632 2866 1685 cousummationem
2905 1628 3051 1683 orbis
3078 1625 3309 1682 ostendit
3337 1643 3350 1678 :
3379 1625 3548 1680 oculis
3568 1625 3852 1693 caligasse,
3879 1625 3942 1678 ﬁ-

2353 1723 2472 1778 dem
2497 1722 2718 1792 periisse
2747 1720 2814 1775 de
2842 1719 3060 1783 mundo,
3091 1728 3145 1773 et
3172 1703 3444 1788 religionis
3468 1717 3647 1771 lumen
3671 1727 3796 1771 ante
3818 1731 3941 1770 eum

2354 1813 2652 1882 neglectum
2734 1810 2889 1884 17o
2959 1824 3080 1865 esse
3117 1807 3396 1880 signiﬁcat.
3425 1807 3576 1875 Quod
3603 1807 3742 1861 filius
3770 1807 3945 1874 major

2355 1914 2594 1968 vocatur,
2617 1903 2856 1971 acceptio
2881 1900 3011 1970 legis
3026 1910 3104 1955 est
3119 1899 3445 1955 Judaeorunt.
3469 1897 3621 1965 Quod
3651 1911 3808 1951 escas
3824 1896 3944 1966 ejus

2356 2004 2516 2065 atque
2545 2001 2819 2063 capturam
2850 1991 3019 2061 diligit
3049 2001 3219 2060 pater,
3239 1989 3484 2044 homines
3509 1997 3633 2042 sunt
3660 1988 3728 2044 ab
3754 2002 3945 2042 errore

2357 2085 2565 2149 salvati,
2595 2098 2730 2154 quos
2759 2097 2854 2153 per
2877 2080 3172 2136 doctrinam
3220 2081 3397 2150 justus
3425 2081 3650 2149 quisque
3691 2089 3942 2134 venatur.

2356 2175 2544 2229 Sermo
2573 2174 2664 2228 Dei
2695 2171 3081 2228 benedictionis
3104 2179 3187 2226 est
3213 2170 3576 2240 repromissio,
3601 2177 3656 2223 et
3695 2183 3820 2236 Spes
3856 2183 3946 2222 re-

2355 2267 2444 2336 gni
2469 2264 2652 2330 futuri,
2681 2265 2732 2318 in
2760 2279 2865 2333 quo
2899 2278 3020 2318 cum
3049 2261 3261 2317 Christo
3291 2261 3458 2315 sancti
3489 2267 3614 2314 sunt
3637 2259 3911 2328 regnaturi
3930 2298 3945 2322 ,

2357 2366 2410 2410 et
2430 2369 2614 2410 verum
2641 2353 2916 2409 sabbatum
2947 2352 3282 2407 celebraturi.
3299 2350 3539 2405 Rebecca
3557 2349 3710 2419 plena
3737 2347 3948 2418 Spiritu

2358 2457 2563 2511 sancto,
2595 2447 2771 2502 sciens
2796 2446 2920 2516 quid
2947 2445 3207 2500 audiisset
3241 2452 3525 2514 antequam
3553 2449 3765 2513 pareret
3825 2444 3947 2510 quia

2359 2540 2523 2608 major
2541 2537 2718 2593 seruiet
2743 2537 2927 2591 minori
2950 2556 2969 2589 ι
2997 2535 3151 2607 (Gen.
3174 2535 3265 2598 15,
3286 2533 3377 2603 25)
3404 2549 3419 2598 ;
3449 2533 3614 2603 magis
3639 2541 3820 2586 autem
3850 2531 3949 2585 for-

2360 2646 2446 2686 ma
2490 2629 2718 2698 Spiritus
2763 2631 2950 2693 sancti,
2983 2642 3103 2696 quae
3141 2617 3312 2680 futura
3350 2632 3572 2678 noverat
3609 2623 3661 2676 in
3691 2621 3945 2684 Christo.

2361 2719 2413 2774 in
2436 2718 2601 2774 Jacob
2627 2717 2705 2790 (ά)
2723 2726 2845 2772 ante
2869 2715 3157 2772 meditatur
3181 2733 3194 2769 :
3222 2714 3457 2784 loquitur
3481 2711 3548 2766 ad
3584 2711 3750 2766 ﬁlium
3774 2713 3950 2767 mino-

2361 2826 2475 2866 rem
2508 2825 2522 2862 :
2563 2808 2705 2863 Vade
2748 2808 2817 2862 ad
2867 2823 3100 2878 gregem,
3147 2817 3193 2860 et
3261 2804 3434 2874 accipe
3474 2804 3600 2857 mihi
3641 2804 3760 2856 inde
3820 2804 3949 2857 duos

2364 2902 2534 2958 haedos
2563 2919 2582 2953 ι
2611 2899 2762 2972 (Gen.
2788 2899 2991 2970 27.9);
3027 2915 3045 2949 ι
3078 2897 3422 2967 praeligemus
3477 2908 3727 2949 carneum
3756 2892 3946 2948 Salva-

2369 2995 2501 3048 toris
2528 2995 2812 3047 adventum
2833 3031 2848 3055 ,
2880 2992 2933 3044 in
2987 3003 3094 3059 quo
3122 3003 3216 3043 eos
3255 2988 3341 3043 vel
3391 2986 3620 3042 maxime
3670 2987 3946 3048 liberaret,

2365 3084 2452 3154 qui
2483 3081 2714 3153 peccatis
2747 3079 3062 3135 tenebantur
3108 3079 3363 3135 obnoxii:
3394 3077 3654 3148 siquidem
3685 3077 3738 3132 in
3771 3080 3946 3132 omni-

2365 3175 2465 3248 bus
2515 3172 2802 3242 Scripturis
2854 3170 2991 3225 haedi
3045 3185 3142 3241 pro
3181 3169 3552 3240 peccatoribus
3590 3168 3946 3239 accipiuntur.

2365 3262 2514 3331 Quod
2545 3273 2721 3317 autem
2748 3260 2882 3315 duos
2900 3260 3118 3330 jubetur
3136 3258 3352 3335 afferre,
3376 3258 3600 3314 duorum
3631 3259 3947 3327 populorum

2366 3355 2706 3426 signiﬁcatur.
2727 3353 3020 3422 assumptio
3048 3369 3062 3406 :
3090 3351 3231 3422 quod
3261 3360 3506 3418 teneros,
3537 3360 3591 3407 ct
3619 3351 3821 3416 bonos,
3853 3351 3950 3407 dn-

2367 3449 2517 3513 ciles,
2551 3455 2605 3502 et
2633 3447 2946 3501 innocentes
2985 3445 3175 3499 anima:
3205 3442 3300 3514 (ε).
3343 3443 3491 3499 Stola
3535 3443 3621 3500 vel
3660 3444 3950 3499 vestimen-

2377 3551 2485 3595 tum
2511 3541 2672 3606 Esau,
2695 3538 2823 3593 ﬁdes
2849 3545 2904 3592 et
2922 3537 3211 3606 Scriptura:
3235 3544 3360 3590 sunt
3378 3536 3742 3599 liebrteorum.
3759 3538 3951 3606 quibus

2373 3631 2651 3700 gentilium
2676 3629 2890 3682 indutus
2914 3636 2996 3681 est
3018 3627 3261 3698 populus.
3301 3626 3478 3681 Pelles
3521 3642 3640 3696 quas
3669 3630 3787 3696 ejus
3829 3627 3949 3682 bra-

2370 3721 2505 3775 chiis
2534 3717 2878 3775 circumdata:
2899 3726 3043 3783 sunt,
3070 3725 3281 3786 peccata
3311 3717 3584 3786 utriusque
3608 3725 3733 3771 sunt
3762 3717 3948 3787 plebis,

2372 3825 2491 3880 quae
2537 3809 2781 3864 Christus
2825 3807 2876 3860 in
2921 3806 3233 3862 extensione
3281 3821 3531 3860 manuum
3573 3806 3720 3862 cruci
3770 3821 3950 3862 secum

2374 3902 2575 3969 pariter
2595 3898 2782 3952 afﬁxit.
2811 3895 2961 3963 Quod
2986 3895 3131 3951 Isaac
3163 3896 3355 3966 qurerit
3377 3897 3445 3952 ab
3487 3895 3652 3951 Jacob
3676 3937 3690 3961 ,
3721 3911 3818 3951 cur
3850 3908 3950 3952 tam

2373 3989 2480 4044 cito
2506 3986 2812 4060 venerit,(n
2842 3985 3133 4041 admiratur
3157 3987 3385 4041 celerem
3408 3985 3738 4040 credentium
3771 3986 3950 4042 ﬁdem.

2374 4079 2526 4148 Quod
2555 4079 2658 4133 cibi
2681 4077 3022 4133 (leleetabiles
3051 4075 3364 4144 offeruntur,
3379 4076 3550 4131 hostia
3581 4078 3796 4147 placens
3821 4079 3950 4142 Deo,

2375 4171 2519 4225 salus
2542 4177 2623 4222 est
2646 4176 3006 4237 peccatorum.
3031 4166 3157 4221 Post
3183 4181 3332 4221 esum
3361 4168 3601 4236 sequitur
3627 4168 3950 4225 benedictio.

2378 4273 2432 4318 et
2446 4261 2561 4331 ejus
2587 4261 2752 4316 odore
2790 4257 3114 4328 perfruitur:
3144 4257 3391 4313 virtutem
3434 4261 3842 4315 resurrectionis
3861 4302 3875 4326 ,
3903 4271 3955 4314 et

2378 4354 2527 4425 regni
2567 4359 2744 4423 aperta
2794 4366 2925 4406 voce
2956 4351 3302 4420 pronuntians
3335 4367 3347 4402 :
3381 4351 3647 4421 quomodo
3678 4353 3839 4407 etiam
3866 4352 3954 4406 ad.

2379 4453 2538 4500 orent
2577 4459 2698 4499 eum
2747 4442 2938 4497 fratres
2985 4443 3064 4497 sui
3103 4451 3158 4496 et
3201 4443 3436 4496 serviant
3464 4443 3512 4498 ei
3538 4485 3552 4508 ,
3581 4443 3862 4499 credentes
3891 4461 3989 4508 ex,

2381 4534 2568 4591 lsrael.
2593 4533 2724 4600 Quia
2746 4532 2906 4602 igitur
2931 4532 3183 4602 iniquitas
3211 4542 3293 4588 est
3316 4533 3524 4588 inimica
3549 4535 3791 4604 justitize,
3819 4536 3956 4589 Esau

2384 4626 2438 4679 in
2450 4622 2768 4679 discordiam
2791 4621 3107 4686 concitatur,
3127 4631 3180 4677 et
3204 4637 3385 4676 necem
3413 4624 3777 4679 fraudulentus
3805 4640 3961 4680 exco-

2383 4717 2534 4786 gitat,
2559 4713 2740 4769 dicens
2758 4713 2809 4767 in
2827 4713 2987 4767 corde
3007 4729 3102 4768 suo
3117 4713 3190 4786 (g)
3223 4731 3236 4767 :
3267 4715 3680 4785 Appropinquent
3714 4717 3822 4770 dies
3845 4734 3911 4786 pa
3923 4736 3968 4770 s-

2456 4869 2517 4934 (c)
2555 4868 2627 4919 Ex
2653 4868 2706 4918 S.
2729 4868 2970 4934 Hyppoliti
2994 4869 3120 4920 libro
3153 4885 3201 4929 ιις
3223 4884 3272 4922 τὰ
3292 4885 3383 4933 μιηά
3401 4885 3466 4931 τήν
3487 4881 3697 4933 ιειιίμρσν,
3721 4879 3778 4922 ut
3801 4872 3961 4924 Euse-

2425 4932 2434 4942 ο
2456 4883 2517 4934 (c)
2556 4883 2627 4919 nx
2653 4883 2706 4918 δ.
2731 4883 2970 4980 niv‘ppouu
2995 4883 3120 4920 unro
3153 4885 3201 4929 ιις
3223 4884 3272 4922 τὰ
3292 4885 3383 4933 μιηά
3401 4885 3466 4931 τήν
3487 4883 3697 4933 ιειιίμρσν,
3721 4883 3778 4922 ιιι
3801 4883 3961 4924 Euse-

2386 4931 2498 4980 bius
2520 4937 2672 4999 vocat,
2694 4938 2749 4999 ut
2819 4943 3066 4999 teronymo
3096 4940 3268 4999 autem
3289 4934 3500 4999 videtur,
3525 4934 3878 4999 Commentario
3912 4936 3962 4984 in

2387 4992 2629 5055 Cenesim._
2642 4994 2723 5055 qui
2761 4999 2920 5040 tamen
2945 4992 3069 5042 liber
3095 4994 3361 5054 intercidit,
3388 5004 3533 5055 pauca
3564 4992 3737 5044 istluee
3769 5004 3961 5045 servata

2388 5060 2519 5108 sunt.
2543 5058 2595 5100 et
2616 5051 2766 5101 latine
2788 5064 3038 5101 conversa.

2477 5112 2528 5178 (η
2562 5112 2769 5178 Quidam
2793 5111 2915 5178 M_ss._
2929 5113 3187 5178 meditatur
3209 5121 3255 5164 et
3271 5113 3494 5178 loquitur,

2477 5171 2525 5239 εἶ
2559 5173 2772 5245 Subaudi
2790 5171 3123 5245 signiﬁcatur;
3161 5189 3258 5245 nec
3281 5171 3410 5244 enim
3443 5175 3769 5245 placet‘guod_
3782 5178 3961 5245 habent

2393 5233 2923 5298 vetereseditidocites
2933 5240 2980 5284 et
2994 5233 3261 5298 innec-entes
3465 5233 3722 5298 signiﬁcat.
3733 5237 3961 5287 Proxime

2394 5308 2513 5342 vero
2534 5294 2608 5361 vel
2627 5294 2950 5361 vestimentum
2982 5308 3046 5361 ex
3083 5297 3253 5346 iisdem
3290 5295 3448 5354 editis,
3472 5294 3735 5358 Vaticano,
3760 5298 3961 5361 aliisque

2393 5354 2639 5416 nonnullis
2660 5355 2772 5416 Mss.
2798 5357 3120 5416 reposuimus.

2463 5414 2477 5478 (
2489 5415 2533 5479 ῃ
2570 5415 2679 5485 Duo
2699 5415 2812 5485 atas.
2831 5414 3117 5478 adntiratur,
3137 5423 3188 5466 ut
3208 5416 3426 5480 loquatur
3443 5417 3666 5480 celerem,
3692 5427 3789 5470 etc.
3811 5421 3964 5470 Antea

2398 5476 2503 5525 erat
2519 5476 2877 5525 admirabatur.

2443 5536 2534 5613 _(g)
2562 5533 3531 5613 listoviusJitppro-ptfuguaneimmolavit
3565 5539 3885 5613 contranbiss.
3920 5539 3967 5586 ﬁ-

2395 5595 2526 5644 dem.
2562 5595 2754 5662 Deinde
2795 5595 3098 5662 duo'vetera'
3120 5597 3419 5662 exemplaria
3437 5632 3452 5658 ,
3477 5599 3582 5651 dies
3617 5602 3804 5660 mortis,
3829 5613 3970 5662 quam

2398 5663 2560 5704 tamen
2585 5655 2703 5704 infra
2728 5654 2986 5705 lectionem
3011 5655 3134 5704 haud
3159 5654 3369 5707 servant.
