4078 6198
136 347 227 401 ισι
1481 333 1808 392 EPISTOLA
1851 326 2116 386 XXXVII.

139 457 288 513 tionis
315 453 477 524 patris
497 454 612 515 mei,
632 462 675 504 et
696 447 1088 503 occidumlacob
1109 453 1314 517 fratrmt
1340 463 1532 499 meum»
1556 443 1706 517 (Gen.

135 545 222 606 27,
240 545 358 613 41).
372 564 391 596 ι
407 543 650 596 Diabolus
662 541 956 595 lratricidas
975 540 1187 595 Iudaeos
1210 539 1261 592 in
1287 538 1417 591 Cain
1440 547 1559 590 ante
1579 552 1712 606 pra:-

134 633 403 690 tneditans
427 676 442 698 ,
470 634 520 687 in
554 633 692 688 Esau
716 632 1141 687 manifestissime
1157 631 1437 684 conlitetnr
1464 645 1476 678 :
1507 638 1712 693 tempus

134 741 348 796 quoque
379 725 762 780 interfectionis
783 722 1072 780 ostendens
1102 740 1113 774 :
1148 720 1559 790 Appwpittqttent
1582 758 1596 779 ,
1632 717 1712 767 in-

137 818 267 884 quit,
303 817 407 870 dies
429 817 676 883 passionis
702 816 880 882 patris,
911 824 964 866 ut
987 813 1283 881 inter/icium
1303 811 1707 880 {ratremmeunu

133 909 468 973 Quapropter
491 905 752 970 Rebecca,
839 905 990 976 171
1066 903 1116 956 id
1165 911 1248 956 est
1272 900 1540 970 patientia,
1571 913 1708 949 nun-

135 994 285 1048 tiavit
315 997 432 1049 viro
458 995 634 1050 fratris
661 995 899 1058 insidias,
923 994 1010 1063 qui
1037 1002 1222 1047 vocato
1247 991 1432 1064 Iacob,
1461 988 1710 1057 przrcepit

131 1087 177 1138 ei
202 1099 257 1138 ut
275 1088 326 1140 itt
353 1087 781 1156 Mesopotamiam
807 1095 1068 1155 pergeret,
1083 1097 1135 1140 et
1153 1084 1274 1138 inde
1299 1083 1559 1151 acciperet
1579 1095 1710 1134 uso-

132 1189 242 1227 rem
268 1175 334 1230 de
361 1192 558 1246 genere
597 1177 777 1230 Laban
808 1177 928 1246 Syri
968 1176 1146 1228 fratris
1190 1175 1370 1227 matris
1398 1166 1538 1224 sum.
1567 1170 1710 1236 Quo-

128 1264 294 1318 modo
313 1268 491 1334 itaque
517 1266 694 1319 fratris
722 1266 873 1318 dolos
895 1264 1121 1333 fugiens,
1141 1261 1572 1330 Mesopotamiam
1595 1268 1710 1312 ten-

123 1355 203 1406 dit
229 1355 404 1410 Jacob
449 1355 599 1424 (Cen.
626 1355 739 1423 28),
774 1355 842 1408 ita
863 1367 915 1408 et
938 1354 1182 1408 Christus
1201 1352 1504 1406 Iudaeorum
1533 1349 1678 1401 inero

122 1444 356 1499 dulitate
403 1445 710 1514 compulsus
736 1486 751 1510 ,
798 1445 1146 1513 proficiscitur
1175 1445 1223 1496 in
1251 1441 1522 1496 Galilmam
1547 1455 1560 1491 :
1589 1437 1710 1491 inde

123 1537 224 1588 sibi
286 1551 352 1588 es
398 1535 644 1604 gentibus
688 1550 939 1603 sponsam
988 1545 1296 1604 sumpturus
1340 1532 1654 1587 Ecclesiam.
1683 1548 1701 1580 ι

123 1627 254 1681 Ilzec
284 1643 442 1695 supra
475 1627 648 1682 dictus
668 1628 768 1680 vir.

199 1718 288 1770 17.
321 1717 428 1771 Nos
457 1728 635 1770 autem
665 1717 891 1772 dicimus
921 1733 1024 1771 non
1053 1718 1260 1771 venisse
1282 1716 1581 1778 Dominum,
1606 1713 1703 1765 nisi

123 1811 194 1862 ad
225 1825 354 1863 oves
394 1809 627 1878 perditas
653 1809 845 1864 domus
873 1810 1029 1863 Israel
1051 1852 1066 1873 ,
1099 1824 1197 1862 nec
1237 1808 1463 1860 voluisse
1513 1821 1700 1874 panem

125 1901 357 1954 ﬁliorum
386 1901 628 1968 accipere
646 1911 698 1954 et
723 1902 852 1956 dare
878 1917 997 1954 eum
1025 1901 1243 1955 canibus
1262 1941 1276 1962 ,
1303 1908 1357 1952 et
1377 1897 1698 1952 benedictio-

131 2005 254 2044 nem
273 1990 493 2056 primam
510 1989 814 2044 Iudaeorum
843 1990 1036 2058 populo
1064 1991 1336 2052 detulisse,
1359 1987 1552 2057 quibus
1579 1994 1704 2040 sunt

125 2083 326 2134 credita
372 2081 581 2151 eloquia
609 2081 700 2136 Dei
724 2081 912 2152 (Rom.
941 2083 976 2136 5
997 2121 1012 2146 ,
1040 2081 1114 2149 2)
1139 2122 1154 2144 ,
1176 2093 1229 2134 ct
1260 2079 1603 2148 repromissio
1647 2087 1702 2130 et

126 2171 412 2239 legislatio,
432 2181 484 2225 et
511 2170 586 2241 (a)
612 2171 876 2227 confectio
899 2171 1223 2226 Testamenti
1265 2171 1284 2239 (
1313 2169 1459 2223 Rom.
1491 2168 1545 2222 9.
1589 2169 1659 2235 4)
1685 2184 1699 2231 ;

125 2278 312 2316 verum
348 2264 470 2330 quia
497 2263 571 2316 illi
595 2262 818 2318 credere
847 2263 1149 2327 noluerunt,
1165 2262 1229 2314 ad
1257 2261 1422 2315 Jacob
1445 2261 1701 2314 minorem

128 2355 381 2422 populum
404 2355 820 2410 benedictionem
842 2370 963 2410 esse
983 2355 1312 2408 translatam.
1333 2353 1511 2421 Neque
1528 2361 1704 2404 tamen

127 2446 384 2514 majorem
413 2446 572 2500 lilium
600 2446 810 2516 penitus
848 2445 1011 2499 fuisse
1030 2445 1340 2512 despectum
1365 2485 1379 2502 .
1409 2443 1529 2512 quia
1583 2457 1702 2492 cum

131 2535 700 2606 intraveritplenitudo
719 2536 976 2606 gentium,
997 2543 1120 2588 tunc
1148 2533 1321 2588 omnis
1343 2532 1499 2586 Israel
1527 2531 1706 2585 salvus

128 2627 229 2680 erit
248 2625 267 2695 (
287 2625 438 2679 Rom.
469 2627 552 2680 Il.
579 2625 650 2680 ‘25
674 2635 720 2679 et
747 2623 857 2689 26).

547 2777 872 2833 EPISTIILA
920 2775 1157 2831 XXXVII
1189 2777 1288 2845 (ὁ).

701 2929 768 2966 ΔΙ)
797 2927 1128 2967 ΙΑιιοειιΑιι.

129 3049 198 3118 (ε)
246 3047 321 3101 De
360 3047 736 3103 Commentariis
796 3046 1009 3101 Rheticii
1062 3048 1114 3100 in
1163 3047 1425 3102 Canticum
1468 3045 1704 3100 Cantico-

856 3157 990 3193 rum.

134 3273 432 3328 Hrdttorsnn
489 3273 792 3344 Episcopum
855 3274 916 3328 S.
961 3272 1242 3326 Itheticiwn
1282 3275 1546 3344 coarguit,
1573 3272 1709 3343 quod

204 3368 256 3419 in
284 3366 665 3420 Conmentariis
706 3381 857 3435 super
883 3364 1089 3418 Cantica
1131 3364 1468 3428 Canticorum,
1500 3366 1708 3421 Tharsis

205 3473 298 3523 pro
333 3457 488 3508 Tarso
526 3444 733 3519 Cificiw,
753 3465 798 3508 et
825 3471 1001 3508 aurum
1035 3454 1212 3526 Ophaz
1250 3473 1342 3526 pro
1380 3455 1533 3510 Petro
1575 3458 1710 3526 Apo-

201 3546 447 3598 stolarum
473 3545 670 3614 pineipe
692 3545 856 3612 inepte
883 3545 1030 3598 nimis
1055 3547 1320 3615 acceperit.

207 3707 230 3760 l
245 3743 259 3757 .
290 3704 469 3775 Nuper
493 3719 611 3758 cum
639 3703 714 3775 (ά)
733 3703 959 3759 thcticii
987 3705 1478 3775 Augustodunensis
1502 3704 1706 3774 episco-

135 3799 185 3862 pi
212 3838 227 3857 ,
259 3798 347 3866 qui
397 3795 663 3865 quondam
709 3812 738 3851 a
783 3798 1130 3852 Constantino
1160 3799 1480 3866 lmperatore
1511 3797 1578 3868 (e)
1609 3797 1709 3850 sub

133 3888 393 3942 Silvestro
421 3887 706 3954 Episcopo,
737 3887 807 3941 ob
859 3901 1072 3940 causam
1126 3887 1476 3941 Montensium
1515 3887 1710 3940 missus

135 3989 212 4034 est
245 3979 469 4032 Romam
495 4015 511 4041 ,
541 3977 962 4030 Commentarios
1001 3977 1052 4028 in
1081 3976 1353 4031 Canticum
1373 3976 1710 4031 Canticorum

137 4063 662 4137 perlegissem,quod
733 4065 885 4134 172
943 4065 1148 4119 Hebraei
1167 4073 1358 4119 vocant
1383 4081 1462 4119 sm
1484 4080 1709 4131 ASSIBIH,

136 4161 491 4214 whementer
519 4156 739 4210 miratus
763 4171 902 4218 sum,
931 4157 1100 4208 virum
1143 4156 1478 4224 eloquentem
1524 4167 1714 4224 printer

140 4251 366 4318 ineptias
390 4261 642 4302 sensuum
671 4254 985 4300 cteterorum
1013 4245 1231 4300 Tharsis
1266 4245 1475 4311 urbem,
1501 4255 1715 4314 putasse

139 4341 384 4404 Till’alll“,
415 4340 465 4392 in
493 4353 594 4408 qua
623 4337 813 4392 Paulus
842 4335 1115 4406 apostolus
1137 4344 1292 4390 natus
1319 4334 1417 4400 sit,
1447 4343 1498 4390 et
1527 4350 1713 4391 aurqu

225 4559 268 4623 tt)
314 4560 436 4623 dias
461 4562 568 4610 133.
590 4559 775 4623 scripta
797 4573 920 4623 anno
941 4559 1190 4623 eodem_58
1201 4559 1238 4623 ι.

223 4620 273 4683 ε)
310 4621 465 4670 Aliter
491 4625 536 4669 in
563 4620 808 4670 vetustiss.
836 4621 1041 4683 Regina:
1078 4620 1190 4668 Mss.
1219 4621 1496 4669 inscribitur
1527 4621 1588 4668 de
1624 4630 1713 4670 Ea-

140 4682 315 4739 dm,'et
343 4683 546 4732 Tharsis.

209 4740 280 4808 (d)
301 4743 493 4808 _Co_nfer
515 4755 623 4804 quae
644 4742 822 4808 dc__boc
846 4742 1019 4808 eodem
1054 4741 1274 4808 liheticio
1309 4741 1456 4792 habet
1487 4744 1536 4808 in
1572 4742 1710 4790 Cata-

140 4803 276 4863 logol
300 4803 495 4853 Fallitur
517 4803 677 4852 autem
699 4804 966 4864 Victorius.
1001 4804 1083 4864 qui
1110 4803 1391 4864 Montenses
1426 4815 1452 4850 a
1487 4803 1711 4851 Montano

139 4864 380 4926 Itzerelico
417 4865 572 4912 dictos
611 4869 745 4926 putat
783 4863 984 4926 Hieron.
1023 4863 1070 4911 in
1093 4863 1346 4926 Chronico
1383 4863 1443 4910 ad
1477 4878 1554 4911 an.

145 4943 167 4969 ι
193 4924 396 4981 Quidam
421 4924 685 4972 sectatores
721 4925 892 4972 Donati
922 4925 1068 4972 etiam
1091 4924 1372 4972 Montenses
1411 4931 1607 4982 vocant,
1651 4940 1713 4973 eo

137 4983 275 5046 quod
302 4983 564 5046 Ecclesiam
599 4983 762 5031 Roma:
797 4985 1002 5046 primum
1044 4987 1091 5032 in
1128 4994 1291 5034 monte
1330 4985 1512 5046 habere.
1550 4999 1713 5046 uerte-

139 5041 278 5094 r'ttnt.
305 5060 328 5087 ι
359 5043 410 5090 ln
437 5041 622 5102 Dialog.
641 5041 813 5102 contra
831 5043 1168 5102 Lttcifertauos,
1192 5051 1451 5096 Montenses
1468 5043 1563 5094 sive
1579 5041 1714 5094 (fam-

138 5111 284 5213 pales
319 5109 472 5152 vocat.
499 5100 607 5174 Vidi.
631 5100 854 5161 Optatum
877 5104 908 5150 l.
935 5105 979 5152 2.
1007 5113 1058 5153 et
1081 5100 1334 5168 Augustin.
1370 5105 1522 5168 Epist.
1559 5105 1634 5155 53,
1663 5115 1715 5155 et

159 5167 227 5213 tb.
253 5166 319 5213 de.
347 5165 615 5213 haereSIbus
635 5175 739 5213 ean.
763 5161 839 5209 69.

159 5167 227 5213 ib.
253 5166 319 5213 de.
347 5165 615 5213 haeresibus
635 5175 739 5222 Cap.
763 5161 839 5209 69.

223 4514 253 4548 a
308 4499 401 4549 Alii
426 4500 538 4550 Mss.
563 4498 800 4561 confessio
819 4499 1100 4547 testamenti.

225 4563 253 4609 ο
314 4560 436 4610 Alias
461 4562 568 4610 133.
590 4561 775 4623 scripta
797 4573 920 4608 anno
941 4559 1100 4608 eodem

223 4502 275 4686 ε)
310 4621 465 4686 Aliter
491 4625 536 4686 in
563 4623 808 4670 vetustiss.
836 4621 1041 4683 Regina:
1078 4621 1100 4668 ἢ

220 5226 293 5292 (el
325 5225 480 5274 Datus
510 5225 589 5292 llic
613 5222 862 5292 libeticius
883 5236 910 5292 a_
933 5223 1235 5292 Constantino
1261 5229 1436 5292 lntper.
1464 5231 1510 5276 in
1531 5240 1714 5292 cogno-

139 5285 325 5343 scenda
351 5298 495 5336 causa
518 5285 875 5346 Donatistarum
893 5285 1046 5346 judex
1068 5299 1161 5346 una
1175 5303 1280 5337 cum
1302 5285 1522 5338 Materno
1542 5285 1712 5336 ac'Ma-

138 5357 267 5403 riuo.
299 5349 408 5398 th.
435 5346 724 5397 Constantini
750 5344 926 5403 Impet‘.
954 5344 1146 5403 epistol.
1170 5350 1225 5396 ad
1249 5350 1512 5399 Miltiadem
1537 5348 1712 5398 Roma-

141 5360 267 5403 rino.
302 5360 408 5398 για.
435 5360 724 5397 Constanttnt
751 5360 820 5394 tm
887 5360 926 5393 r.
954 5360 984 5395 e
1004 5360 1146 5394 itswt.
1170 5360 1225 5396 ad
1251 5360 1512 5399 Miltiadem
1538 5360 1711 5398 Itoma-

141 5429 285 5479 nunt.
329 5417 400 5479 et.
425 5409 633 5479 Marcum
645 5360 1090 5479 "sivengferoclem
1131 5407 1542 5479 Mediolanensetn
1583 5408 1711 5479 apud

142 5475 324 5524 Euseb.
339 5471 522 5535 Hister.
539 5470 619 5519 lib.
643 5468 700 5517 Χ.
719 5471 766 5518 5.
785 5469 919 5528 Quod
938 5471 1085 5531 igitur
1099 5470 1492 5535 aitllieronymns
1516 5469 1610 5535 subj
1623 5468 1713 5518 Sil-

143 5542 295 5584 restro
321 5532 564 5594 Episcopo,
588 5544 797 5594 μνημονικὸν
815 5544 1013 5594 W9.
1035 5537 1140 5594 est;
1166 5545 1259 5581 non
1283 5531 1414 5582 enim
1441 5531 1712 5581 Donatista-

143 5610 248 5642 rum
273 5591 530 5656 eau'sasuh
553 5593 788 5656 Silvestre
813 5591 1120 5656 Imperatoris
1155 5596 1346 5656 nomine.
1383 5595 1574 5656 cognita
1619 5599 1710 5647 est,

142 5657 228 5708 sed
273 5656 365 5704 sub
401 5653 635 5714 Miltiade,
659 5653 785 5714 quod
827 5668 886 5702 ex
924 5652 1129 5714 publicis
1163 5652 1462 5706 documentis
1505 5659 1706 5702 constat.

145 5667 228 5708 sim
273 5667 365 5704 sun
403 5667 635 5709 multane,
694 5667 785 5702 uoa
827 5668 886 5702 ex
924 5667 1129 5714 ptlDllClS
1163 5667 1189 5700 α

145 5715 249 5766 \td.
275 5715 533 5772 Augustin.
560 5667 714 5762 ηιλΊ.
742 5723 906 5764 contra
932 5714 1189 5763 lulianum.

3287 329 3390 383 (ϐᾶ

1819 440 2000 510 Ophaz
2032 440 2240 492 I‘ctrtttu
2273 437 2571 506 signiﬁcare
2597 478 2611 500 ,
2641 437 2759 503 quin
2791 437 2999 504 Cepbas
3026 439 3077 493 in
3107 441 3393 510 Evangelia

1819 533 1958 585 idem
1977 516 2181 584 tl‘etrus
2202 532 2269 581 sit
2290 529 2581 597 appellatus
2601 527 2691 597 (ί).
2727 527 2996 582 llabuerat
3035 532 3210 598 utique
3252 541 3308 587 et
3338 533 3389 586 in

1817 621 2097 675 Ezechiele
2123 618 2347 690 idipsum
2366 618 2606 681 verbum,
2636 618 2722 670 ubi
2748 618 2814 673 de
2835 621 3393 686 quatuorattintalibus

1816 710 2126 765 scribituru
2163 709 2231 764 Et
2257 711 2462 778 species
2492 719 2729 762 rotarum
2746 708 2882 761 sicut
2907 709 3113 776 species
3134 709 3382 766 Tharsis.

1817 800 2028 870 (Eucti.
2064 799 2148 856 10.
2184 798 2262 870 9),
2285 809 2341 854 et
2369 800 2422 852 in
2468 798 2688 853 Daniele
2727 798 2795 852 de
2837 798 3059 853 Domino
3089 817 3101 852 :
3138 818 3156 849 ι
3190 799 3258 854 Et
3283 817 3396 854 cor-

1818 907 1915 960 pus
1945 891 2180 960 ejusdem
2214 901 2268 944 ttt
2293 889 2510 944 Tharsis
2539 908 2558 941 ι
2583 889 2760 961 (Dan.
2799 889 2885 944 10.
2909 889 2988 959 6).
3010 889 3161 956 Quod
3202 892 3392 960 Aquila

1816 982 2174 1052 clirysolitum,
2223 981 2575 1051 Symmachus
2618 981 2907 1050 ltiacyntum
2960 981 3390 1051 interpretantur.

1818 1070 1882 1123 Et
1908 1071 1960 1122 in
1991 1070 2233 1138 psalmo:
2264 1088 2283 1120 ι
2321 1069 2375 1123 In
2421 1070 2610 1138 spiritu
2649 1069 2884 1123 violento
2933 1079 3180 1124 conteres
3232 1086 3394 1125 naves

1816 1159 2033 1214 Tharsis
2062 1179 2081 1212 ι
2112 1158 2280 1230 (Psal.
2303 1161 2391 1214 4⁵1.
2411 1163 2486 1229 8).
2516 1160 2581 1213 Et
2604 1161 2741 1214 inter
2777 1160 2977 1229 lapides
3004 1162 3091 1230 qui
3120 1161 3170 1214 in
3200 1172 3392 1215 ornatu

1816 1249 2129 1314 Sacerdotis,
2155 1250 2386 1304 tribuum
2416 1250 2720 1303 nominibus
2749 1251 2937 1319 sculpti
2969 1261 3115 1315 sunt,
3152 1250 3390 1320 ejusdem

1817 1340 2007 1414 lapidis
2025 1355 2216 1395 nomen
2249 1341 2518 1406 inseritur,
2550 1348 2606 1394 et
2633 1341 2807 1395 omnis
2850 1340 2962 1396 fere
2986 1340 3257 1411 Scriptura
3291 1342 3393 1397 hoc

1816 1431 2070 1486 vocabalo
2125 1430 2317 1485 referta
2369 1440 2470 1485 est.
2522 1430 2598 1486 De
2646 1430 2828 1499 Opltaz
2874 1447 3000 1486 vero
3039 1432 3164 1501 quid
3193 1432 3388 1498 dicam,

1812 1538 1934 1576 cutn
1986 1537 2142 1592 supra
2188 1521 2360 1578 dictus
2411 1522 2594 1576 Daniel
2646 1522 2904 1592 propheta
2949 1523 3001 1576 in
3051 1525 3208 1578 tertio
3250 1540 3392 1580 anno

1811 1613 1933 1683 Cyri
1961 1614 2099 1682 regis
2122 1612 2403 1666 Persarum
2428 1653 2444 1677 ,
2479 1622 2598 1681 post
2638 1622 2746 1666 tres
2797 1613 3158 1670 hebdomadas
3200 1614 3389 1684 jejunii

1810 1713 1970 1773 atque
2000 1703 2226 1756 tristitia:
2252 1703 2395 1757 dicat
2423 1719 2437 1756 :
2477 1722 2495 1754 ι
2527 1703 2706 1756 Extuli
2745 1703 2932 1757 oculos
2961 1718 3139 1770 meos,
3161 1714 3215 1760 et
3260 1705 3386 1770 vidi,

1808 1807 1861 1850 et
1889 1810 2014 1849 ecce
2039 1795 2118 1848 vir
2146 1811 2283 1850 unus
2318 1795 2544 1849 vestitus
2571 1795 2807 1860 baddim,
2830 1803 2885 1850 et
2908 1810 3066 1851 renes
3089 1796 3204 1865 ejus
3229 1798 3386 1852 cincti

1808 1901 1939 1939 auro
1969 1884 2046 1956 (g)
2071 1885 2251 1956 Ophaz
2279 1904 2298 1936 ι
2331 1886 2349 1956 (
2378 1885 2513 1939 Dan.
2542 1885 2629 1950 l0,
2657 1885 2753 1954 5).
2807 1886 2966 1940 Plura
3011 1887 3206 1959 quippe
3247 1890 3386 1958 apud

1811 1977 2062 2032 llebrmos
2087 1978 2202 2032 auri
2251 1988 2376 2032 sunt
2428 1993 2641 2047 genera.
2671 1977 2824 2033 Unde
2859 1993 2930 2034 oo
2969 1979 3385 2047 distinctionem,

1809 2083 1947 2122 nunc
1965 2085 2129 2123 opus;
2153 2070 2381 2139 positum
2398 2079 2500 2132 est,
2521 2086 2587 2123 ne
2607 2071 2724 2137 quis
2751 2086 2880 2124 uss
2911 2079 3137 2139 putaret,
3165 2074 3303 2140 quod
3336 2076 3386 2127 in

1807 2158 2005 2212 Genesi
2053 2174 2175 2213 cum
2241 2159 2414 2228 lapide
2481 2159 2807 2214 carbunculo
2862 2160 3386 2229 przedicatur(t.'en.

1806 2248 2023 2318 2.12).

1877 2338 1931 2392 2.
1962 2339 2166 2405 Quaeris
2191 2339 2234 2393 si
2259 2339 2475 2394 Tharsis
2500 2339 2633 2409 lapis
2661 2339 3018 2411 chrysolithos
3042 2341 3130 2406 sit,
3151 2351 3240 2396 ant
3269 2343 3384 2395 ltia-

1808 2430 2059 2502 cynthus,
2084 2443 2138 2485 ut
2159 2432 2353 2486 diversi
2373 2433 2689 2501 interpretes
2711 2433 2913 2497 Volunt,
2930 2423 2991 2487 ad
3020 2435 3171 2502 cuius
3192 2435 3388 2489 coloris

1809 2521 2208 2576 similitudinem
2266 2521 2361 2576 Dei
2406 2522 2611 2591 species
2667 2523 2930 2577 scribatur
2967 2539 3176 2592 :quare
3225 2523 3388 2578 Jonas

1813 2613 2068 2682 propheta
2095 2612 2313 2667 Tharsis
2340 2615 2416 2667 ire
2449 2613 2584 2666 velle
2612 2613 2818 2668 dicatur
2838 2614 2858 2682 (
2876 2616 3024 2669 Jama
3049 2617 3072 2670 1
3095 2614 3133 2686 ),
3154 2625 3208 2670 et
3236 2617 3390 2672 Salo-

1812 2720 1934 2760 mon
1963 2716 2016 2761 et
2039 2705 2294 2776 .losapltat
2324 2706 2374 2759 in
2400 2721 2683 2774 regnorum
2714 2706 2863 2762 libris
2890 2723 3057 2764 naves
3081 2709 3387 2775 habuerint,

1810 2813 1930 2864 qua:
1967 2797 2036 2852 de
2061 2797 2282 2852 Tharsis
2318 2797 2487 2853 solita:
2528 2798 2634 2852 sint
2669 2799 2748 2868 (It)
2775 2813 3029 2855 exercere
3068 2801 3387 2854 commercia

1812 2886 1888 2956 ('2
1916 2886 2044 2957 Reg.
2079 2889 2146 2942 I0
2175 2889 2215 2956 ).
2249 2887 2327 2942 Ad
2355 2887 2497 2957 quod
2539 2887 2710 2941 facilis
2739 2897 2822 2942 est
2851 2887 3127 2956 responsio
3150 2893 3388 2954 ὂμώνυμον

1813 2995 1930 3034 esse
1962 2980 2294 3044 vocabulum,
2319 2980 2458 3050 quod
2479 2989 2535 3034 et
2556 2979 2716 3033 India:
2741 2980 2886 3048 regio
2907 2980 2976 3033 ita
3001 2980 3316 3048 appelletur.
3335 2989 3392 3034 et

1815 3072 1984 3140 ipsum
2031 3088 2197 3136 mare,
2216 3073 2338 3141 quia
2365 3073 2647 3127 cazruleum
2676 3073 2776 3135 sit,
2807 3081 2859 3126 et
2903 3088 3045 3142 saepe
3072 3073 3202 3128 solis
3227 3074 3390 3128 radiis

1816 3178 2146 3233 percussum,
2175 3165 2408 3217 colorem
2440 3179 2596 3232 supra
2626 3164 2886 3218 dictorum
2913 3165 3146 3234 lapidum
3188 3166 3386 3229 trahat,

1815 3264 1867 3308 et
1893 3268 1921 3307 a
1939 3255 2120 3308 colore
2147 3253 2209 3327 (ἕ)
2226 3269 2414 3308 nomen
2438 3256 2721 3323 acceperit.
2737 3255 2886 3310 Licet
2910 3255 3173 3324 Josepltns
3238 3258 3390 3329 173

1815 3351 1926 3398 Tw
1956 3344 2129 3398 littera
2160 3353 2504 3412 commutata,
2535 3344 2751 3400 Grtecos
2778 3355 2924 3415 putet
2948 3344 3171 3401 Tarsum
3210 3349 3392 3418 appel-

1814 3440 1952 3494 lasse
1978 3452 2072 3506 pro
2095 3436 2331 3493 Tharsis.

1884 3531 1938 3584 5.
1982 3529 2383 3583 Innumerabilia
2409 3538 2550 3591 sunt,
2579 3546 2696 3599 qune
2725 3531 2774 3584 in
2799 3531 2936 3586 illius
2958 3530 3084 3586 mihi
3113 3547 3386 3587 commcn-

1817 3620 1962 3675 tariis
1991 3621 2207 3675 sordere
2231 3619 2338 3674 visa
2378 3630 2519 3673 sunt.
2554 3620 2642 3675 Est
2671 3622 2883 3690 quidem
2913 3638 3088 3677 sermo
3121 3625 3390 3694 composi-

1817 3723 1920 3777 tus,
1961 3721 2014 3765 et
2064 3711 2332 3767 Gallicano
2359 3711 2424 3782 (j)
2463 3712 2725 3765 cothurno
2772 3712 2942 3767 fluens
2979 3730 2992 3765 :
3034 3714 3125 3768 sed
3154 3715 3277 3783 quid
3323 3717 3388 3770 ad

1817 3803 2181 3872 interpretem,
2207 3801 2360 3870 cujus
2404 3802 2661 3869 professio
2689 3811 2792 3866 est,
2825 3816 2927 3854 non
2957 3817 3065 3868 quo
3087 3803 3196 3871 ipse
3222 3803 3392 3857 diser-

1818 3903 1902 3946 tus
1928 3901 2200 3960 appareat,
2238 3890 2332 3944 sed
2360 3906 2465 3957 qtto
2505 3905 2649 3953 eum,
2677 3891 2766 3958 qui
2813 3891 3050 3945 lecturus
3079 3899 3180 3956 est,
3209 3893 3286 3946 sic
3313 3893 3393 3944 fa-

1817 3982 1921 4034 ciat
1963 3981 2276 4050 intelligere,
2307 3978 2575 4048 quomodo
2613 3979 2726 4048 ipse
2752 3979 3010 4034 intellexit
3037 3979 3124 4050 qui
3156 3981 3387 4050 scripsit.

1887 4131 1946 4198 (Γ)
1989 4131 2265 4198 ln_vulgata_
2292 4140 2343 4181 et
2376 4134 2480 4198 ipsa
2504 4132 3141 4198 _H_ierenyml_ana_versione
3182 4140 3390 4198 utroque

1887 4145 1946 4198 υ)
1991 4145 2040 4181 In
2065 4145 2144 4182 vut
2183 4145 2259 4181 ata
2292 4145 2343 4181 et
2376 4147 2391 4181 ι
2511 4145 2883 4196 merenymtana
2916 4147 3141 4184 verswne
3182 4145 3390 4197 utroque

1822 4145 2297 4265 inlocogzecgiel'is
2321 4201 2371 4242 et
2395 4145 2612 4265 gnielis
2635 4194 2934 4265 ιιι-(ξριτιξτῴ
2948 4195 3168 4265 habetur,
3183 4195 3391 4259 Chryso-

1821 4253 1988 4315 titltus.
2005 4253 2067 4302 Et
2090 4255 2196 4315 ipse
2217 4252 2541 4315 Hieronymus
2561 4257 2609 4302 in
2631 4252 2675 4303 ὸ.
2701 4255 2778 4315 10.
2803 4255 3021 4302 Danielis
3048 4252 3190 4306 docet
3214 4252 3390 4306 nomen

1826 4313 2015 4380 Tharsis
2031 4313 2308 4380 signiﬁcare
2332 4313 2482 4380 mare,
2511 4333 2532 4359 tt
2548 4315 2683 4376 juxta
2707 4314 2822 4363 illud
2843 4315 2968 4376 quod
2991 4319 3048 4380 i_n_
3064 4316 3244 4380 psalmo
3267 4317 3392 4380 legi-

1821 4388 1954 4447 mus,
2000 4376 2051 4423 in
2084 4375 2263 4437 spiritu
2300 4375 2514 4426 violento
2552 4375 2780 4425 uomeres
2822 4375 2972 4426 naves
2995 4375 3218 4438 Tharsis,
3247 4380 3293 4429 id
3315 4375 3392 4431 est

1821 4447 1982 4483 maris.
2005 4452 2028 4479 ι

1995 4496 2134 4545 Vulg.
2160 4494 2349 4545 obrizo.

1887 4494 1953 4668 Et}
1991 4494 2401 4621 mihgbmx.
2414 4557 2566 4608 solius
2579 4558 2672 4608 sint
2691 4559 2882 4622 aﬂ‘erre,
2902 4560 2974 4610 vel
2994 4573 3242 4625 exercere,
3263 4571 3353 4615 etc.
3375 4601 3389 4623 ,

1973 4620 2089 4668 infra
2113 4625 2190 4668 est
2211 4630 2285 4668 tua
2303 4645 2390 4668 om
2412 4619 2559 4668 latine
2581 4619 2872 4668 mauirocum
2891 4622 3079 4668 dicitur.

1819 4619 1949 4682 quod
1973 4619 2089 4682 infra
2113 4625 2190 4668 est
2211 4630 2289 4682 aps.
2303 4645 2390 4680 om
2412 4619 2559 4682 latine
2581 4619 2872 4682 wquit'ocum
2891 4622 3079 4671 dicitur.

1887 4678 1937 4744 (ἰ)
1978 4680 2210 4744 Tharsutn
2247 4678 2454 4744 alterum
2489 4678 2690 4730 Jovan’ui
2731 4681 2896 4744 filium,
2923 4693 2975 4733 ut
2995 4684 3386 4741 'l‘harsensibtts,

1820 4740 2033 4805 antiquis
2076 4740 2252 4805 Ciliciae
2295 4742 2698 4805 populisjnomen
2738 4741 2916 4805 fecisse
2954 4746 3127 4805 probet
3147 4740 3390 4804 Iosephus

1821 4755 2033 4850 antttluts
2076 4755 2252 4791 unctae
2295 4755 2485 4804 pupulis
2523 4755 2698 4790 nomen
2738 4755 2916 4792 teetsse
2954 4755 3127 4805 prooet
3147 4755 3390 4804 Josepnus

1821 4801 1905 4850 lib.
1969 4839 1978 4849 .
2005 4803 2169 4865 Antiq.
2203 4816 2309 4864 cap.
2333 4804 2414 4865 6.7,
2439 4803 2614 4851 indicio
2650 4816 2763 4852 esse
2793 4804 2930 4863 dicit,
2953 4805 3079 4865 quod
3115 4806 3231 4851 urbs
3265 4806 3390 4862 apud

1822 4876 1908 4912 eos
1941 4863 2282 4918 celeberrima,
2307 4864 2579 4924 eademque
2611 4865 2889 4924 metrOpolis
2919 4863 3046 4924 dicta
3087 4865 3152 4924 sit
3190 4870 3388 4924 Tarsus,

1820 4925 2003 4985 absque
2026 4925 2336 4993 aspiratione,
2374 4922 2515 4973 Tlteta
2553 4923 2618 4972 ad
2653 4922 2821 4972 nomen
2857 4923 3199 4972 enuntiandum
3237 4922 3298 4972 ab
3330 4923 3390 4973 iis

1819 4997 2042 5046 genverso
2065 4993 2247 5046 mATau.
2262 4997 2322 5046 716
2338 5001 2406 5034 ταῦ
2427 5009 2512 5046 «eos
2535 5009 2599 5046 my
2616 4996 2758 5046 illius,
2779 4996 2858 5032 ἀντὶ
2878 5000 2942 5033 τοῦ
2962 4995 3053 5041 θῆτε
3075 4995 3386 5046 μτςϐαλλὸντων.

1820 5045 1944 5106 lliue
1967 5045 2090 5094 forte
2117 5043 2236 5105 legit
2257 5045 2439 5092 Erasm.
2459 5042 2592 5106 apud
2616 5043 2978 5106 Hieronymum,
3003 5042 3236 5106 Joseplws
3256 5069 3280 5106 τ
3301 5057 3391 5106 pro

1821 5118 1838 5154 ο
1863 5103 2021 5154 littera
2044 5103 2242 5159 mutata,
2266 5106 2391 5165 quod
2413 5105 2615 5165 retinuit
2638 5103 2987 5165 etiainctor.
3003 5138 3017 5161 ,
3043 5104 3094 5151 in
3116 5103 3192 5165 ea
3214 5103 3389 5155 saltem

1818 5180 1962 5226 quam
1987 5179 2083 5226 pra:
2109 5163 2337 5226 manibus
2349 5166 2504 5226 habeo
2536 5164 2752 5226 editione
2773 5163 2879 5226 Aldi
2905 5164 2962 5226 Ε.
2980 5199 2996 5226 _,
3021 5177 3136 5226 nam
3151 5163 3292 5212 aliain
3320 5166 3388 5215 illt

1823 5223 2082 5274 lectionem
2119 5225 2301 5280 attingit
2325 5223 2647 5272 Martianzeus.
2676 5224 2772 5270 Nos
2802 5223 2921 5271 nihil
2944 5223 3068 5273 ultra
3093 5225 3208 5274 Mss.
3245 5227 3388 5275 fidem

1819 5287 2071 5335 attdemus.
2088 5285 2195 5331 νῆά.
2216 5283 2551 5346 Geographutn
2573 5284 2864 5346 Byzantium,
2883 5283 3130 5343 Zonaram,
3150 5286 3390 5349 Nicepho-

1820 5360 1925 5395 rum
1949 5346 2118 5397 Callix.
2141 5352 2236 5392 etc.

1820 5360 1925 5395 rum
1949 5349 2118 5397 Callix.
2141 5352 2236 5392 etc.

1883 5408 1949 5467 (j)
1984 5405 2212 5468 Intellige
2235 5412 2404 5468 ornato
2424 5414 2477 5468 et
2498 5404 2690 5468 sublimi
2716 5405 2837 5467 stylo
2857 5441 2869 5462 ,
2895 5412 2948 5454 ut
2970 5409 3076 5468 ipse
3097 5420 3153 5456 se.
3179 5407 3389 5468 explicat.

1998 5467 2046 5534 in
2077 5466 2229 5534 Epist;
2257 5463 2314 5534 .
2338 5479 2387 5534 rt;
2487 5466 2543 5534 ad
2573 5463 2884 5534 lflorept'iutn.
2911 5463 3388 5534 Sic'cqtltttrnttmjn-

1818 5528 1945 5576 tintis
1976 5525 2151 5591 efogjii
2185 5525 2307 5591 dixit
2337 5525 2565 5591 Sidonius
2594 5526 2659 5574 lib
2691 5529 2752 5591 2.
2783 5529 2927 5591 epist.
2951 5529 2998 5577 9.
3049 5529 3150 5591 Itno
3195 5537 3247 5578 et
3289 5531 3389 5580 Pli-

1820 5593 1926 5655 nius
1954 5591 2018 5636 de
2040 5587 2319 5655 Nicophane
2343 5588 2526 5648 pictore
2549 5625 2560 5642 ,
2597 5587 2860 5655 cothurnus
2881 5591 2926 5655 ei
2941 5598 2992 5655 Aet
3015 5590 3226 5655 grat'itas
3249 5591 3368 5641 artis

1821 5650 1926 5717 Mn;
1969 5648 2170 5717 quidam
2201 5648 2313 5697 Mss.
2355 5667 2377 5693 οι
2403 5663 2492 5698 nou
2516 5653 2752 5712 quomodo
2775 5652 2806 5714 it
2825 5666 2878 5703 se
2903 5648 3116 5704 disertus
3137 5667 3386 5717 appareat,

1823 5712 1910 5760 sed
1933 5711 2169 5774 quomodo
2195 5724 2325 5773 eum,
2351 5718 2445 5760 etc.
