4078 6198
673 360 783 414 4ϐ3

673 475 846 540 ltogo,
879 485 983 526 non
1014 467 1265 521 habuerat
1301 456 1486 512 decem
1525 448 1765 520 Origenis
1795 444 2056 500 volumina
2078 442 2103 493 Ἰ
2131 453 2239 539 non

677 529 996 632 Interpretes
1027 547 1290 609 caeteros?
1336 561 1440 600 non
1479 550 1625 598 certe
1671 538 1877 606 aliquos
1912 529 2243 632 necessarios

676 616 1041 708 ilebrieorum,
1086 648 1143 695 ut
1179 646 1270 692 aut
1311 637 1684 701 interrogaret,
1725 635 1815 680 aut
1857 625 2074 693 legeret,
2119 616 2244 687 quid

675 741 773 795 sibi
817 735 1010 791 vellent
1044 745 1164 802 quae
1199 723 1517 798 ignorabat?
1556 719 1661 776 Sed
1704 727 1809 772 tam
1852 713 1993 769 male
2036 710 2247 802 videtur

672 828 1005 884 existimasse
1030 799 1100 877 de
1127 817 1355 890 posteris
1382 812 1479 884 (a),
1511 821 1569 866 ut
1613 822 1770 864 nemo
1809 811 1990 877 posset
2026 802 2093 856 de
2132 799 2247 869 ejus

673 914 946 970 erroribus
967 911 1227 981 judicare.

742 1011 800 1064 4.
843 1006 1062 1061 Frustra
1086 1016 1216 1071 ergo
1243 1014 1272 1053 a
1315 1011 1400 1052 me
1429 993 1667 1064 ejusdem
1696 989 1797 1044 viri
1835 981 2250 1043 commentarios

675 1099 916 1172 postulas
943 1139 958 1161 ,
989 1111 1111 1151 cum
1151 1091 1280 1147 mihi
1312 1092 1363 1144 in
1396 1088 1502 1142 illis
1528 1083 1847 1152 displiceant
1883 1077 2051 1132 multo
2072 1074 2246 1172 plura,

676 1163 835 1262 quam
865 1188 1129 1260 placeant.
1158 1181 1312 1251 Quod
1351 1179 1396 1234 si
1432 1173 1762 1246 opposueris,
1791 1185 1897 1262 cur
1918 1163 2250 1262 caeteris-de-

678 1252 1107 1346 derim-audies,
1137 1288 1242 1329 non
1271 1284 1459 1326 omnes
1487 1263 1672 1320 iisdem
1699 1262 1838 1316 vesci
1867 1257 2067 1313 debere
2095 1252 2249 1309 cibis.

678 1371 836 1426 .lesus
859 1342 915 1424 in
960 1367 1174 1422 deserto
1213 1362 1395 1433 plures
1439 1353 1750 1413 hordeaceis
1792 1348 2017 1420 panibus
2065 1342 2250 1414 pascit,

683 1458 1059 1515 frumentaceis
1085 1454 1386 1526 pauciores.
1414 1445 1678 1503 Corinthii
1707 1444 1759 1497 in
1785 1441 1979 1511 quibus
2008 1434 2256 1490 audiebao

683 1561 770 1606 tur
798 1547 1076 1604 fornicatio
1105 1543 1277 1615 qualis
1307 1555 1407 1595 nec
1438 1539 1578 1592 inter
1615 1542 1822 1604 gentes,
1858 1531 1996 1584 lacte
2025 1539 2256 1595 pascun-

687 1652 796 1708 tur,
827 1640 952 1710 quia
998 1637 1222 1691 necdum
1259 1636 1509 1702 poterant
1551 1624 1780 1682 solidum
1826 1620 2001 1675 cibum
2043 1627 2255 1683 capere.

689 1703 908 1800 presii
934 1737 1112 1782 autem
1141 1726 1192 1778 in
1222 1722 1415 1793 quibus
1442 1719 1646 1774 nullum
1672 1715 1876 1770 crimen
1905 1708 2164 1778 arguitur,
2191 1703 2260 1757 ab

691 1823 809 1891 ipso
849 1819 1074 1874 Domino
1118 1815 1322 1872 caelesti
1356 1817 1642 1866 vescuntur
1682 1819 1839 1876 pane,
1871 1811 1925 1857 et
1953 1812 2261 1855 sacramen-

692 1920 828 1974 tum,
858 1909 998 1980 quod
1029 1922 1059 1962 a
1089 1904 1285 1961 seculis
1311 1899 1678 1958 absconditum
1711 1896 1900 1958 fuerat,
1945 1895 2256 1958 agnoscunt.

691 2001 877 2071 Neque
900 2012 1028 2053 vero
1048 2011 1232 2052 eorum
1272 1993 1360 2063 qui
1391 2007 1420 2046 a
1448 2004 1534 2044 me
1561 1983 1889 2055 exemplaria
1920 1983 2260 2047 acceperunt,

693 2065 1136 2146 vel'auctoritate
1179 2084 1262 2138 vel
1306 2088 1465 2137 aetate
1504 2077 1738 2142 ducaris,
1777 2087 1937 2144 quum
1982 2079 2036 2124 et
2079 2065 2263 2120 Daniel

695 2195 827 2251 puer
852 2193 1010 2234 senes
1047 2175 1270 2245 judicet,
1321 2182 1375 2227 et
1425 2172 1588 2224 Amos
1635 2174 1815 2235 pastor
1856 2172 2157 2230 caprarum,
2211 2156 2262 2208 iu

692 2267 1028 2324 sacerdotum
1057 2263 1324 2335 principes
1353 2257 1658 2314 invehatur.

1101 2395 1422 2456 EPISTOLA
1461 2388 1726 2448 xxxvnt
1766 2387 1862 2459 (b).

1207 2545 1275 2584 an
1311 2539 1626 2582 nascens:
1667 2521 1758 2594 (c),

1114 2666 1190 2720 De
1215 2663 1572 2737 Egrotatione
1596 2659 1854 2713 Blwsillw.

696 2809 975 2867 Blesillam
1005 2805 1183 2860 Paulae
1207 2803 1388 2872 ﬁliam,
1417 2813 1530 2867 qua
1558 2805 1754 2850 mortuo
1781 2793 1984 2854 utarito,
2009 2789 2271 2846 admonita

769 2901 942 2958 valida
973 2898 1120 2971 febri,
1157 2905 1314 2950 totam
1352 2907 1458 2946 sese
1494 2896 1802 2945 converterat
1828 2885 1896 2938 ad
1924 2883 2198 2946 Christum,
2227 2890 2275 2934 et

773 2991 1079 3046 Monachum
1109 2985 1335 3057 proﬁteri
1378 2988 1620 3049 coeperat,
1673 2977 1736 3032 de
1779 2974 2036 3047 proposito
2077 2972 2272 3036 laudat,

774 3086 979 3155 ejusque
1006 3075 1415 3135 obtrectatoribus
1444 3069 1730 3141 respondet.

777 3239 833 3294 ‘l.
874 3234 1140 3291 Abraham
1169 3228 1473 3286 tentaturin
1506 3226 1633 3291 filio,
1657 3231 1712 3278 et
1750 3221 1957 3277 fidelior
1985 3219 2277 3274 invenitur.

703 3324 1284 3396 JosephiuASgyptum
1363 3315 1519 3390 174
1588 3315 1929 3379 venditur,ut
1955 3319 2159 3380 patrem
2183 3325 2280 3379 pa-

708 3425 842 3480 scat,
865 3424 920 3470 et
941 3414 1151 3467 fratres.
1176 3406 1431 3463 Ezechias
1456 3405 1625 3458 vicina
1649 3411 1817 3457 morte
1840 3409 2089 3463 terretur,
2113 3409 2170 3452 ut
2194 3398 2279 3452 fu-

709 3521 802 3561 sus
822 3507 872 3558 in
892 3496 1488 3573 lacrymas,quindecim
1511 3508 1770 3547 annorum
1791 3492 2019 3560 spatium
2043 3493 2090 3546 ei
2117 3499 2284 3558 prote—

711 3598 850 3652 letur
871 3593 935 3648 ad
959 3593 1138 3646 vitam.
1155 3589 1340 3643 Petrus
1357 3584 1643 3654 Apostolus
1660 3582 1866 3635 Domini
1882 3581 2128 3650 passione
2155 3594 2285 3633 con-

714 3687 934 3750 cutitur,
957 3692 1013 3738 ut
1029 3695 1206 3736 amare
1227 3678 1361 3732 ﬂens
1383 3673 1562 3729 audiat
1590 3691 1603 3728 :
1627 3672 1789 3726 Pasce
1815 3686 1926 3724 oves
1948 3687 2082 3723 meas
2102 3669 2280 3739 (Joan.

711 3778 802 3832 2|.
840 3775 952 3844 l7).
987 3769 1067 3843 (ά)
1098 3769 1288 3824 Paulus
1329 3766 1484 3836 lupus
1509 3777 1692 3832 rapax,
1733 3769 1788 3814 et
1838 3758 2112 3828 Benjamiu
2159 3758 2287 3812 ado-

715 3865 1023 3932 lescentior,
1062 3863 1115 3916 in
1155 3859 1320 3916 extasi
1354 3855 1523 3930 (Gen.
1554 3853 1643 3917 49,
1688 3851 1780 3906 Ps.
1811 3849 1899 3906 67.
1925 3850 1994 3906 28
2016 3850 2034 3922 )
2057 3858 2288 3905 czrcatur

716 3967 773 4012 ut
800 3955 997 4019 videat,
1037 3962 1092 4008 et
1123 3948 1400 4020 repentino
1432 3943 1770 4000 tenebrarum
1813 3940 2035 3994 horrore
2059 3939 2291 3994 circum-

717 4049 895 4110 datus,
942 4044 1222 4099 Dominum
1267 4046 1442 4102 vocat,
1484 4050 1642 4106 quem
1686 4031 1888 4089 dudum
1920 4039 1976 4087 ut
2018 4030 2289 4086 hominem

721 4135 1154 4210 persequebatur.

789 4229 846 4283 2.
888 4227 960 4280 Ita
1006 4233 1060 4280 et
1102 4236 1265 4287 nunc,
1305 4219 1379 4276 mi
1421 4217 1688 4284 Marcella,
1733 4213 2016 4270 Blaesillam
2055 4221 2292 4268 nostram

723 4320 950 4377 vidimus
974 4317 1165 4374 ardore
1196 4304 1417 4370 febrium
1466 4326 1560 4381 per
1584 4311 1791 4380 triginta
1827 4307 1994 4363 ferme
2021 4307 2137 4362 dies
2158 4306 2297 4377 jugi-

726 4424 807 4471 ter
833 4421 1086 4468 aestuasse
1115 4427 1130 4464 :
1159 4415 1216 4462 ut
1252 4407 1414 4462 sciret
1448 4402 1764 4474 rejiciendas
1790 4399 2008 4456 delicias
2034 4398 2296 4467 corporis,

725 4505 867 4578 quod
917 4501 1074 4574 paulo
1111 4508 1231 4571 post
1268 4494 1539 4552 vermibus
1566 4491 1894 4548 exarandum
1941 4489 2029 4543 sit.
2064 4487 2219 4543 Venit
2247 4497 2301 4542 et

725 4577 792 4653 ad
833 4597 972 4651 hanc
1008 4590 1263 4647 Dominus
1298 4586 1474 4652 Iesus,
1521 4584 1790 4654 tetigitque
1826 4595 2039 4634 manum
2079 4577 2216 4648 ejus,
2248 4585 2302 4632 et

727 4702 854 4744 ecce
901 4695 1124 4754 surgens
1163 4679 1427 4735 ministrat
1463 4677 1534 4731 ei.
1573 4673 1867 4730 Redolebat
1895 4669 2091 4741 aliquid
2138 4670 2303 4739 negli-

727 4777 942 4849 gentiae,
973 4783 1026 4829 et
1052 4771 1350 4827 divitiarum
1383 4767 1559 4822 fasciis
1586 4764 1848 4832 colligata,
1879 4762 1930 4816 in
1957 4759 2302 4828 smeulijace-

792 4889 865 4952 (a)
910 4887 992 4952 Sic
1030 4883 1394 4952 emendavimus
1419 4891 1501 4952 ex
1539 4875 1695 4948 regiis
1725 4873 2036 4952 membranis,
2076 4871 2301 4952 aliisque,

729 4933 1020 5014 quidetiam
1040 4933 1107 4995 ex
1131 4941 1433 5014 Cluniacensi
1457 4938 1568 5014 11s.,
1680 4948 1777 5014 quo
1795 4947 1904 4984 cum
1926 4941 2133 5014 u‘traque
2157 4933 2304 4981 lectio

733 4992 1337 5066 Eiiiiu'ééiiii,'ihéuorem
1368 4992 1563 5066 respuit
1587 4992 1910 5066 Martianaeu‘s,
1944 4992 2303 5066 legitguecum

732 5054 1267 5133 ἱῦἱξᾶιῖἷᾶἐέἐειετξξ,
1287 5070 1345 5133 ,ει
1532 5070 1621 5133 pro
1642 5062 1813 5133 posset.
1827 5054 2133 5133 _1:9}llti‘illl:l:a
2155 5056 2250 5133 duo
2275 5069 2304 5102 θ

735 5115 940 5190 assio;
1122 5115 1328 5190 huius»
1351 5115 1448 5190 illis
1469 5115 1620 5171 multa
1643 5115 1942 5190 "displiceant.
1968 5115 2100 5176 Quod
2122 5116 2180 5174 si,
2207 5123 2302 5164 etc.

735 5177 940 5252 rejectis
945 5177 1134 5252 nempe
1157 5186 1305 5252 multo
1325 5183 1467 5252 plura
1490 5192 1633 5252 quam
1652 5177 1889 5252 placeant.

797 5237 1031 5311 '(ijvilias
1045 5237 1104 5311 3'3
1123 5247 1303 5310 scripta
1319 5237 1492 5311 eodem
1503 5237 1723 5311 tempore
1745 5237 2096 5311 quosuperior.

901 5295 1360 5375 Uva—usieroncnsis
1393 5304 1574 5375 aliique
1606 5295 1721 5350 Mss.
1747 5295 1808 5350 de
1830 5295 2304 5375 Gouversioue‘jmy-

738 5357 879 5431 silius],
909 5357 1036 5436 at};
1050 5357 1182 5436 haud
1205 5371 1468 5436 incongrua
1631 5374 1840 5436 quoque.
1860 5358 2225 5436 eleinscI’iplio.
2255 5357 2307 5404 in

742 5419 1027 5495 ἰῇξῖξιιιῖοιιί
1049 5419 1258 5495 Epistula
1287 5419 1448 5495 statim
1471 5419 1554 5473 ubi
1584 5419 1876 5471 de'Ezechia
1898 5420 2021 5470 alter
2058 5419 2306 5467 Veronen.

741 5486 892 5554 spatio
913 5486 1172 5554 proteleiur
1189 5489 1258 5554 ad
1279 5486 1436 5554 vitam.

916 5536 1349 5612 ﬁtiohsitnuLcum
1369 5547 1434 5594 de
1456 5545 1586 5612 tribu
1603 5541 1856 5612 Benjamin
1881 5547 2015 5612 esset,
2044 5539 2097 5607 S.
2132 5536 2312 5612 Paulus

744 5598 1029 5660 alluilit‘hoc
1063 5608 1167 5655 loco
1201 5607 1522 5666 llieronyrruts
1550 5604 1678 5666 Cen.
1703 5598 1782 5666 λθ.
1823 5619 1845 5646 ι
1878 5598 2236 5666 Benjamindnj
2258 5612 2315 5666 us

747 5681 908 5740 rapax.
936 5675 990 5717 et
1011 5666 1187 5740 Psalm.
1219 5667 1300 5714 67.
1331 5659 1412 5710 28'.
1449 5664 1520 5712 Ibi
1550 5663 1802 5723 Benjamin
1834 5659 2224 5710 adolescentulus
2265 5660 2313 5707 iu

749 5739 920 5781 ιειυιιιιδ
944 5739 1168 5777 excessu.
1194 5743 1215 5770 1

1957 323 2195 383 SANC‘I‘I
2234 316 2607 374 HIERONYMI

3815 315 3913 372 864

2352 434 2442 488 bat
2469 433 2730 503 sepulcro.
2760 430 2866 486 Sed
2897 429 3165 485 infremuit
3195 427 3372 495 Jcsus,
3411 437 3467 484 et
3491 429 3840 486 conturbatus
3865 432 3914 487 in

2349 523 2558 594 spiritu,
2589 525 2833 577 clamavit
2855 523 3039 576 dicens
3068 537 3084 577 :
3114 520 3363 585 Blatsilla,
3411 521 3530 574 veni
3573 520 3715 574 foras
3736 520 3912 589 (Joan.

2351 617 2438 669 ll.
2471 617 2554 668 45.
2581 615 2643 666 de
2669 614 2908 680 Lazaro).
2949 613 3079 680 Quae
3122 621 3305 666 vocata
3330 613 3579 676 surrexit,
3613 621 3668 667 et
3711 628 3916 682 egressa

2352 719 2472 758 cum
2500 704 2724 757 Domino
2751 704 2999 756 vescitur.
3028 701 3196 756 Judaei
3229 701 3496 754 minentur
3521 699 3613 771 [aL
3636 701 3916 772 mirentur],

2352 802 2406 847 et
2435 802 2690 858 tumeant,
2723 801 2963 862 quazrant
2995 791 3237 846 occidere
3264 791 3570 844 suscitatam
3601 809 3614 844 :
3647 792 3746 844 soli
3778 791 3920 860 Apoo

2353 884 2472 937 stoli
2517 883 2824 952 glorientur.
2856 881 2968 937 Scit
3001 896 3061 936 se
3105 880 3266 934 vitam
3317 895 3466 934 suam
3497 881 3546 934 ei
3580 880 3798 942 debere,
3834 883 3921 951 qui

2353 974 2602 1029 reddidit.
2631 974 2743 1028 Scit
2769 987 2829 1028 se
2869 973 2985 1042 ejus
3012 971 3305 1041 amplexari
3348 970 3530 1040 pedes,
3579 971 3730 1040 cujus
3771 973 3925 1039 paulo

2355 1076 2478 1121 ante
2519 1064 2772 1134 judicium
2828 1063 3250 1134 pertimescebat.
3297 1062 3503 1130 Corpus
3545 1077 3682 1131 pene
3715 1062 3926 1131 jacebat

2356 1156 2619 1220 exanime,
2647 1165 2700 1210 et
2726 1154 2946 1208 anhelos
2965 1165 3112 1208 artus
3137 1168 3279 1207 mors
3307 1153 3479 1206 vicina
3507 1154 3794 1223 quatiebat.
3823 1153 3922 1209 Ubi

2356 1255 2480 1300 tunc
2520 1255 2672 1300 erant
2709 1246 2902 1299 auxilia
2939 1245 3397 1314 propinquorum?
3436 1244 3522 1298 ubi
3573 1245 3734 1298 verba
3778 1245 3925 1298 omni

2359 1336 2593 1390 inaniora
2627 1336 2807 1390 fumo?
2832 1335 2971 1389 Nihil
3001 1335 3092 1388 tibi
3120 1334 3297 1398 debet,
3341 1349 3374 1389 ο
3415 1335 3615 1404 ingrata
3661 1336 3924 1405 cognatio,

2358 1441 2475 1494 qua:
2505 1425 2700 1479 mundo
2737 1427 2912 1495 periit,
2941 1434 2996 1480 et
3031 1425 3245 1480 Christo
3290 1426 3500 1480 revixit.
3547 1426 3643 1492 Qui
3671 1427 3929 1480 Christia-

2360 1533 2457 1570 nus
2485 1527 2587 1582 est,
2615 1517 2840 1586 gaudeat
2870 1535 2883 1570 :
2911 1517 3000 1586 qui
3031 1516 3297 1580 irascitur,
3343 1531 3449 1570 non
3487 1531 3546 1570 se
3583 1531 3702 1571 esse
3734 1517 3930 1571 indicat

2361 1608 2727 1662 christianum.

2433 1703 2486 1756 5.
2531 1700 2693 1753 Vidua
2715 1714 2830 1769 qua:
2857 1697 3027 1752 soluta
3053 1706 3135 1751 est
3163 1696 3377 1752 vinculo
3400 1697 3646 1760 maritali,
3686 1696 3815 1751 nihil
3842 1711 3931 1750 nc-

2363 1807 2512 1847 ctesse
2552 1790 2711 1846 habet
2746 1791 2845 1844 nisi
2887 1803 3252 1858 perseverare.
3293 1790 3359 1841 At
3389 1787 3707 1841 scandalizat
3742 1802 3930 1856 quem-

2366 1883 2505 1951 piam
2539 1881 2704 1935 vestis
2742 1880 2957 1933 fuscior.
3006 1878 3339 1934 Scandalizet
3386 1877 3636 1938 Joannes.
3667 1892 3774 1946 quo
3801 1879 3934 1932 inter

2367 1983 2519 2026 natos
2548 1971 2826 2026 mulierum
2871 1969 3040 2038 major
3078 1969 3252 2022 nullus
3295 1966 3394 2020 fuit
3421 1985 3434 2020 :
3465 1968 3553 2036 qui
3586 1967 3818 2036 Angelus
3851 1967 3934 2021 di-

2367 2073 2504 2129 ctus,
2537 2063 2708 2132 ipsum
2736 2077 2945 2131 quoque
2977 2060 3256 2114 Dominum
3283 2058 3567 2128 baptizavit
3599 2077 3613 2113 :
3642 2060 3731 2128 qui
3758 2073 3939 2114 came-

2370 2157 2540 2210 lorum
2587 2156 2810 2210 vestitus
2853 2154 3104 2222 tegmine,
3157 2166 3291 2206 zona
3342 2151 3561 2219 pellicea
3602 2150 3936 2220 cingebatur.

2369 2247 2484 2301 Cibi
2514 2243 3065 2314 displicentviliores?
3098 2241 3226 2296 nihil
3258 2242 3413 2296 vilius
3438 2251 3520 2296 cst
3545 2241 3786 2296 locustis.
3829 2241 3940 2296 Illae

2370 2339 2686 2394 christianos
2725 2336 2906 2392 oculos
2946 2335 3304 2390 scandalizent
3349 2334 3555 2404 potius,
3595 2349 3716 2403 quae
3746 2349 3944 2404 purpu-

2372 2431 2528 2494 risso,
2559 2437 2613 2484 et
2633 2429 2948 2499 quibusdam
2994 2427 3128 2481 fucis
3161 2440 3253 2481 ora
3285 2426 3573 2495 oculosque
3598 2425 3894 2495 depingunt
3923 2441 3938 2478 :

2373 2535 2596 2586 quarum
2641 2519 2804 2574 facies
2833 2533 3064 2590 gypsez,
3097 2526 3151 2572 et
3178 2517 3346 2571 nimio
3394 2517 3626 2571 candore
3651 2516 3940 2582 deformes,

2376 2610 2511 2664 idola
2543 2611 2902 2675 mentiuntur;
2927 2609 3118 2680 quibus
3137 2609 3183 2662 si
3206 2608 3341 2663 forte
3360 2608 3668 2678 improvidis
3684 2609 3948 2679 lacryma-

2375 2720 2490 2758 rum
2518 2705 2654 2758 stilla
2685 2705 2938 2774 eruperit,
3020 2704 3172 2776 175
3244 2704 3393 2759 sulco
3430 2704 3612 2758 defluit
3639 2722 3651 2756 :
3678 2718 3811 2772 quas
3847 2717 3947 2757 nec

2377 2812 2628 2851 numerus
2670 2811 2930 2850 annorum
2960 2805 3133 2865 potest
3173 2795 3386 2859 docere,
3429 2794 3569 2866 quod
3598 2795 3790 2849 vetula:
3818 2793 3944 2855 sint,

2378 2904 2497 2956 qum
2529 2887 2734 2954 capillis
2763 2887 2950 2941 alienis
2977 2887 3230 2941 verticem
3261 2893 3490 2950 struunt,
3537 2893 3591 2939 et
3621 2884 3944 2952 praeteritam

2375 2979 2707 3050 iuventutem
2735 2979 2787 3032 in
2830 2978 2972 3047 rugis
3007 2977 3233 3030 anilibus
3276 2977 3480 3046 poliunt
3513 2992 3527 3028 :
3566 2990 3684 3044 qua:
3715 2973 3948 3041 denique

2381 3081 2504 3126 ante
2527 3080 2776 3141 nepotum
2802 3084 3015 3138 gregem
3040 3069 3113 3137 (a)
3143 3075 3431 3121 trementes
3457 3064 3779 3134 virgunculae
3804 3079 3950 3117 com-

2384 3171 2665 3232 ponuntur.
2717 3161 3006 3214 Erubescat
3047 3157 3238 3211 mulier
3283 3155 3609 3219 christiana,
3659 3155 3704 3207 si
3751 3162 3952 3208 natura:

2383 3254 2523 3322 cogit
2547 3251 2814 3314 decorem,
2847 3250 2892 3304 si
2921 3248 3098 3304 carnis
3119 3261 3298 3303 curam
3327 3245 3452 3299 facit
3475 3245 3541 3298 ad
3567 3244 3954 3312 concupisceno

2387 3345 2534 3407 tiam,
2568 3343 2618 3396 in
2642 3357 2742 3412 qua
2771 3341 2858 3411 qui
2887 3349 3030 3404 sunt,
3054 3337 3342 3394 secundum
3371 3336 3706 3406 Aposlolum,
3737 3334 3950 3388 Christo

2387 3437 2598 3506 placere
2626 3451 2732 3489 non
2763 3441 3004 3503 possunt.

2457 3530 2512 3583 4.
2555 3527 2720 3581 Vidua
2759 3536 2936 3580 nostra
2977 3531 3100 3578 ante
3145 3521 3210 3592 (Γ)
3256 3523 3518 3576 morosius
3562 3520 3868 3582 ornabatur,
3903 3529 3954 3573 et

2388 3617 2475 3674 die
2519 3626 2625 3671 tota
2674 3616 2798 3687 quid
2838 3616 2935 3669 sibi
2986 3615 3222 3678 deesset,
3251 3613 3520 3682 quaerebat
3557 3611 3621 3664 ad
3661 3611 3955 3680 speculum.

2390 3708 2541 3763 Nunc
2570 3708 2800 3777 loquitur
2836 3704 3168 3760 confidenter
3199 3721 3212 3756 :
3249 3721 3268 3754 ι
3301 3701 3410 3760 Nos
3443 3710 3618 3756 autem
3651 3716 3838 3755 omnes
3875 3715 3959 3753 re-

2391 3800 2562 3855 velata
2591 3798 2727 3853 facie
2751 3797 2974 3866 gloriam
3004 3795 3208 3850 Domini
3241 3795 3597 3863 speculantes,
3631 3793 3681 3845 iu
3713 3791 3953 3847 eamdem

2395 3891 2674 3960 imaginem
2702 3886 3160 3950 transformamur,
3193 3899 3220 3936 a
3259 3883 3425 3953 gloria
3456 3882 3506 3935 in
3538 3881 3784 3951 gloriam,
3811 3879 3960 3948 quasi

2395 3998 2424 4036 a
2469 3981 2676 4036 Domini
2720 3979 2928 4049 spiritu.
2965 3995 2984 4028 ι
3017 3975 3168 4030 Tuuc
3196 3975 3372 4029 crines
3397 3972 3664 4026 ancillula:
3707 3971 3962 4039 dispone-

2397 4073 2543 4136 bant,
2573 4079 2627 4127 et
2654 4069 2865 4125 mitellis
2888 4066 3245 4136 crispantibus
3266 4072 3451 4118 vertex
3479 4062 3784 4116 arctabatur
3813 4060 3968 4114 inno-

2397 4167 2516 4220 xius
2545 4182 2559 4217 :
2592 4176 2732 4216 nunc
2757 4161 3054 4229 neglectum
3074 4166 3230 4226 caput
3249 4157 3349 4210 scit
3369 4155 3467 4209 sibi
3493 4163 3694 4208 tantum
3722 4151 3968 4207 sufflcere

2399 4255 2538 4326 quod
2574 4254 2796 4309 velatur.
2831 4251 2925 4304 Illo
2973 4260 3211 4318 tempore
3257 4248 3555 4314 plumarum
3593 4258 3803 4314 quoque
3838 4242 3967 4296 dura

2401 4347 2654 4403 mollities
2689 4345 2987 4408 videbatur,
3012 4351 3067 4394 et
3096 4342 3146 4394 in
3175 4338 3462 4394 exstructis
3489 4334 3656 4390 thoris
3679 4335 3859 4402 jacere
3882 4333 3971 4385 vix

2403 4446 2630 4507 poterat.
2666 4435 2818 4490 Nunc
2841 4434 2912 4487 ad
2949 4431 3208 4486 orandum
3239 4428 3429 4483 festina
3460 4425 3749 4494 consurgit,
3785 4432 3838 4478 et
3869 4423 3972 4475 tin-

2405 4528 2526 4583 nula
2556 4526 2646 4598 [ιιι.
2679 4521 2955 4595 hymnum]
2991 4536 3122 4576 voce
3161 4519 3372 4574 cteteris
3397 4516 3602 4570 alleluia
3641 4513 3973 4583 prteripiens,

2405 4619 2550 4688 prior
2575 4616 2762 4684 incipit
2785 4614 3000 4667 laudare
3023 4610 3302 4664 Dominum
3334 4621 3508 4660 suum.
3549 4604 3864 4659 Flectuntur
3885 4616 3977 4668 ge-

2407 4724 2510 4763 nua
2531 4721 2690 4773 super
2711 4703 2907 4758 nudam
2941 4703 3176 4760 humum,
3216 4709 3269 4752 et
3299 4696 3506 4752 crebris
3531 4692 3784 4761 lacryntis
3813 4673 3984 4744 facies

2411 4797 2750 4869 psimmythio
2773 4804 2896 4848 ante
2924 4792 3190 4846 sordidata
3219 4796 3495 4860 purgatur.
3532 4784 3656 4837 Post
3677 4782 3982 4833 orationem

2349 4937 2364 4948 .
2411 4887 2604 4946 Psalmi
2626 4891 2970 4953 concrepant,
3003 4891 3056 4937 et
3087 4882 3224 4934 lassa
3251 4879 3450 4940 cervix,
3480 4873 3699 4942 poplites
3720 4871 3985 4924 vacillan-

2412 4995 2511 5048 tes,
2570 4981 2621 5034 in
2669 4991 3020 5045 somnumque
3061 4980 3342 5042 vergentes
3383 4967 3542 5029 oculi,
3589 4962 3758 5016 nimio
3786 4962 3985 5016 mentis

2411 5072 2602 5126 ardore
2629 5071 2714 5123 vix
2744 5070 3028 5137 impetrant
3053 5074 3109 5119 ut
3137 5064 3434 5134 quiescant.
3461 5056 3608 5112 Pulla
3646 5053 3850 5116 tunica,
3883 5053 3987 5106 mi-

2414 5179 2514 5218 nus
2558 5177 2678 5216 cum
2723 5159 2866 5213 humi
2902 5158 3169 5227 jacuerit,
3215 5151 3540 5208 sordidatur.
3583 5147 3788 5202 Soccus
3832 5143 3988 5196 vilior

2475 5295 2544 5356 (ε)
2586 5292 2837 5356 Maluissct
2867 5289 3181 5356 Martianaeus
3209 5285 3401 5356 legere,
3435 5279 3771 5356 int‘erj‘ecta"ut=

2412 5337 3074 5414 ινδῆίριίὶᾶξῖιῖ-ιῖἱιῄιιὴσξιιω
3087 5361 3132 5414 λε-
3143 5337 3298 5414 atque.
3315 5347 3376 5391 ita
3390 5337 3593 5414 quidem
3616 5337 3989 5414 ad‘s‘uiflaptuut

2418 5398 3033 5468 locbiiiviiuneimbuiutavit,
3053 5409 3136 5457 ubi
3161 5398 3223 5454 ab
3242 5398 3535 5465 Hieronymo
3551 5398 3794 5468 repetitur
3812 5398 3861 5468 in
3882 5405 3987 5468 cat:

2740 5452 2944 5538 fi‘iiiiﬁi.’
2958 5452 3287 5538 Sudi—prgeter.
3295 5452 3449 5538 quam:
3479 5452 3630 5538 qugd;
3637 5452 3991 5538 carniﬁcum?

2420 5519 3055 5595 hisgrexemj-Iarianeutro
3078 5519 3126 5576 in
3150 5527 3253 5595 loco
3274 5519 3456 5595 habent
3473 5519 3854 5595 {ille-ironieam
3875 5519 3991 5561 vim.

2423 5576 2929 5654 ἑὲίἷῖιιῆἶῐὸἱὲἷὲὶιὶῑέι
2947 5601 3121 5654 sensus
3143 5584 3406 5654 elegantia»
3431 5576 3820 5654 "sllime'l‘f‘lh

2505 5612 2522 5643 (
2545 5611 2601 5642 ua
2627 5611 2722 5643 wta
2747 5611 2929 5654 penum
2947 5611 3121 5636 sensus
3143 5611 3406 5647 clusi-uua,
3431 5611 3812 5650 II\1.II.III§UIIVOII~
3859 5635 3870 5646 .
3897 5629 3908 5642 ‘

2487 5611 2683 5763 εἰεί)ὺέιῖἱῖ
2704 5653 3015 5702 Vcroneuses
3039 5649 3151 5697 Mss.
3175 5659 3231 5695 ac
3256 5649 3397 5694 vetus
3421 5641 3590 5701 editio,
3607 5644 3718 5688 aute
3741 5632 3997 5685 monilibus

2425 5723 2698 5767 ornabatur.
