4078 6198
183 261 303 315 465

181 385 521 429 auratorum
575 375 796 442 pretium
840 374 1137 428 calceorum
1196 375 1474 442 egentibus
1530 374 1769 442 largitur.

182 464 490 533 Cingulum
523 479 626 518 non
653 479 800 526 auro,
830 465 1161 534 genuuisque
1186 463 1494 518 distinctum
1526 474 1605 518 est
1631 479 1646 526 ;
1679 463 1774 516 sed

185 554 428 610 laneum
482 563 536 610 ct
585 565 689 608 tota
734 556 1068 624 simplicitate
1109 555 1452 623 purissimum
1494 570 1507 605 :
1547 553 1774 622 etquod

184 645 382 708 possit
411 645 574 712 magis
617 644 911 712 astringere
941 644 1269 706 vestimenta,
1312 658 1471 712 quam
1509 641 1771 697 scindere.

181 734 249 804 Si
281 733 420 787 huic
445 733 714 802 proposito
737 733 935 787 invidet
955 734 1216 802 scorpius,
1238 743 1292 787 et
1311 748 1558 787 sermone
1582 731 1775 786 blando

181 824 261 878 de
291 825 465 880 vetita
498 839 707 880 rurSum
735 823 924 878 arbore
951 824 1236 880 comedere
1270 824 1575 893 persuadet,
1607 823 1780 877 illida-

185 924 285 967 tur
304 915 362 969 ei
391 931 485 984 pro
511 916 656 970 solea
677 914 979 978 anathema,
1010 925 1060 969 et
1092 917 1142 968 in
1166 929 1263 968 suo
1287 915 1534 968 morienti
1561 915 1777 982 pulvere

183 1003 417 1059 dicatur
445 1023 458 1058 :
495 1004 636 1057 Vade
663 1016 794 1057 retro
847 1006 1041 1058 Satana
1071 1006 1262 1073 (Marc.
1295 1005 1348 1058 8.
1383 1007 1496 1072 55),
1525 1005 1664 1072 quod
1693 1007 1777 1058 iu-

184 1103 550 1162 terpretatur,
582 1095 804 1147 adverse.
841 1095 1205 1151 ADVERSARIUS
1232 1111 1416 1158 europe
1445 1097 1640 1150 Christi
1670 1105 1773 1159 est,

178 1194 242 1238 et
274 1185 665 1247 Antichristus,
699 1185 782 1237 cui
814 1194 1074 1252 przccepta
1103 1186 1388 1253 tliSplicent
1411 1185 1629 1240 Christi.

261 1274 330 1327 5.
374 1273 484 1328 Oro
515 1285 585 1334 te.
617 1275 740 1341 quid
775 1273 875 1326 tale
901 1289 1155 1343 unquam,
1197 1275 1353 1342 quale
1381 1275 1622 1344 Apostoli
1651 1272 1779 1329 feci-

177 1376 349 1426 mus,
381 1371 440 1415 ut
469 1362 658 1415 merito
693 1361 1158 1416 scandalizentur?
1193 1363 1404 1416 Patrem
1437 1377 1618 1417 senem
1657 1378 1778 1417 cum

175 1452 546 1515 navicula,et
575 1454 668 1506 reti
750 1453 904 1523 17s
975 1453 1269 1508 dimittunt.
1303 1453 1622 1508 Publicanus
1645 1469 1676 1508 a
1700 1467 1778 1508 te-

174 1540 368 1594 loneo
390 1543 576 1610 surgit,
596 1551 646 1595 et
666 1543 1241 1611 sequiturSalvatorem
1264 1543 1778 1612 :voiensdiscipulus

177 1632 401 1686 reverti
423 1631 660 1693 domum,
681 1640 735 1684 et
758 1633 866 1686 suis
893 1641 1019 1686 ante
1039 1634 1363 1696 renuntiare,
1387 1634 1623 1702 magistri
1643 1647 1774 1686 voce

181 1721 537 1790 prohibetur.
565 1720 846 1789 Sepultura
897 1736 1002 1774 non
1036 1721 1194 1774 datur
1223 1724 1357 1791 patri
1390 1737 1405 1778 :
1433 1738 1500 1775 ετ
1537 1737 1774 1776 PIETATIS

180 1826 372 1882 genus
401 1819 502 1876 est,
538 1811 754 1880 impium
781 1826 901 1866 esse
925 1827 1024 1881 pro
1054 1812 1294 1865 Domino.
1324 1811 1430 1866 Nos
1451 1812 1572 1882 quia
1601 1812 1770 1867 serica

184 1913 358 1956 veste
395 1917 498 1956 non
541 1903 756 1964 utimur,
796 1901 1040 1956 monachi
1071 1901 1372 1969 judicamur
1419 1919 1436 1956 :
1472 1901 1594 1971 quia
1637 1900 1770 1955 ebrii

183 2006 306 2045 non
340 2006 539 2054 sumus,
575 2005 672 2044 nec
701 1991 960 2045 cachinno
983 2005 1076 2044 ora
1107 1990 1470 2052 dissolvimus.
1495 1991 1772 2046 continen-

185 2091 277 2136 tcs
313 2096 565 2136 vocamur
605 2091 660 2136 et
689 2083 895 2138 tristes.
919 2083 975 2138 Si
1007 2083 1182 2138 tunica
1208 2099 1314 2137 non
1341 2084 1639 2150 canduerit,
1663 2093 1770 2138 sta-

183 2173 290 2224 tim
328 2172 453 2225 illud
484 2188 515 2225 e
547 2172 701 2225 trivio
740 2173 815 2241 (a)
852 2188 864 2224 :
901 2171 1184 2242 lmpostor,
1221 2183 1278 2228 et
1299 2173 1516 2228 Graecus
1537 2184 1638 2229 est.
1665 2173 1769 2228 Ca-

186 2260 455 2314 villeutur
478 2260 703 2314 vafriora
727 2261 870 2326 licet,
902 2269 958 2316 et
983 2263 1160 2330 pingui
1184 2263 1481 2332 aqualiculo
1507 2263 1578 2332 (b)
1605 2263 1771 2316 fartos

181 2349 578 2402 circumferant
620 2351 880 2415 homines,
919 2351 1146 2404 Blmsilla
1188 2361 1368 2406 nostra
1410 2352 1622 2417 ridebit,
1672 2368 1770 2408 nec

183 2436 576 2506 dedignabitur
622 2439 922 2507 loquacium
979 2456 1227 2494 ranarum
1274 2441 1458 2495 audire
1502 2441 1765 2508 convitia,

182 2543 320 2579 cuin
346 2528 596 2582 Dominus
622 2527 736 2597 ejus
761 2529 934 2582 dictus
963 2529 1032 2582 sit
1063 2529 1378 2584 Beelzebub.

623 2681 943 2736 EPISTULA
985 2681 1205 2737 XXXIX
1245 2679 1340 2753 (ε).

425 2793 503 2849 An
531 2792 748 2850 Pwuu
774 2809 932 2865 super
962 2792 1106 2848 obitu
1138 2792 1379 2849 Blesilla:
1409 2793 1548 2849 filim.

183 2904 445 2973 Blesilla,
477 2908 627 2975 paulo
657 2917 768 2977 post
808 2917 1014 2962 mortem
1053 2907 1240 2972 mariti,
1283 2923 1523 2973 suamque
1562 2924 1764 2962 cancer.

258 2997 456 3049 sionem
497 2997 750 3066 defuncta,
784 2995 1002 3050 Paulam
1026 3005 1236 3049 matrem
1259 2996 1551 3050 consolatur
1580 2995 1762 3050 Hiero-

258 3102 468 3155 nymus,
501 3096 647 3156 atque
677 3087 888 3140 nimium
926 3088 1036 3156 ejus
1064 3087 1288 3140 dolorem
1312 3088 1566 3158 objurgat,
1595 3089 1762 3142 admi-

256 3186 462 3246 scetque
489 3178 684 3232 interim
708 3177 948 3231 Βιωείιιω
967 3177 1190 3242 virtutes,
1217 3186 1262 3231 et
1289 3177 1461 3231 vitam.

260 3313 319 3365 1.
366 3329 384 3362 ι
421 3311 549 3379 Quis
574 3311 721 3365 dabit
745 3311 902 3380 capiti
933 3324 1053 3364 meo
1078 3325 1292 3380 aquam,
1340 3319 1393 3365 ct
1419 3311 1587 3365 oculis
1630 3311 1764 3366 meis

181 3401 396 3456 fontem
434 3401 804 3472 laerymarum,
842 3411 896 3456 et
939 3402 1161 3470 plorabo
1194 3420 1212 3452 ι
1246 3400 1382 3472 (Jer.
1411 3402 1462 3457 9.
1499 3402 1551 3470 l)
1584 3421 1597 3457 :
1631 3418 1759 3467 non,

181 3504 244 3548 ut
276 3493 537 3548 Jeremias
576 3495 669 3556 ait,
708 3511 726 3544 ι
762 3493 1068 3547 vulneratos
1100 3493 1182 3564 (ά)
1213 3495 1387 3562 populi
1431 3494 1575 3558 mei;
1611 3512 1631 3546 ι
1663 3509 1764 3549 nec

183 3593 247 3636 ut
278 3583 435 3638 Jesus
464 3583 547 3653 (1)
580 3584 847 3638 miseriam
875 3584 1173 3640 Jerusalem
1203 3604 1215 3639 :
1246 3585 1339 3640 sed
1379 3586 1603 3656 plorabo
1632 3602 1762 3641 sau-

184 3675 458 3739 ctitatem,
509 3674 949 3738 misericordiam,
1005 3675 1386 3738 innocentiam,
1415 3675 1760 3733 castitatem:

187 3763 421 3834 plorabo
443 3778 632 3818 omnes
662 3765 859 3832 pariter
887 3766 937 3818 in
967 3766 1122 3818 unius
1150 3774 1323 3819 morte
1364 3765 1625 3820 defecisse
1652 3765 1762 3820 vir-

186 3863 358 3908 tutes.
392 3851 507 3906 Non
539 3852 682 3921 quod
714 3852 937 3920 lugenda
962 3855 1033 3905 sit
1061 3853 1148 3907 illa
1176 3870 1293 3923 quae
1320 3854 1471 3918 abiit,
1503 3854 1596 3908 sed
1622 3855 1764 3924 quod

184 3943 349 3997 nobis
381 3941 744 4010 impatientius
771 3941 839 3994 sit
865 3940 1173 4005 dolendum,
1200 3943 1339 4010 quod
1380 3942 1473 4014 [al.
1503 3943 1637 4015 qui.]
1681 3955 1764 3998 ta-

190 4038 304 4090 lem
329 4033 513 4086 videre
540 4031 848 4087 desivimus.
883 4031 1012 4096 Quis
1040 4033 1179 4084 enim
1216 4034 1370 4086 siccis
1395 4036 1564 4089 oculis
1586 4049 1767 4090 recor-

186 4127 376 4188 detur,
409 4122 593 4191 viginti
636 4134 900 4173 annorum
928 4120 1379 4176 adolescentulam
1419 4132 1522 4176 tam
1561 4125 1765 4179 ardenti

191 4217 300 4270 tlde
328 4215 505 4269 crucis
545 4214 751 4268 levasse
776 4211 1048 4276 vexillum,
1095 4221 1154 4266 ut
1183 4214 1350 4282 magis
1379 4217 1626 4270 amissam
1660 4218 1770 4271 vir-

193 4307 491 4376 ginitatem,
523 4319 682 4374 quam
709 4303 884 4357 mariti
912 4302 1118 4357 doleret
1154 4303 1459 4358 interitum?
1496 4305 1625 4371 Quis
1650 4308 1766 4363 siue

197 4396 516 4465 singultibus
544 4401 782 4449 transeat
809 4392 996 4448 orandi
1036 4393 1365 4460 instantiam,
1400 4396 1627 4450 nitorem
1659 4397 1763 4450 liti-

200 4501 353 4552 guw,
409 4486 680 4539 memoria:
727 4484 1103 4548 tenacitatem,
1154 4498 1378 4538 acumen
1426 4485 1663 4554 ingenii?
1710 4487 1765 4541 Si

200 4573 382 4628 Grmce
407 4575 708 4644 loquentem
733 4575 994 4628 audiisses
1012 4615 1026 4638 ,
1059 4575 1218 4628 latine
1241 4589 1358 4628 eam
1386 4577 1592 4630 nescire
1611 4587 1763 4645 puta-

202 4678 287 4716 res
320 4682 332 4716 :
362 4665 404 4718 si
435 4666 484 4717 in
520 4680 796 4719 romanum
824 4681 1014 4719 sonum
1037 4666 1212 4734 lingua
1252 4681 1311 4719 se
1347 4676 1600 4727 verterat,
1635 4667 1765 4722 nihil

202 4755 414 4806 omnino
443 4756 712 4825 peregrini
742 4771 920 4810 sermo
952 4755 1245 4810 redolebat.
1264 4755 1380 4809 .lam
1403 4773 1530 4812 vero
1549 4759 1688 4827 quod
1714 4760 1764 4812 iu

206 4846 356 4916 177
414 4847 637 4916 Origene
652 4846 723 4916 (ο)
743 4863 953 4917 quoque
984 4847 1075 4901 illo
1093 4848 1296 4902 Graecia
1322 4857 1428 4902 tota
1449 4849 1688 4908 miratur.
1710 4850 1764 4903 in

268 4958 341 5078 (ll;
365 4958 530 5028 Graece
552 4960 674 5008 dixit
695 4963 744 5008 in
761 4961 914 5022 Epist.
939 4962 995 5010 ad
1021 4962 1212 5011 Furiam
1236 4975 1381 5024 nam
1400 4973 1420 5012 ὁ
1437 4975 1611 5021 unum.

268 5016 315 5076 (b
373 5017 601 5078 l\_imtrum
623 5022 835 5078 superbe
877 5034 933 5070 se
957 5031 1146 5078 gerant,
1171 5036 1268 5078 quo
1311 5035 1457 5070 sensu
1499 5023 1611 5070 alibi

267 5016 338 5078 (b)
373 5016 601 5085 lﬁimirum
623 5016 835 5085 superbe
877 5034 933 5070 se
957 5031 1146 5085 gerant,
1171 5016 1283 5085 quo"
1311 5016 1457 5085 sensu
1499 5016 1611 5070 alibi
1633 5035 1766 5085 saepe

203 5077 486 5144 pompatjcis
511 5077 703 5144 ferculis
724 5077 1248 5144 eomparat‘httjusmddi
1271 5082 1513 5138 homines,
1554 5085 1636 5144 qui
1673 5077 1766 5131 non

201 5135 337 5204 Sine,
365 5135 567 5184 aliorum
630 5135 861 5197 despectu
912 5135 1129 5201 passibus
1151 5144 1206 5191 in
1251 5155 1423 5204 gressu
1482 5135 1770 5192 tardioribus

203 5203 424 5247 utuntur.

286 5259 335 5321 ε)
363 5255 491 5321 {lius
505 5257 902 5321 25.59riptapost
923 5263 1210 5321 superiorem
1231 5269 1328 5313 tres
1351 5263 1544 5313 circiter
1567 5274 1765 5311 menses.

265 5316 344 5387 (τι)
369 5318 564 5387 Cisterc.
604 5316 989 5387 lds.'vulneratos
1008 5317 1130 5387 ﬁlios
1151 5325 1310 5387 populi
1325 5325 1447 5387 mei,
1461 5323 1655 5387 mallem
1675 5336 1769 5384 ego

201 5374 337 5440 ﬁliae,
381 5385 436 5428 ut
469 5377 699 5442 Ieremia
740 5392 916 5442 sensus
952 5374 1164 5442 praefert:
1195 5374 1307 5434 mox
1345 5374 1477 5433 addit
1511 5374 1769 5434 caritatem

204 5439 442 5504 expuncta
465 5439 618 5504 altera
642 5454 759 5504 voce
788 5439 999 5504 plorabo.

284 5500 326 5567 gl
344 5500 650 5567 Δ(ἶοῒιείιιιξίοιι
668 5500 859 5567 videtur
880 5507 1124 5567 sensusin
1148 5506 1305 5567 veteri
1329 5506 1560 5567 editione,
1595 5522 1616 5550 ι
1639 5504 1767 5566 quod

203 5561 251 5608 in
272 5561 502 5628 ρῂυὶεεξῐιεεΔ
515 5563 680 5628 miror,
706 5564 932 5628 quodque
956 5568 1004 5614 in
1028 5566 1110 5615 illo
1133 5566 1320 5618 Graecia
1338 5573 1459 5623 tota,
1484 5584 1506 5609 ν)
1537 5561 1629 5616 etc.

265 5623 336 5684 (ι)
364 5623 569 5674 Gravius
589 5623 815 5674 miseram
839 5623 934 5686 I'egi
954 5628 1110 5688 jubet.

1501 260 1825 316 EPISTULA
1867 261 2106 316 XXXIX.

3352 281 3455 338 £66

1891 376 2070 440 paucis
2099 391 2200 429 non
2227 378 2397 430 dicam
2430 379 2720 446 mensibus,
2761 382 2856 436 sed
2883 384 3089 451 diebus,
3121 388 3191 441 ita
3224 389 3452 445 hebraaas

1888 465 2078 535 imgine
2109 468 2306 520 vicerat
2343 469 2705 538 difticultatcs,
2747 483 2802 525 ut
2847 475 2898 527 iu
2936 475 3206 534 discendis
3245 497 3446 536 canen-

1887 556 2074 626 disque
2120 559 2367 624 Psalmis,
2410 576 2528 614 cum
2561 572 2733 616 matre
2762 572 3126 622 c0ntenderet.
3169 573 3449 630 llumilitas

1887 648 2112 700 vestium
2143 664 2246 702 non
2274 648 2354 716 (ut
2384 649 2436 703 iu
2467 651 2732 720 plerisque
2761 653 2918 723 solet)
2948 665 3208 712 tumentes
3241 665 3468 724 animos,

1886 736 2181 804 arguebat:
2210 737 2305 791 sed
2332 753 2452 792 cum
2482 741 2722 794 interiori
2753 756 2810 794 se
2840 752 3020 797 mente
3043 745 3328 815 dejeccrat,
3363 753 3445 805 in-

1888 835 1968 880 ter
1997 827 2308 881 ancillarum
2351 830 2612 897 virginum
2659 830 2734 902 [In
2775 833 2893 888 aliis
2935 835 3085 888 libris
3139 839 3308 892 vilium
3353 857 3450 910 pro

1885 917 2154 986 virginum,
2189 919 2330 987 quod
2360 929 2412 974 et
2437 920 2661 975 Gravius
2691 922 2896 994 statuit}
2927 925 3125 978 cultum
3153 927 3453 984 dominam-

1885 1020 1989 1072 que
2012 1005 2140 1060 nihil
2173 1009 2425 1072 medium,
2457 1010 2556 1065 nisi
2587 1011 2727 1080 quod
2755 1013 2805 1065 in
2835 1027 2900 1066 eo
2935 1013 3142 1069 facilius
3169 1016 3450 1086 dignosce-

1887 1094 2062 1158 batur,
2093 1098 2231 1165 quod
2258 1099 2548 1166 neglectius
2579 1101 2872 1156 incedebat.
2916 1103 3246 1160 Vacillabaut
3273 1124 3450 1178 :egro-

1887 1189 2087 1242 latione
2135 1204 2385 1259 gressus,
2437 1201 2492 1245 et
2548 1193 2832 1260 pallentem
2892 1210 2956 1250 ac
3016 1206 3328 1254 trementem
3374 1203 3452 1254 la-

1884 1277 2042 1341 ciem,
2089 1281 2178 1330 vix
2216 1279 2411 1335 collum
2467 1290 2623 1336 tenue
2669 1283 2987 1350 sustinebat,
3033 1298 3092 1342 et
3141 1297 3313 1343 ttnnen
3355 1301 3448 1344 aut

1885 1367 2226 1436 Prophetatn,
2254 1380 2345 1425 aut
2374 1372 2715 1441 Evangelium
2754 1390 2967 1444 semper
2997 1377 3048 1432 in
3094 1381 3336 1437 manibus
3362 1391 3444 1436 te-

1885 1457 2061 1510 nebat.
2091 1457 2364 1530 Lacrymis
2407 1475 2501 1516 ora
2539 1463 2892 1530 complentur,
2925 1467 3188 1536 singultus
3225 1483 3450 1540 occupat

1884 1561 2068 1601 vocem
2102 1566 2114 1600 :
2144 1557 2196 1602 et
2222 1548 2509 1604 lmrentem
2539 1552 2789 1622 linguam,
2816 1555 3017 1610 viscera
3043 1570 3310 1614 commota
3340 1577 3445 1615 non

1881 1635 2080 1690 laxant.
2131 1638 2262 1691 Cum
2311 1650 2551 1694 sanctum
2595 1644 2966 1711 corpusculum
3012 1646 3238 1703 febrium
3289 1650 3452 1707 ardor

1880 1737 2224 1794 excoqueret,
2257 1739 2310 1782 et
2335 1731 2666 1786 semianimis
2711 1732 2805 1804 [ιιι.
2835 1737 3149 1811 semianime]
3192 1740 3441 1798 lectulum

1879 1815 2099 1870 vallaret
2121 1817 2352 1872 circulus
2383 1821 2821 1890 propinquorum,
2850 1825 2964 1880 hinc
3001 1839 3240 1883 extrema
3269 1828 3362 1901 [αι.
3390 1834 3444 1887 in

1876 1907 2118 1978 extremo]
2161 1910 2317 1963 verba
2351 1912 2677 1966 mandabat:
2710 1913 2871 1970 Orate
2912 1916 3193 1974 Dominum
3236 1919 3443 1990 Iesum,

1877 2007 1934 2051 ut
1957 1998 2084 2051 mihi
2113 2000 2370 2067 ignoscat.
2403 2002 2522 2070 quia
2565 2002 2788 2072 implere
2828 2022 2932 2059 non
2963 2010 3104 2076 potui
3133 2011 3272 2079 quod
3302 2015 3447 2068 vole-

1875 2087 2016 2143 bam.
2062 2089 2259 2145 Secura
2307 2099 2439 2156 esto,
2492 2093 2563 2146 mi
2621 2095 2847 2149 Blrcsilla
2879 2098 2965 2167 (ι’),
3017 2101 3256 2156 sentiens
3298 2105 3443 2157 onmi

1875 2188 2116 2248 tempore
2154 2181 2468 2235 vestimenta
2511 2192 2597 2236 tua
2641 2185 2889 2238 candida.
2934 2187 3145 2242 Candor
3185 2193 3435 2257 vestium,

1874 2270 2213 2337 sempiterna:
2243 2270 2559 2338 virginitatis
2586 2283 2666 2325 est.
2698 2275 2922 2342 puritas.
2949 2273 3275 2333 Coniidimus
3315 2295 3442 2349 pro-

1874 2357 2001 2412 bare
2024 2373 2147 2413 vera
2169 2374 2285 2413 esse
2311 2375 2428 2427 qua:
2458 2360 2684 2415 dicimus
2715 2380 2728 2416 :
2757 2361 3010 2429 Nunquam
3043 2382 3138 2421 εει·
3162 2381 3282 2423 sera
3303 2383 3440 2424 con-

1872 2450 2068 2504 versio.
2105 2450 2213 2504 Vox
2249 2451 2362 2505 haec
2400 2453 2628 2520 primum
2673 2454 2912 2510 dedicata
2959 2467 3036 2512 est
3082 2458 3135 2512 in
3179 2459 3430 2517 latrone:

1879 2558 1899 2591 ι
1934 2541 2101 2594 Anien
2136 2540 2256 2593 dico
2294 2541 2407 2604 tibi,
2456 2541 2613 2597 hodie
2653 2559 2860 2599 mecum
2908 2547 3092 2600 crisin
3129 2549 3381 2606 Paradiso
3412 2573 3432 2606 ι

1871 2629 2021 2695 (Luc.
2066 2628 2155 2684 23.
2206 2629 2320 2699 45).
2375 2631 2658 2704 Postquam
2690 2646 2866 2690 autem
2898 2637 3104 2693 sarcina
3133 2641 3308 2696 carnis
3336 2643 3434 2697 ab-

1863 2722 2027 2786 jccta.
2058 2721 2122 2776 ad
2149 2737 2302 2778 suum
2331 2725 2504 2778 anima
2529 2727 2785 2780 revolavit
2809 2739 3101 2794 auctorem,
3132 2741 3188 2786 et
3215 2733 3266 2786 in
3293 2736 3434 2787 anti-

1869 2827 2026 2880 quam
2065 2815 2456 2880 possessionem
2499 2815 2588 2868 diu
2631 2819 2964 2887 peregrinata
3011 2824 3343 2886 conscendit,
3369 2841 3436 2879 ex

1871 2920 2020 2958 more
2065 2915 2315 2972 parantur
2363 2907 2622 2974 exequiae,
2664 2917 2718 2961 et
2768 2909 3019 2962 nobilium
3059 2912 3246 2966 ordine
3295 2930 3435 2979 pra:-

1869 3003 2048 3056 eunte,
2081 3008 2296 3049 aureum
2341 2995 2537 3048 feretro
2574 2995 2815 3049 velamen
2848 2997 3173 3053 obtenditur.
3211 3001 3434 3072 Videba-

1871 3093 1956 3137 tur
2004 3084 2132 3138 tnihi
2188 3093 2313 3138 tunc
2359 3087 2591 3139 clamare
2635 3085 2704 3139 de
2745 3085 2884 3141 caelo
2914 3088 3013 3156 (1).
3060 3087 3172 3142 Non
3204 3106 3434 3158 agnosco

1868 3183 2044 3227 vestes
2097 3191 2110 3226 :
2155 3176 2378 3228 amictus
2417 3175 2517 3230 iste
2570 3190 2674 3230 non
2727 3185 2810 3230 est
2860 3193 3009 3231 meus
3041 3196 3052 3229 :
3083 3179 3170 3234 hic
3215 3191 3434 3237 ornatus

1868 3263 2069 3316 alienus
2103 3271 2203 3316 est.

1938 3352 1988 3405 2.
2031 3352 2134 3406 Sed
2166 3351 2291 3420 quid
2320 3352 2563 3421 agimus?
2593 3353 2774 3408 Matris
2803 3354 3117 3422 prohibituri
3148 3359 3432 3432 lacrymas,

1868 3443 1966 3512 ipsi
2015 3445 2328 3512 plangimus.
2369 3445 2639 3500 Confiteor
2683 3447 2900 3502 allectus
2946 3463 3130 3513 meos.
3165 3461 3307 3506 totus
3348 3451 3434 3508 hic

1870 3537 2000 3592 liber
2021 3537 2231 3592 ﬂetibus
2252 3539 2519 3592 scribitur.
2548 3538 2719 3593 Flevit
2744 3549 2797 3594 et
2823 3539 2975 3594 Jesus
3007 3540 3286 3609 Lazarum,
3310 3547 3432 3614 quia

1867 3628 2076 3682 amabat
2105 3628 2250 3682 illum
2281 3627 2458 3698 (Joan.
2485 3629 2596 3698 ll).
2620 3629 2734 3684 Non
2757 3639 2840 3685 est
2862 3631 3090 3701 optimus
3110 3637 3432 3700 consolator,

1867 3735 2023 3788 quem
2052 3720 2248 3788 pr0prii
2273 3721 2490 3775 vincunt
2514 3723 2763 3790 gemitus,
2787 3723 2937 3790 cujus
2957 3725 3247 3780 visceribus
3267 3728 3436 3780 emol-

1869 3810 2011 3874 litis,
2041 3809 2202 3864 fracta
2231 3810 2282 3862 in
2327 3809 2576 3880 lacrymis
2621 3811 2780 3864 verba
2811 3809 3089 3866 desudant.
3122 3814 3330 3878 Testor,
3362 3817 3434 3868 mi

1870 3897 2031 3952 Paula
2051 3939 2067 3962 ,
2098 3897 2278 3952 Jesum
2297 3937 2310 3960 ,
2341 3911 2499 3966 quem
2530 3896 2756 3950 Blaesilla
2801 3912 2938 3952 nunc
2965 3901 3234 3964 sequitur,
3267 3909 3436 3956 testor

1869 3995 2080 4040 sanctos
2113 3985 2364 4054 Angelos,
2386 4000 2608 4054 quorum
2647 3984 2919 4038 consortio
2995 3988 3150 4060 178
3219 3986 3432 4052 fruitur,

1869 4075 2054 4130 eadem
2077 4090 2161 4128 me
2183 4075 2422 4128 dolorum
2450 4075 2652 4144 perpeti
2671 4083 2929 4130 tormenta
2954 4092 3071 4146 qua:
3099 4079 3434 4148 pateris:pa-

1872 4173 2004 4217 trem
2029 4178 2148 4216 esse
2173 4163 2382 4232 spiritu,
2407 4164 2686 4218 nutricium
2716 4165 2954 4230 caritate,
2976 4177 3030 4222 et
3057 4167 3322 4222 interdum
3348 4167 3434 4223 di-

1871 4267 2026 4306 cere:
2049 4270 2067 4302 ι
2092 4251 2275 4304 Pereat
2297 4252 2409 4304 dies
2430 4252 2537 4317 illa,
2566 4253 2618 4307 in
2643 4268 2743 4322 qua
2765 4263 2918 4307 natus
2937 4271 3053 4310 sum
3076 4274 3094 4308 ι
3115 4255 3324 4328 (Jerem.
3341 4259 3432 4312 20.

1872 4343 1984 4411 14).
2011 4343 2095 4406 Et,
2124 4340 2252 4395 «llei
2282 4341 2409 4394 mihi
2437 4351 2626 4422 mater,
2647 4353 2707 4398 ut
2733 4344 2858 4413 quid
2877 4347 3103 4414 genuisti
3131 4363 3218 4402 me
3239 4347 3434 4416 virum,

1872 4431 1950 4502 (g)
1971 4433 2060 4502 qui
2083 4431 2286 4487 dicerer
2303 4431 2589 4487 discrimen
2608 4433 2750 4487 omni
2775 4442 2927 4489 terrae
2952 4455 2971 4487 ι
3001 4435 3159 4506 (Ibid.
3192 4437 3276 4493 l5.
3303 4439 3368 4494 10
3388 4441 3429 4510 ).

1872 4526 1936 4579 Ει
1978 4524 2102 4580 illud
2133 4543 2144 4578 :
2183 4543 2201 4576 ι
2235 4525 2414 4580 Justus
2439 4541 2531 4591 es,
2565 4527 2782 4582 Domine
2803 4567 2819 4592 ,
2848 4541 3207 4586 verumtamen
3239 4532 3435 4602 judicia

1871 4616 2057 4686 loquar
2081 4616 2144 4670 ad
2176 4625 2244 4670 te.
2275 4615 2410 4684 Quid
2440 4617 2695 4688 est,quod
2725 4619 2823 4671 via:
2856 4629 3188 4688 peccatorum
3212 4639 3434 4692 prospe-

1871 4707 2099 4762 rantur?
2142 4726 2160 4759 ι
2205 4707 2273 4762 Et
2294 4749 2309 4773 ,
2345 4726 2364 4761 ι
2397 4707 2494 4762 Mei
2524 4723 2732 4778 quoque
2762 4723 2896 4776 pene
2926 4712 3053 4766 moti
3089 4722 3209 4766 sunt
3239 4713 3396 4792 pedes
3417 4755 3432 4776 ,

1934 4902 2472 4966 (f_)_PericOpen_banc
2491 4902 2695 4966 duorum
2727 4914 2961 4966 versuum
2999 4913 3029 4966 a_
3056 4899 3258 4966 seruiens
3279 4915 3438 4964 usque

1871 4959 2272 5028 conﬁdimusLéx
2306 4963 2609 5028 Cluniacensi
2654 4961 2824 5010 codice
2868 4962 3057 5028 invexit
3092 4959 3435 5028 martianaeiis,

1871 5021 2014 5085 qua'm
2035 5037 2124 5074 nos
2143 5024 2478 5085 Cisterciensis
2497 5057 2512 5080 ,
2543 5022 2847 5082 aliorumque
2867 5021 3064 5082 optima:
3087 5027 3212 5069 nota:
3233 5025 3437 5069 auctori-

1873 5083 1974 5135 tate
1995 5085 2241 5144 impendio
2257 5083 2532 5144 adferimus.

1937 5145 2010 5205 (g)
2045 5139 2218 5193 Multas
2242 5143 2596 5205 exemplarium
2622 5141 2885 5205 varietates
2905 5140 3064 5189 hocin
3099 5139 3205 5205 loco
3227 5142 3436 5205 reperiri

1875 5200 2082 5253 teStatus
2104 5211 2180 5251 est
2214 5210 2327 5250 ante
2350 5200 2443 5250 nos
2460 5201 2696 5263 Reatinus
2722 5200 3006 5263 Episcopus,
3035 5202 3118 5263 qui
3144 5200 3306 5263 tamen
3331 5200 3439 5249 nul-

1876 5264 1969 5311 lam
1993 5263 2243 5322 exhibuit,
2269 5274 2362 5310 nec
2383 5261 2640 5322 quidquam
2657 5260 2824 5322 voluit
2856 5260 3128 5309 immutare.
3156 5263 3210 5310 In
3235 5262 3325 5322 hoc
3356 5275 3437 5309 au-

1877 5331 1976 5373 tem
1998 5321 2104 5384 fere
2127 5321 2436 5384 consentiunt
2479 5321 2537 5368 ea
2571 5321 2748 5384 quibus
2773 5333 2860 5369 nos
2900 5323 3124 5384 utimur,
3153 5329 3208 5371 ut
3250 5321 3434 5384 legant,

1875 5385 1959 5446 qui
1980 5380 2176 5446 judicer
2206 5386 2252 5429 et
2297 5379 2532 5446 deseritur
2553 5379 2682 5430 anuli
2724 5386 2870 5431 terra:
2887 5419 2899 5439 ,
2939 5394 3049 5443 qua:
3092 5381 3273 5432 Graeca;
3302 5379 3438 5444 wprae-

1875 5440 2045 5492 sertim
2087 5440 2471 5506 interpretationi
2514 5447 2630 5503 ἄνδρα
2671 5448 2902 5501 δααζόμινον
2945 5440 3004 5491 tisi
3061 5440 3334 5506 διακρινόμηῆ
3356 5457 3432 5506 ap-

1877 5505 2029 5566 i-rime
2051 5501 2310 5566 cohaerent.

1941 5564 2014 5623 (l)
2047 5562 2320 5629 Acutior-em
2358 5558 2619 5629 lectionem
2665 5568 2804 5611 vocat
2848 5561 3051 5614 Gravius
3090 5565 3210 5615 hanc
3240 5579 3250 5613 :
3284 5583 3304 5611 «
3344 5572 3434 5614 Α·ορ

1879 5621 2079 5687 agnosco
2105 5637 2117 5673 z
2144 5626 2290 5672 vester
2315 5621 2514 5673 amictus
2540 5621 2646 5684 iste,
2669 5636 2759 5674 non
2784 5635 2931 5673 mens.
