4078 6198
631 278 739 334 ιω

629 390 708 462 (α)
739 403 873 456 pene
902 387 1055 444 επιιεί
1085 394 1205 440 sunt
1241 398 1454 453 gressus
1484 381 1606 435 mei.
1637 381 1766 448 Quia
1799 381 1964 435 zelavi
1996 382 2047 434 in
2078 395 2197 449 pec-

628 481 898 535 catoribus
921 520 934 542 ,
965 493 1145 548 pacem
1175 486 1511 545 peccatorum
1543 474 1747 527 videns.
1782 474 1846 526 Et
1876 473 1986 526 disi
2017 491 2030 523 :
2059 472 2200 538 Quo-

633 570 796 623 modo
821 569 1064 636 cognovit
1107 565 1243 618 Deus
1266 605 1280 627 ,
1313 572 1366 616 et
1406 563 1449 616 si
1495 572 1577 616 est
1619 565 1838 616 scientia
1870 563 1921 614 in
1951 561 2201 614 excelso?

633 657 772 712 Ecce
801 657 896 724 ipsi
925 663 1231 724 peccatores
1258 662 1312 706 et
1352 651 1684 706 abundantes
1715 654 1765 705 in
1793 654 1989 705 srculo
2015 692 2027 713 ,
2060 653 2168 703 obti
2187 683 2199 691 -

629 753 860 801 nuerunt
902 744 1133 797 divitias.
1164 760 1183 793 ι
1223 742 1329 796 Sed
1375 757 1558 796 rursus
1607 743 1735 795 illud
1778 744 2051 796 occnnit:
2092 760 2110 791 ι
2145 740 2200 794 Si

627 849 914 890 narravero
953 835 1068 899 sic,
1109 849 1235 888 ecce
1278 836 1676 903 generationem
1719 835 1947 888 ﬁliorum
1990 845 2200 887 tuorum

626 926 1006 996 praevaricatus
1054 939 1192 979 sum.
1230 945 1249 977 ι
1283 925 1527 994 Nunquid
1555 936 1608 980 et
1647 927 1700 979 in
1730 941 1902 979 meam
1933 934 2163 978 mentem
2184 965 2199 986 ,

624 1031 730 1069 non
774 1015 860 1069 hic
901 1016 1097 1083 sapius
1125 1014 1316 1068 ﬂuctus
1354 1015 1619 1069 illiditur?
1641 1031 1804 1084 quare
1831 1030 1989 1068 senes
2020 1015 2197 1082 impii,

623 1105 806 1158 saeculi
831 1105 1030 1159 divitiis
1059 1104 1438 1174 perfruuntur?
1458 1121 1623 1175 quare
1649 1107 2004 1160 adolescentia
2034 1106 2201 1167 rudis,

623 1205 680 1249 et
725 1197 840 1250 sine
887 1205 1105 1264 peccato
1150 1196 1411 1266 pueritia,
1452 1197 1734 1250 immaturo
1775 1196 1906 1250 ﬁorc
1953 1195 2205 1250 metitur?

625 1284 750 1352 quid
778 1299 954 1338 causa:
987 1294 1089 1350 est,
1122 1294 1178 1338 ut
1204 1301 1345 1353 saepe
1371 1285 1574 1349 bimuli,
1604 1285 1911 1352 trimulique
1954 1295 2007 1340 et
2043 1286 2204 1338 ubera

627 1384 864 1428 materna
898 1376 1151 1429 lactentes
1184 1390 1213 1429 a
1242 1375 1508 1430 darmonio
1540 1377 1918 1444 corripiantur,
1959 1377 2205 1445 replean-

629 1474 716 1518 tur
756 1465 897 1534 lepra
924 1505 940 1530 ,
965 1468 1157 1520 morbo
1195 1468 1341 1536 regio
1379 1467 1738 1532 devorentur,
1779 1476 1832 1520 et
1870 1483 1900 1520 e
1936 1468 2207 1520 contrario

628 1556 799 1625 impii,
832 1556 1079 1621 adulteri,
1110 1557 1408 1622 homicidae,
1441 1559 1704 1626 sacrilegi,
1735 1561 1903 1628 vegcti
1941 1568 2098 1627 atque
2124 1571 2208 1612 se-

628 1649 741 1704 curi
769 1649 835 1702 de
862 1664 956 1703 sua
987 1650 1234 1714 sanitate,
1265 1651 1317 1703 in
1349 1651 1512 1704 Deum
1540 1649 1946 1718 blasphement?
1974 1649 2207 1702 Pr:rSer-

630 1738 726 1791 tim
764 1752 884 1790 cum
934 1738 1185 1806 injustitia
1226 1740 1392 1806 patris
1437 1755 1540 1792 non
1581 1739 1842 1792 redundet
1883 1739 1950 1792 ad
1997 1739 2160 1791 ﬁlium
2194 1755 2207 1791 :

633 1834 689 1879 et
711 1828 883 1880 anima
907 1843 1023 1896 qua:
1049 1830 1365 1898 peccaverit,
1392 1830 1503 1898 ipsa
1534 1832 1810 1883 moriatur.
1838 1830 1939 1882 Aut
1962 1832 2005 1883 si
2034 1839 2210 1882 manet

635 1925 788 1969 vetus
814 1917 902 1970 illa
928 1919 1213 1982 sententia,
1246 1928 1457 1986 peccata
1487 1928 1693 1988 patrum
1725 1921 1775 1973 in
1804 1919 1937 1972 ﬁlios
1965 1930 2210 1987 oportere

635 2008 838 2062 restitui
866 2006 1056 2074 (Exod.
1089 2009 1203 2077 55),
1233 2010 1467 2079 iniquum
1498 2011 1564 2064 sit
1592 2011 1817 2080 longtevi
1849 2013 2011 2080 patris
2054 2013 2207 2063 imm-

633 2109 781 2149 mera
805 2096 1074 2150 delicta-in
1106 2099 1444 2152 innocentem
1474 2099 1752 2154 infantiam
1780 2116 2116 2171 repensaret
2146 2101 2211 2154 Et

633 2185 742 2239 dixi
773 2203 786 2237 :
818 2185 956 2255 Ergo
1000 2188 1114 2240 sine
1156 2201 1314 2241 causa
1350 2190 1633 2258 justifiravi
1665 2206 1758 2244 cor
1783 2207 1960 2244 meum
1983 2233 1996 2255 ,
2030 2201 2081 2243 et
2109 2191 2209 2245 lavi

633 2276 777 2330 inter
802 2277 1114 2332 innocentes
1143 2294 1334 2332 manus
1369 2296 1517 2334 meas
1547 2299 1560 2334 :
1587 2290 1641 2334 et
1671 2280 1841 2334 factus
1879 2296 1997 2334 sum
2028 2281 2208 2349 ﬁngi-l-

634 2366 772 2421 latus
796 2377 901 2422 tota
937 2369 1023 2423 dic
1059 2389 1077 2422 ι
1118 2369 1236 2437 (Ps.
1266 2371 1355 2425 72.
1388 2373 1473 2427 15.
1501 2373 1612 2442 ﬂ).
1645 2373 1748 2428 Sed
1779 2389 1900 2427 cum
1929 2374 2040 2428 haec
2069 2375 2210 2444 cogi-

635 2465 828 2522 tarem,
859 2461 1038 2513 statim
1059 2461 1219 2514 didici
1245 2477 1364 2514 cum
1398 2462 1657 2531 Propheta
1687 2481 1700 2516 :
1732 2482 1750 2516 ‹
1789 2463 1856 2517 Ει
1883 2465 2127 2532 suscepi,
2158 2475 2213 2517 ut

635 2561 1020 2616 cognoscerem
1052 2569 1064 2602 :
1097 2551 1182 2604 hic
1211 2551 1362 2605 labor
1381 2561 1463 2606 est
1489 2554 1540 2606 in
1563 2564 1850 2622 conspectu
1879 2570 2018 2619 meo,
2043 2554 2212 2608 donec

635 2637 904 2703 ingrediar
929 2645 1285 2694 sanctuarlnm
1310 2641 1425 2706 Dei,
1450 2650 1506 2695 et
1532 2643 1825 2712 intelligam
1848 2644 1898 2697 in
1925 2645 2212 2697 novissima

633 2740 822 2781 eorum
847 2727 1119 2798 »(Ιὸίάεηι,
1138 2747 1184 2783 v.
1207 2732 1312 2799 16).
1336 2749 1353 2781 r
1381 2730 1586 2785 Judicia
1603 2732 1741 2785 enim
1764 2732 1970 2786 Domini
1992 2733 2214 2802 abyssns

635 2817 822 2872 multa.
855 2838 874 2870 ι
902 2819 995 2880 Ει,
1032 2838 1051 2871 σ
1096 2819 1142 2876 Ο
1182 2823 1500 2890 profundum
1529 2823 1829 2876 divitiarum
1861 2824 2135 2892 sapientiae
2161 2834 2216 2879 et

635 2908 875 2962 scicntia:
916 2910 1045 2975 Dei,
1077 2927 1232 2979 quam
1278 2913 1636 2966 inscrutabilia
1675 2924 1796 2967 sunt
1836 2913 2031 2982 judicia
2061 2915 2174 2982 ejus
2199 2956 2213 2978 ,

635 3007 692 3054 et
711 2999 784 3067 (ὁ)
808 3002 1201 3072 investigabiles
1231 3005 1328 3058 vite
1357 3004 1505 3072 ejus!
1539 3024 1556 3055 ι
1583 3004 1757 3075 (Rom.
1781 3005 1865 3058 Η.
1895 3006 2008 3074 55.)
2040 3004 2216 3059 Bonus

636 3099 720 3145 est
743 3091 900 3157 Deus,
925 3103 978 3148 et
999 3095 1177 3148 omnia
1199 3110 1317 3164 qua:
1347 3095 1516 3149 bonus
1537 3095 1678 3160 facit,
1709 3095 1843 3148 bona
1869 3096 1975 3150 sint
1998 3111 2216 3150 neCesse

637 3191 741 3236 est.
765 3183 935 3238 Mariti
965 3186 1164 3240 orbitas
1189 3187 1475 3256 irrogatur,
1501 3186 1694 3256 plango
1713 3185 1851 3255 quod
1874 3186 2084 3240 accidit.
2112 3184 2215 3240 Sed

636 3273 759 3341 quia
791 3275 869 3327 sic
900 3274 1068 3341 placet
1101 3275 1344 3339 Domino,
1375 3291 1528 3345 :equo
1607 3278 1763 3348 179
1831 3277 2012 3331 animo
2052 3278 2216 3330 susti-

640 3363 800 3418 nebo.
821 3364 1018 3420 Unicus
1040 3375 1220 3435 raptus
1246 3378 1328 3420 est
1354 3368 1519 3430 ﬁlius;
1549 3367 1738 3421 durum
1766 3367 2001 3432 quidem,
2021 3367 2115 3420 sed
2140 3378 2218 3421 to-

643 3453 880 3515 lerabile,
901 3457 1021 3523 quia
1049 3456 1262 3510 sustulit
1282 3456 1388 3518 ille,
1407 3457 1496 3526 qui
1520 3456 1761 3510 dederat.
1781 3457 1834 3512 Si
1853 3473 2024 3512 caecus
2045 3457 2212 3519 fuero,

644 3543 800 3596 amici
829 3558 916 3598 me
943 3544 1100 3598 lectio
1123 3545 1504 3599 consolabitur.
1527 3546 1581 3600 Si
1608 3545 1845 3600 auditum
1873 3562 2081 3616 quoque
2097 3561 2217 3601 sur-

645 3633 728 3688 da:
754 3649 912 3689 aures
935 3635 1262 3705 negaverint,
1289 3635 1488 3690 vacabo
1508 3650 1537 3688 a
1561 3636 1703 3688 vitiis
1729 3651 1742 3690 :
1769 3636 1897 3689 nihil
1927 3637 2089 3700 aliud,
2114 3637 2216 3690 nisi

642 3725 927 3780 Dominum
971 3724 1236 3795 cogitabo.
1276 3724 1580 3780 lmminebit
1629 3739 1789 3794 super
1831 3725 1945 3779 tunc
1988 3735 2042 3779 et
2085 3725 2214 3778 dura

646 3814 926 3884 pauperies
949 3855 964 3880 ,
994 3814 1162 3885 frigus
1185 3853 1200 3877 ,
1233 3815 1487 3885 languor,
1533 3824 1588 3869 et
1633 3813 1884 3879 nudilas;
1924 3824 2216 3869 extremam

642 3905 964 3974 exspectabo
978 3914 1223 3967 mortem.
1239 3913 1292 3958 et
1310 3904 1473 3959 breve
1491 3905 1686 3974 putabo
1704 3904 1921 3971 malum,
1940 3904 2079 3974 quod
2101 3906 2220 3959 finis

646 3995 836 4048 melior
873 3995 1244 4064 subsequatur.
1286 3993 1700 4050 Consideremus
1736 3994 1861 4064 quid
1893 3994 2098 4048 ethicus
2130 3995 2220 4048 ille

645 4084 888 4140 Psalmns
914 4093 1069 4138 sonet
1093 4102 1106 4138 :
1136 4101 1154 4134 ι
1186 4083 1368 4139 Justus
1391 4098 1470 4150 es,
1503 4085 1746 4151 Domine,
1770 4093 1824 4140 et
1851 4093 2052 4138 rectum
2077 4083 2220 4149 judi-

643 4177 784 4230 cium
817 4185 962 4229 tuum
992 4194 1011 4227 ο
1043 4175 1212 4245 (Psal.
1239 4177 1389 4247 H8).
1414 4176 1525 4232 lloc
1553 4193 1657 4231 non
1691 4186 1861 4247 potest
1887 4177 2086 4240 dicere,
2118 4177 2218 4230 nisi

644 4265 734 4319 ille
753 4306 769 4331 ,
795 4266 884 4334 qui
913 4265 979 4320 ad
1009 4267 1252 4322 universa
1281 4282 1399 4340 qum
1443 4268 1661 4337 patitur,
1693 4267 1996 4337 magnificat
2037 4267 2217 4320 Domi-

645 4372 774 4411 num
797 4398 811 4422 ,
841 4366 895 4411 et
931 4371 1028 4413 suo
1057 4358 1248 4412 merito
1277 4359 1580 4428 imputans,
1623 4359 1674 4413 in
1716 4358 1956 4412 adversis
1996 4357 2063 4412 de
2103 4358 2221 4426 ejus

647 4445 927 4500 clementia
955 4447 1231 4516 gloriatur.
1262 4448 1642 4502 Exultaverunt
1667 4448 1810 4501 enim
1839 4447 1961 4502 ﬁlize
1985 4447 2136 4501 Judte
2168 4449 2219 4500 in

643 4536 894 4592 omnibus
917 4537 1133 4606 judiciis
1161 4538 1391 4593 Domini.
1419 4537 1475 4592 Si
1500 4537 1658 4602 Juda,
1689 4539 1936 4612 confessio
1963 4539 2223 4606 interpre-

642 4637 786 4684 tatur
819 4643 832 4681 :
861 4629 1126 4684 conﬁtens
1153 4638 1331 4684 autem
1360 4629 1535 4684 omnis
1575 4629 1751 4688 anima
1791 4629 2064 4684 credentis
2090 4639 2171 4684 est
2205 4648 2218 4684 :

643 4735 867 4777 necesse
891 4730 972 4776 est
995 4760 1012 4786 ,
1045 4728 1104 4774 ut
1129 4721 1222 4789 qui
1262 4734 1320 4775 se
1366 4720 1586 4775 credere
1626 4719 1754 4774 dicit
1793 4720 1844 4773 in
1881 4719 2096 4774 Christo
2119 4763 2134 4786 ,
2168 4723 2220 4776 in

640 4810 892 4866 omnibus
921 4810 1120 4865 Christi
1143 4808 1358 4880 judiciis
1385 4809 1631 4880 gaudeat.
1663 4811 1835 4863 Sanus
1859 4823 1996 4871 sum,
2025 4811 2223 4878 gratias

641 4902 820 4957 refero
845 4899 1104 4956 Creatori.
1136 4900 1424 4971 Langueo,
1465 4908 1519 4954 et
1564 4899 1615 4954 in
1663 4898 1765 4953 hoc
1810 4899 1968 4952 laudo
2012 4899 2221 4954 Domini

643 4995 990 5050 voluntatem.
1023 5011 1042 5046 s
1077 4993 1298 5061 Quando
1325 4992 1471 5048 enim
1497 4993 1760 5056 intirmor,
1793 5000 1919 5046 tunc
1949 4991 2098 5045 fortis
2125 4990 2195 5062 [al

643 5083 844 5158 fortior]
867 5100 985 5140 sum
1015 5101 1034 5137 ι
1069 5086 1141 5156 (2.
1169 5085 1287 5140 Cor.
1315 5083 1402 5154 i2)
1427 5100 1440 5148 ;
1465 5093 1519 5138 et
1541 5084 1706 5138 virtus
1731 5081 1950 5152 spiritus
1972 5082 2024 5136 in
2046 5083 2223 5136 carnis

645 5176 956 5230 infirmitate
1007 5175 1294 5244 perficitur.
1345 5173 1548 5232 Patitur
1593 5183 1648 5230 et
1694 5172 1981 5244 Apostolus
2024 5173 2223 5241 aliquid

714 5357 775 5420 (α)
815 5355 935 5420 Haec
965 5372 988 5404 ι
1010 5369 1137 5420 pene
1162 5354 1303 5404 effusi
1341 5362 1451 5420 sunt
1480 5351 1842 5420 gressusmei;
1863 5351 1983 5420 quia
1998 5348 2161 5420 zelavi
2177 5351 2225 5406 in

650 5411 1056 5481 peccatoribus,'s
1095 5417 1271 5481 absunt
1306 5429 1334 5462 a
1372 5413 1616 5481 plerisque
1652 5414 1765 5463 Mss.
1809 5411 2082 5481 Codicibus.
2121 5411 2227 5460 Nec

651 5473 785 5538 pauci
809 5473 1002 5538 habent:
1013 5476 1152 5538 paulo
1178 5476 1307 5538 infra
1334 5473 1588 5538 νέρνρικῂοἱΔ
1606 5488 1692 5536 pro
1719 5473 2065 5538 prwvaricattts
2099 5484 2223 5522 sum.

714 5535 786 5596 (ὁ)
811 5533 1201 5596 Αιιωαδὶὶὶεξιιὰυω
1239 5533 1659 5596 ininuestigabiies,
1699 5533 2104 5596 Quemadmodum
2123 5567 2142 5596 ,ν
2175 5539 2229 5580 ut

654 5594 775 5657 nihil
793 5594 1092 5657 dicamusde
1115 5595 1284 5657 Graeco
1308 5594 1466 5657 tegi-tu,
1491 5594 1806 5657 ἀπειρίας-τάμε
1827 5601 1924 5657 ᾄδοι,
1948 5594 2055 5654 ipse
2081 5595 2226 5646 etiam

657 5652 791 5702 llier.
818 5665 960 5716 supra
983 5651 1138 5715 Eptst.
1161 5655 1216 5702 2|
1266 5654 1324 5702 ad
1348 5653 1537 5704 Damae.
1565 5651 1612 5704 n'.
1638 5655 1715 5704 59.
1743 5655 1886 5715 legit.

1929 267 2167 321 SANCTI
2207 266 2579 320 ΙΙΞΕΙίΟΧΥΗΙ

3786 276 3893 329 468

2307 380 2447 448 quod
2489 395 2593 433 non
2624 379 2768 445 vult,
2802 394 2899 448 pro
2936 395 3043 450 quo
3089 391 3170 436 ter
3215 382 3495 436 Dominum
3542 384 3890 453 deprecatur.

2307 470 2409 525 Sed
2438 471 2632 526 dicitur
2659 473 2707 527 ei
2738 489 2751 526 ;
2781 490 2800 523 ι
2835 472 3041 528 Sufﬁcit
3070 474 3161 528 tibi
3187 476 3354 544 gratia
3384 491 3498 528 mea
3524 492 3538 537 ;
3569 477 3692 545 quia
3723 477 3895 532 virtus

2309 561 2364 614 in
2392 561 2697 616 inﬁrmitate
2726 563 2995 631 perficitur
3023 581 3041 612 ι
3069 562 3143 632 (2.
3175 563 3292 617 Cor.
3330 563 3412 616 l2.
3442 564 3497 632 9)
3523 581 3538 627 ;
3567 574 3621 618 et
3644 565 3713 619 ad
3739 581 3896 620 reve-

2309 649 2564 703 lationum
2612 650 2992 705 humiliandam
3032 652 3369 722 superbiam,
3412 655 3647 707 monitor
3671 655 3892 724 quidam

2312 740 2557 794 humana!
2599 741 2981 797 imbecillitatis
3019 744 3335 813 apponitur,
3384 744 3436 798 in
3482 745 3890 801 similitudinem

2311 829 2771 896 triumphantium,
2804 832 2881 900 (Ι)
2910 831 3101 901 quibus
3132 833 3185 886 in
3215 848 3374 888 curru
3414 843 3560 888 retro
3584 850 3768 890 comes
3797 837 3894 891 ad-

2312 916 2545 970 hrerebat
2574 934 2667 986 per
2694 920 2932 990 singulas
2956 921 3367 976 acclamationes
3395 923 3588 978 civium
3609 965 3625 991 ,
3654 924 3843 982 dicens
3875 944 3890 980 :

2311 1006 2591 1062 Hominem
2622 1021 2671 1064 te
2694 1026 2814 1064 esse
2839 1023 3127 1065 memento.

2382 1100 2431 1152 5.
2465 1099 2573 1153 Cur
2598 1112 2773 1154 autem
2801 1101 2992 1154 durum
3020 1103 3121 1167 sit,
3153 1102 3294 1171 quod
3332 1103 3651 1174 quandoque
3687 1106 3895 1173 patien-

2310 1187 2436 1241 dum
2461 1191 2580 1242 est?
2601 1199 2655 1242 et
2674 1205 2768 1243 cur
2794 1190 3038 1244 dolemus
3060 1207 3378 1261 quemquam
3403 1203 3668 1248 mortuum
3685 1197 3710 1248 ?
3731 1197 3807 1264 (ε)
3825 1197 3893 1251 ad

2313 1278 2413 1332 hoc
2453 1281 2594 1333 enim
2640 1282 2747 1334 nati
2803 1297 2909 1334 non
2953 1297 3178 1348 sumus,
3223 1292 3281 1337 ut
3326 1299 3635 1339 maneamus
3680 1291 3890 1342 aeterni.

2311 1373 2603 1438 Abraham,
2631 1374 2859 1444 Moyses,
2888 1375 3070 1439 Isaias,
3101 1375 3310 1439 Petrus,
3352 1376 3600 1439 Jacobus,
3629 1377 3888 1441 Joannes,

2313 1463 2508 1516 Paulus
2528 1465 2800 1517 electionis
2829 1479 2937 1527 vas,
2969 1475 3022 1519 et
3046 1481 3209 1534 super
3233 1467 3409 1519 omnia
3441 1465 3605 1520 Filius
3632 1467 3746 1531 Dei,
3773 1483 3889 1520 mo-

2314 1555 2447 1608 ritur
2474 1571 2489 1609 :
2521 1565 2574 1608 et
2602 1569 2701 1608 nos
2729 1555 3087 1625 indignamur,
3120 1556 3348 1624 aliquem
3377 1557 3522 1611 exire
3547 1556 3615 1611 de
3640 1571 3887 1626 corpore,

2313 1647 2400 1713 qui
2428 1645 2492 1698 ad
2521 1645 2621 1699 hoc
2649 1647 2868 1699 lbrsitan
2914 1657 3097 1714 raptus
3135 1656 3250 1712 est,
3284 1665 3302 1697 ι
3337 1663 3402 1700 ne
3429 1647 3629 1700 malitia
3661 1655 3889 1700 mutaret

2315 1736 2638 1788 intellectum
2680 1736 2829 1804 ejus?
2866 1735 3060 1789 Placita
3094 1737 3235 1789 enim
3269 1745 3384 1790 erat
3415 1736 3523 1789 Deo
3551 1738 3722 1789 anima
3751 1737 3886 1805 ejus.

2317 1825 2537 1892 I’mpter
2565 1826 2665 1879 hoc
2687 1827 2990 1894 properavit
3012 1825 3240 1880 educere
3268 1841 3385 1880 eam
3409 1825 3477 1880 de
3499 1826 3670 1878 media
3700 1826 3890 1893 iniqui-

2317 1924 2423 1968 tate
2452 1935 2469 1967 ι
2498 1916 2652 1987 (Sap.
2677 1917 2755 1983 4),
2782 1933 2847 1969 ne
2878 1917 3035 1986 longo
3060 1918 3180 1968 vitae
3213 1918 3400 1971 itinere
3422 1916 3514 1988 [al.
3546 1917 3697 1987 longa
3718 1917 3888 1971 vitain

2314 2005 2532 2076 itinere],
2564 2007 2732 2061 deviis
2761 2008 3040 2061 oberraret
3075 2007 3419 2061 anfractibus.
3452 2007 3714 2076 Lugeatur
3747 2022 3888 2060 mor-

2317 2107 2471 2159 tuus;
2504 2097 2597 2150 sed
2631 2097 2719 2150 ille
2740 2113 2897 2166 quem
2926 2097 3167 2166 gehenna
3200 2097 3442 2167 suscipit,
3473 2113 3629 2166 quem
3658 2107 3888 2150 tartarus

2315 2185 2576 2250 devorat,
2636 2188 2688 2240 in
2740 2189 2892 2255 cujus
2946 2201 3157 2256 poenam
3213 2197 3448 2241 aeternus
3525 2187 3681 2258 180
3754 2186 3886 2256 ignis

2316 2286 2521 2332 aestuat.
2551 2278 2677 2340 Nos,
2702 2293 2927 2347 quorum
2960 2282 3159 2333 exitum
3185 2280 3507 2348 Angelorum
3541 2281 3691 2332 turba
3723 2279 3886 2332 comi-

2318 2379 2475 2448 tatur,
2500 2369 2689 2437 quibus
2711 2369 2917 2422 obviam
2945 2369 3187 2424 Christus
3207 2370 3456 2431 occurrit,
3472 2386 3753 2439 gravemur
3777 2385 3884 2423 ma-

2315 2459 2415 2525 gis.
2444 2459 2488 2511 si
2512 2459 2710 2512 diutius
2740 2460 2790 2513 in
2822 2461 3162 2514 tabernaculo
3207 2462 3309 2514 isto
3339 2461 3526 2514 mortis
3567 2461 3880 2515 habitemus.

2317 2550 2445 2614 Quia
2472 2550 2720 2620 quamdiu
2751 2551 2836 2604 hic
2864 2566 3133 2604 moramur
3151 2593 3166 2615 ,
3197 2551 3598 2620 peregrinantur
3619 2567 3646 2603 a
3669 2551 3887 2604 Domino

2319 2642 2512 2710 (LCor
2546 2642 2620 2710 5).
2639 2641 2751 2707 Illa,
2772 2642 2859 2695 illa
2878 2657 2976 2696 nos
2991 2641 3183 2710 cupido
3201 2650 3378 2696 teneat
3402 2659 3414 2694 :
3437 2659 3456 2691 ι
3486 2641 3580 2694 Hei
3604 2640 3884 2708 mihi,qnia

2319 2732 2672 2801 peregrinatio
2690 2747 2806 2786 mea
2826 2731 3134 2800 prolongata
3148 2742 3231 2786 est
3246 2745 3276 2784 a
3294 2747 3398 2796 me,
3416 2730 3644 2784 habitari
3665 2746 3784 2785 cum
3809 2732 3887 2782 ha-

2321 2823 2606 2876 bitantibus
2623 2823 2812 2887 Cedar,
2838 2822 3061 2875 multum
3087 2822 3421 2891 peregrinata
3442 2821 3712 2876 estanima
3729 2837 3840 2874 mea
3865 2839 3882 2871 ι

2321 2911 2525 2982 (PsaM
2539 2910 2647 2982 l9).
2666 2911 2719 2966 Si
2742 2912 2931 2976 Cedar,
2950 2911 3165 2964 tenebrat
3183 2920 3326 2976 sunt,
3339 2921 3393 2966 et
3415 2910 3642 2965 mundus
3660 2911 3758 2964 istc
3772 2921 3889 2964 sunt

2323 3007 2554 3060 tenebrae
2577 3021 2591 3068 ;
2618 3005 2736 3074 quia
2768 3003 2858 3057 lux
2888 3004 3028 3058 lucet
3059 3004 3110 3058 in
3144 3003 3412 3068 tenebris,
3449 3013 3504 3056 et
3538 3002 3753 3057 tenebrae
3785 3019 3888 3055 eam

2320 3115 2420 3151 non
2445 3096 2922 3167 comprehenderunt
2949 3094 3128 3166 (locu.
3164 3096 3214 3148 t.
3247 3096 3324 3164 5),
3356 3094 3624 3148 faveamus
3651 3093 3888 3147 Blmsillac

2322 3197 2544 3251 nostrze,
2570 3202 2688 3256 quae
2715 3186 2782 3240 de
2813 3185 3046 3240 tenebris
3074 3185 3319 3255 migravit
3346 3183 3412 3238 ad
3442 3184 3640 3248 lucem,
3673 3193 3728 3237 et
3757 3183 3889 3236 inter

2323 3277 2446 3333 ﬁdei
2470 3277 2767 3346 incipientis
2792 3276 3059 3341 ardorem,
3079 3277 3430 3330 consummati
3455 3277 3633 3344 operis
3659 3275 3889 3342 percepit

2321 3386 2595 3426 coronam.
2627 3370 2829 3425 Revera
2869 3370 2914 3424 si
2954 3369 3211 3424 smculare
3245 3367 3605 3432 desiderium;
3632 3375 3722 3432 et,
3753 3367 3887 3436 quod

2325 3464 2462 3516 Deus
2494 3477 2522 3513 a
2562 3462 2672 3515 suis
2713 3468 2950 3523 avertat,
2980 3459 3198 3514 delicias
3224 3459 3347 3512 vita:
3377 3458 3534 3526 hujus
3571 3458 3887 3525 cogitantem

2324 3567 2469 3607 mors
2515 3552 2792 3605 immatura
2833 3550 3130 3621 rapuisset,
3163 3548 3462 3618 plangenda
3493 3557 3640 3613 erat,
3669 3557 3724 3602 et
3751 3547 3888 3601 omni

2324 3642 2675 3714 lacrymarum
2708 3641 2851 3695 fonte
2892 3640 3167 3710 ploranda.
3196 3639 3345 3693 Nunc
3389 3652 3516 3693 vero
3543 3653 3689 3700 cum,
3716 3639 3890 3708 propi-

2325 3734 2398 3786 tio
2429 3733 2678 3797 Christo,
2721 3742 2842 3786 ante
2881 3740 3108 3800 quatuor
3152 3731 3320 3785 ferme
3369 3744 3615 3792 menses,
3660 3730 3890 3783 secundo

2324 3821 2552 3892 quodam
2589 3821 2748 3876 modo
2791 3821 3044 3892 propositi
3093 3835 3153 3875 se
3193 3821 3457 3888 baptismo
3485 3820 3693 3884 laverit,
3731 3829 3785 3874 et
3824 3821 3887 3872 ita

2324 3913 2574 3982 deinceps
2594 3913 2805 3977 vixerit,
2830 3920 2889 3966 ut
2909 3911 3113 3966 calcato
3139 3910 3360 3975 mundo,
3391 3924 3606 3979 semper
3631 3920 3890 3963 monasteo

2324 4007 2460 4061 rium
2487 4006 2765 4076 cogitarit,
2793 4020 2898 4058 non
2929 4004 3164 4069 vereris,
3203 4017 3270 4058 ne
3309 4003 3401 4057 tibi
3432 4001 3676 4056 Salvator
3713 4000 3848 4054 dicat
3874 4017 3886 4054 :

2325 4099 2574 4154 Irasceris
2594 4139 2608 4162 ,
2642 4097 2802 4153 Paula
2823 4139 2838 4161 ,
2873 4096 2994 4158 quia
3027 4105 3111 4150 tua
3152 4095 3255 4148 ﬁlia
3278 4135 3293 4158 ,
3325 4109 3441 4148 mea
3475 4092 3611 4148 facta
3643 4100 3728 4162 est
3756 4091 3888 4144 ﬁlia?

2326 4191 2616 4260 indignaris
2643 4190 2711 4244 de
2744 4188 2945 4259 judicio
2972 4202 3112 4251 meo,
3137 4196 3192 4240 et
3217 4185 3502 4240 rebellibus
3542 4183 3787 4254 lacrymis
3815 4179 3888 4234 fa-

2324 4283 2400 4337 cis
2430 4282 2510 4353 (d)
2555 4280 2804 4335 invidiam
2837 4279 3166 4349 possidenti?
3194 4278 3311 4334 Scis
3353 4277 3494 4332 enim
3537 4276 3663 4345 quid
3705 4273 3773 4329 de
3809 4281 3888 4333 te.

2325 4373 2451 4443 quid
2484 4372 2550 4426 de
2590 4371 2801 4426 czeteris
2842 4371 2945 4424 tuis
2984 4370 3232 4439 cogitem.
3263 4367 3447 4421 Cibum
3497 4367 3590 4422 tibi
3632 4366 3889 4434 denegas.

2327 4482 2430 4518 non
2456 4464 2776 4533 jejuniorum
2809 4461 3015 4526 studio,
3047 4461 3140 4516 sed
3169 4461 3390 4515 doloris.
3423 4459 3540 4514 Non
3572 4476 3694 4512 amo
3721 4458 3892 4526 frugao

2326 4555 2526 4608 litatem
2559 4554 2733 4606 istam.
2763 4551 2970 4620 Jejunia
2999 4552 3119 4612 ista,
3149 4550 3439 4604 adversarii
3468 4549 3568 4603 tnei
3598 4558 3739 4604 sunt.
3764 4547 3898 4602 Νυιο

2328 4659 2430 4698 ιλιι
2476 4657 2673 4696 Ακιιιλιι
2716 4641 2945 4710 recipio,
2988 4655 3108 4710 qua:
3157 4655 3242 4694 me
3281 4639 3531 4704 nolente,
3567 4646 3842 4707 separatur
3869 4652 3896 4688 a

2327 4749 2569 4800 Corpore.
2606 4732 2764 4786 Tales
2805 4731 2961 4785 stulta
3021 4731 3354 4801 philosophia
3386 4731 3578 4785 habeat
3604 4738 3897 4799 martyres,

2330 4825 2523 4878 habeat
2550 4822 2621 4891 (e)
2648 4821 2946 4886 Zenonem,
2981 4821 3320 4876 Cleobrotum
3344 4862 3358 4886 ,
3387 4821 3474 4875 vel
3501 4819 3773 4873 Catonem.
3804 4819 3900 4872 Su-

2330 4929 2426 4982 per
2474 4912 2674 4966 nullum
2719 4911 3004 4982 requiescit
3041 4910 3260 4980 spiritus
3303 4924 3486 4973 meus,
3533 4907 3631 4960 nisi
3674 4923 3694 4956 ι
3742 4919 3901 4975 super

2395 5105 2688 5168 (c)_Absqu_e
2709 5103 2921 5166 negandi
2946 5103 3195 5168 particula,
3213 5103 3304 5168 sub
3329 5098 3722 5168 interrogationis
3744 5103 3901 5168 tamen

2334 5158 2924 5229 noia'glegit'Martia'nzeus
2946 5158 3055 5212 eum
3077 5158 3362 5229 quibusdam
3377 5158 3552 5229 editis.
3577 5158 3729 5229 Nobis
3750 5159 3898 5220 potior

2334 5178 2444 5216 nota
2475 5178 2599 5228 legit
2622 5178 2924 5214 maruanzeus
2946 5178 3055 5212 eum
3113 5178 3362 5212 utDusuam
3390 5178 3552 5209 catus.
3577 5178 3706 5207 t‘OUlJ

2334 5237 2416 5296 est
2433 5227 2547 5296 Mss.
2572 5227 2846 5296 auctoritas,
2871 5239 3021 5296 quam
3041 5178 3186 5296 etiam
3208 5223 3450 5273 Victorius
3473 5219 3706 5281 praetulit.

2420 5290 2474 5352 τι)
2500 5288 2666 5352 _An_tea
2690 5293 2796 5352 erat
2816 5285 2936 5348 facis
2951 5285 3195 5352 iniurium.
3629 5342 3658 5352 Δ.
3717 5341 3728 5351 .

2419 5337 2471 5410 ιι)
2500 5337 2562 5394 Ην
2585 5350 2688 5396 tres
2709 5347 2799 5395 sibi
2816 5337 3010 5396 'manus'
3042 5348 3259 5408 injecere
3276 5381 3288 5402 ,
3313 5355 3521 5404 quorum
3559 5341 3809 5389 notissima
3833 5337 3902 5386 hi-

2337 5419 2577 5538 διίὶιίιῗῖΕΧ
2595 5467 2882 5538 Tertulli“.
2907 5469 2955 5516 in
2979 5466 3234 5538 Apologet-
3262 5471 3458 5538 notante
3477 5462 3677 5538 .t‘xralvio.
3711 5459 3903 5538 {impr}-

2337 5521 2465 5581 ratur
2489 5531 2734 5580 hominem
2757 5542 2812 5578 se
2839 5541 2949 5577 esse
2975 5521 3454 5585 etiam-triumphans
3477 5525 3524 5572 in
3557 5523 3640 5571 illo
3661 5521 3901 5585 su_h|imis-

2336 5596 2456 5643 sime
2477 5605 2620 5641 curru
2644 5590 2927 5638 admonetur
2953 5602 2964 5636 :
2992 5589 3270 5649 suggeritur
3295 5583 3423 5632 enim
3447 5597 3475 5634 a
3499 5591 3641 5645 tergo
3666 5595 3679 5631 :
3704 5583 3899 5644 Respice

2339 5661 2447 5716 post
2471 5660 2539 5712 te,
2570 5651 2816 5702 hominem
2837 5655 3085 5700 memento
3108 5655 3177 5697 te.
3201 5662 3224 5689 ι
