4078 6198
215 274 315 329 869

216 381 469 436 humilem
493 379 823 449 etquietum,
844 387 897 433 et
918 385 1228 432 trementem
1257 375 1414 429 verba
1437 390 1552 428 mea
1581 393 1598 424 ι
1623 371 1774 443 (Isai.

217 474 305 530 66.
335 471 496 527 Juxta
521 471 702 538 LXX).
731 470 841 524 Hoc
865 479 947 523 est
977 469 1119 538 quod
1149 467 1226 539 (α)
1257 468 1381 520 mihi
1406 467 1778 521 Monasterium

219 562 600 635 promittebas?
636 560 777 631 quod
808 561 990 614 habitu
1019 575 1048 614 a
1076 559 1334 613 matronis
1373 559 1583 612 caeteris
1622 571 1780 624 sepa-

219 667 366 720 rato,
397 654 488 708 tibi
525 652 674 721 quasi
705 650 1002 720 religiosior
1026 649 1332 702 videbaris?
1359 647 1507 701 Mens
1536 648 1633 699 ista
1663 659 1783 714 qua:

221 745 437 814 plangit,
463 744 750 797 sericarum
775 744 1000 795 vestium
1031 749 1132 794 est.
1167 739 1526 806 Interciperis,
1556 746 1610 791 et
1637 751 1786 790 emo-

220 836 350 898 reris
369 874 385 893 .
411 845 466 889 ει
491 834 642 904 quasi
672 847 776 886 non
806 833 856 885 in
885 845 1030 885 meas
1061 845 1250 884 manus
1278 838 1497 883 ventura
1528 829 1631 891 sis,
1660 842 1784 879 cru-

225 926 390 980 delem
415 924 651 994 judicem
677 923 832 993 fugis.
863 921 1090 991 Fugerat
1115 920 1381 989 quondam
1409 930 1464 974 et
1486 918 1647 973 Jonas
1674 916 1788 970 ani-

221 1030 398 1070 mosus
427 1015 711 1085 PrOpheta,
739 1013 831 1068 sed
859 1015 910 1066 in
941 1012 1200 1081 profundo
1221 1012 1386 1065 maris
1411 1024 1562 1063 meus
1591 1008 1704 1062 fuit.
1728 1007 1784 1062 Si

217 1106 482 1160 viventem
537 1105 786 1159 crederes
831 1103 1028 1166 ﬁliam,
1080 1117 1346 1171 nunquam
1399 1102 1676 1168 plaugeres
1721 1097 1788 1151 ad

217 1197 441 1250 meliora
465 1196 744 1264 migrasse.
771 1192 880 1246 Hoc
899 1201 982 1245 est
999 1192 1139 1260 quod
1167 1206 1261 1259 per
1280 1189 1590 1258 Apostolum
1613 1201 1788 1241 meum

207 1288 501 1351 jnsseram,
529 1299 598 1338 ne
624 1297 720 1352 pro
743 1281 1129 1336 dormientibus
1155 1280 1207 1332 in
1230 1277 1629 1332 similitudinem
1652 1275 1792 1330 Gen-

215 1379 350 1431 tium
405 1373 773 1429 tristaremini.
832 1371 1120 1433 Erubesce,
1202 1369 1354 1439 181
1433 1366 1505 1437 (ὁ)
1551 1365 1792 1419 Ethnica:

212 1465 560 1534 compatione
606 1463 892 1532 superaris.
927 1460 1116 1514 Melior
1143 1459 1340 1512 diaboli
1378 1457 1566 1510 ancilla
1592 1497 1606 1516 .
1633 1470 1792 1524 quam

212 1569 338 1610 mea
367 1563 470 1608 est.
505 1552 594 1606 Illa
628 1551 894 1606 inﬁdelem
927 1553 1174 1603 maritum
1220 1547 1532 1602 translatum
1563 1545 1712 1614 ﬁngit
1740 1545 1792 1596 in

215 1644 437 1705 cmlum,
454 1651 507 1694 tu
533 1655 739 1694 mecum
757 1648 898 1693 tuam
922 1639 1085 1692 ﬁliam
1111 1646 1549 1698 commorantem,
1569 1642 1660 1687 aut
1686 1647 1790 1686 non

217 1731 416 1798 credis,
445 1738 536 1784 aut
561 1745 667 1784 non
692 1729 796 1782 vis.

287 1821 344 1873 '5.
391 1817 498 1874 Sed
539 1818 674 1872 dicis
719 1813 986 1885 quomodo
1012 1814 1191 1883 Ingere
1218 1827 1302 1866 me
1349 1809 1618 1880 prohibes,
1669 1823 1790 1864 cum

219 1922 268 1965 et
301 1910 468 1964 Jacob
495 1907 691 1976 Joseph
724 1907 774 1960 in
806 1921 962 1960 sacco
1003 1903 1230 1966 ﬂeverit,
1261 1902 1699 1971 congregatisque
1723 1898 1789 1952 ad

221 2019 279 2058 se
327 2001 572 2054 omnibus
621 1999 949 2067 prapinquis,
995 1996 1222 2050 noluerit
1245 1993 1532 2053 consolari.
1561 1992 1789 2046 dicens:

229 2111 247 2142 ι
278 2090 604 2145 Descendunt
628 2088 692 2141 ad
723 2088 885 2140 lilium
933 2101 1108 2140 mcum
1137 2086 1323 2154 lugens
1347 2084 1398 2137 in
1432 2081 1738 2136 infernum?
1769 2100 1786 2130 ι

223 2183 427 2255 (Cenes.
474 2182 562 2235 37.
609 2181 722 2248 55.)
771 2180 834 2233 Et
883 2178 1044 2232 Dat-id
1073 2176 1306 2231 Absalon
1335 2184 1587 2243 cooperto
1622 2171 1796 2241 capite

225 2273 517 2341 planxerit,
563 2279 811 2340 repetens
843 2287 855 2322 :
892 2287 910 2319 ι
938 2268 1037 2321 Fili
1069 2267 1137 2320 mi
1158 2307 1171 2330 ,
1222 2265 1454 2319 Absalon
1477 2305 1492 2329 ,
1525 2264 1756 2316 Ahsalon
1779 2303 1793 2327 ,

225 2363 296 2418 ﬁli
333 2362 403 2415 mi
436 2379 448 2414 :
489 2361 606 2428 quis
636 2359 812 2422 dabit,
845 2365 903 2409 ut
931 2356 1129 2410 moriar
1155 2368 1252 2423 pro
1282 2362 1354 2417 te,
1389 2352 1462 2405 ﬁli
1495 2353 1585 2414 uti,
1619 2350 1795 2404 Abso-

225 2457 316 2508 lun
340 2453 364 2503 7
391 2471 410 2504 ι
445 2451 520 2522 (2.
553 2449 678 2520 Reg.
715 2447 935 2511 l8.35.)
955 2444 1124 2514 Moysi
1146 2456 1356 2512 quoque
1387 2450 1441 2494 et
1471 2443 1666 2502 Aaron,
1696 2455 1800 2492 Ct!!-

226 2545 463 2612 tet-isqne
505 2540 820 2595 Sanctorum
863 2535 1119 2591 solemnis
1165 2534 1234 2588 sit
1274 2533 1447 2586 luctus
1489 2529 1800 2585 exhibitas?

227 2634 506 2690 Perfacilis
551 2631 617 2686 ad
665 2632 765 2685 ista
814 2625 1090 2697 responsio
1129 2635 1214 2680 est
1246 2642 1259 2677 :
1294 2622 1515 2677 Lusisse
1543 2619 1706 2674 .lacob
1736 2620 1798 2671 ti-

228 2728 384 2791 lium,
435 2739 592 2796 quem
639 2720 860 2792 putabat
884 2719 1140 2782 occisum,
1172 2715 1238 2769 ad
1265 2728 1422 2783 quem
1451 2723 1503 2766 et
1533 2713 1646 2779 ipse
1687 2717 1802 2762 erat

227 2817 295 2871 ad
329 2815 531 2870 inferos
569 2813 944 2873 descensurus,
975 2808 1160 2862 dicens
1197 2822 1211 2857 :
1249 2823 1268 2856 ‹
1294 2801 1618 2857 Descendam
1644 2799 1708 2853 ad
1736 2799 1800 2852 ﬁ-

233 2907 364 2960 liutn
415 2917 593 2958 meum
640 2901 828 2970 lugens
876 2898 931 2951 in
979 2896 1241 2950 infernum
1269 2913 1288 2946 ι
1336 2891 1485 2960 (Gen.
1517 2891 1634 2959 57),
1681 2889 1803 2957 quia

231 2996 462 3053 necdum
491 2993 719 3064 paradisi
743 2993 956 3060 januam
975 2987 1218 3044 Christus
1235 2983 1534 3053 eﬁ‘regerat,
1559 2996 1656 3035 nec
1677 2979 1802 3033 dunt

233 3089 537 3143 ﬂammeam
564 3084 707 3138 illam
738 3079 1063 3149 romphteam
1097 3086 1152 3132 et
1180 3073 1490 3144 vertiginem
1520 3070 1804 3141 pra-siden-

235 3182 370 3235 tium
396 3176 680 3233 Cherubitu
704 3215 720 3240 ,
753 3174 822 3242 (c)
855 3170 1068 3238 sanguis
1094 3168 1210 3237 ejus
1238 3167 1554 3220 extinxerat.
1584 3161 1734 3216 Unde
1755 3168 1810 3214 ct

234 3267 508 3323 Abraham
539 3265 664 3319 licet
696 3264 745 3316 in
777 3264 896 3316 loco
923 3257 1205 3328 refrigerii,
1237 3266 1412 3309 tamen
1443 3253 1582 3322 apud
1612 3251 1811 3305 inferos

234 3374 360 3412 cum
393 3357 592 3411 Lazaro
617 3355 779 3408 fuisse
809 3351 1060 3406 scribitur
1087 3347 1234 3419 (Luc.
1261 3345 1372 3416 16).
1399 3344 1467 3397 Ει
1489 3343 1652 3396 David
1670 3341 1812 3412 juste

235 3447 457 3501 ﬂevisse
484 3446 649 3498 tilium
675 3441 1013 3512 parricidam,
1042 3439 1131 3508 qui
1155 3437 1317 3491 alium
1338 3435 1638 3504 parvulum,
1670 3442 1815 3501 post-

237 3553 424 3608 quam,
454 3545 512 3590 ut
540 3535 760 3596 viveret,
795 3535 1078 3600 impetrare
1105 3543 1209 3582 non
1242 3526 1430 3596 potuit,
1461 3525 1582 3594 quia
1612 3523 1816 3577 sciebat

239 3642 350 3682 non
378 3639 648 3695 peccasse,
677 3637 782 3676 non
810 3619 951 3674 ﬂevit
982 3619 1057 3688 (2.
1089 3617 1218 3687 Reg.
1248 3614 1359 3685 η).
1392 3614 1464 3668 De
1484 3612 1665 3683 Moyse
1687 3626 1815 3666 vero

241 3728 301 3774 et
331 3721 530 3780 Aaron,
560 3714 699 3785 quod
727 3713 806 3768 eis
829 3728 892 3767 ex
919 3711 1087 3765 veteri
1116 3723 1264 3763 more
1290 3708 1359 3761 sit
1389 3706 1632 3775 planctns
1660 3704 1816 3758 exhi-

242 3813 410 3874 bitus,
445 3824 550 3862 non
583 3805 880 3860 mirandum
911 3811 1013 3864 est,
1043 3816 1160 3855 cum
1203 3808 1257 3853 et
1303 3799 1355 3850 itt
1387 3796 1534 3850 Actis
1585 3797 1816 3862 Aposto-

242 3903 445 3960 lorum,
474 3897 584 3964 jam
614 3893 896 3960 Evangelio
925 3897 1261 3950 coruscante,
1291 3888 1563 3955 Stephano
1593 3883 1816 3938 fecerint

243 3987 599 4054 Jeromlymte
646 3982 836 4035 fratres
877 3980 1142 4047 planctum
1184 3991 1428 4044 magnum
1474 3975 1612 4040 (Act.
1643 3973 1738 4042 8):
1768 3980 1822 4026 et

246 4081 438 4147 utique
466 4075 709 4144 planctus
734 4072 977 4138 magnus,
1011 4082 1113 4120 non
1145 4067 1197 4120 in
1231 4065 1588 4134 plangentium
1631 4062 1822 4116 exani-

249 4168 512 4231 matione,
556 4173 612 4219 ut
642 4172 696 4217 tu
740 4171 914 4231 putas,
942 4159 1033 4214 sed
1063 4159 1112 4212 in
1146 4173 1334 4227 pompa
1363 4156 1582 4220 funeris,
1616 4164 1670 4210 et
1694 4160 1836 4209 exe-'

251 4263 498 4333 quiarum
529 4254 826 4326 frequentia
857 4249 1232 4320 intelligendus
1259 4249 1346 4302 sit.
1378 4245 1615 4314 Denique
1643 4245 1710 4298 de
1738 4246 1827 4299 Ja-

254 4353 356 4408 cob
399 4349 674 4417 Scriptura
721 4345 798 4399 sic
845 4343 1076 4411 loquitur
1123 4358 1136 4394 :
1188 4339 1299 4392 «Et.
1343 4335 1583 4390 ascendit
1628 4333 1825 4400 Ioseph

257 4443 484 4513 sepelire
514 4447 718 4510 patrem
745 4451 921 4500 suum,
954 4441 1008 4487 et
1033 4429 1388 4485 ascenderunt
1413 4441 1532 4480 cum
1556 4439 1622 4479 eo
1643 4438 1828 4477 omnes

260 4535 407 4605 pueri
435 4529 748 4594 Pharaonis,
780 4534 833 4581 et
860 4524 1100 4580 seniores
1124 4521 1315 4575 domus
1342 4519 1480 4586 ejus,
1509 4525 1563 4571 et
1589 4517 1829 4568 seniores

262 4603 432 4680 omnis
462 4633 618 4678 terra:
644 4618 879 4690 Egypti,
907 4623 962 4669 ει
984 4613 1160 4667 omnis
1187 4611 1382 4664 domus
1409 4607 1609 4676 Joseph
1641 4615 1694 4659 et
1719 4603 1827 4658 fra-

265 4725 370 4769 tres
397 4713 530 4782 ejus.
559 4731 578 4763 ι
617 4710 683 4763 Ει
706 4717 820 4778 post
847 4704 1115 4776 paululum
1147 4720 1161 4756 :
1195 4719 1214 4752 ι
1239 4699 1306 4754 Ει
1330 4697 1686 4752 ascenderunt
1708 4709 1826 4750 cum

264 4821 328 4860 eo
375 4804 644 4874 quadriga:
682 4808 736 4855 et
761 4799 988 4868 equites,
1019 4805 1073 4848 et
1102 4794 1234 4846 facta
1267 4799 1391 4844 sunt
1413 4798 1582 4843 castra
1610 4785 1829 4856 grandia

266 4895 442 4948 nimis.
467 4913 486 4945 ι
531 4896 607 4948 Ac
648 4889 838 4944 deinde
885 4905 898 4940 :
951 4903 970 4936 ς
997 4885 1060 4938 Et
1101 4883 1422 4952 planxerunt
1467 4893 1586 4932 cum
1615 4877 1829 4946 planctu

333 5084 505 5150 (a)_It_a
527 5083 641 5150 Mss.
677 5083 867 5150 egdices
909 5081 1056 5129 nostri
1087 5079 1288 5134 habent,
1328 5083 1395 5150 et
1423 5074 1829 5150 quos‘QYictoritts

263 5136 522 5197 consuluit.
548 5143 686 5193 Falso
705 5143 949 5201 Erasmus,
977 5153 1188 5202 eumque
1209 5146 1406 5202 secutus
1436 5136 1745 5202 Martianzeus
1777 5136 1830 5184 t'n

263 5206 574 5279 Monasterio,
611 5207 733 5268 quod
758 5197 966 5254 nondum
997 5197 1267 5262 arripuerat
1289 5197 1437 5248 Paula
1459 5235 1472 5258 ,
1519 5197 1606 5244 sed
1647 5204 1832 5245 tantum

279 5275 566 5316 immiserat.
1031 5275 1033 5278 ⁴

279 5283 292 5312 ι
351 5283 380 5314 ιι
418 5283 444 5315 S
554 5302 566 5314 .

261 5283 413 5402 "(ib)"
435 5283 942 5402 igiinanfraetextati
955 5334 1095 5378 uxor,
1119 5319 1490 5402 quae.Sa_cerdoAs
1512 5324 1620 5366 erat
1637 5352 1652 5378 ,
1675 5323 1729 5364 ut
1751 5328 1836 5364 su-

260 5381 342 5452 pra
369 5381 419 5452 in
442 5388 593 5452 Epist.
619 5388 697 5452 23.
725 5385 1057 5452 adnotavimus
1081 5381 1151 5452 εί
1169 5385 1323 5452 veteri
1349 5381 1530 5452 lapide.

327 5449 388 5517 (c)
429 5438 603 5517 Confer
624 5446 1246 5517 Auctorisncotnmlentarios
1279 5443 1326 5489 in
1349 5438 1539 5517 Eccles.
1564 5452 1700 5517 capp.
1784 5443 1836 5486 et

257 5513 305 5559 9.
328 5499 984 5573 't.timv0rigenis__l{gmil._de
1025 5503 1316 5573 linrgastrim.
1339 5503 1538 5573 “quibus
1561 5499 1694 5573 locis
1729 5499 1835 5546 haec

256 5574 320 5622 de
346 5561 573 5622 ﬂammeo
591 5570 748 5633 gladio
768 5567 980 5618 Paradisi
1013 5561 1167 5613 aditus
1186 5561 1490 5613 custodiente
1514 5561 1657 5611 latius
1681 5571 1832 5622 expo-

257 5641 454 5683 nuntur.

1511 260 1834 318 El‘lSTOLA
1875 261 2118 317 XXXIX.

3348 273 3453 327 470

1887 390 2100 444 magno,
2131 385 2186 431 et
2207 377 2326 431 forti
2355 378 2512 432 nimis
2532 397 2550 429 ι
2580 378 2730 449 (Gen.
2751 380 2839 434 50.
2861 382 2913 434 7.
2933 390 2977 435 et
3000 382 3183 451 seqq.)
3203 381 3308 435 Plat
3332 393 3453 438 cttts

1887 465 1986 518 iste
2006 466 2260 520 solemnis
2281 483 2384 520 non
2417 467 2602 538 longas
2625 468 2887 539 Egyptiis
2918 472 3142 539 imperat
3164 473 3448 543 lacrymas,

1887 555 1978 609 sed
2027 555 2224 610 funeris
2254 567 2513 612 monstrat
2540 569 2807 612 ornatum.
2841 559 2993 612 Juxta
3043 576 3200 628 quem
3238 562 3451 615 modum

1888 649 2064 700 Aaron
2083 663 2291 716 quoque
2319 655 2374 701 et
2399 648 2634 718 Moysen,
2654 649 2810 703 ﬂetos
2835 663 2955 703 esse
2984 648 3316 702 manifestum
3347 662 3450 706 est.

1885 737 2102 808 Ncquco
2179 741 2334 810 182
2406 742 2535 794 satis
2577 740 2865 809 Scriptura;
2908 741 3126 794 laudare
3181 745 3454 812 mysteria,

1889 838 1944 880 et
1973 829 2208 882 divinum
2238 845 2474 892 sensum,
2508 829 2558 882 in
2582 831 2759 883 verbis
2787 831 2910 883 licet
2935 830 3264 898 simplicibus
3290 830 3459 883 admi-

1890 917 2018 980 rari,
2049 917 2174 985 quid
2205 917 2304 971 sibi
2335 918 2462 972 velit
2487 917 2627 986 quod
2657 917 2866 988 Moyses
2891 918 3179 987 plangitur,
3212 928 3264 971 et
3303 917 3459 970 .lesus

1891 1006 2032 1060 Nave
2079 1008 2161 1060 vir
2206 1019 2422 1062 sanctus
2471 1009 2710 1076 sepultus
2738 1009 2984 1073 refertur,
3015 1019 3067 1062 et
3100 1019 3273 1063 tamen
3305 1009 3460 1063 ﬂetus

1891 1112 2010 1153 esse
2053 1113 2155 1152 non
2197 1098 2464 1153 scribitur.
2505 1099 2704 1168 Nempe
2749 1099 2873 1152 illud
2917 1099 3055 1169 quod
3087 1101 3137 1152 in
3168 1099 3368 1169 Moyse,
3403 1100 3452 1152 id

1892 1197 1993 1251 est,
2022 1189 2072 1242 in
2101 1189 2241 1256 Lege
2269 1191 2433 1244 veteri
2460 1190 2559 1244 sub
2585 1191 2784 1258 peccati
2813 1191 2978 1244 Adam
3001 1205 3188 1245 omnes
3209 1191 3464 1245 tenebatt-

1895 1287 1981 1331 tur
2026 1279 2200 1346 elogio
2233 1278 2594 1350 [damnatione]
2621 1297 2636 1344 ;
2669 1289 2722 1333 et
2749 1281 2815 1333 ad
2847 1280 3043 1334 inferos
3074 1280 3463 1334 descendentes

1894 1380 2280 1438 consequenter
2326 1373 2572 1442 lacryma:
2621 1375 3119 1442 prosequebantur,
3171 1375 3462 1428 secundum

1895 1459 2228 1527 Apostolum,
2273 1459 2364 1528 qui
2407 1461 2479 1513 ait
2513 1478 2526 1515 :
2563 1478 2581 1510 ι
2615 1462 2679 1514 Ει
2721 1461 2961 1529 regnavit
3006 1476 3148 1516 mors
3177 1462 3245 1515 ab
3296 1461 3462 1514 Adam

1897 1563 2060 1617 usque
2090 1548 2156 1602 ad
2185 1549 2423 1618 Moysen,
2454 1550 2614 1603 etiam
2645 1566 2808 1620 super
2835 1567 2930 1605 eos
2955 1553 3043 1622 qui
3073 1567 3177 1605 non
3205 1567 3464 1620 peccare-

1895 1647 2017 1691 runt
2045 1655 2064 1688 ι
2119 1637 2294 1704 (Rom.
2326 1639 2378 1692 5.
2417 1640 2522 1708 ιι).
2553 1640 2607 1692 In
2636 1639 2763 1694 Jesu
2791 1655 2940 1705 vero,
2983 1642 3032 1694 id
3075 1652 3176 1705 est,
3206 1643 3258 1695 in
3287 1642 3465 1694 Evan-

1893 1730 2054 1799 gelio,
2084 1746 2180 1800 per
2205 1748 2362 1801 quem
2392 1733 2676 1788 Paradisns
2705 1743 2788 1788 est
2814 1744 3051 1802 apertus.
3085 1744 3310 1788 mortem
3339 1749 3466 1802 gau-

1895 1820 1978 1874 dia
1999 1831 2404 1891 prosequuntur.
2431 1823 2585 1877 Flent
2604 1839 2772 1893 usque
2796 1823 2951 1877 hodie
2967 1823 3158 1887 Judtei,
3186 1832 3238 1877 et
3257 1822 3467 1876 nudatis

1894 1910 2119 1978 pedibus
2146 1912 2196 1964 in
2229 1911 2408 1966 cinere
2437 1913 2652 1966 volntati
2680 1929 2837 1967 sacco
2859 1914 3128 1967 incubant.
3156 1913 3231 1966 Ac
3253 1927 3319 1965 ne
3341 1910 3464 1980 quid

1896 1999 2034 2054 desit
2061 2002 2448 2070 superstitioni,
2481 2019 2547 2058 ex
2586 2005 2690 2058 ritu
2721 2005 3006 2058 vanissimo
3051 2003 3464 2066 Pharisaeorum,

1898 2092 2123 2159 primunt
2152 2094 2324 2147 cibum
2351 2094 2507 2148 lentis
2530 2095 2831 2164 accipiunt;
2858 2095 3100 2150 videlicet
3125 2097 3468 2149 ostendentes

1898 2184 2039 2252 quali
2083 2184 2260 2238 edulio
2303 2186 2656 2254 primogenita
2709 2185 3055 2254 perdiderint.
3105 2184 3210 2238 Sed
3254 2185 3468 2248 merito,

1899 2275 2020 2343 quia
2048 2276 2100 2328 in
2133 2275 2576 2330 resurrectionem
2611 2275 2821 2329 Domini
2851 2289 2955 2329 non
2983 2273 3288 2334 credentes.
3313 2273 3470 2325 Anti-

1899 2363 2083 2418 christi
2107 2375 2473 2434 praeparantur
2497 2365 2767 2419 adventui.
2795 2364 2904 2419 Nos
2928 2378 3056 2418 vero
3081 2363 3168 2431 qni
3199 2361 3466 2416 Christum

1902 2453 2188 2518 induimus,
2233 2462 2288 2507 et
2334 2453 2458 2507 facti
2503 2468 2709 2518 sumus,
2755 2456 2903 2521 juxta
2937 2451 3271 2521 Apostolum,
3303 2464 3471 2517 genus

1903 2545 2104 2611 regium
2133 2551 2187 2597 et
2211 2543 2538 2597 sacerdotale
2569 2544 2646 2602 (l.
2678 2542 2820 2597 Petr.
2846 2542 2932 2610 2),
2966 2557 3069 2595 non
3100 2541 3358 2594 debemus
3383 2554 3473 2591 su-

1903 2647 2000 2700 per
2028 2642 2268 2687 mortuos
2291 2632 2612 2687 contristari.
2647 2651 2665 2684 t
2690 2633 2753 2687 Et
2779 2631 2930 2695 dixit,
2954 2631 3142 2700 inquit,
3166 2629 3374 2699 Moyses
3405 2626 3472 2680 ad

1903 2725 2081 2777 Aaron
2125 2731 2179 2776 et
2219 2723 2442 2779 Eleazar
2483 2735 2540 2777 et
2582 2721 2814 2776 Ithamar
2843 2722 2982 2776 ﬁlias
3016 2721 3150 2789 ejus,
3183 2719 3270 2788 qni
3301 2719 3471 2771 relicti

1905 2823 2057 2868 erant
2087 2831 2101 2867 :
2132 2813 2302 2883 Caput
2317 2822 2549 2868 vestrum
2573 2827 2677 2866 non
2703 2812 3060 2872 denudabitis,
3083 2819 3138 2864 et
3159 2810 3473 2863 vestimen'a

1906 2914 2080 2960 vestra
2108 2919 2212 2959 non
2239 2904 2513 2967 sciudetis,
2546 2919 2613 2958 ne
2637 2902 2935 2957 moriamini
2958 2917 2972 2965 ;
3003 2911 3055 2955 et
3079 2914 3240 2968 super
3262 2912 3472 2950 omnem

1908 3010 2228 3066 synagogam
2273 2996 2449 3050 veniat
2500 2996 2574 3048 ira
2615 3013 2633 3044 ι
2686 2993 2871 3061 (Leuit.
2905 2992 2989 3046 10.
3019 2991 3098 3060 6).
3173 2989 3364 3052 Nolite,
3398 2988 3479 3041 in-

1910 3087 2046 3154 quit,
2075 3085 2320 3139 scindere
2346 3089 2665 3139 vestimenta
2699 3094 2897 3145 vestra,
2924 3091 2978 3135 et
3003 3081 3198 3134 luctum
3225 3078 3478 3133 exhibere

1911 3174 2198 3239 Gentilem,
2227 3188 2294 3228 ne
2320 3173 2638 3227 moriamini.
2669 3173 2816 3226 Mons
2843 3185 3043 3224 nosrna
3069 3177 3343 3239 peccatum
3375 3178 3476 3220 est.

1913 3267 2001 3330 Et,
2033 3267 2173 3336 quod
2223 3265 2440 3319 forsitan
2484 3264 2700 3319 crudele
2743 3263 2897 3317 alicui
2944 3261 3210 3321 videatur,
3239 3258 3329 3314 sed
3359 3257 3480 3312 ﬁdei

1915 3356 2272 3412 necessarium
2315 3362 2417 3419 est,
2462 3353 2516 3407 in
2559 3353 2746 3408 eodem
2776 3351 3010 3406 Levitico
3050 3348 3318 3414 scribitur,
3346 3364 3482 3416 quo-

1916 3446 2076 3500 modo
2101 3445 2363 3500 Sacerdos
2395 3457 2615 3512 magnus
2641 3443 2706 3496 ad
2738 3451 2964 3511 patrem,
2991 3448 3233 3503 matrem,
3265 3439 3485 3492 fratres-

1917 3553 2038 3609 que,
2067 3537 2150 3592 vel
2182 3537 2376 3591 liberos
2415 3545 2653 3588 mortuos
2698 3533 3046 3602 prohibeatur
3091 3529 3380 3593 accedere,
3418 3541 3488 3580 ne

1917 3631 2166 3686 videlicet
2212 3631 2389 3682 anima
2435 3628 2529 3682 Dei
2561 3618 2838 3681 sacriﬁciis
2863 3639 3083 3689 vacans,
3115 3631 3170 3677 et
3201 3633 3308 3676 tota
3338 3621 3389 3674 in
3419 3621 3488 3673 il-

1920 3723 2019 3777 lius
2045 3722 2311 3792 mysteriis
2345 3718 2435 3791 (al.
2466 3715 2773 3787 ministeriis]
2802 3725 3077 3782 occupata.
3105 3715 3280 3782 aliquo
3306 3713 3490 3781 impc—

1921 3815 2096 3868 diatur
2125 3813 2337 3867 aﬂ'ectu.
2384 3810 2572 3864 Nonne
2618 3809 2738 3861 aliis
2769 3806 2946 3860 verbis
2976 3805 3202 3871 idipsum
3233 3803 3284 3854 in
3316 3803 3490 3855 Evan-

1922 3904 2064 3973 gelio
2097 3901 2419 3972 praecipitur,
2473 3907 2531 3950 ut
2574 3911 2678 3950 non
2711 3896 2788 3964 (ά)
2824 3893 3094 3947 renuntiet
3120 3890 3299 3944 domui
3326 3889 3490 3942 disci-

1926 3993 2112 4064 pulus?
2160 3999 2218 4043 ut
2262 3998 2471 4042 mortuo
2519 3986 2650 4054 patri
2701 3998 2807 4037 non
2851 3982 3097 4036 exhibeat
3127 3978 3494 4047 sepulturam?

1933 4104 1952 4136 ι
1985 4085 2050 4137 Ει
2077 4082 2145 4135 de
2185 4081 2403 4143 sanctis,
2438 4078 2626 4146 inquit,
2669 4090 2773 4129 non
2803 4077 2963 4135 exiet,
2993 4081 3046 4127 ct
3087 4085 3189 4125 non
3233 4068 3494 4124 contami-

1929 4177 2143 4232 nabitur
2189 4171 2539 4227 sanctiﬁcatio
2583 4167 2674 4220 Dei
2717 4165 2853 4234 ejus,
2887 4164 3007 4234 quia
3038 4172 3280 4216 sanetum
3321 4159 3495 4213 oleum

1931 4263 2194 4320 unctionis
2234 4277 2264 4316 a
2312 4261 2420 4315 Deo
2464 4273 2625 4328 super
2651 4271 2771 4310 eum
2815 4261 2935 4308 est»
2969 4251 3153 4318 (Leuit.
3182 4251 3297 4322 2i).
3339 4250 3498 4305 Certe

1931 4364 2213 4424 postquam
2261 4350 2527 4405 credimus
2571 4349 2622 4401 iu
2662 4345 2955 4409 Christum,
2998 4352 3053 4396 et
3085 4342 3204 4397 oleo
3231 4341 3499 4396 unctionis

1934 4446 2050 4513 ejus
2079 4451 2318 4510 accepto,
2350 4440 2496 4493 illum
2525 4447 2798 4507 portamus
2825 4439 2874 4489 in
2909 4435 3081 4499 nobis,
3113 4449 3217 4487 non
3241 4433 3499 4486 debemus

1933 4535 2080 4589 exire
2122 4533 2188 4586 de
2231 4533 2449 4600 templo,
2497 4529 2548 4583 id
2583 4537 2684 4592 est,
2736 4528 2803 4582 de
2847 4527 3120 4596 preposito
3150 4525 3498 4579 Christiano:

1935 4639 2038 4680 non
2085 4623 2228 4678 foras
2271 4621 2472 4691 egredi,
2526 4618 2880 4674 incredulitati
2928 4617 3174 4672 videlicet
3213 4611 3501 4668 Gentilium

1939 4717 2093 4789 183
2164 4713 2498 4770 commisceri
2525 4729 2539 4777 ;
2572 4711 2666 4767 sed
2694 4725 2814 4765 esse
2841 4725 3054 4780 semper
3081 4707 3418 4769 intrinsecus,
3451 4703 3503 4756 id

1934 4818 2017 4862 est
2043 4805 2296 4860 voluntati
2331 4801 2537 4856 Domini
2567 4802 2889 4855 ministrare.

2007 4899 2060 4952 4.
2111 4899 2232 4952 "(BC
2273 4896 2472 4950 idcirco
2501 4894 2748 4956 dicimus,
2784 4905 2852 4943 ne
2877 4887 3173 4958 ignorantia
3201 4885 3504 4951 Scriptura-

1938 5005 2056 5043 rum
2086 4988 2462 5043 auctoritatem
2495 4984 2585 5035 tibi
2611 4981 2871 5049 praeberet
2895 4980 2945 5029 in
2970 4979 3135 5038 luctu,
3167 4984 3223 5028 et
3247 4973 3506 5027 videreris

1939 5077 2323 5133 rationabiliter
2367 5086 2568 5126 errare.
2622 5069 2688 5121 Et
2732 5065 2906 5120 adhuc
2953 5065 3031 5118 sic
3092 5063 3301 5116 locutus
3363 5077 3502 5127 sum,

1941 5168 2089 5237 quasi
2118 5181 2274 5219 unam
2302 5163 2369 5215 de
2400 5159 2568 5213 turbis
2593 5155 2932 5210 convenerint
2959 5152 3332 5206 Christianam.
3356 5149 3504 5203 Nunc

1945 5271 2068 5310 vero
2111 5269 2230 5307 cum
2277 5251 2439 5305 sciam
2487 5248 2582 5300 toti
2613 5255 2665 5298 te
2695 5243 3030 5298 renuntiasse
3059 5241 3293 5304 mundo;
3324 5249 3377 5294 et
3405 5238 3501 5292 ab-

2012 5431 2078 5495 (d)
2119 5423 2626 5495 Martianzeusabsque
2649 5417 3127 5495 negandi‘partiet'tla,
3152 5424 3204 5491 ut
3236 5416 3503 5490 renuntiet,

1943 5479 2106 5543 contra
2133 5503 2274 5552 quam
2309 5488 2459 5552 sentit
2493 5479 2916 5552 Mattltgetts_9._6[._
2942 5486 2994 5528 et
3014 5479 3234 5552 Hier._.in_
3263 5480 3504 5552 superiori

1944 5541 2096 5614 Epist.
2124 5541 2172 5599 η’.
2197 5552 2242 5598 Ei.
2275 5566 2296 5593 ι
2315 5547 2502 5614 volens,
2525 5544 2704 5614 inquit,
2717 5541 2980 5614 discipulus
3001 5544 3179 5614 referti
3205 5541 3396 5589 domum
3416 5573 3431 5598 ,
3453 5543 3508 5586 ct

1949 5604 2050 5666 suis
2073 5619 2187 5665 ante
2211 5609 2515 5667 renuntiare,
2540 5605 2756 5666 magistri
2782 5604 2898 5655 vOCe
2924 5604 3222 5667 prohibetur.
3244 5619 3265 5648 ι
