4078 6198
624 289 722 344 471

622 404 784 473 jectis
831 400 1147 464 calcatieqne
1185 392 1386 444 deliciis
1429 389 1627 446 saculi,
1669 388 1913 446 orationi,
1941 385 2180 452 jejuniis,

629 494 846 548 lcetioni
897 502 1078 541 vacare
1116 483 1382 550 quotidie;
1428 494 1547 531 cum
1588 479 1652 529 ad
1681 477 1980 542 exemplum
2010 474 2185 526 Abra-

630 584 750 635 ham
780 583 958 646 cupias
985 576 1128 627 exire
1158 573 1224 622 de
1252 579 1390 622 terra
1422 578 1529 631 tua,
1558 577 1611 620 et
1639 567 1703 618 de
1728 566 2045 632 cognatione
2072 577 2181 624 tua.

631 685 685 725 nt
715 685 766 726 et
793 667 1049 723 Chaldzeis
1079 672 1133 716 et
1161 660 1536 728 Mesopotamia
1562 658 1849 719 derelictis,
1881 665 2075 708 terram
2103 669 2188 707 re-

629 757 991 829 promissionis
1038 756 1301 812 introeas;
1352 765 1473 804 cum
1517 763 1727 801 omnem
1754 743 2182 806 substantiolam,

625 861 710 901 ant
757 846 1072 914 pauperibus
1100 844 1343 911 dilargita
1387 843 1480 903 sis,
1514 853 1603 891 aut
1630 841 1710 906 (ιι)
1740 838 1862 890 ﬁliis
1888 848 2012 890 ante
2039 852 2186 888 more

626 949 728 990 tem
759 938 955 988 mundo
985 943 1190 986 mortua
1218 933 1448 990 dederis,
1481 932 1643 983 miror
1675 938 1728 981 te
1757 943 1818 981 ea
1844 927 2038 989 facere,
2065 941 2186 994 qua:

621 1029 665 1081 si
694 1027 926 1079 facerent
953 1033 1178 1085 tzterae,
1209 1023 1624 1089 reprehensione
1651 1019 1822 1085 digna
1852 1017 2179 1067 viderentur.

622 1116 775 1170 Redit
805 1116 894 1168 tibi
928 1116 979 1167 in
1013 1112 1320 1166 memoriam
1351 1110 1705 1163 confalmlatio
1726 1109 1862 1174 ejus.
1893 1107 2183 1167 blanditie,

622 1220 817 1265 sermo,
868 1205 1225 1264 coosortium;
1273 1211 1326 1252 et
1373 1202 1512 1267 quod
1563 1199 1642 1250 his
1687 1212 1892 1258 careas,
1940 1198 2043 1262 pati
2078 1209 2182 1245 non

625 1305 792 1362 potes.
822 1293 1146 1362 Ignoscimus
1171 1292 1353 1344 matris
1381 1291 1648 1358 lacrymis,
1678 1289 1768 1340 sed
1799 1290 2009 1338 modum
2038 1299 2183 1351 qua:-

624 1386 788 1438 rimus
819 1386 871 1437 in
901 1385 1106 1437 dolore.
1140 1384 1193 1435 Si
1226 1391 1498 1450 parentem
1526 1381 1723 1447 cogito,
1757 1395 1862 1430 non
1896 1379 2182 1443 reprehen-

621 1479 690 1532 do
716 1479 855 1548 quod
886 1479 1124 1546 plangis;
1156 1477 1202 1529 si
1233 1475 1585 1527 Christianam
1617 1481 1670 1525 et
1701 1469 2033 1531 Slonacbazn,
2067 1468 2183 1520 istis

623 1570 922 1623 nominibus
965 1581 1136 1622 mater
1177 1566 1498 1620 excluditur.
1549 1563 1756 1617 Recens
1785 1562 1973 1613 vulnus
1996 1569 2098 1624 est,
2128 1567 2182 1610 et

625 1670 795 1714 tactus
841 1661 941 1713 iste
983 1674 1089 1727 quo
1118 1657 1383 1716 blandior,
1412 1670 1516 1707 non
1548 1664 1652 1706 tam
1701 1659 1871 1712 curat,
1902 1665 2060 1718 quam
2091 1663 2185 1700 cx-

622 1759 857 1818 asperat.
881 1753 1126 1802 Attamen
1153 1749 1292 1817 quod
1323 1756 1560 1813 tempore
1589 1742 1932 1811 mitigandum
1956 1749 2058 1799 est,
2089 1753 2185 1792 cur

621 1841 827 1894 ratione
871 1853 974 1892 non
1021 1839 1282 1892 vincitur?
1310 1837 1438 1890 Nam
1467 1847 1519 1889 et
1544 1835 1726 1888 Noemi
1758 1834 1950 1886 famem
1980 1831 2184 1899 fugiens

623 1931 675 1984 in
704 1940 840 1984 terra
871 1930 1042 1988 Μηρώ.
1074 1939 1129 1984 et
1154 1930 1400 1982 maritum
1431 1927 1657 1995 perdidit
1697 1933 1752 1978 et
1793 1924 1950 1976 filios.
1974 1921 2180 1975 Etcum

620 2035 835 2074 suorum
878 2020 1078 2074 auxilio
1121 2027 1262 2072 esset
1303 2019 1577 2078 destituta,
1627 2014 1766 2068 Ruth
1795 2014 2089 2080 alienigena
2115 2011 2182 2063 ab

620 2109 737 2177 ejus
762 2110 927 2164 latere
955 2125 1060 2162 non
1092 2109 1294 2163 recedit
1322 2107 1503 2176 (Ruth.
1534 2109 1608 2174 1).
1637 2106 1771 2160 Vide
1798 2105 1979 2174 quanti
2006 2103 2180 2157 meriti

617 2199 688 2252 sit
733 2198 961 2253 deserta:
1011 2198 1322 2268 praestitisse
1371 2199 1640 2250 solatium.
1690 2197 1764 2250 Ex
1811 2197 1927 2264 ejus
1977 2194 2182 2248 semine

617 2287 864 2344 Christus
909 2290 1100 2344 oritur.
1139 2289 1367 2356 Respice
1408 2289 1529 2350 Joh,
1574 2297 1766 2356 quanta
1812 2288 2095 2347 sustinuit,
2127 2297 2178 2338 et

614 2380 816 2434 videbis
857 2391 906 2435 te
935 2383 1155 2435 nimium
1183 2382 1482 2444 delicatam,
1516 2382 1661 2436 illum
1689 2381 1883 2434 erectis
1909 2381 1959 2432 in
1987 2379 2178 2432 cmlum

615 2472 804 2536 oculis,
846 2473 985 2526 inter
1013 2475 1193 2526 ruinas
1223 2473 1432 2535 domus,
1471 2489 1657 2541 pinnas
1696 2473 1908 2534 ulceris,
1938 2472 2179 2522 innume-

618 2575 706 2615 ras
730 2562 1008 2624 orbitates,
1037 2571 1091 2617 ct
1115 2563 1180 2615 ad
1209 2571 1504 2616 extremum
1556 2562 1734 2615 uxoris
1781 2561 2016 2621 insidias,
2045 2559 2179 2610 invi-

617 2660 759 2720 ctam
793 2653 1026 2705 tenuisse
1050 2652 1373 2720 patientiam.
1405 2653 1527 2706 Scio
1553 2652 1677 2720 quid
1705 2664 2029 2717 responsura
2056 2650 2129 2701 sis
2162 2666 2174 2700 :

616 2719 727 2796 Hoc
770 2742 841 2795 illi
873 2744 1019 2812 quasi
1050 2719 1204 2811 justo
1253 2743 1316 2796 ad
1348 2719 1710 2810 probationem
1741 2743 2004 2795 evenisse.
2035 2741 2097 2793 Et
2125 2752 2176 2818 tn

613 2846 645 2885 e
665 2831 870 2885 duobus
899 2834 1054 2900 elige,
1085 2833 1228 2900 quod
1256 2834 1390 2886 velis
1418 2851 1431 2885 :
1457 2843 1544 2886 aut
1573 2844 1752 2886 sancta
1780 2847 1840 2885 es
1861 2870 1876 2893 ,
1906 2841 1960 2885 et
1990 2832 2179 2898 proha-

614 2921 725 2975 ris:
755 2931 841 2975 aut
875 2923 1159 2990 peccatrix.
1189 2929 1244 2976 et
1273 2923 1466 2990 injuste
1494 2924 1756 2992 quereris.
1789 2922 1991 2975 minora
2020 2923 2176 2974 susti-

613 3025 767 3075 nens,
796 3027 952 3080 quam
983 3013 1228 3066 mereris.
1260 3012 1396 3078 Quid
1425 3022 1603 3066 vetem
1632 3013 1925 3080 replicem?
1955 3026 2177 3078 praesen-

614 3099 682 3152 tia
696 3101 934 3168 exempla
951 3109 1178 3155 sectare.
1200 3101 1271 3166 (b)
1293 3101 1484 3155 Sancta
1503 3102 1722 3154 Melania
1741 3101 1906 3154 nostri
1924 3101 2176 3167 temporis

613 3189 750 3244 inter
775 3188 1106 3244 Christianos
1132 3206 1255 3244 vera
1286 3192 1535 3245 nobilitas
1565 3194 1719 3260 (cum
1749 3207 1850 3259 qua
1885 3191 1978 3242 tibi
2003 3191 2177 3242 Domi-

611 3294 729 3343 nus,
778 3280 1011 3348 mihique
1054 3280 1311 3334 concedat
1355 3281 1406 3334 in
1453 3281 1540 3335 die
1570 3297 1660 3334 sua
1694 3282 1888 3334 habere
1935 3282 2173 3348 partem)

609 3371 815 3425 calente
832 3370 1003 3423 adhuc
1026 3371 1202 3424 mariti
1281 3369 1437 3440 184
1508 3372 1848 3437 curpnsculo,
1873 3380 1925 3423 et
1950 3369 2172 3423 necdum

613 3459 848 3520 humata,
869 3459 1004 3512 duos
1025 3459 1179 3512 simul
1209 3460 1438 3526 perdidit
1465 3461 1619 3513 ﬁlios.
1642 3461 1770 3513 Rem
1790 3475 1906 3512 sum
1934 3461 2174 3512 dicturus

611 3549 996 3612 incredibilem,
1015 3550 1107 3604 sed
1131 3559 1266 3605 teste
1281 3548 1510 3616 Christo,
1530 3569 1633 3605 non
1655 3552 1856 3605 falsam.
1873 3552 2003 3617 Quis
2031 3553 2172 3605 illam

612 3647 737 3691 tunc
764 3653 866 3690 non
896 3645 1106 3705 putaret
1132 3653 1280 3692 more
1308 3639 1651 3709 lymphatico,
1681 3641 1881 3706 sparsis
1906 3640 2171 3702 crinibus,

611 3733 759 3781 veste
783 3728 1073 3789 conscissa,
1107 3727 1339 3782 lacerum
1371 3737 1556 3796 pectus
1587 3729 1874 3782 invadere?
1904 3727 2173 3797 Lacrymze

607 3824 752 3880 gutta
781 3831 886 3870 non
917 3816 1102 3882 flitxit;
1134 3818 1282 3872 stetit
1307 3818 1615 3884 immobilis,
1645 3829 1700 3875 et
1725 3819 1791 3875 ad
1823 3819 1983 3889 pedes
2010 3822 2175 3874 advo-

609 3904 718 3959 luta
747 3903 964 3968 Cbristi,
995 3907 1143 3976 quasi
1169 3907 1339 3976 ipsum
1364 3917 1588 3973 teneret,
1613 3910 1810 3964 arrisit.
1837 3909 2170 3979 Expeditius,

607 3996 797 4065 inquit,
830 3997 922 4051 tibi
965 4000 1224 4052 servitura
1270 4016 1411 4061 sum.
1448 4002 1689 4068 Domine,
1730 4004 1851 4072 quia
1901 4012 2046 4057 tanto
2085 4019 2172 4058 me

607 4101 772 4141 onere
815 4087 1073 4141 libcrasti.
1124 4089 1227 4142 Sed
1271 4089 1491 4145 forsitan
1535 4103 1815 4162 superatur
1858 4095 1909 4148 in
1939 4095 2165 4150 casteria.

608 4178 859 4244 Quinimo
883 4192 983 4245 qua
1011 4178 1128 4232 illos
1160 4190 1338 4235 mente
1365 4187 1764 4250 contempserit,
1786 4184 1838 4238 in
1858 4187 2014 4238 unico
2033 4197 2173 4254 post-

610 4282 672 4320 ea
716 4265 824 4319 filio
871 4266 1079 4335 prohat,
1107 4268 1192 4322 cui
1221 4271 1363 4325 omni
1394 4287 1548 4340 quam
1581 4273 1809 4327 habebat
1837 4277 2172 4342 possessione

613 4370 888 4419 concessa,
921 4357 1199 4427 ingruente
1232 4361 1342 4428 jam
1384 4360 1578 4426 hieme,
1604 4362 1988 4432 Jcrosolymam
2019 4365 2171 4418 navi-

611 4447 775 4517 gavit.

683 4538 738 4592 5.
791 4537 953 4592 Parce
993 4553 1174 4607 quaeso
1199 4539 1313 4602 tibi,
1343 4555 1500 4608 parce
1531 4540 1650 4595 filia:
1677 4557 1796 4597 cum
1827 4543 2040 4599 Christo
2059 4546 2170 4614 jam

613 4628 871 4697 regnanti,
921 4643 1078 4696 parce
1122 4630 1310 4684 saltem
1348 4630 1642 4686 Eustochio
1680 4642 1802 4698 tuae,
1833 4635 1986 4704 cujus
2015 4652 2171 4705 parva

610 4722 785 4778 adhuc
809 4730 956 4784 retas,
992 4731 1047 4776 et
1073 4723 1220 4776 rudis
1248 4738 1383 4792 pene
1423 4724 1661 4789 infantia,
1695 4737 1746 4781 te
1783 4729 2031 4798 magistra
2074 4730 2169 4803 (al.

615 4813 958 4885 magt'slranfe]
1002 4813 1267 4884 dirigitur.
1319 4814 1481 4870 Saevit
1511 4831 1649 4872 nunc
1677 4817 1942 4886 diabolus,
1970 4830 2024 4876 et
2051 4823 2170 4891 quia

1028 4963 1194 5028 legant
1213 4964 1350 5029 ﬁliae,
1397 4977 1449 5018 et
1485 4975 1702 5030 mortuaz,
1737 4971 1910 5021 vitiose
1935 4981 2094 5023 tamen
2119 4983 2175 5026 ut

611 5031 770 5070 nullus
791 5031 993 5073 dubitat.

670 5084 739 5143 (b)
776 5083 957 5133 Recole
980 5086 1335 5137 adnotationem
1358 5097 1564 5140 nostram
1587 5105 1633 5141 a.
1659 5093 1704 5140 in
1727 5092 1877 5144 Epist.
1901 5095 1932 5141 5
1979 5094 2038 5142 ad
2060 5094 2175 5144 Ruf-

611 5141 775 5210 linu'm,
801 5151 947 5210 atque
987 5146 1224 5210 isthmein
1247 5149 1413 5210 primis
1436 5164 1498 5198 ex
1520 5151 1722 5201 Hieron.
1745 5141 2068 5203 Chronicoﬂad
2091 5141 2170 5204 aii.

611 5159 775 5200 tutum,
801 5159 947 5251 nulline
987 5159 1152 5196 istnzec
1177 5163 1224 5195 In
1247 5159 1413 5210 primis
1436 5164 1498 5198 ex
1522 5159 1722 5201 Hieron.
1745 5159 1978 5203 Chronico
2010 5159 2068 5203 ad
2091 5170 2168 5204 an.

608 5200 778 5275 illini-siti
937 5222 966 5275 _¢
1000 5206 1202 5275 Melania
1228 5210 1517 5275 nobilissima
1541 5213 1796 5275 mulierum
1821 5214 2136 5264 Romanarum
2154 5254 2168 5275 ,

611 5269 660 5308 ut
687 5262 950 5328 blarcellinl
971 5268 1208 5327 quondam
1223 5268 1443 5319 Consulis
1463 5271 1730 5328 lilia,unioo
1752 5273 1952 5324 Przetori
1976 5262 2069 5328 (sic
2088 5262 2172 5325 re:

610 5323 864 5391 scribimus
887 5338 972 5391 pro
989 5323 1224 5391 'f’ra'torje)
1242 5336 1354 5378 tunc
1377 5323 1574 5379 Urbano
1588 5332 1682 5381 lilio
1703 5323 1956 5391 derelicto,
1980 5323 2174 5385 ieroso-

613 5378 1046 5457 lymamrnavigavit
1063 5387 1182 5457 ,_ubi
1207 5378 1338 5457 ianto
1363 5378 1630 5457 virtutum,
1641 5378 1999 5457 iii-:ééipu'édii'c'
2016 5378 2172 5445 humi-

612 5437 880 5514 529w“
895 5437 1165 5514 .vﬁiracdlo.
1187 5449 1422 5514 aureas
1445 5437 1622 5500 nemo;
1645 5437 2174 5514 aisasa‘ca'aml.

612 5508 722 5600 quin
746 5502 969 5559 superius
989 5503 1065 5551 de‘
1080 5505 1265 5556 Melana
1294 5510 1488 5559 nomine
1511 5502 1928 5565 animadvertimus
1951 5502 2171 5577 in—Epist'.

645 5554 704 5600 ΙΙ.
729 5569 835 5600 cum
860 5566 937 5600 est
957 5562 1014 5600 ad
1036 5561 1274 5600 nummum
1317 5576 1418 5600 lum
1442 5569 1532 5600 inf.
1586 5574 1632 5600 an
1669 5573 1799 5600 ι’..ςυι
1851 5577 1867 5600 Α
1885 5577 1934 5600 ιιι
1980 5578 2035 5600 ..ιι
2070 5577 2147 5600 ιι..

616 5616 750 5672 pium
772 5622 824 5664 et
845 5616 1164 5676 Augustinum

1904 268 2139 326 SANCTI
2184 264 2551 320 IlIEBONUlI

3756 277 3861 336 £72

2301 393 2459 430 unam
2502 383 2670 431 cernit
2700 381 2765 432 dc
2796 382 2899 434 tuis
2924 382 3103 435 liberis
3134 383 3568 452 triumphantem,
3597 390 3857 447 obtritum

2295 463 2388 534 [aL
2418 467 2668 538 obrutum]
2695 483 2754 520 se
2777 484 2897 522 esse
2923 471 3236 534 condolens,
3259 475 3446 537 quaerit
3474 476 3526 528 in
3549 491 3861 536 remanente

2293 555 2586 618 victoriam,
2632 574 2789 626 quam
2821 560 2871 610 in
2903 572 3172 626 praeeunte
3209 563 3317 628 jam
3345 565 3592 631 perdidit.
3626 547 3860 626 Cuauts

2293 646 2344 698 in
2374 662 2498 699 suos
2543 652 2727 714 pietas,
2759 651 3001 716 impietas
3033 653 3083 703 in
3117 654 3278 705 l'cum
3310 664 3410 706 est.
3441 657 3708 713 Abraham
3738 665 3858 716 uni-

2292 749 2411 787 cum
2457 736 2619 789 ﬁlium
2671 739 2825 792 hctus
2856 740 3125 803 interficit,
3158 751 3211 794 et
3241 752 3294 794 tu
3325 759 3481 796 uuam
3512 747 3582 800 de
3621 749 3859 816 pluribus

2292 830 2533 893 quereris
2554 833 2899 883 coronatam?
2920 831 3033 884 Non
3054 848 3271 900 possum
3295 836 3410 888 sine
3434 837 3635 903 gemitu
3656 841 3854 910 eloqui,

2292 918 2430 986 quod
2478 920 2715 973 dicturus
2768 937 2909 974 sum.
2957 922 3086 975 Cum
3118 924 3185 976 de
3214 925 3383 975 media
3413 941 3604 995 pompa
3633 928 3852 995 funeris,

2294 1019 2345 1062 te
2371 1013 2666 1064 exanimem
2697 1013 2977 1076 referrent,
3013 1014 3112 1066 hoc
3143 1016 3282 1068 inter
3313 1030 3373 1068 se
3404 1020 3631 1084 populus
3667 1024 3856 1074 mussi-

2294 1101 2436 1152 tabat
2463 1119 2476 1151 :
2511 1100 2694 1154 Noinie
2725 1102 2854 1154 illud
2884 1111 2966 1154 est
2990 1103 3129 1168 quod
3157 1106 3349 1170 smpius
3377 1106 3728 1162 dicebamus?
3757 1111 3856 1165 Do-

2293 1187 2362 1240 let
2407 1188 2565 1240 filiam
2605 1190 2823 1256 jejuniis
2855 1190 3206 1254 interfectam,
3239 1194 3379 1258 ψιοά
3413 1210 3516 1247 non
3555 1197 3640 1248 vel
3681 1198 3748 1251 de
3774 1212 3857 1252 se-

2290 1282 2464 1333 cundo
2508 1283 2623 1348 ejus
2668 1284 3007 1335 matrimonio
3040 1286 3267 1336 tenuerit
3300 1298 3540 1353 nepotes.
3571 1288 3855 1359 Quousque

2290 1385 2455 1439 genus
2499 1371 2816 1424 detestabile
2863 1373 3244 1426 Mimachorum
3292 1391 3394 1427 non
3443 1378 3574 1429 urbe
3605 1379 3855 1444 pellitur?

2291 1477 2394 1513 non
2441 1464 2700 1529 lapidibus
2727 1465 3007 1516 obruitur?
3040 1481 3143 1517 non
3180 1469 3535 1533 pra-cipitatur
3561 1470 3610 1521 in
3637 1469 3857 1524 fluctus?

2291 1551 2580 1604 Matronam
2637 1555 2993 1607 miserabilem
3034 1555 3381 1618 seduxerunt,
3436 1571 3556 1625 qua
3596 1573 3718 1612 cum
3760 1557 3851 1631 [aL

2288 1641 2426 1712 quin]
2470 1643 2723 1695 Monac-ha
2768 1659 2890 1698 esse
2931 1645 3183 1708 noluerit,
3229 1644 3352 1699 hinc
3394 1648 3670 1714 probatur,
3714 1649 3854 1716 quod

2289 1732 2431 1782 nulla
2455 1729 2741 1784 Gentilium
2771 1734 2837 1784 ita
2862 1747 2988 1785 suos
3013 1749 3240 1800 unquam
3270 1732 3472 1789 ﬂeverit
3505 1735 3663 1788 ﬁlios.
3716 1736 3855 1802 Qua-

2288 1823 2391 1875 lem
2415 1831 2566 1890 putas
2586 1822 2651 1875 ad
2671 1823 2800 1876 iStas
2818 1838 2973 1876 voces
2993 1824 3261 1876 Christum
3285 1824 3533 1878 habuisse
3552 1827 3854 1880 tristitiam?

2287 1910 2564 1975 Quomodo
2589 1913 2855 1965 exultasse
2884 1913 3156 1978 Silanam,
3186 1914 3273 1981 qui
3299 1929 3437 1967 nunc
3457 1925 3600 1968 tuam
3621 1918 3851 1968 animam

2288 2001 2494 2064 eripere
2532 2000 2810 2062 festinans,
2842 2012 2897 2056 et
2929 2003 2996 2070 pii
3030 2004 3122 2056 tibi
3169 2019 3475 2071 proponens
3505 2003 3705 2059 doloris
3737 2006 3854 2060 ille-

2287 2091 2521 2155 ccbram,
2553 2091 2678 2144 dum
2708 2102 2833 2146 ante
2871 2094 3058 2146 oculos
3103 2104 3223 2146 tuos
3261 2095 3381 2147 filiae
3427 2110 3640 2163 semper
3681 2099 3855 2165 imago

2290 2191 2548 2245 versatur,
2576 2184 2721 2250 cupit
2751 2193 2974 2236 matrem
3005 2186 3158 2238 simul
3195 2200 3388 2238 necare
3415 2187 3664 2252 victricis,
3695 2198 3751 2261 et_
3769 2201 3854 2241 so-

2286 2273 2558 2326 litudinem
2609 2275 2810 2329 sororis
2865 2276 3116 2329 invadere
3148 2277 3371 2330 relicta).
3400 2277 3514 2331 Non
3543 2289 3599 2332 ut
3629 2288 3850 2334 terream

2285 2363 2489 2432 loquor,
2539 2364 2634 2419 sed
2681 2376 2737 2418 ut
2784 2365 2912 2419 mihi
2959 2368 3109 2419 testis
3135 2376 3217 2420 est
3245 2368 3521 2431 Dominus,
3552 2369 3705 2437 quasi
3729 2381 3850 2425 ante

2286 2455 2516 2508 tribunal
2557 2457 2674 2524 ejus
2711 2458 2991 2521 assistens,
3039 2459 3091 2511 in
3137 2460 3249 2512 lure
3300 2469 3350 2512 te
3379 2461 3536 2512 verba
3575 2463 3845 2515 convenio.

2287 2545 2623 2600 Detestanda:
2649 2558 2772 2601 sunt
2803 2550 2918 2602 istae
2944 2550 3211 2620 lacrymaa,
3244 2553 3412 2620 plenae
3438 2553 3738 2622 sacrilegio,
3773 2555 3850 2607 in-

2283 2635 2592 2689 credulitate
2624 2639 2958 2704 plenissimm,
3023 2642 3176 2711 185
3249 2658 3367 2711 qua:
3388 2658 3492 2696 non
3519 2642 3715 2698 habent
3736 2661 3847 2699 mo-

2282 2723 2429 2787 dum,
2453 2740 2569 2792 qua?
2591 2742 2756 2794 usque
2780 2728 2846 2780 ad
2875 2730 3118 2782 viciniam
3147 2733 3332 2783 mortis
3361 2733 3638 2786 accedunt.
3668 2733 3848 2788 Ululas

2284 2823 2335 2866 et
2367 2815 2712 2880 exrlamitas,
2741 2825 2798 2870 et
2827 2822 2974 2885 quasi
3004 2819 3321 2886 quihusdam
3352 2820 3553 2874 facibus
3579 2836 3798 2877 accensa
3829 2865 3842 2886 ,

2281 2914 2534 2971 quantum
2563 2905 2683 2959 inte
2708 2916 2809 2970 est,
2833 2909 2904 2960 tui
2928 2923 3139 2976 semper
3163 2911 3424 2964 homicida
3444 2927 3522 2965 es.
3545 2912 3618 2982 (c)
3650 2913 3752 2967 Sed
3783 2916 3844 2966 ad

2283 2995 2438 3047 talem
2463 2996 2698 3049 clemens
2721 2997 3018 3064 ingreditur
3041 2999 3216 3062 Jesus,
3240 3010 3292 3053 et
3320 3000 3450 3054 dicit
3474 3019 3488 3054 :
3526 3020 3545 3052 ‹
3573 3003 3708 3069 Quid
3740 3003 3849 3069 plo-

2281 3097 2367 3135 ras
2381 3083 2401 3133 ?
2416 3082 2530 3136 Non
2552 3094 2632 3138 est
2654 3095 2856 3138 mortua
2881 3088 3074 3155 puella,
3090 3089 3180 3142 sed
3208 3089 3403 3142 dormit
3425 3109 3445 3141 ι
3465 3089 3651 3159 (Marc.
3670 3093 3721 3145 5.
3741 3093 3806 3147 59
3829 3109 3842 3156 ;

2280 3184 2325 3226 et
2355 3174 2480 3229 Luc.
2514 3177 2566 3229 8.
2597 3176 2708 3246 52).
2746 3178 3002 3231 lrrideant
3036 3180 3440 3235 circumstantes
3469 3199 3482 3233 :
3514 3183 3612 3235 ista
3663 3185 3843 3238 infide-

2280 3264 2399 3318 litas
2426 3266 2728 3320 Judazorum
2755 3278 2855 3322 est.
2889 3269 2965 3323 Te
2990 3286 3220 3340 quoque,
3249 3273 3292 3325 si
3317 3273 3381 3325 ad
3407 3274 3708 3341 sepulcrum
3727 3277 3844 3329 lilia:

2278 3355 2512 3409 volueris
2540 3357 2790 3422 volutari,
2817 3360 3050 3427 Angelus
3079 3361 3372 3428 increpabit
3397 3380 3410 3414 :
3445 3381 3464 3413 ι
3492 3363 3628 3428 Quid
3653 3368 3844 3432 qnmris

2277 3443 2541 3498 viventem
2557 3459 2675 3498 cum
2697 3449 2989 3501 mortuis?»
3011 3449 3158 3517 (Luc.
3174 3451 3265 3503 24.
3284 3451 3362 3519 5.)
3377 3451 3524 3516 Quod
3546 3454 3666 3521 quia
3687 3455 3841 3509 Maria

2280 3531 2472 3584 fecerat
2517 3531 2843 3600 Magdalene,
2893 3545 3171 3605 postquam
3201 3554 3383 3592 vocem
3413 3539 3620 3594 Domini
3649 3557 3707 3597 se
3733 3544 3842 3597 ela-

2277 3620 2471 3672 mantis
2495 3625 2728 3689 agnovit,
2758 3623 2822 3676 ad
2849 3624 2965 3691 ejus
2991 3625 3266 3692 provoluta
3298 3627 3480 3694 pedes,
3505 3629 3651 3683 audit
3679 3647 3694 3683 :
3727 3649 3746 3683 ι
3771 3631 3844 3686 Ne

2279 3707 2512 3775 tetigeris
2541 3724 2647 3774 me,
2679 3709 2904 3765 necdum
2932 3715 3072 3766 enim
3097 3714 3388 3768 ascendiad
3407 3717 3614 3771 Patrem
3636 3734 3837 3774 meum»

2277 3794 2459 3864 (Joan.
2487 3797 2577 3851 20.
2604 3799 2724 3863 27),
2774 3801 2826 3853 id
2869 3811 2972 3864 est,
3020 3817 3124 3855 non
3154 3805 3379 3858 mereris
3407 3813 3623 3875 tangere
3663 3823 3840 3863 resur-

2276 3897 2489 3956 gentem
2520 3905 2678 3958 quem
2711 3901 2974 3946 mortuum
3005 3894 3280 3949 existimas
3307 3896 3358 3949 in
3390 3898 3658 3965 sepulcro.

2348 3978 2401 4033 6.
2429 3978 2571 4045 Quas
2622 3997 2762 4037 nunc
2814 3984 3086 4039 existimas
3128 3985 3416 4041 Blmsillam
3459 3997 3695 4043 nostram
3737 3990 3840 4060 pati

2276 4083 2485 4134 cruces,
2543 4086 2662 4137 qua:
2728 4071 2866 4127 ferre
2914 4084 3200 4138 tormenta,
3242 4076 3384 4145 quod
3433 4077 3527 4131 tibi
3578 4077 3841 4134 Christum

2276 4159 2452 4214 videat
2476 4161 2808 4216 subiratum?
2835 4161 3041 4218 Clamat
3070 4181 3210 4220 nunc
3237 4166 3322 4220 illa
3351 4167 3550 4236 lugenti
3587 4187 3600 4222 :
3631 4169 3688 4224 Si
3743 4183 3840 4222 un-

2276 4264 2433 4318 quam
2475 4266 2560 4306 me
2587 4253 2773 4306 amasti
2804 4295 2818 4317 ,
2849 4265 3018 4310 mater
3040 4297 3055 4322 ,
3083 4257 3128 4311 si
3159 4265 3246 4311 tua
3296 4259 3458 4314 ubera
3484 4261 3600 4314 suxi
3621 4301 3638 4326 ,
3667 4261 3711 4314 si
3742 4261 3841 4314 tuis

2278 4337 2510 4392 instituta
2539 4353 2656 4394 sum
2685 4343 2927 4406 monitis,
2956 4359 3022 4400 ne
3061 4346 3293 4401 invideas
3330 4347 3512 4416 gloria:
3541 4364 3708 4414 meas;
3747 4363 3842 4403 nec

2277 4424 2378 4479 hoc
2403 4441 2546 4494 agas,
2593 4437 2649 4480 ut
2673 4443 2704 4481 a
2729 4430 2882 4484 nobis
2909 4432 2959 4484 in
2989 4445 3297 4502 perpetuum
3328 4452 3657 4505 separemur.
3685 4439 3842 4493 Putas

2276 4528 2394 4569 esse
2431 4531 2515 4569 me
2561 4517 2766 4570 solam?
2790 4519 2968 4574 Habeo
2994 4538 3088 4590 pro
3132 4536 3181 4578 te
3212 4525 3427 4580 Mariam
3470 4526 3690 4583 Matrem
3742 4529 3842 4582 Du-

2276 4603 2424 4657 mini.
2454 4604 2638 4660 Multas
2659 4607 2745 4662 hic
2769 4609 2924 4664 video
2939 4627 3069 4680 quas
3083 4622 3208 4669 ante
3233 4616 3553 4672 nesciebam.
3579 4618 3624 4673 Ο
3647 4630 3842 4688 quanto

2278 4694 2464 4748 melior
2488 4705 2570 4749 est
2598 4698 2696 4751 iste
2734 4700 3034 4754 comitatus.
3068 4702 3243 4759 Habeo
3267 4706 3473 4759 Annam
3497 4707 3761 4775 quondam
3791 4709 3840 4760 in

2278 4783 2567 4853 Evangelia
2584 4787 3006 4856 prophetautem,
3033 4800 3105 4855 et,
3135 4808 3239 4860 quo
3264 4796 3428 4862 magis
3454 4795 3702 4864 gaudeas,
3727 4805 3843 4850 tan-

2278 4885 2450 4928 torum
2480 4891 2734 4930 annorum
2769 4878 3002 4946 labores,
3030 4896 3128 4950 ego
3150 4883 3200 4936 in
3232 4884 3399 4938 tribus
3429 4884 3693 4938 mensibus
3712 4899 3844 4938 con-

2278 4973 2457 5017 secuta
2479 4979 2615 5018 sum.
2648 4965 2814 5020 Unam
2843 4970 3066 5036 palmam
3095 4973 3353 5026 castitatis
3395 4975 3714 5040 accepimus.
3742 4975 3842 5029 Mi-

2279 5055 2476 5107 sereris
2505 5055 2628 5119 mei,
2667 5057 2786 5123 quia
2811 5057 3059 5111 mundum
3078 5060 3304 5127 reliqui?
3325 5063 3393 5115 At
3420 5078 3518 5131 ego
3540 5065 3700 5118 vestri
3725 5079 3843 5119 sor-

2280 5148 2386 5194 tem
2419 5141 2610 5208 doleo,
2640 5159 2777 5212 quos
2802 5145 2975 5200 adhuc
3001 5149 3180 5201 saeculi
3226 5164 3410 5204 carcer
3435 5152 3682 5218 includit;
3715 5170 3842 5223 quos

2278 5231 2512 5298 quotidie
2555 5232 2608 5285 in
2634 5234 2748 5287 acie
2787 5235 3106 5302 praeliantes,
3138 5254 3277 5292 nunc
3317 5241 3413 5302 ira,
3438 5256 3578 5296 nunc
3607 5243 3842 5309 avaritia,

2279 5335 2419 5374 nunc
2443 5320 2625 5384 libido,
2655 5337 2793 5376 nunc
2837 5326 3098 5380 variorum
3130 5328 3391 5382 incentiva
3436 5331 3688 5386 vitiorum
3731 5349 3846 5403 pcr-

2280 5408 2494 5461 trahunt
2522 5409 2587 5462 ad
2615 5411 2840 5464 ruinam.
2862 5410 2918 5466 Si
2940 5415 3037 5480 vis,
3062 5422 3118 5468 ut
3146 5424 3314 5471 mater
3341 5432 3459 5472 mea
3489 5421 3586 5486 sis,
3614 5437 3734 5476 cura
3767 5420 3843 5490 (ά)

2341 5522 2411 5639 8:!)
2435 5519 2772 5572 Cisterciensis
2789 5523 2876 5598 sed
2897 5525 2962 5573 ad
2986 5529 3031 5610 te
3052 5523 3135 5576 ille
3157 5525 3380 5600 clemens,
3400 5537 3498 5580 etc.

2401 5583 2419 5639 )
2441 5582 2615 5633 Plures
2636 5597 2696 5634 ex
2723 5583 2865 5634 editis
2885 5591 2935 5635 et
2957 5585 3070 5635 Mss.
3096 5587 3203 5636 libri
3227 5601 3314 5637 cur
3339 5590 3498 5639 alacer

2283 5641 2325 5689 ti
2341 5582 2419 5642 (ά)
2441 5582 2615 5633 Plures
2636 5597 2696 5634 ex
2723 5583 2865 5634 editis
2885 5591 2935 5635 et
2957 5585 3070 5635 Mss.
3096 5587 3203 5636 libri
3227 5601 3314 5637 cur
3339 5582 3530 5652 placere
3551 5593 3737 5644 Christo
3759 5606 3843 5643 non

2300 5654 2307 5668 ·
2329 5656 2370 5689 s.
3683 5676 3688 5680 ε
