4078 6198
324 329 425 384 475

327 441 534 511 placere
567 434 797 490 Christo.
823 429 935 484 Non
970 439 1199 495 agnosco
1228 431 1450 477 matrem
1471 463 1485 482 ,
1517 431 1636 472 meo
1665 416 1889 469 Domino

329 509 712 595 displicentem.
745 520 1000 588 Loquitur
1027 514 1113 568 illa
1139 524 1189 566 et
1219 511 1320 564 alia
1353 509 1538 572 multa,
1568 521 1686 575 qua:
1715 514 1887 567 taceo,

329 628 380 671 et
401 632 494 684 pro
523 625 573 668 te
600 612 880 668 Dominum
908 614 1092 674 rogat;
1125 603 1361 670 mihique
1387 609 1442 654 ut
1472 598 1538 652 de
1567 597 1684 665 ejus
1714 604 1892 648 meme

330 722 542 763 securus
567 719 682 759 sum
711 703 802 770 (al.
827 697 943 768 siin)
963 737 980 762 ,
1003 696 1210 749 veniam
1239 693 1486 760 impetrat
1515 696 1848 758 peccatorum
1873 701 1888 736 :

330 799 462 870 quod
494 795 694 857 monui,
722 795 861 861 quod
891 791 1130 843 hortatus
1155 799 1295 846 sum,
1323 781 1465 852 quod
1496 780 1742 834 invidiam
1767 791 1891 845 pro-

331 891 663 960 pinquorum,
696 891 752 936 ut
779 880 921 936 salva
949 885 1114 941 esset,
1142 873 1346 941 excepi.

395 981 447 1032 7.
480 979 659 1046 Itaque
685 975 810 1028 dum
849 969 1064 1038 spiritus
1093 967 1190 1020 hos
1215 973 1362 1018 artus
1399 963 1562 1031 regit,
1595 959 1720 1013 dum
1769 957 1892 1011 vitae

329 1070 482 1139 hujus
507 1067 732 1122 fruimur
753 1071 1083 1123 commeatu,
1114 1055 1353 1126 spondeo
1372 1095 1387 1117 ,
1417 1052 1669 1122 promitto
1693 1091 1708 1115 ,
1737 1049 1890 1116 polli-

325 1177 468 1224 ceor,
483 1159 626 1212 illam
649 1170 765 1209 mea
782 1153 957 1219 lingua
978 1149 1267 1212 resonabit,
1283 1147 1357 1200 illi
1384 1143 1489 1198 mei
1507 1139 1890 1195 dedicabuntur

330 1252 491 1323 186
561 1247 807 1308 labores,
848 1244 924 1297 illi
954 1258 1130 1296 meum
1173 1238 1382 1294 sudabit
1432 1233 1718 1303 ingenium.
1741 1229 1894 1282 Nulla

326 1346 430 1397 erit
456 1343 666 1411 pagina,
703 1352 820 1406 qua:
849 1350 956 1389 non
1006 1333 1287 1388 Blmsillam
1335 1337 1509 1384 sonet.
1552 1326 1894 1391 Quocumque

329 1433 596 1488 sermonis
636 1430 803 1485 nostri
855 1433 1196 1480 monumenta
1245 1420 1616 1492 pervenerint,
1648 1415 1734 1468 illa
1774 1426 1896 1466 cum

327 1526 463 1578 meis
491 1520 764 1590 upusculis
814 1515 1253 1586 peregrinabitur.
1289 1511 1437 1564 lianc
1475 1508 1528 1560 in
1575 1520 1691 1559 mea
1719 1511 1894 1556 mente

324 1615 553 1668 detixam
575 1611 752 1679 legent
771 1607 1032 1676 Virgines,
1056 1603 1258 1666 Viduze,
1275 1598 1538 1662 Monachi,
1569 1593 1890 1649 sacerdotes.

324 1702 511 1757 Brevis
537 1702 656 1753 vitm
695 1697 954 1766 spatium,
981 1704 1179 1748 aeterna
1227 1689 1482 1743 memoria
1508 1681 1890 1753 compensabit.

281 1797 284 1800 ’
325 1794 455 1860 Quae
483 1808 601 1845 cum
623 1790 834 1845 Christo
864 1787 994 1841 vivit
1024 1787 1076 1839 in
1103 1782 1270 1847 caelis,
1303 1782 1356 1835 in
1387 1779 1658 1834 hominum
1688 1789 1895 1845 quoque

325 1900 420 1940 ore
456 1884 660 1938 victura
696 1888 800 1934 est.
825 1877 1163 1933 Transibitet
1189 1885 1426 1943 prmsens
1464 1878 1609 1931 tetas,
1659 1880 1891 1934 sequen.

327 1984 414 2030 tur
439 1971 626 2027 saecula
650 1978 771 2038 post
814 1967 1024 2030 futura,
1041 1979 1159 2034 quae
1185 1964 1299 2016 sine
1335 1975 1537 2025 amore,
1565 1958 1679 2012 sine
1701 1955 1892 2011 invidia

323 2063 660 2134 iudicabunt.
687 2059 829 2112 Inter
863 2056 1040 2111 Paulae
1075 2051 1453 2121 Eustochiiqne
1483 2063 1676 2103 nomen
1722 2046 1893 2100 media

326 2149 866 2225 ponetur.Nunqnam
894 2149 945 2200 in
966 2146 1096 2198 meis
1121 2144 1377 2198 moritura
1402 2149 1484 2196 est
1509 2139 1678 2193 libi-is.
1704 2137 1896 2190 Audiet

329 2259 416 2300 me
442 2256 651 2312 semper
677 2241 978 2308 loquentem
1026 2249 1146 2289 cum
1192 2249 1396 2296 sorore,
1425 2246 1544 2285 cum
1573 2236 1762 2282 matre.

812 2349 1141 2406 EPISTOLA
1177 2347 1271 2401 XL
1314 2346 1411 2416 (a).

701 2508 768 2545 an
798 2492 868 2560 (ὑ)
898 2503 1233 2554 κλκοειωκ,
1266 2503 1330 2540 nr.
1356 2499 1537 2541 casso.

336 2600 558 2656 Oiiasum
597 2601 972 2655 obtrectatorem
999 2601 1281 2669 quempiam
1323 2598 1470 2662 ridet,
1497 2597 1584 2665 qui
1611 2594 1743 2663 quod
1771 2591 1898 2646 Ilie-

403 2711 641 2764 ronymus
681 2695 733 2747 in
770 2694 874 2746 suis
905 2692 1043 2745 libris
1083 2691 1318 2744 adversus
1345 2689 1462 2742 vitia
1495 2687 1799 2755 scripserat,
1830 2682 1898 2735 ad

403 2801 547 2840 suam
571 2784 918 2837 contumeliam
949 2783 1194 2853 pertinere
1217 2779 1440 2849 putabat.

405 2900 458 2950 l.
489 2895 698 2960 Medici,
725 2910 860 2963 quos
887 2904 1077 2948 vocant
1115 2891 1452 2960 Chirurgicos
1473 2878 1493 2953 ,'
1530 2887 1772 2942 crudeles
1801 2901 1899 2954 pu-

335 2995 531 3049 tantur,
549 2995 603 3038 et
631 2984 808 3039 miseri
837 2982 978 3039 sunt.
1000 2985 1082 3038 An
1101 2999 1204 3036 non
1231 2991 1312 3036 est
1328 2980 1563 3046 miseria,
1581 2979 1768 3033 alienis
1789 2992 1894 3030 non

333 3076 516 3130 dolere
567 3076 915 3140 vulneribus,
961 3083 1016 3129 et
1067 3083 1304 3128 mortuas
1355 3087 1544 3126 carnes
1594 3066 1896 3123 inclementi

334 3181 516 3220 secare
543 3165 726 3221 ferro?
772 3166 886 3220 Non
921 3165 1138 3218 horrere
1189 3173 1462 3218 curantem
1487 3203 1502 3225 ,
1545 3161 1684 3231 quod
1716 3161 1900 3212 horret

339 3257 448 3323 ipse
476 3256 564 3325 qui
606 3255 835 3324 patitur,
864 3263 918 3308 et
962 3255 1229 3308 inimicum
1275 3252 1488 3322 putari?
1517 3251 1587 3304 Ita
1615 3265 1672 3303 se
1715 3258 1899 3302 natura

337 3347 530 3409 habet,
560 3355 617 3400 ut
669 3361 848 3399 amara
902 3345 971 3400 sit
1017 3345 1250 3407 veritas,
1303 3342 1494 3396 blanda
1550 3340 1674 3394 vitia
1716 3339 1900 3393 existi-

338 3444 565 3490 mentur.
638 3434 802 3490 Isaias
864 3436 916 3490 in
971 3435 1268 3503 exemplum
1321 3431 1640 3501 captivitatis
1687 3429 1894 3492 futurae,

337 3525 506 3580 nudus
555 3542 660 3580 non
711 3526 976 3581 erubescit
1017 3524 1264 3579 incedere
1311 3521 1460 3591 (Isai.
1487 3520 1601 3592 ΞΟ).
1637 3520 1896 3574 Jeremias

335 3616 402 3669 de
440 3616 611 3670 media
663 3602 962 3672 Jerusalem
1001 3615 1069 3670 ad
1109 3615 1434 3684 Euphratem
1463 3612 1676 3666 [luvium
1724 3611 1899 3664 Meso-

338 3709 582 3775 potamiae
645 3709 872 3763 mittitur
917 3709 1147 3778 (Jerem.
1193 3708 1332 3776 i3):
1365 3716 1422 3761 ut
1466 3707 1608 3760 inter
1659 3706 1898 3759 inimicas

334 3807 539 3866 gentes,
569 3799 656 3853 tibi
691 3808 771 3853 est
791 3799 1056 3868 Assyrius,
1081 3808 1326 3854 etcastra
1355 3808 1479 3852 sunt
1508 3797 1897 3860 Chaldaeorum,

337 3899 500 3957 ponat
526 3896 777 3958 περίζωμα
804 3888 871 3958 (c)
899 3888 1364 3957 corrumpendum.
1399 3887 1638 3941 Ezechiel
1661 3895 1898 3940 stercore

336 3979 568 4046 primum
616 3977 875 4038 humano,
917 3975 1108 4031 deinde
1151 3976 1348 4029 bubulo
1373 4017 1387 4038 ,
1420 3991 1610 4043 panem
1644 3976 1710 4029 de
1755 3976 1900 4028 omni

335 4076 580 4121 semente
624 4078 969 4131 conspersum
1016 4065 1175 4117 edere
1203 4065 1417 4130 jnbetnr
1444 4063 1652 4133 (Ezech.
1681 4065 1732 4118 4.
1759 4064 1851 4133 24)
1883 4080 1896 4116 :

334 4167 388 4213 et
415 4157 596 4210 uxoris
645 4153 910 4207 interitum
933 4153 1089 4206 siccis
1117 4154 1286 4206 oculis
1317 4153 1476 4206 videt.
1507 4155 1669 4206 Amos
1692 4154 1760 4207 de
1803 4153 1902 4208 Sa-

333 4246 502 4302 maria
532 4243 745 4314 pellitur
777 4241 951 4311 (Ainos
975 4242 1052 4311 7).
1080 4239 1186 4294 Cur
1207 4255 1384 4308 quaeso
1408 4241 1430 4293 ‘t
1454 4240 1654 4308 Nempe
1681 4241 1800 4294 ideo
1827 4241 1902 4312 (d)

337 4338 554 4408 pellitur
575 4375 592 4401 ,
643 4334 768 4403 quia
815 4331 1099 4402 chirurgici
1124 4325 1426 4401 spirituales
1450 4373 1463 4396 ,
1496 4340 1739 4386 secantes
1776 4333 1903 4384 vitia

337 4436 718 4498 peccatorum,
764 4423 830 4477 ad
880 4421 1245 4493 paenitentiam
1293 4421 1662 4475 cohortantur.
1711 4421 1905 4475 Paulus

339 4517 630 4587 Apostolus
657 4533 671 4569 :
707 4533 726 4566 ι
767 4514 1036 4576 Inimicus,
1070 4512 1259 4580 inquit,
1284 4510 1434 4564 vobis
1457 4511 1623 4564 lactus
1643 4525 1782 4573 sum,
1809 4526 1904 4564 ve-

338 4625 453 4663 rum
481 4609 666 4662 dicens
684 4625 702 4657 ι
726 4605 918 4675 (Galat.
941 4604 1017 4673 4).
1049 4603 1115 4658 Ει
1134 4603 1257 4672 quia
1285 4602 1572 4657 Salvatoris
1597 4602 1725 4654 dura
1757 4601 1906 4655 vide-

337 4701 530 4753 bantur
609 4697 760 4767 187
833 4694 1082 4764 eloquia,
1129 4692 1343 4762 plurimi
1386 4691 1765 4760 discipulorum
1814 4706 1904 4745 re-

341 4800 572 4844 trorsum
601 4787 861 4840 abierunt.

426 4899 477 4957 a)
523 4896 650 4946 Alias
691 4896 797 4945 100.
821 4896 1006 4958 scripta
1045 4894 1178 4944 circa
1199 4892 1334 4958 idem,
1351 4901 1552 4955 tempus.

429 4959 472 5020 b)
499 4958 582 5005 Sic
600 4957 883 5020 praeferunt
917 4956 1028 5020 Mss.
1053 4957 1338 5020 atque_editi
1381 4956 1904 5020 velusgtioreggVictor.

347 5017 469 5079 vero
489 5017 615 5078 quod
638 5017 818 5065 Erasm.
845 5019 1130 5077 probaverat
1151 5017 1217 5065 ad
1261 5025 1495 5065 Bonasum
1520 5017 1754 5079 inscribit,
1778 5020 1904 5079 quod

345 5076 412 5125 illi
462 5076 638 5137 nomen
676 5079 734 5124 ab
759 5076 939 5125 euOrmi
978 5092 1090 5126 naso
1126 5079 1326 5126 inditum
1369 5083 1522 5137 putet.
1549 5077 1638 5124 Alii
1679 5076 1906 5126 [lanosum

343 5137 494 5186 scribi
519 5136 822 5200 deberenon
841 5141 956 5186 satis
974 5138 1122 5186 ﬁrmis
1143 5136 1449 5200 argumentis
1463 5137 1776 5186 contendunt.
1801 5139 1908 5187 Huc

346 5210 468 5258 ergo
491 5195 751 5244 referenda
776 5195 856 5242 illa
889 5200 951 5244 ad
981 5195 1232 5255 Bonasum',
1274 5201 1378 5246 sive
1417 5198 1478 5246 de
1513 5207 1694 5245 Bonaso
1737 5199 1906 5247 inscri-

346 5263 446 5364 ptio
478 5258 670 5306 videtur
695 5270 707 5304 :
735 5270 833 5318 quo
852 5258 1063 5307 animalis
1095 5261 1287 5308 nomine
1310 5260 1637 5307 adversarium
1661 5271 1798 5306 suum
1823 5273 1906 5307 v0-

366 5320 493 5364 nerit
515 5319 567 5364 S.
594 5318 739 5364 Pater
764 5319 1112 5364 nerstrinaere.
1132 5319 1318 5364 Dicitur
1339 5321 1556 5364 Bonasus
1597 5318 1770 5364 animal
1805 5333 1906 5364 cor-

366 5320 493 5367 nerit
515 5319 567 5368 S.
594 5318 739 5366 Pater
764 5319 1112 5379 perstringere.
1132 5319 1318 5368 Dicitur
1339 5321 1556 5369 Bonosus
1597 5318 1770 5367 animal
1805 5333 1908 5368 cor-

343 5393 437 5428 nua
460 5380 644 5430 habere
667 5380 875 5444 implexa
890 5417 902 5437 ,
926 5393 1017 5444 nec
1040 5393 1180 5444 posse
1199 5395 1487 5444 quemquam
1513 5380 1710 5444 laedere.
1748 5380 1906 5428 ﬁmum

343 5454 472 5515 ergo
488 5444 642 5515 versis
665 5442 876 5515 cal_c_ibus
899 5442 1121 5515 ejaculaEi
1135 5476 1148 5499 ,
1174 5455 1268 5504 quo
1290 5442 1560 5515 sequentes
1579 5442 1750 5515 adurit.

406 5503 477 5563 (c)
512 5503 712 5561 Quidam
737 5503 850 5552 Mss.
875 5503 1054 5554 addunt
1077 5503 1256 5554 Grecae
1282 5503 1409 5553 vocis
1431 5503 1905 5565 interpretationem,

349 5561 396 5612 id
418 5572 486 5612 est
511 5564 741 5613 lumbare.

341 5572 395 5612 ια
418 5572 486 5612 est
511 5572 741 5612 lumbare.

405 5624 482 5685 (τι)
507 5625 685 5689 Victor.
705 5623 907 5689 alterum
928 5625 1120 5689 pellitur
1135 5627 1336 5678 verbum
1359 5639 1454 5676 nou
1478 5625 1642 5685 habet,
1665 5632 1714 5674 et
1730 5623 1908 5674 deinde

342 5686 705 5736 cohortabantur
729 5697 814 5747 pro
835 5686 1155 5738 coliOrtantur.

1704 303 2026 360 EPlSTOLA
2071 303 2200 358 XLI.

3463 315 3565 369 474

2067 415 2120 467 2.
2157 414 2305 470 Unde
2330 431 2433 468 non
2467 417 2655 468 mirum
2693 425 2790 479 est,
2826 418 2871 470 si
2895 427 2948 471 et
2982 403 3357 490 nosipsi'vitiis
3382 423 3563 479 detra-

2000 509 2207 574 hcntes,
2235 509 2555 563 offendimus
2583 509 2862 577 plurimos.
2886 511 3130 580 Disposui
3162 530 3347 569 nasum
3382 531 3565 571 secare

1998 597 2293 662 fmientem,
2336 599 2514 652 timeat
2541 600 2627 666 qui
2678 608 2974 654 strumosus
3002 611 3102 656 est.
3124 603 3257 659 Volo
3281 606 3565 660 cornicula:

1997 689 2283 744 detrahere
2319 692 2596 760 garrienti,
2637 693 2965 746 rancidulam
2993 693 3098 762 (al.
3122 697 3475 766 rancidulam)
3507 715 3566 752 se

1998 778 2256 847 intelligat
2275 781 2484 834 cornix.
2511 781 2756 850 Nunquid
2802 799 2935 836 unus
2965 783 3017 836 in
3049 784 3178 837 urbe
3208 785 3439 839 Romana
3459 798 3562 853 est,

1996 870 2083 937 qui
2110 870 2299 924 habeat
2315 879 2557 926 «truncas
2581 871 2866 928 inhonesto
2887 874 3101 928 vulnere
3127 889 3280 927 nares
3297 874 3562 943 ?(.'Eneid.

1999 957 2084 1013 lib.
2123 959 2218 1013 VI.
2250 959 2269 1031 )
2313 961 2556 1030 Nunquid
2579 963 2726 1016 solus
2751 964 2824 1032 (ε)
2851 965 3060 1018 Onasus
3087 962 3409 1031 Segestanus
3437 981 3565 1020 cava

1999 1051 2178 1115 verba,
2211 1063 2264 1105 et
2287 1053 2336 1104 in
2369 1053 2581 1106 modum
2606 1053 2928 1106 vessicarum
2956 1054 3233 1117 tumentia,
3260 1054 3438 1109 buccis
3465 1068 3568 1108 tru-

1999 1140 2195 1194 tinatur
2223 1142 2461 1195 inﬂatis?
2496 1143 2620 1196 Dico
2643 1143 2900 1210 quosdam
2927 1145 3150 1208 scelere,
3181 1147 3441 1212 perjurio,
3474 1148 3568 1198 lal-

1999 1235 2153 1285 sitate
2173 1231 2238 1285 ad
2267 1232 2576 1300 dignitatem
2607 1235 2785 1287 nescio
2800 1250 2956 1303 quam
2986 1236 3312 1302 pervenisse.
3335 1236 3470 1303 Quid
3501 1236 3566 1290 ad

2001 1329 2051 1374 te
2075 1363 2090 1385 ,
2117 1322 2204 1390 qui
2231 1333 2281 1376 te
2311 1323 2561 1391 intelligis
2600 1323 2934 1377 innocentem
2957 1326 2979 1376 ?
3005 1324 3170 1378 Rideo
3211 1325 3522 1378 advocatum
3548 1364 3564 1388 ,

1999 1410 2088 1478 qui
2119 1419 2339 1477 patrono
2388 1421 2540 1480 egeat
2573 1431 2586 1466 :
2619 1413 2911 1482 quadrante
2941 1413 3008 1484 (ί)
3045 1415 3255 1483 dignam
3308 1415 3565 1484 eloquen-

2002 1501 2129 1554 tiam
2161 1517 2288 1554 nare
2335 1503 2602 1556 subsanno
2635 1519 2646 1554 :
2681 1502 2803 1570 quid
2835 1503 2898 1556 ad
2954 1512 3038 1568 te,
3062 1504 3150 1572 qui
3191 1504 3421 1558 disertus
3465 1505 3566 1558 es?

2001 1590 2135 1644 Volo
2179 1593 2233 1646 in
2261 1592 2590 1645 nummarios
2633 1591 2810 1645 invehi
2839 1593 3151 1646 Sacerdotes
3179 1611 3191 1645 :
3217 1602 3270 1647 tu
3300 1595 3389 1663 qui
3421 1594 3568 1648 dives

2004 1679 2076 1749 (g)
2109 1694 2201 1747 es,
2254 1682 2377 1748 quid
2424 1682 2704 1735 irasceris?
2731 1683 2979 1736 Clausum
3009 1685 3164 1752 cupio
3210 1685 3320 1738 suis
3361 1685 3568 1753 ignibus

1999 1769 2187 1823 ardere
2254 1769 2543 1823 Vulcanum
2597 1789 2611 1822 :
2669 1771 2902 1839 nunquid
2954 1772 3148 1840 hospes
3194 1773 3308 1841 ejus
3356 1788 3436 1839 es,
3476 1784 3570 1828 aut

1998 1860 2224 1924 vicinus,
2259 1860 2399 1929 quod
2430 1876 2458 1912 a
2483 1861 2716 1915 delubris
2746 1862 2870 1914 idoli
2906 1863 3090 1916 niteris
3115 1864 3414 1919 incendium
3442 1865 3568 1919 sub-

1999 1949 2246 2004 movere?
2277 1950 2454 2004 Placet
2475 1936 2604 2004 mibi
2635 1951 2700 2004 de
2718 1951 2897 2016 larvis,
2917 1952 2984 2006 de
3005 1961 3217 2017 noctua,
3248 1953 3315 2007 de
3335 1953 3564 2020 bubone,

1999 2038 2064 2093 de
2084 2039 2298 2093 Niliacis
2330 2041 2503 2095 ridere
2533 2041 2810 2110 portentis.
2843 2040 3106 2109 Quidquid
3147 2043 3344 2096 dictum
3371 2043 3528 2096 luerit
3549 2082 3564 2105 ,

2001 2128 2052 2182 in
2092 2139 2141 2183 te
2166 2129 2366 2182 dictum
2392 2139 2562 2197 putas.
2612 2129 2667 2183 In
2693 2130 3062 2200 quodcumque
3107 2131 3285 2184 vitium
3308 2132 3431 2185 stilti
3463 2134 3566 2188 mei

2001 2233 2182 2272 mucro
2224 2227 2620 2287 contorquetur,
2649 2229 2699 2272 te
2737 2220 2975 2272 clamitas
3003 2220 3287 2289 designari.
3313 2222 3567 2276 Conscrta

2002 2323 2159 2360 manu
2192 2309 2242 2360 in
2268 2308 2355 2376 jus
2380 2321 2572 2370 vocas,
2603 2318 2657 2361 et
2705 2311 2990 2379 satyricum
3025 2311 3336 2379 scriptorem
3385 2312 3464 2381 (Ii)
3512 2312 3564 2366 in

2005 2415 2160 2469 prosa
2187 2401 2344 2454 stulte
2374 2401 2570 2469 arguis.
2599 2401 2680 2452 An
2711 2399 2830 2454 ideo
2859 2401 2947 2453 tibi
2980 2401 3151 2455 bellus
3189 2402 3383 2454 videris
3402 2441 3417 2465 ,
3447 2403 3568 2468 quia

2003 2491 2176 2546 fausto
2197 2493 2400 2546 vocaris
2424 2493 2636 2546 nomine
2657 2492 2679 2544 i
2707 2493 2855 2558 quasi
2887 2508 3014 2556 non,
3037 2502 3090 2547 et
3117 2494 3262 2547 lucus
3285 2493 3403 2547 ideo
3424 2492 3571 2547 dicao

2004 2592 2107 2647 tur,
2147 2584 2285 2653 quod
2330 2585 2530 2638 minime
2554 2585 2715 2637 luceat
2747 2600 2765 2636 :
2788 2593 2841 2638 et
2868 2585 3045 2639 Parere
3074 2586 3141 2638 ab
3167 2600 3231 2639 eo
3254 2627 3268 2651 ,
3294 2585 3434 2654 quod
3475 2601 3570 2638 ne-

2002 2692 2251 2747 quaquam
2270 2684 2479 2745 parcant
2501 2693 2520 2729 :
2545 2685 2599 2730 et
2637 2676 2955 2730 Eumenides
2979 2676 3149 2742 furno,
3185 2677 3324 2746 quod
3349 2692 3448 2729 non
3468 2677 3566 2730 sint

2003 2767 2226 2837 benigna:
2252 2785 2270 2822 :
2294 2776 2346 2822 et
2377 2768 2531 2837 vulgo
2577 2765 2848 2832 zEtliiOpes
2869 2775 3128 2821 vocentur
3153 2769 3394 2837 argentei.
3419 2766 3569 2833 Quod

2003 2857 2046 2911 si
2075 2858 2125 2910 in
2148 2857 2501 2926 descriptione
2534 2857 2796 2912 fcedorum
2817 2872 3028 2926 semper
3058 2858 3323 2920 irasceris,
3351 2857 3457 2925 jam
3477 2857 3568 2909 tibi

1999 2960 2120 3000 cum
2153 2945 2334 3000 Persio
2361 2947 2586 3000 cantabo
2618 2962 2630 2998 :

2005 3036 2064 3104 (ἱ)
2097 3035 2281 3102 Optent
2303 3047 2348 3089 te
2364 3053 2600 3106 generum
2617 3051 2724 3100 rex,
2752 3045 2798 3089 et
2818 3037 3008 3105 regina,
3044 3036 3223 3100 puella:

2006 3125 2075 3178 Te
2091 3127 2290 3192 rapiant
2308 3141 2325 3178 :
2340 3125 2580 3194 quidquid
2607 3126 2874 3178 calcaveris
2904 3126 2995 3178 hoc
3016 3142 3132 3178 rosa
3157 3127 3246 3193 ﬁat
3272 3125 3466 3196 (Satyr.
3488 3125 3570 3196 2).

2077 3217 2130 3270 5.
2155 3215 2298 3268 Dabo
2325 3224 2502 3267 tamen
2523 3214 2824 3279 consilium,
2856 3214 3047 3284 quibus
3073 3214 3418 3274 absconditis.
3445 3229 3572 3283 pos-

2005 3305 2078 3359 sis
2107 3303 2377 3373 pulchrior
2401 3317 2681 3371 apparere.
2712 3301 2882 3355 Nasus
2911 3317 3016 3356 non
3045 3302 3288 3357 videatur
3311 3305 3362 3356 in
3386 3303 3521 3357 facie
3554 3320 3569 3356 :

2005 3410 2182 3450 sermo
2222 3408 2324 3448 non
2361 3403 2513 3447 sonet
2541 3392 2604 3445 ad
2629 3393 2947 3462 loquendum
2979 3411 2992 3447 :
3020 3401 3176 3463 atque
3199 3394 3269 3447 ita
3291 3403 3346 3448 et
3369 3391 3572 3448 formo-

2005 3499 2116 3552 sus,
2149 3493 2201 3540 et
2230 3483 2458 3538 disertus
2486 3482 2652 3537 videri
2690 3482 2908 3550 poteris.

2363 3617 2521 3688 133
2591 3616 2922 3671 EPISTOLA
2955 3615 3068 3670 xu
3122 3617 3212 3688 (ι).

2507 3765 2574 3803 an
2602 3765 2914 3805 IARCELLAI
2947 3751 3044 3819 (lt).

2007 3861 2212 3931 Refellit
2257 3860 2490 3914 Montani
2525 3861 2742 3912 ha’retici
2787 3861 3061 3928 dogmata,
3109 3863 3417 3931 ostenditque
3451 3865 3571 3932 quid

2041 3952 2173 4004 inter
2200 3951 2307 4015 eius
2330 3964 2542 4012 errores,
2564 3958 2713 4017 atque
2739 3947 2981 4000 Ecclesia:
3006 3949 3296 4001 sententiain
3317 3951 3531 4005 intersit.

2081 4085 2130 4136 l.
2165 4082 2488 4136 Testimonia
2535 4081 2600 4135 de
2646 4080 2865 4134 Joannis
2893 4079 3178 4149 Evangelio
3207 4091 3524 4152 congregata
3547 4125 3562 4147 ,

2009 4189 2128 4243 qum
2156 4173 2248 4227 tibi
2274 4173 2486 4241 quidam
2516 4172 2743 4227 Mantani
2783 4179 3011 4225 sectator
3034 4172 3269 4239 ingessit.
3302 4173 3352 4226 in
3379 4174 3572 4243 quibus

2011 4263 2254 4319 Salvator
2279 4272 2458 4317 noster
2485 4277 2543 4317 se
2571 4262 2637 4317 ad
2681 4262 2890 4316 Patrem
2918 4262 3134 4326 iturum,
3180 4265 3570 4334 missurumqne

2075 4413 2143 4474 (ε)
2164 4413 2404 4478 Υἰοιοιιίυε
2438 4425 2501 4478 e3
2525 4416 2857 4478 praeconcepta
2874 4414 3104 4478 opinione
3130 4423 3340 4478 smus
3363 4421 3576 4478 segem.

2011 4472 2132 4523 nus.
2156 4473 2272 4536 Cu_m
2311 4486 2426 4536 vero
2462 4472 2669 4534 Segesta
2697 4472 2852 4536 altera
2874 4472 3161 4532 Pannoniae,
3186 4475 3340 4526 altera
3363 4472 3576 4536 Liguria:

2011 4537 2191 4598 civit_as_
2215 4534 2394 4598 fuerit,
2432 4547 2652 4598 quaenam
2694 4535 2772 4583 hic
2809 4536 3088 4589 denotetur.
3132 4536 3255 4584 haud
3297 4534 3576 4598 expeditum

2014 4603 2092 4658 est
2101 4595 2320 4658 delinire.
2338 4594 2678 4658 Ferusimilius
2690 4601 2850 4644 tamen
2867 4597 3126 4645 Pannoniae
3143 4594 3402 4658 Segestum
3426 4605 3573 4652 notat.

2095 4657 2138 4716 Ι)
2163 4655 2238 4718 Al.
2261 4654 2526 4718 indignant,
2543 4655 2586 4703 id
2614 4663 2689 4704 est
2714 4669 2776 4704 ne
2798 4654 3279 4718 quadrantequidém
3301 4658 3510 4718 dignam.

2093 4715 2144 4776 g)
2171 4715 2401 4766 Reatinus
2437 4715 2710 4779 Episcopus,
2735 4715 2847 4779 cum
2887 4715 3114 4779 negandi
3141 4715 3391 4779 particula,
3422 4718 3578 4779 tuqui

2013 4777 2149 4838 dives
2172 4789 2262 4825 non
2293 4790 2344 4826 es
2372 4789 2388 4824 :
2414 4777 2600 4838 meliori
2617 4776 2830 4838 quidem
2866 4776 3043 4837 sensu,
3084 4776 3172 4825 sed
3196 4776 3306 4825 Mss.
3331 4784 3411 4824 aut
3434 4776 3579 4826 editis

2011 4838 2117 4885 aliis
2139 4837 2272 4885 libris
2295 4852 2386 4885 non
2409 4836 2797 4898 sulfragantibus.

2076 4899 2150 4959 (Ii)
2188 4899 2419 4946 Nimirum
2459 4895 2585 4959 quod
2617 4912 2711 4945 non
2745 4899 2834 4946 nisi
2868 4898 3158 4946 carminibus
3180 4895 3362 4959 satyrae
3384 4908 3578 4959 wmpo-

2013 4957 2201 5014 nautur,
2238 4967 2289 5007 et
2318 4957 2718 5006 soluta—oratione
2747 4959 3060 5017 scribentem,
3084 4957 3356 5017 satyricum
3380 4957 3577 5017 scripto.

2014 5033 2119 5066 rem
2152 5019 2350 5067 stultuni
2368 5021 2431 5066 sit
2454 5017 2718 5079 appellare,
2744 5031 2802 5079 ac
2818 5019 2856 5064 si
2872 5015 3417 5079 _o_uis_llalice‘dice_ret:
3440 5016 3582 5079 Serit-

2013 5085 2087 5126 tor
2117 5080 2172 5139 di
2196 5081 2368 5127 Sonetti
2399 5079 2448 5126 in
2485 5075 2806 5139 prosaxouod
2829 5075 2957 5139 addit
2979 5077 3134 5139 fausto
3157 5075 3340 5139 vocaris
3363 5075 3577 5134 nomine,

2015 5138 2222 5200 explicat
2239 5139 2472 5200 Martian..
2486 5135 2626 5200 quod
2643 5135 3054 5200 Onasusidemsit
3075 5148 3129 5182 ac
3151 5135 3424 5200 Onesimus,
3433 5149 3579 5200 quem

2014 5195 2353 5247 in'Nomiuum
2392 5195 2531 5244 libro'
2549 5199 2774 5244 decorum
2816 5196 2950 5244 Hier.
2994 5198 3358 5256 interpretatur.
3407 5195 3582 5244 verius

2016 5267 2144 5319 puto,
2169 5260 2492 5319 deduceretur
2514 5258 2576 5304 ab
2597 5268 2689 5319 δγάῳ
2706 5255 2872 5304 Graeco
2891 5255 3270 5319 themate,un
3296 5263 3373 5305 est
3390 5258 3516 5319 iuva,
3535 5263 3581 5308 et

2013 5316 2222 5380 prosum,
2248 5318 2377 5365 unde
2409 5325 2589 5365 Onasus
2611 5317 2762 5364 latine
2787 5316 3088 5376 Profuturus,
3113 5316 3267 5367 fausto
3288 5317 3481 5367 nomine
3503 5329 3581 5368 vos

2013 5379 2108 5427 (“ari
2136 5379 2301 5427 mtuit.
3351 5417 3354 5420 .

2076 5394 2466 5498 ἱῌῧῒιιιῗὲιίοτθδ
2487 5436 2686 5500 vulgati,
2709 5451 2763 5486 ac
2784 5436 2897 5486 Mss.
2919 5437 3102 5500 aliquot
3125 5417 3406 5491 Formosum
3427 5443 3472 5488 te
3495 5449 3582 5501 op-

2013 5505 2108 5548 teut
2131 5512 2354 5559 qenerum
2363 5535 2374 5556 ,
2403 5505 2498 5546 etc.

2084 5557 2149 5623 li)
2176 5559 2304 5623 filias
2327 5560 2403 5608 δι.
2429 5558 2615 5623 scripta
2636 5557 2946 5623 eademnque
2966 5559 3075 5610 384.

2076 5618 2148 5684 (It)
2175 5621 2383 5673 Veteres
2407 5618 2544 5681 editi,
2561 5629 2612 5671 et
2633 5618 2845 5670 nonnulli
2869 5619 2984 5672 Mss.
3007 5622 3188 5678 addunt
3207 5622 3437 5678 adversus
3459 5627 3583 5672 Iton-

2014 5691 2196 5734 tanum.
