4078 6198
320 231 422 282 677

760 358 1086 416 EPISTOLA
1130 360 1266 415 XLII
1312 361 1406 431 (η).

862 487 928 525 AD
971 485 1306 526 ιιΑιιοΕιιΑι.

649 579 835 631 Contra
867 579 1183 634 Novatianos
1213 580 1509 634 Hmreticos.

306 704 520 771 Roganti
566 703 828 761 Marcella!
861 702 990 777 quid
1037 712 1102 764 sit
1156 711 1356 764 verbum
1403 721 1576 765 contra
1622 712 1872 782 Spiritum

370 794 617 854 Sanctam
642 837 657 862 ι
695 800 985 866 'upondet,
1014 817 1215 855 sensum
1263 801 1537 855 Novatiani
1562 802 1747 855 docens
1767 819 1872 856 esse

365 887 572 954 falsum.

364 1002 414 1051 l.
466 999 648 1054 Brevis
681 1000 753 1072 (b)
786 1012 869 1057 est
896 1005 1317 1073 quaestiuncula,
1363 1021 1521 1076 quam
1549 1007 1756 1071 misisti,
1813 1019 1869 1062 et

296 1098 470 1154 aperta
497 1093 776 1158 responsio
797 1100 898 1146 est.
914 1089 984 1147 'Si
1013 1095 1154 1148 enim
1182 1095 1250 1150 de
1289 1111 1355 1150 eo
1378 1097 1592 1165 quodin
1627 1096 1871 1166 Evange-

295 1177 362 1230 lio
387 1178 638 1234 scribitur
661 1196 674 1232 :
702 1199 720 1231 ι
754 1180 1086 1253 Quicumque
1111 1184 1303 1239 dixerit
1322 1186 1540 1240 verbum
1562 1196 1746 1240 contra
1777 1186 1867 1240 Fi-

293 1269 416 1323 lium
442 1271 696 1334 hominis,
715 1272 1016 1326 remittetur
1033 1276 1080 1328 ei
1102 1291 1115 1328 :
1137 1275 1228 1343 qui
1256 1285 1432 1329 autem
1461 1276 1654 1330 dixerit
1683 1286 1867 1330 contra

293 1362 446 1432 191
510 1362 763 1430 Spiritum
785 1363 1038 1418 Sanctum
1068 1381 1172 1418 non
1201 1368 1501 1423 remittetur
1519 1369 1588 1432 ei,
1613 1385 1786 1438 neque
1815 1371 1864 1424 in

290 1451 389 1503 huc
416 1451 632 1514 sa-culo,
665 1467 839 1522 neque
866 1454 916 1506 in
947 1455 1374 1524 futurm(tIlatth.
1402 1458 1489 1512 l2.
1514 1458 1604 1522 52;
1632 1469 1678 1513 et
1700 1459 1863 1512 Marc.

288 1541 469 1605 3.29),
512 1540 834 1596 Novatianus
875 1542 1201 1598 afﬁmatnon
1225 1562 1382 1615 posse
1423 1563 1641 1616 peccare
1669 1550 1719 1602 in
1743 1549 1866 1617 Spi-

288 1629 443 1680 ritum
468 1630 744 1696 Sanctum,
774 1632 872 1686 nisi
900 1649 1022 1686 eum
1049 1635 1138 1703 qui
1160 1633 1492 1692 Christianus
1510 1640 1597 1703 sit,
1627 1648 1682 1693 et
1710 1649 1860 1708 post-

289 1733 347 1770 ea
379 1722 650 1788 negaverit
677 1740 690 1785 ;
718 1725 1052 1778 manifestum
1077 1735 1160 1780 est
1185 1726 1400 1781 Judaeos
1419 1730 1506 1797 qui
1532 1745 1598 1783 eo
1621 1741 1860 1799 tempore

290 1812 744 1880 blasphemabant,
806 1829 1023 1883 peccato
1063 1817 1410 1885 bIaSphemia:
1459 1835 1564 1873 non
1623 1821 1790 1874 teneri
1841 1837 1855 1877 :

289 1901 496 1969 quippe,
531 1902 621 1970 qui
672 1902 817 1972 impii
864 1906 1058 1965 coloni,
1109 1905 1402 1961 interfectis
1448 1907 1748 1976 Prophelis,
1790 1910 1858 1964 de

289 2006 418 2044 nece
451 1991 655 2044 Domini
697 1993 1019 2061 cogitabant.
1047 2003 1100 2048 ct
1124 1996 1173 2048 in
1203 2005 1404 2050 tantum
1434 2010 1587 2052 erant
1641 1999 1852 2068 perditi,

290 2088 344 2132 nt
370 2080 433 2132 ad
461 2080 742 2134 salvandos
764 2097 876 2145 eos,
907 2098 964 2136 sc
991 2083 1081 2136 Dei
1123 2084 1287 2138 Filius
1329 2087 1541 2140 venisse
1569 2089 1856 2155 reSponde-

288 2172 372 2222 rit.
410 2167 558 2224 Unde
580 2170 646 2223 de
675 2179 786 2224 toto
810 2173 975 2241 ipsius
1002 2172 1292 2241 Scriptura:
1325 2175 1511 2230 ordine
1540 2177 1857 2232 convincen-

287 2258 386 2312 dus
410 2267 512 2323 est,
538 2276 642 2313 non
671 2259 753 2314 his
782 2261 1200 2318 irrcmissibilem
1244 2280 1366 2320 esse
1389 2266 1582 2320 dictam
1612 2269 1855 2338 blasphe-

286 2349 466 2412 miam,
511 2348 600 2416 qui
647 2351 923 2404 tormentis
964 2353 1224 2419 compulsi
1254 2393 1269 2418 ,
1297 2363 1352 2408 et
1377 2356 1538 2409 variis
1573 2358 1854 2412 cviscerati

285 2438 603 2492 cruciatibus
637 2477 653 2503 ,
707 2439 988 2493 Dominum
1041 2440 1428 2511 denegassent;
1486 2445 1580 2498 sed
1630 2446 1710 2499 his
1763 2445 1853 2514 qui

282 2547 400 2584 cum
453 2531 504 2583 in
539 2531 823 2585 virtutibus
875 2532 1086 2586 videant
1116 2548 1278 2602 opera
1309 2535 1402 2589 Dei
1429 2575 1443 2599 ,
1469 2536 1855 2592 calumnientnr

281 2628 334 2674 et
360 2620 653 2686 clamitent,
675 2620 933 2676 daemonis
959 2637 1082 2676 esse
1107 2623 1378 2687 virtutem,
1411 2634 1465 2678 et
1494 2627 1670 2680 omnia
1703 2628 1848 2697 signa

279 2726 396 2778 qua:
417 2708 552 2765 facta
578 2719 722 2774 sunt,
754 2727 858 2765 non
890 2711 957 2765 ad
981 2713 1213 2766 divinam
1245 2714 1688 2783 magniﬁcentiam
1714 2755 1729 2779 ,
1757 2717 1850 2770 scd

279 2799 342 2853 ad
369 2800 636 2854 diabolum
668 2802 937 2871 pertinere
967 2801 1196 2872 (Matth.
1231 2803 1336 2868 ης
1365 2802 1532 2857 Marc.
1563 2806 1626 2869 ὅς
1653 2816 1699 2858 et
1720 2805 1847 2860 Luc.

278 2891 336 2944 Il
363 2891 402 2960 ).
439 2889 591 2946 Unde
626 2902 689 2964 et
710 2892 952 2947 Salvator
982 2902 1163 2948 noster
1203 2901 1316 2948 toto
1341 2895 1703 2964 responsionis
1741 2911 1850 2951 suae

279 2980 380 3035 hoc
404 2983 514 3051 agit
551 2992 890 3052 argumento,
924 2993 983 3038 ut
1007 2985 1215 3048 doceat,
1264 2999 1368 3038 non
1419 3000 1574 3053 posse
1600 2986 1848 3041 Satanam

277 3072 397 3140 cjici
425 3087 456 3126 a
483 3058 718 3139 Satana',
749 3081 806 3128 et
834 3089 1056 3144 regnum
1084 3075 1199 3143 ejus
1237 3074 1377 3129 inter
1401 3089 1459 3129 se
1492 3090 1595 3129 non
1626 3091 1743 3129 esse
1768 3077 1847 3130 di-

277 3161 467 3214 visum.
520 3161 652 3216 Cum
694 3163 837 3217 enim
882 3163 1075 3217 diaboli
1119 3164 1348 3217 studium
1393 3165 1481 3229 sit,
1523 3165 1612 3218 Dei
1655 3165 1849 3220 Iazdere

277 3260 591 3316 creaturam,
624 3252 893 3326 quomodo
915 3253 1152 3321 ejusdem
1181 3254 1373 3322 poterit
1401 3268 1522 3308 esse
1556 3254 1846 3310 voluntatis

276 3354 468 3396 sanare
505 3345 839 3412 languentes,
886 3352 940 3397 et
996 3346 1228 3412 seipsum
1277 3342 1343 3397 de
1391 3345 1623 3398 obsessis
1666 3345 1848 3416 fugare

276 3432 625 3500 corporibus?
673 3435 869 3488 Probet
897 3436 1072 3503 itaque
1101 3435 1427 3491 Novatianus
1451 3476 1466 3501 ,
1509 3438 1734 3508 aliquem
1778 3440 1846 3495 de

277 3519 379 3582 his.
409 3522 496 3590 qui
522 3523 824 3579 sacriﬁcare
868 3525 1127 3594 compulsi
1155 3535 1278 3579 sunt
1303 3535 1426 3582 ante
1454 3528 1680 3583 tribunal
1703 3530 1846 3600 judi-

277 3609 370 3674 ris,
397 3613 734 3680 respondisse
755 3614 928 3667 omnia
954 3631 1071 3682 qua:
1099 3615 1148 3668 in
1169 3615 1456 3686 Evangelia
1478 3619 1671 3685 scripta
1693 3630 1838 3687 sunt,

284 3717 388 3755 non
415 3717 445 3755 a
475 3701 610 3756 Filio
652 3703 783 3769 Dei,
815 3705 910 3758 sed
959 3720 986 3758 a
1028 3705 1327 3761 Beelzebub
1372 3709 1609 3778 principe
1647 3710 1846 3765 da-nio-

279 3788 488 3840 niorum
535 3788 695 3840 fuisse
730 3787 1001 3856 perfecta,
1032 3799 1087 3844 et
1131 3801 1254 3844 tunc
1299 3794 1491 3858 poterit
1547 3795 1844 3862 approbare

270 3875 693 3930 irremissibilem
752 3877 803 3929 in
850 3877 1102 3945 Spiritum
1151 3879 1403 3934 Sanctum
1443 3896 1561 3936 esse
1598 3883 1842 3953 blaSphc-

269 3965 456 4017 ntiatn.

343 4053 398 4105 Ξ.
425 4050 498 4106 Ut
524 4060 703 4105 autem
745 4061 800 4107 et
828 4054 1032 4107 acutius
1061 4057 1258 4125 aliquid
1299 4060 1687 4130 interrogemus
1713 4106 1728 4129 ,
1761 4081 1843 4120 re-

268 4141 555 4211 spondeat,
585 4141 710 4211 quid
751 4143 819 4195 sit
845 4153 1026 4196 contra
1053 4145 1244 4200 Filium
1289 4147 1517 4204 hominis
1559 4152 1758 4219 dicere,
1791 4165 1845 4208 et

269 4235 324 4288 in
357 4233 616 4303 Spiritum
647 4233 900 4289 Sanctum
942 4235 1332 4304 blaSphemare.
1368 4241 1479 4310 Ego
1522 4245 1716 4314 quippe
1751 4263 1837 4302 as-

269 4338 394 4377 sero
413 4323 564 4392 juxta
593 4337 809 4376 sensum
845 4323 986 4406 illius
1007 4366 1020 4389 ,
1055 4340 1148 4380 eos
1175 4328 1262 4395 qui
1289 4328 1557 4384 Christum
1584 4334 1633 4386 in
1667 4351 1844 4402 perse-

269 4415 482 4468 cutione
513 4413 849 4484 negaverint,
869 4424 1054 4469 contra
1083 4416 1274 4470 Filium
1306 4418 1535 4475 hominis
1554 4422 1770 4492 dixisse,
1791 4437 1844 4480 et

270 4522 375 4561 non
419 4507 470 4561 in
500 4505 755 4576 Spiritum
800 4507 1051 4562 Sanctum
1089 4509 1506 4578 hlziSphemassc.
1552 4515 1650 4579 Qui
1702 4517 1840 4570 enim

269 4599 620 4668 interrogatur
640 4638 656 4664 ,
700 4613 767 4652 an
797 4597 1132 4654 Christianus
1160 4601 1260 4666 sit,
1292 4611 1346 4655 et
1381 4602 1740 4660 Christianum
1783 4623 1842 4663 se

270 4705 375 4743 non
398 4704 517 4744 esse
541 4689 874 4759 responderit
899 4707 914 4753 ;
943 4691 1124 4760 utique
1153 4693 1396 4761 negando
1416 4692 1706 4763 Christum,
1741 4697 1841 4754 hoc

267 4792 368 4840 εει,
401 4778 596 4833 Filium
625 4779 855 4833 hominis
877 4821 892 4845 ,
925 4779 1142 4849 Spiritui
1182 4781 1377 4837 Sancto
1404 4799 1508 4838 non
1551 4785 1678 4841 facit
1706 4788 1842 4857 injuc

268 4867 421 4920 riam.
451 4868 506 4922 Si
533 4875 711 4923 autem
737 4868 1004 4924 Christum
1043 4871 1313 4942 negando,
1344 4876 1553 4944 negavit
1591 4887 1644 4931 et
1674 4877 1840 4948 Spiri-

271 4963 381 5006 tum
407 4970 424 5018 ;
470 4956 726 5013 edisserat
754 4957 1048 5015 Haereticus
1073 5001 1089 5026 ,
1129 4962 1396 5030 quomodo
1443 4980 1545 5018 non
1576 4977 1759 5036 peccet
1787 4971 1838 5024 in

268 5043 546 5110 Spiritum,
569 5047 656 5114 qui
675 5047 865 5103 Filium
890 5051 1120 5105 hominis
1141 5051 1504 5122 denegaverit.
1526 5059 1632 5113 Aut
1651 5061 1696 5113 si
1719 5061 1839 5129 Spi-

265 5135 426 5188 ritum
455 5132 707 5188 Sanctum
739 5136 837 5192 hoc
880 5141 998 5196 loco
1075 5143 1229 5214 192
1300 5145 1698 5216 intelligendum
1740 5151 1839 5206 Pa-

326 5264 400 5324 (a)
436 5261 506 5326 ΑΙ.
534 5265 640 5314 149.
661 5267 844 5324 scripta
865 5269 996 5320 circa
1017 5261 1239 5324 eumdem
1261 5288 1439 5325 annum
1460 5276 1569 5326 584.

322 5327 399 5390 (ti)
434 5325 662 5390 Eluribus
684 5330 876 5388 verbis,
901 5335 990 5380 sed
1028 5334 1163 5384 nullo
1203 5337 1360 5387 ferme
1392 5325 1698 5390 sensuﬂEdit.
1738 5340 1838 5389 Be-

256 5388 377 5462 ned:
407 5387 792 5462 erBrevis‘atque
815 5394 1060 5462 succincta
1084 5398 1451 5462 quaestiuncula,
1476 5387 1834 5462 quammisisti,

257 5457 314 5520 e_t_
330 5449 650 5520 obscura,__et
691 5449 860 5512 aperta
884 5449 1162 5520 responsio
1201 5466 1293 5507 est.
1332 5476 1354 5504 ι
1391 5449 1508 5510 Nos'
1535 5449 1834 5520 Victorino};

254 5507 473 5580 aliosque
518 5511 676 5580 editos
716 5507 1014 5580 vetustiores
1053 5520 1341 5580 sequimur:
1378 5507 1836 5574 malletnu's'tameti

253 5569 344 5639 hoc
360 5569 468 5646 legi
487 5571 651 5646 ‘modo.
668 5589 706 5646 _¢
732 5572 911 5625 Brevis
931 5569 1318 5646 quaestiunculas,
1345 5569 1488 5643 quam
1499 5569 1837 5645 misisti—suc:

251 5637 424 5689 cincta,
452 5638 504 5681 et
545 5640 716 5694 aperta
738 5637 994 5698 responsio
1014 5647 1108 5686 est.
1130 5656 1152 5684 ι

1669 248 1992 306 EPISTULA
2036 251 2214 308 XLIII.

3446 275 3551 328 478

1989 372 2120 419 trem
2148 374 2314 434 putat,
2353 367 2525 424 Patris
2555 371 2692 424 nulla
2723 381 2804 426 est
2828 387 2857 426 a
2894 385 3145 445 negatore
3188 383 3386 435 mentio
3415 383 3548 438 facta
3607 402 3618 408 ·

1982 467 2100 505 cum
2128 466 2361 524 negaret.
2399 457 2586 512 Petrus
2615 461 2898 527 Apostolus
2919 479 2982 517 eo
3011 475 3269 537 tempore,
3301 485 3406 540 quo
3449 487 3552 526 an-

1981 544 2115 598 cillae
2146 546 2554 616 interrogatione
2578 554 2906 617 perterritus,
2931 555 3208 613 Dominum
3234 566 3462 631 negavit,
3495 567 3547 620 in

1981 633 2169 688 Filium
2195 637 2523 703 hominis,an
2547 642 2596 694 in
2617 643 2870 710 Spiritum
2899 645 3150 702 Sanctum
3177 653 3384 708 videtur
3403 672 3549 710 com-

1979 725 2188 780 misisse
2216 729 2526 794 peccatum?
2547 729 2600 784 Si
2633 731 2682 784 id
2711 734 2851 801 quod
2868 735 2962 800 ait,
2985 739 3151 791 nescio
3173 741 3440 807 hominem,
3470 747 3546 800 ri-

1977 811 2155 868 dicule
2183 817 2409 870 voluerit
2439 822 2795 889 interpretari,
2843 837 2946 876 non
2985 824 3254 880 Christum
3299 847 3420 884 cum
3451 850 3548 888 ne.-

1975 916 2153 971 gasse,
2187 907 2279 960 sed
2311 907 2576 964 hominem
2603 927 2618 973 ;
2651 913 2960 968 mendacem
2987 915 3146 971 faciet
3193 919 3542 987 Salvatorem,

1974 995 2062 1061 qui
2091 1011 2166 1059 se,
2189 995 2288 1052 hoc
2305 1011 2407 1064 est,
2424 999 2612 1054 Filium
2635 1003 2745 1067 Dei,
2767 1007 3064 1072 negandum
3090 1023 3210 1064 esse
3235 1014 3548 1076 pra'dixcrat

1976 1082 2738 1161 (Matt/n26;etJoan.l5).Si
2760 1104 2936 1150 autem
2969 1100 3180 1168 negavit
3209 1100 3399 1156 Filium
3431 1105 3543 1170 Dei,

1976 1173 2116 1228 unde
2133 1186 2184 1228 et
2199 1191 2378 1232 amare
2393 1179 2553 1244 ﬁevit,
2575 1193 2629 1236 et
2648 1185 2836 1237 trinam
2861 1190 3215 1256 negationem,
3247 1193 3380 1246 trina
3406 1203 3548 1261 post-

1973 1277 2034 1315 ea
2062 1265 2399 1322 confessione
2426 1269 2645 1337 delevit,
2669 1275 3004 1330 manifestum
3045 1289 3148 1345 εει,
3176 1294 3448 1348 peccatum
3491 1286 3544 1339 in

1973 1353 2224 1420 Spiritum
2255 1357 2529 1426 Sanctum,
2561 1363 2682 1418 ideo
2707 1381 2810 1420 non
2843 1383 2996 1436 posse
3021 1370 3233 1436 dimitti,
3266 1377 3407 1443 quod
3436 1376 3532 1428 ha—

1970 1443 2091 1497 beat
2162 1447 2541 1516 bIaSphemiam
2578 1471 2590 1505 :
2626 1464 2682 1508 ut
2743 1472 2862 1510 cum
2907 1459 3087 1514 videas
3148 1462 3202 1516 in
3255 1464 3539 1522 virtutibus

1971 1532 2157 1598 Deum,
2190 1535 2485 1594 Beelzebub
2509 1542 2850 1598 calumnieris
2871 1546 2924 1600 in
2953 1547 3124 1602 factis.
3154 1551 3344 1606 Doceat
3373 1554 3534 1623 igitur

1967 1623 2198 1692 aliquem
2225 1640 2528 1696 negatorem
2555 1671 2569 1694 ,
2600 1631 2895 1688 Beelzebub
2919 1652 3138 1692 vocasse
3169 1639 3456 1707 Chrismm,
3487 1655 3541 1698 et

1968 1715 2106 1766 ultro
2133 1715 2358 1771 referam
2387 1721 2629 1788 gradum,
2666 1735 2971 1792 negatorem
3005 1743 3108 1782 non
3142 1747 3298 1797 posse
3329 1737 3535 1788 veniam

1965 1806 2215 1875 consequi
2239 1818 2355 1875 post
2382 1811 2606 1865 ruinam.
2639 1814 2795 1868 Aliud
2824 1827 2907 1870 est
2937 1820 3216 1875 tormentis
3243 1823 3456 1887 cedere.
3477 1835 3531 1879 et

1963 1907 2021 1946 se
2064 1893 2423 1952 Christianum
2467 1917 2660 1972 negare
2702 1922 2716 1959 :
2768 1905 2911 1960 aliud
2950 1907 3236 1977 Christum,
3267 1913 3533 1968 diabolum

1961 1983 2316 2048 dicere.sicut
2362 1991 2453 2044 tibi
2497 1991 2611 2059 ipsa
2663 1992 2960 2064 Scriptura,
3016 2009 3178 2069 atque
3229 2015 3531 2072 contextus,

1963 2073 2096 2128 lecta
2145 2078 2399 2133 attentius
2465 2091 2714 2149 poterunt
2769 2083 2883 2155 [αι.
2946 2092 3254 2162 potuerunt]
3307 2093 3530 2149 demon-

1961 2174 2150 2220 διε-πρ.

2032 2259 2082 2310 3.
2138 2257 2332 2313 Fuerat
2376 2262 2590 2330 quidem
2646 2266 2903 2331 prolixius
2952 2269 3320 2329 disserendum
3379 2295 3393 2331 :
3436 2279 3528 2334 sed

1959 2347 2208 2414 quoniam
2241 2351 2446 2414 amicis,
2479 2364 2532 2406 et
2557 2355 2647 2423 qui
2673 2357 2738 2410 ad
2769 2367 3006 2413 nostrum
3037 2362 3378 2434 hospitiolum
3403 2384 3530 2423 cnn-

1962 2450 2238 2503 veneruut,
2266 2432 2599 2508 praesentiam
2621 2455 2855 2501 nostram
2875 2465 3069 2518 negare
3094 2432 3198 2507 non
3217 2470 3527 2524 possumus,

1959 2538 2008 2582 et
2041 2528 2132 2582 tibi
2159 2546 2263 2583 non
2296 2533 2472 2587 statim
2524 2538 2878 2604 respondere,
2925 2529 3206 2598 admodum
3242 2547 3410 2603 visum
3447 2561 3529 2606 est

1956 2622 2272 2690 arrogantis,
2298 2624 2456 2678 latam
2478 2626 2889 2696 disputationem
2928 2633 3073 2688 brevi
3114 2651 3358 2693 sermone
3382 2655 3528 2695 com-

1959 2713 2354 2779 prehendimus,
2388 2727 2442 2770 ut
2471 2733 2572 2772 non
2599 2729 2703 2772 tam
2730 2721 3038 2790 Epistolam,
3064 2741 3222 2794 quam
3243 2729 3526 2785 Commen-

1957 2802 2198 2857 tariolum
2228 2805 2568 2862 dictaremus.

2417 2940 2738 2996 El’lSTOLA
2782 2943 2939 2998 xuii
2971 2947 3057 3015 (c).

2472 3069 2552 3141 (Ι)
2583 3087 2650 3125 an
2670 3088 3005 3129 uacuus.

1956 3194 2252 3250 Marcellam
2281 3200 2530 3266 hortatur,
2559 3214 2610 3257 ut
2645 3206 2809 3259 Roma
2834 3210 3028 3277 relicta,
3059 3229 3112 3266 se
3137 3231 3222 3269 rus
3249 3223 3474 3289 conferat
3507 3232 3557 3278 :'

2025 3303 2114 3354 per
2169 3291 2534 3346 contentionem
2586 3297 2884 3362 ostendens,
2943 3310 2988 3354 et
3037 3315 3278 3371 quantum
3341 3311 3523 3365 habeat

2024 3375 2189 3431 Roma
2218 3381 2583 3452 molestiarum,
2631 3397 2679 3439 et
2701 3400 2944 3455 quantum
2985 3397 3395 3455 commoditatum
3441 3418 3525 3455 ro-

2021 3469 2199 3524 litudo.

2022 3604 2074 3657 l.
2109 3603 2442 3674 Ambrosius,
2473 3609 2552 3680 (ά)
2571 3625 2674 3681 quo
2702 3611 2915 3668 chartas
2935 3655 2950 3679 ,
2980 3627 3222 3686 sumptus
3242 3661 3257 3687 ,
3288 3626 3525 3681 notarios

1950 3695 2304 3762 ministrante,
2341 3709 2445 3752 tam
2469 3700 2881 3758 innumerabiles
2909 3705 3073 3760 libros
3101 3724 3225 3764 vere
3247 3712 3513 3768 Adaman-

1951 3785 2072 3851 tius,
2130 3796 2183 3841 et
2223 3788 2606 3846 Chalcenterus
2650 3804 2831 3847 noster
2868 3798 3149 3864 explicavit
3185 3802 3237 3854 in
3295 3808 3523 3871 quadam

1952 3874 2211 3942 Epistula,
2257 3892 2414 3944 quam
2447 3880 2511 3932 ad
2539 3881 2784 3934 eumdem
2834 3883 2900 3936 de
2935 3885 3162 3954 Athenis
3214 3891 3524 3960 scripserat,

1949 3965 2131 4029 refert,
2187 3981 2454 4036 nunquam
2510 3984 2570 4023 se
2614 3971 2788 4024 cibum
2833 3973 3058 4044 Origene
3102 3991 3365 4045 praesente
3407 3985 3525 4042 sine

1953 4055 2180 4109 lectione
2207 4061 2538 4126 sumpsisse;
2572 4078 2837 4132 nunquam
2884 4065 3048 4122 inisse
3091 4083 3358 4138 somnum,
3419 4079 3524 4133 nisi

1950 4159 2086 4197 unus
2129 4161 2160 4198 e
2187 4144 2436 4202 fratribus
2485 4151 2652 4205 sacris
2684 4153 2876 4209 litteris
2915 4167 3247 4224 personaret.
3278 4162 3391 4219 [Ioc
3414 4167 3526 4220 die-

1947 4231 2045 4285 bus
2124 4235 2278 4306 193
2349 4239 2521 4305 egisse
2547 4251 2600 4294 et
2629 4243 2888 4309 noctibus,
2922 4257 2978 4300 ut
3023 4258 3077 4303 et
3120 4250 3279 4307 lectio
3323 4257 3523 4312 oratio-

1951 4338 2071 4376 nem
2100 4329 2388 4396 exeiperet,
2421 4341 2472 4385 et
2500 4334 2671 4388 oratio
2703 4335 3004 4394 lectionem.

2018 4412 2072 4465 2.
2125 4415 2258 4482 Quid
2301 4433 2399 4472 nos
2437 4423 2637 4476 ventris
2677 4425 2924 4481 animalia
2972 4430 3075 4486 tale
3117 4448 3350 4504 unquam
3395 4441 3526 4496 feci-

1951 4511 2104 4562 mus?
2133 4525 2268 4579 quos
2297 4511 2341 4565 si
2385 4513 2465 4566 vel
2505 4517 2739 4571 secunda
2778 4518 2905 4573 hora
2937 4520 3482 4596 legentesdnvenerit
3505 4577 3520 4599 ,

1949 4601 2288 4655 oscitamus:
2336 4618 2494 4658 manu
2540 4605 2728 4663 faciem
2774 4609 3134 4682 defricantes,
3183 4620 3528 4678 continemus

1947 4691 2310 4757 stomachum;
2337 4704 2391 4749 et
2419 4697 2568 4766 quasi
2611 4707 2730 4768 post
2760 4701 2985 4758 multum
3014 4705 3251 4764 laborem
3280 4710 3526 4764 mundia-

2009 4919 2078 4980 (ε)
2115 4919 2242 4981 Αιὶαε
2269 4923 2326 4971 l8
2352 4923 2540 4981 scripta
2562 4923 2695 4974 circa
2717 4938 2798 4973 an.
2824 4926 2930 4975 585.

2007 4981 2084 5052 (tl)
2239 4999 2260 5052 ει
2283 4980 2486 5052 primum
2512 4983 2820 5035 Marcionites
2838 5022 2860 5052 ,_
2877 4986 3058 5052 deinde
3081 4988 3142 5052 ab
3181 4987 3398 5052 Origene
3422 5009 3524 5044 cor-

1945 5051 2126 5114 rectus,
2144 5042 2374 5116 Ecclesia:
2397 5045 2639 5116 diaconus,
2671 5042 3061 5116 et‘conl‘essionis
3085 5042 3349 5116 Donuni'ca:
3372 5042 3526 5116 gloria

1945 5103 2184 5174 insignis.»
2211 5103 2387 5174 dicitur
2410 5107 2457 5153 in
2483 5104 2708 5167 Catalogo
2731 5107 2907 5174 script.
2935 5107 3128 5174 l'I‘ccles1
3150 5123 3193 5174 c.
3217 5113 3313 5174 56;
3340 5103 3402 5165 εἴ
3415 5103 3524 5167 cum

1946 5163 2057 5239 eius
2092 5180 2114 5208 «ι
2143 5163 2407 5239 industria,
2433 5163 2737 5236 sumptufet
2783 5163 3010 5239 inStantia
3051 5169 3235 5221 inﬁnita
3281 5163 3528 5239 Origenes

1943 5222 2201 5302 είέξιαῑιῖειξξξ
2233 5222 2952 5302 relvetieazzﬁauaeme-ms.
2973 5231 3080 5280 sive
3118 5222 3522 5302 ορενυνήᾼέιῖιῐὶιῖῖ

1942 5295 2021 5331 sor
2043 5284 2210 5356 audiit.
2235 5282 2441 5356 videtur
2462 5282 3057 5356 autemmemoriaz'lapsu
3079 5282 3524 5356 peccare—illioram

1943 5356 2056 5414 cum
2075 5342 2332 5418 Ambrosio
2357 5344 2485 5393 illam
2520 5347 2771 5418 epistolam
2785 5342 3048 5418 adscribit,
3081 5342 3526 5418 aevi—inprolio‘Di-‘i:

1941 5405 2085 5464 genis
2098 5403 2296 5473 labore,
2317 5418 2426 5473 cum
2451 5418 2481 5455 e
2501 5403 2746 5473 potitrario
2785 5412 2935 5473 ipsius
2954 5403 3408 5472 Adamantii'e-x'stet
3419 5403 3526 5473 iis-

1942 5472 2195 5573 gmentnm
2218 5466 2440 5527 epistolae
2457 5468 2516 5540 ad
2535 5466 2881 5540 quemdam'de
2905 5473 3158 5528 Ambrosio
3173 5466 3226 5529 id
3243 5466 3525 5543 béiiiiiiéiis.

1989 5531 2008 5572 I.
2030 5537 2208 5573 vereor
2225 5539 2291 5573 ne
2315 5526 2434 5573 falso
2458 5532 2764 5573 mscrrbamr-

1989 5531 2008 5572 t
2030 5537 2208 5574 vereor
2225 5526 2291 5575 ne
2315 5526 2434 5576 falso
2458 5526 2764 5582 inscribatur.

2006 5586 2080 5656 (ξς)
2105 5585 2322 5656 Consule
2362 5589 2614 5640 chronicas
2659 5595 2958 5655 posteriores
2993 5597 3142 5650 Notas
3167 5604 3213 5652 in
3239 5601 3528 5656 Prtefatione

1947 5647 2003 5695 ad
2028 5646 2182 5710 Epist.
2211 5662 2379 5701 xxxrv.
