4078 6198
625 180 726 235 (.79

623 295 762 349 libus
791 290 867 363 (a)
906 301 1114 344 rursum
1166 284 1390 354 negotiis
1439 294 1780 350 occupamur.
1831 279 2184 334 Praetermitto

623 384 867 454 prandia,
891 380 1080 449 quibus
1103 389 1252 430 mens
1273 381 1491 426 onerata
1515 371 1790 439 premitur.
1817 369 1986 424 Pudet
2006 370 2185 424 dicere

624 474 973 543 frequentiam
1006 464 1286 526 salutandi,
1322 477 1422 532 qua
1450 472 1541 515 aut
1572 463 1670 530 ipsi
1697 461 1933 530 quotidie
1959 460 2022 514 ad
2050 461 2184 514 alios

624 568 889 634 pergimus
908 601 922 624 ,
967 567 1056 610 aut
1085 555 1151 609 ad
1181 569 1279 608 nos
1319 555 1594 607 venientes
1623 553 1702 622 (l)
1731 561 1952 606 caeteros
1979 566 2182 618 exspe-

623 666 843 708 ctamus.
876 649 1132 714 Deinceps
1165 645 1270 698 itur
1300 645 1350 697 in
1380 644 1566 707 verba,
1592 657 1770 696 sermo
1799 643 2006 705 teritur,
2038 642 2179 696 lace-

621 751 799 796 rantur
817 739 1084 800 absentes,
1112 736 1218 788 vita
1242 733 1416 786 aliena
1437 733 1779 793 describitur,
1805 741 1856 785 et
1878 731 2183 785 mordentes

619 829 866 890 invicem,
890 823 1254 877 consumimur
1266 823 1333 875 ah
1359 823 1611 876 invicem.
1629 821 1774 874 Talis
1799 834 1896 874 nos
1921 821 2070 874 cibus
2091 835 2183 874 oc-

614 927 770 985 cupat
795 926 850 970 et
885 916 1126 970 dimittit.
1159 915 1289 970 Cum
1319 929 1449 967 vero
1492 913 1649 966 amici
1694 913 2042 976 recesserint,
2090 928 2179 966 ra-

614 1008 828 1063 liocin'ra
853 1015 1226 1077 supputamus.
1252 1004 1404 1059 Nunc
1422 1003 1502 1058 ira
1527 1017 1808 1072 personam
1837 1003 2003 1056 leonis
2027 1001 2180 1056 nobis

611 1099 813 1153 inducit
840 1099 942 1170 [aL
973 1094 1222 1167 imponit]
1247 1114 1264 1148 :
1293 1109 1436 1150 nunc.
1463 1109 1590 1148 cura
1617 1093 1893 1163 superﬂua
1927 1094 1980 1146 in
2009 1108 2181 1146 annos

611 1188 866 1256 plurimos
885 1187 1134 1240 duratura
1161 1185 1490 1254 praecogitat.
1514 1182 1622 1236 Nec
1643 1181 1990 1236 recordamur
2009 1182 2188 1235 Evan-
2223 1205 2236 1212 -

606 1277 752 1346 gu-lii,
782 1277 1011 1332 dicentis
1036 1293 1048 1329 :
1088 1293 1106 1327 ι
1136 1276 1330 1338 Stulte,
1361 1274 1462 1327 hac
1488 1284 1646 1327 nocte
1672 1272 1915 1327 auferent
1944 1273 2177 1326 animam

606 1377 750 1422 tuam
769 1384 795 1420 a
818 1378 868 1422 te
893 1387 906 1421 :
936 1384 1054 1438 qua:
1071 1377 1247 1422 autem
1268 1367 1575 1435 praeparasti
1593 1365 1746 1434 cujus
1769 1375 1927 1419 erunt
1944 1365 1994 1417 ἲ»
2020 1363 2170 1433 (Luc.

607 1460 696 1515 12.
729 1461 845 1529 20.)
892 1459 1079 1514 Vestes
1108 1475 1214 1513 non
1246 1458 1311 1512 ad
1345 1472 1470 1512 usus
1522 1466 1724 1510 tantum
1747 1498 1760 1522 ,
1805 1456 1900 1510 sed
1941 1455 2006 1509 ad
2037 1455 2174 1509 deli-

605 1552 719 1605 cias
780 1551 1186 1620 conquiruntur.
1234 1548 1565 1616 Ubicumque
1624 1545 1996 1615 compendium
2055 1554 2171 1609 est,

604 1643 842 1697 velocior
863 1657 979 1711 pes,
999 1642 1139 1694 citus
1162 1654 1362 1701 sermo,
1386 1640 1530 1691 auris
1551 1639 1823 1691 attentior.
1847 1638 1901 1691 Si
1922 1636 2172 1690 damnum

607 1735 702 1806 (ut
742 1749 884 1802 smpe
910 1734 961 1786 in
994 1747 1052 1786 re
1079 1730 1329 1784 familiari
1360 1730 1604 1784 accidere
1644 1729 1817 1796 solet)
1851 1728 2003 1781 fuerit
2033 1743 2173 1780 nun-

605 1829 811 1890 tiatum,
839 1826 1014 1879 vultus
1035 1838 1268 1879 maerore
1289 1822 1626 1891 deprimitur.
1649 1820 1916 1874 Lzetamur
1933 1819 1999 1874 ad
2022 1835 2174 1872 nutu-

602 1930 769 1977 mum,
801 1913 874 1984 (b)
903 1914 1058 1967 obolo
1085 1911 1479 1966 contristamur.
1510 1908 1663 1964 Unde
1700 1924 1819 1962 cum
1853 1910 1904 1962 in
1943 1925 2046 1962 uno
2077 1908 2174 1962 ho-

600 2003 744 2056 mine
785 2002 1084 2055 animornm
1133 2011 1238 2053 tam
1285 2000 1494 2054 diversa
1544 2000 1613 2051 sit
1662 1997 1858 2064 facies,
1907 1999 2170 2078 Propheta

600 2094 882 2148 Dominum
910 2093 1247 2161 deprecatur,
1277 2091 1496 2145 dicens:
1537 2110 1554 2142 ι
1589 2091 1840 2156 Domine,
1873 2093 1922 2145 in
1957 2094 2169 2147 civitate

596 2198 684 2239 tua
717 2185 1000 2253 imaginem
1047 2199 1231 2238 eorum
1272 2183 1467 2252 dissipa
1504 2203 1522 2236 ι
1559 2183 1579 2254 (
1613 2182 1703 2237 Ps.
1729 2185 1817 2236 72.
1845 2185 1914 2238 20
1947 2185 1988 2253 ).
2032 2185 2164 2239 Cum

592 2279 735 2332 enim
766 2277 830 2330 ad
860 2277 1140 2346 imaginem
1171 2286 1227 2330 et
1271 2276 1670 2329 similitudinem
1716 2277 1805 2329 Dei
1843 2277 2040 2330 conditi
2089 2278 2165 2328 si-

593 2383 734 2431 mus,
766 2384 829 2421 ex
856 2369 986 2421 vitio
1015 2376 1201 2420 nostro
1227 2381 1484 2435 personas
1513 2367 1667 2419 nobis
1696 2366 1953 2434 plurimas
1979 2382 2163 2436 super-

593 2459 917 2514 inducimus.
946 2458 1013 2511 Et
1052 2458 1321 2526 quomodo
1353 2458 1404 2510 in
1451 2457 1796 2511 theatralibus
1825 2460 1997 2512 scenis
2026 2474 2164 2512 unus

593 2558 752 2618 atque
777 2549 913 2603 idem
938 2548 1145 2611 histrio,
1172 2563 1313 2601 nunc
1334 2547 1614 2601 Herculem
1641 2547 1888 2602 robustus
1907 2549 2159 2614 ostendit,

592 2654 735 2693 nunc
762 2639 939 2692 mollis
965 2640 1016 2691 in
1046 2637 1308 2692 Venerem
1343 2638 1619 2706 frangitur,
1653 2652 1792 2691 nunc
1823 2638 2078 2692 tremulus
2107 2639 2159 2693 in

588 2729 842 2799 Cybelem
871 2745 882 2780 :
914 2729 983 2781 ita
1013 2737 1067 2782 et
1093 2743 1191 2781 nos
1222 2727 1330 2796 (qni
1359 2729 1400 2780 si
1429 2727 1494 2781 de
1525 2729 1724 2781 mundo
1752 2744 1856 2781 non
1887 2743 2156 2790 essemus,

585 2820 859 2873 odiremur
886 2833 915 2871 a
948 2815 1178 2889 mundo)
1210 2827 1286 2870 tot
1317 2817 1575 2871 habemus
1601 2833 1949 2886 personarum
1982 2818 2051 2891 (ε)
2081 2819 2156 2872 si-

587 2910 936 2974 militudines,
967 2918 1098 2979 quot
1119 2918 1358 2977 peccata.

655 3003 706 3054 5.
741 3001 1077 3068 Quapropter
1117 3000 1240 3069 quia
1272 2999 1432 3053 multa
1473 3000 1581 3069 jam
1612 3001 1734 3054 vita:
1773 3003 1941 3070 spatia
1979 3012 2155 3058 trans-

581 3091 823 3147 misimus
847 3089 1172 3153 ﬂuctuando,
1196 3098 1248 3144 ct
1272 3090 1420 3144 navis
1442 3099 1619 3145 nostra
1642 3107 1779 3145 nunc
1799 3093 2152 3160 procellarum

580 3195 839 3237 concussa
875 3180 1103 3244 turbine,
1138 3195 1277 3234 nunc
1306 3180 1645 3250 scopulorum
1677 3181 2015 3236 illusionibus
2041 3198 2155 3252 per-

581 3273 749 3328 forata
782 3283 864 3328 est
894 3272 991 3344 [al.
1023 3271 1369 3342 perturbata],
1413 3288 1533 3326 cum
1560 3273 1786 3341 primum
1817 3273 1972 3338 licet,
2001 3275 2151 3343 quasi

580 3375 788 3434 portum
816 3363 1096 3433 quemdam
1121 3373 1322 3416 secreta
1350 3364 1487 3416 ruris
1517 3364 1794 3418 intremus.
1822 3363 1896 3419 lbi
1921 3366 2151 3420 cibarius

582 3453 818 3522 panis,ct
842 3451 956 3504 olus
980 3451 1176 3504 nostris
1203 3450 1443 3502 manibus
1493 3449 1649 3522 194
1687 3453 1980 3522 irrigatum,
2001 3455 2150 3509 etlac

578 3541 782 3596 delicia:
804 3541 1110 3603 rusticanae,
1130 3540 1260 3592 viles
1287 3538 1523 3606 quidem,
1542 3540 1635 3593 sed
1667 3541 1978 3596 innocentes
2000 3543 2149 3598 cibos

577 3631 815 3699 praebent
842 3628 941 3701 [aL
975 3626 1272 3698 prabeant].
1305 3627 1376 3681 Ita
1400 3629 1660 3694 viventes,
1685 3646 1789 3683 non
1815 3632 1883 3684 ab
1908 3633 2148 3687 oratione

575 3737 824 3787 somnus,
859 3736 958 3775 nec
985 3720 1232 3773 saturitas
1264 3734 1291 3771 a
1326 3721 1554 3774 lectione
1585 3721 1875 3775 revocabit.
1905 3721 1959 3777 Si
1990 3733 2147 3778 aestas

574 3823 676 3876 est,
709 3820 970 3867 secretum
1001 3811 1206 3863 arboris
1239 3809 1423 3864 umbra
1451 3811 1725 3878 praebebit.
1755 3812 1808 3866 Si
1837 3822 2141 3880 autunmus,

573 3902 684 3970 ipsa
739 3903 876 3955 aeris
927 3901 1244 3970 temperies,
1278 3909 1331 3954 ct
1359 3910 1520 3954 strata
1552 3902 1736 3956 subter
1778 3903 1896 3955 folia
1919 3945 1933 3969 ,
1967 3905 2141 3959 locum

571 3994 763 4060 quietis
783 3991 1086 4046 ostendent.
1117 3991 1248 4044 Vere
1267 4007 1392 4060 ager
1411 3993 1630 4046 ﬂoribus
1654 3995 1902 4063 pingitur,
1927 4004 1982 4050 et
2002 3997 2143 4050 inter

569 4085 820 4146 querulas
849 4097 996 4146 aves,
1030 4082 1226 4135 Psalmi
1253 4083 1459 4137 dulcius
1483 4086 1856 4140 cantabuntnr.
1889 4087 1943 4142 Si
1970 4089 2138 4157 frigus

570 4171 729 4226 fuerit
749 4181 801 4226 et
831 4171 1098 4225 brumales
1126 4174 1297 4238 nives,
1333 4174 1470 4243 ligna
1500 4191 1602 4228 non
1626 4192 1864 4230 coemam
1886 4217 1901 4242 ,
1933 4188 1982 4232 et
2013 4181 2141 4232 cali-

568 4263 688 4316 dius
714 4261 963 4331 vigilabo,
995 4264 1074 4314 vel
1105 4263 1389 4316 dormiam.
1421 4263 1576 4318 Certe
1601 4267 1738 4334 quod
1767 4268 1952 4334 sciam,
1983 4269 2137 4323 vilius

566 4367 672 4406 non
703 4351 908 4420 algebo.
945 4351 1145 4405 Habeat
1171 4354 1270 4406 sibi
1304 4353 1467 4406 Roma
1499 4369 1624 4407 suos
1655 4358 1912 4411 tumultus
1933 4400 1945 4421 ,
1974 4374 2134 4413 arena

565 4442 767 4502 szeviat,
797 4442 970 4494 circus
998 4441 1244 4504 insaniat,
1273 4443 1475 4496 theatra
1505 4444 1773 4498 luxurient
1792 4486 1808 4510 ,
1840 4457 1894 4500 et
1919 4448 2039 4514 quia
2065 4449 2133 4503 de

563 4534 762 4588 nostris
789 4532 1070 4586 dicendum
1097 4541 1178 4587 est
1199 4574 1212 4590 .
1242 4542 1601 4586 matronarmn
1629 4537 1865 4603 quotidie
1892 4539 2133 4592 visitetur

559 4635 794 4678 senatus.
824 4621 987 4677 Nobis
1029 4622 1302 4677 atlluerere
1335 4623 1556 4676 Domino
1585 4624 1780 4678 bonum
1807 4636 1887 4680 est
1907 4669 1920 4691 ,
1952 4637 2004 4681 et
2035 4645 2130 4696 po-

558 4729 684 4767 nere
716 4714 764 4766 in
814 4712 1038 4766 Domino
1077 4711 1184 4766 Deo
1224 4727 1371 4780 spem
1414 4722 1648 4766 nostram
1685 4712 1868 4784 (Psal.
1905 4715 1995 4784 72)
2028 4734 2040 4770 :
2076 4727 2132 4771 ut

556 4818 674 4855 cum
706 4811 1070 4871 paupertatem
1103 4802 1255 4855 istam
1282 4802 1536 4856 caelorum
1572 4819 1729 4871 regna
1773 4807 2121 4872 mutaverint,

554 4908 894 4962 erumpamus
925 4894 976 4946 in
1004 4908 1185 4947 vocem
1211 4910 1224 4946 :
1265 4912 1283 4944 ι
1313 4893 1447 4959 Quid
1470 4894 1610 4947 enim
1633 4895 1759 4948 mihi
1782 4906 1862 4951 est
1891 4897 1943 4951 in
1965 4899 2121 4962 casio,

551 4991 606 5034 et
632 4999 660 5034 a
691 4993 740 5037 te
786 4984 912 5053 quid
951 4986 1091 5038 volui
1122 5000 1283 5054 super
1309 4984 1544 5039 terram?
1573 5005 1592 5037 ι
1627 4987 1743 5050 Quo
1780 4987 1984 5042 scilicet
2004 5003 2120 5043 cum

621 5148 684 5216 (α)
726 5151 841 5201 Mss.
867 5151 1064 5216 quidam
1074 5165 1136 5216 ac
1159 5160 1300 5201 vctus
1323 5152 1441 5202 edit.
1467 5160 1568 5215 post
1588 5152 1790 5202 multum
1812 5151 2021 5203 labOrem
2045 5153 2118 5203 ια.

557 5206 728 5270 anno,
751 5219 796 5261 et
832 5206 1169 5270 pturtdiulibus,
1199 5225 1292 5261 etc.

621 5269 684 5336 (b)
713 5273 954 5321 Victorius
973 5311 991 5336 ,_
1005 5269 1186 5336 aliique
1211 5275 1313 5323 edit
1333 5273 1629 5322 vetustiores
1650 5271 1824 5323 amisso
1844 5274 1977 5324 obolo
1994 5287 2014 5335 ;
2031 5277 2118 5326 sed

552 5333 760 5388 priorem
782 5347 954 5381 vocem
976 5333 1088 5381 Mss.
1116 5335 1352 5391 ignorant.

619 5391 677 5449 (c)
726 5392 1031 5439 Martianteus
1062 5393 1224 5450 nullo,
1260 5402 1341 5441 aut
1363 5393 1644 5450 Hieronymi
1689 5397 1842 5444 menti
1876 5398 2117 5446 contrario

548 5458 692 5513 sensu
709 5487 721 5505 ,
747 5456 811 5497 tot
842 5450 1066 5499 habemus
1097 5459 1397 5517 peccatorum
1414 5450 1768 5517 similitudines
1786 5491 1799 5512 .
1828 5463 1923 5504 etc.
1952 5456 2112 5517 Repo-

549 5509 732 5553 snimus
755 5519 1065 5564 personarum
1089 5509 1149 5556 ex
1176 5509 1285 5557 aliis
1307 5515 1452 5559 editis
1473 5526 1528 5559 ac
1553 5515 1665 5562 Mss.

606 5564 678 5623 (l)
722 5567 791 5612 ΔΙ.
819 5567 992 5614 haberi
1013 5574 1144 5614 notat
1168 5569 1370 5617 Gravius
1392 5579 1600 5620 exteros.

1909 162 2150 222 SANCTI
2187 161 2554 220 HIERONYMI

3755 180 3846 226 6ἳο

2294 286 2436 332 tanta
2465 279 2794 348 reperiamus
2823 281 2873 332 in
2919 281 3086 346 cmlo,
3120 295 3278 349 parva
3302 291 3355 338 et
3383 283 3578 339 caduca
3605 288 3848 355 qumsisse

2292 384 2388 425 nos
2415 369 2691 424 doleamus
2722 370 2771 422 in
2801 378 2939 424 terra
2971 371 3068 440 (d).
3093 372 3240 426 Vale.

2755 482 3079 537 EPISTULA
3121 483 3279 538 XLIV
3311 485 3402 555 (ρ).

2843 597 2922 649 An
2951 595 3300 652 Manceeuu.

2859 709 2939 764 De
2969 710 3285 765 Muneribus.

2290 814 2596 870 Munuscula
2626 820 2776 873 missa
2804 836 2835 872 a
2861 819 3136 887 Marcella,
3170 823 3298 888 sibi,
3328 833 3374 875 et
3399 822 3615 888 Paulae,
3645 827 3849 898 [iliaque

2322 907 2474 977 Imjtts
2499 906 2795 976 Eustochio,
2827 927 2916 978 per
2933 911 3115 978 jocum
3144 911 3422 982 allegorice
3445 915 3810 984 interpretatur.

2356 998 2424 1053 Ut
2455 1000 2748 1054 absentiam
2792 1016 3111 1070 corporum,
3156 1002 3386 1072 Spiritus
3429 1005 3846 1068 confabulatione

2285 1090 2558 1144 solemur:
2591 1089 2660 1162 (f)
2691 1092 2814 1145 facit
2853 1093 3215 1162 unusquisque
3245 1096 3385 1164 quod
3433 1097 3706 1164 pra-valet.
3750 1099 3844 1153 Vos

2283 1180 2421 1235 dona
2451 1183 2809 1237 transmittitis
2834 1200 2848 1235 :
2879 1199 2978 1237 nos
3007 1183 3276 1253 Epistplas
3309 1187 3633 1242 remittimus
3662 1192 3845 1259 gratia-

2281 1287 2420 1326 rum.
2449 1273 2523 1326 Ita
2555 1281 2730 1326 tamen
2758 1281 2846 1337 ut,
2883 1274 3005 1344 quia
3035 1276 3330 1330 velatarum
3358 1277 3621 1346 virginum
3662 1295 3842 1335 munus

2281 1373 2360 1418 est
2380 1403 2395 1428 ,
2426 1364 2600 1432 aliqua
2630 1364 2683 1417 in
2707 1365 2836 1433 ipsis
2857 1367 3186 1420 munusculis
3211 1382 3329 1422 esse
3355 1368 3603 1439 mysteria
3627 1369 3840 1425 demon-

2282 1463 2530 1509 stremus.
2560 1454 2782 1520 Saccus,
2815 1457 3074 1511 orationis
3101 1457 3312 1526 signum
3339 1468 3497 1528 atque
3521 1459 3705 1528 jejnnii
3745 1470 3838 1517 est.

2281 1545 2466 1608 Sellae,
2501 1553 2556 1598 ut
2600 1544 2748 1598 foras
2777 1545 2941 1614 pedes
2977 1546 3125 1616 virgo
3165 1563 3271 1601 non
3309 1559 3537 1602 moveat.
3578 1549 3760 1616 Cerei,
3791 1561 3841 1605 ut

2279 1649 2502 1689 accenso
2523 1635 2721 1690 lumine
2740 1675 2755 1700 ,
2786 1636 2967 1703 sponsi
2990 1645 3326 1705 exspectetur
3344 1637 3622 1692 adventus.
3646 1637 3840 1696 Calices

2279 1725 2738 1779 mortiﬁcationem
2769 1726 2945 1779 carnis
2969 1727 3275 1792 ostendunt,
3305 1736 3357 1781 et
3377 1742 3594 1796 semper
3614 1729 3836 1782 animum

2277 1815 2342 1868 ad
2386 1817 2699 1884 martyrium
2751 1825 3128 1884 praeparatum.
3169 1835 3187 1867 ι
3223 1816 3372 1871 Calix
3415 1819 3600 1886 quippe
3641 1819 3836 1874 Domini

2277 1905 2567 1970 inebrians,
2587 1921 2743 1976 quam
2763 1907 3052 1976 praeclarus
3131 1909 3285 1979 195
3357 1919 3438 1962 est
3458 1927 3477 1960 ι
3505 1908 3617 1980 (Ps.
3644 1908 3731 1963 92.
3761 1911 3833 1978 5).

2275 1996 2426 2062 Quod
2475 2005 2650 2050 autem
2680 2005 2735 2050 et
2761 1997 3016 2051 matronis
3041 1998 3114 2067 (g)
3142 1998 3346 2053 oll'crtis
3379 2001 3636 2052 muscaria
3663 2015 3831 2069 parva,

2277 2089 2452 2154 parvis
2464 2087 2780 2142 animalibus
2796 2088 3165 2151 eventilandis,
3182 2088 3394 2158 elegans
3410 2090 3721 2158 signiﬁcatio
3736 2103 3830 2157 est,

2278 2177 2475 2231 debere
2505 2178 2763 2231 luxuriam
2783 2179 2889 2232 cito
2912 2179 3277 2248 restinguere;
3308 2182 3428 2250 quia
3451 2196 3645 2234 muscte
3675 2184 3831 2236 mori-

2273 2275 2438 2331 turaz,
2483 2268 2658 2321 oleum
2698 2269 2978 2323 suavitatis
3020 2271 3398 2324 exterminant.
3430 2272 3524 2325 llic
3570 2281 3723 2342 typus
3771 2275 3832 2328 sit

2272 2358 2531 2426 virginum
2569 2375 2582 2412 :
2632 2358 2746 2413 hinc
2790 2359 2956 2429 ﬁgura
2999 2371 3385 2415 matronarum.
3426 2361 3588 2416 Nobis
3625 2373 3827 2428 autem,

2271 2447 2397 2501 licet
2433 2447 2485 2502 in
2517 2464 2856 2517 perversum,
2906 2466 3126 2505 munera
3153 2462 3327 2506 vestra
3355 2455 3676 2508 conveniunt
3701 2474 3712 2509 :
3742 2455 3829 2510 Se-

2267 2539 2397 2593 dere
2425 2549 2607 2608 aptum
2631 2550 2713 2595 est
2739 2542 2947 2608 otiosis,
2981 2543 3032 2596 in
3060 2558 3216 2598 sacco
3235 2548 3414 2613 jacere
3438 2547 3825 2614 penitentibus,

2267 2630 2460 2682 calices
2482 2629 2678 2686 habere
2707 2633 3030 2700 potantibus.
3057 2634 3203 2689 Licet
3227 2645 3280 2689 et
3307 2648 3523 2704 propter
3548 2647 3827 2693 nocturnos

2267 2731 2472 2784 metus,
2518 2731 2573 2776 et
2610 2723 2820 2778 animos
2857 2739 3072 2793 semper
3110 2727 3248 2780 malo
3285 2729 3625 2784 conscientia:
3651 2730 3826 2786 formi-

2265 2809 2473 2877 dantes,
2502 2826 2691 2867 cereos
2715 2829 2926 2882 quoque
2951 2815 3260 2870 accendisse
3285 2821 3355 2872 sit
3379 2813 3610 2886 gratum.

2730 2923 3054 2979 EPISTOLA
3096 2925 3234 2980 XLV
3261 2927 3364 2998 (lt).

2859 3041 2938 3092 An
2972 3041 3234 3096 Assum.

2261 3144 2489 3213 Navem,
2522 3147 2687 3203 Roma
2715 3149 3056 3218 discessurus,
3088 3156 3449 3217 conscendens,
3482 3169 3664 3228 purgat
3690 3176 3742 3213 se
3763 3161 3821 3214 ab

2328 3239 2713 3294 obtrectatorum
2733 3240 3019 3309 calumniis,
3047 3243 3184 3313 apud
3201 3260 3325 3313 quos
3345 3245 3519 3315 ingens
3538 3248 3632 3301 sibi
3653 3249 3819 3303 odium

2327 3331 2650 3399 conﬂaverat,
2683 3331 2818 3401 quod
2848 3330 3104 3398 Paulam,
3131 3343 3178 3386 et
3199 3331 3526 3390 Eustochium
3557 3338 3818 3407 primarius

2327 3421 2541 3489 feminas
2570 3422 2802 3476 traxisset
2827 3423 2894 3474 ad
2922 3421 3293 3477 Monac/torum
3321 3426 3623 3482 institutum.

2327 3536 2379 3590 1.
2413 3535 2467 3590 Si
2516 3536 2607 3590 tibi
2649 3546 2825 3605 putem
2855 3539 3053 3607 gratias
3091 3554 3120 3592 a
3149 3556 3235 3595 me
3277 3541 3460 3596 referri
3491 3557 3644 3611 posse
3665 3585 3680 3611 ,
3712 3561 3812 3600 non

2254 3626 2477 3695 sapiam.
2507 3626 2704 3682 Potens
2748 3638 2829 3683 est
2873 3630 3010 3684 Deus
3035 3645 3197 3700 super
3224 3647 3446 3700 persona
3481 3649 3597 3688 mea
3623 3647 3815 3691 sancta:

2253 3717 2442 3770 animae
2474 3727 2576 3770 tua:
2604 3719 2885 3772 restituere
2921 3720 3062 3788 quod
3091 3731 3344 3776 meretur.
3377 3723 3485 3791 Ego
3509 3724 3648 3777 enim
3678 3725 3810 3779 iudi-

2252 3822 2385 3874 gnus
2408 3822 2505 3861 nec
2525 3808 2791 3863 aestimare
2814 3824 3045 3878 unquam
3069 3811 3236 3880 potui,
3261 3828 3359 3867 nec
3379 3824 3579 3880 optare,
3611 3824 3666 3868 ut
3687 3816 3810 3869 mihi

2253 3905 2453 3949 tantum
2499 3897 2550 3950 in
2598 3896 2813 3952 Christo
2857 3899 3128 3968 largireris
3174 3901 3438 3955 allectum.
3491 3905 3554 3957 Et
3582 3905 3705 3959 licet
3732 3919 3811 3960 n;e

2248 3987 2565 4040 sceleratum
2607 3988 2824 4056 quidam
2866 3999 3085 4058 putent,
3113 4000 3169 4046 et
3195 3994 3441 4047 omnibus
3484 3993 3694 4064 ﬂagitiis
3720 3996 3809 4050 ob—

2248 4085 2444 4140 rutum,
2474 4086 2526 4130 et
2553 4093 2650 4147 pro
2678 4082 2910 4146 peccatis
2940 4084 3095 4148 meis,
3125 4083 3284 4136 etiam
3327 4083 3438 4138 hrec
3469 4099 3627 4153 parva
3656 4085 3762 4140 sint
3792 4102 3805 4139 :

2249 4174 2421 4220 tamen
2447 4178 2499 4221 tu
2529 4167 2666 4223 bene
2693 4169 2844 4232 facis,
2874 4171 3013 4239 quod
3035 4188 3099 4226 cx
3128 4181 3213 4226 tua
3236 4182 3411 4228 mente
3436 4175 3597 4228 etiam
3620 4175 3803 4238 malos,

2246 4253 2415 4309 bonos
2445 4268 2617 4324 putas.
2646 4258 3012 4315 Periculosum
3043 4263 3239 4332 quippe
3276 4271 3360 4317 est
3400 4263 3468 4318 de
3493 4277 3652 4319 servo
3679 4264 3806 4320 alte-

2311 4431 2380 4496 (d)
2422 4429 2545 4479 Heic
2568 4433 2614 4480 in
2649 4432 3019 4541 antiquiseditt.
3060 4433 3270 4504 elogium
3307 4436 3518 4509 Bethel,
3541 4439 3678 4500 cujus
3717 4442 3803 4488 ini-

2314 4509 2390 4541 ιιι.
2424 4500 2594 4541 Verum
2637 4499 2685 4540 ut
2721 4506 2750 4540 a
2826 4493 3038 4541 t'tllulam
3069 4493 3242 4541 Cltnstt
3261 4531 3274 4541 .
3302 4510 3503 4541 eutsnne.
3527 4511 3635 4541 cum
3660 4499 3803 4541 Roma

2241 4493 2390 4549 tiuin’,
2424 4500 2594 4560 Verum
2637 4499 2685 4540 ut
2721 4493 2785 4541 ad
2809 4493 3038 4560 _t'_illulam
3069 4493 3276 4560 (luisti,
3302 4493 3512 4560 ejusque
3527 4493 3635 4547 cum
3660 4499 3804 4549 Roma

2239 4554 2530 4619 comparatio
2546 4587 2561 4610 ,
2586 4565 2740 4616 usque
2765 4554 2821 4600 ad
2846 4555 3040 4619 iungat
3063 4554 3402 4619 vulgordicitur
3425 4554 3673 4608 ornatoriw
3695 4574 3804 4610 can-

2238 4614 2702 4681 tionés,_at_lsuunttir
2727 4627 2872 4681 :_qua:
2897 4614 3372 4681 totidenrv'erbisjn
3397 4632 3459 4681 ea
3493 4631 3633 4681 quam
3660 4621 3803 4681 paulo

2238 4682 2344 4781 post
2366 4673 2630 4723 subdemns
2652 4672 2831 4746 Paulae,
2854 4683 2904 4724 et
2927 4675 3172 4748 Eustochii
3195 4679 3252 4726 ad
3269 4672 3539 4752 Marcellam
3556 4672 3704 4751 epist.
3722 4681 3798 4729 ιϐ.

2273 4738 2506 4781 abentur.
2533 4748 2624 4781 nec
2644 4736 2841 4781 dubium
2865 4744 2958 4781 est.
2984 4737 3098 4781 inde
3121 4739 3185 4781 ob
3218 4747 3485 4781 argumenti
3526 4740 3798 4781 Slmlllllllﬂ-

2273 4738 2506 4790 abentur,
2533 4748 2624 4784 nec
2644 4736 2841 4784 dubium
2865 4744 2958 4795 est,
2984 4737 3098 4786 inde
3121 4739 3185 4788 ob
3218 4741 3487 4801 argumenti
3526 4736 3799 4789 siniilitudl-

2273 4809 2348 4842 em
2373 4794 2612 4842 translata.

2235 4807 2348 4842 nem
2373 4804 2612 4844 translata.

2320 4856 2362 4923 ej
2393 4855 2519 4923 {itas
2542 4855 2615 4905 20.
2641 4856 2828 4923 scripta
2849 4856 2979 4923 circa
3013 4857 3141 4923 idem
3163 4866 3348 4923 tempus
3368 4871 3474 4920 qua:
3493 4858 3729 4923 superior.

2323 4916 2365 4981 Ι)
2407 4916 2683 4981 Hieronymi
2715 4917 2913 4981 quidem
2953 4920 3153 4981 ingenio
3182 4933 3238 4970 ac
3259 4916 3409 4970 'manu
3430 4955 3444 4979 ,
3468 4916 3558 4969 sed
3592 4920 3794 4971 alterius

2233 4977 2528 5042 nomine._et
2569 4977 2773 5042 fortasse
2797 4977 2978 5039 Paulae,
3009 4977 3066 5029 et
3105 4981 3354 5032 Eustochii
3395 4977 3569 5042 scripta
3606 4983 3794 5032 videtur

2232 5037 2399 5101 isthrec
2420 5035 2631 5101 Epistula
2655 5052 2718 5085 ex
2755 5046 2856 5101 toto
2880 5035 3111 5089 contextu
3132 5076 3146 5099 ,
3170 5043 3256 5090 sed
3283 5043 3340 5090 iis
3363 5035 3572 5091 maxime
3599 5045 3758 5092 verbis
3775 5082 3789 5101 ,

2229 5099 2404 5157 quibus
2429 5097 2492 5146 ex
2516 5097 2780 5146 velatarum
2803 5098 3055 5160 Virginum
3091 5097 3290 5151 nomine
3323 5116 3463 5151 suum
3486 5117 3660 5151 munus
3681 5097 3792 5153 esse

2228 5161 2754 5220 constituit,_mysteria
2800 5161 2850 5207 in
2893 5163 3188 5212 munusculis
3227 5166 3463 5212 invenire.
3497 5163 3792 5214 Veronensis
3835 5209 3838 5214 .

2228 5220 2395 5266 maior.
2435 5218 2596 5266 faciat}

2295 5220 2806 5341 wi’ltiggailcroneu.
2840 5298 2862 5325 ιι
2886 5280 3132 5332 oﬂ'erimus
3155 5284 3285 5344 paria
3317 5284 3485 5392 Servis
3505 5285 3788 5334 animalibus

2295 5338 2542 5387 ntilandas
2587 5337 2723 5392 (l'ort.
2762 5342 3050 5392 ventalibra)
3086 5345 3214 5392 unde
3235 5345 3316 5392 nui
3353 5356 3432 5392 em
3455 5346 3680 5392 coniicias
3701 5349 3785 5392 im-

2587 5337 2723 5400 (l'ort.
2762 5342 3050 5405 ventalibra)
3086 5337 3214 5392 unde
3235 5337 3432 5405 quidem
3455 5346 3680 5405 conjiciss
3701 5349 3785 5393 im-

2226 5412 2439 5458 pressam
2477 5402 2658 5461 pariter
2679 5434 2694 5459 ,
2719 5409 2769 5449 et
2808 5401 2922 5450 Mss.
2957 5401 3216 5453 lectionem
3253 5401 3436 5465 aliquot
3475 5401 3661 5454 mendis
3691 5417 3784 5465 non

2223 5472 2392 5523 carere
2412 5474 2547 5523 ;__non
2567 5470 2730 5511 autem
2745 5476 2849 5523 quo
2871 5469 3013 5523 pacto
3032 5465 3095 5512 sit
3117 5463 3439 5522 restituenda,
3465 5467 3582 5513 satis
3605 5463 3782 5515 intelli-

2222 5520 2394 5585 gimus.
2422 5521 2533 5585 Vid.
2567 5531 2708 5585 notas
2729 5520 3113 5585 Chronologicas.

2291 5577 2355 5641 (Ii)
2401 5581 2530 5630 Alias
2559 5582 2636 5630 99.
2663 5583 2846 5644 Scripta
2868 5577 3026 5632 mense
3049 5595 3165 5645 Aug.
3190 5581 3304 5630 anni
3321 5583 3430 5631 385.

2229 5331 2502 5387 ventilanda
2520 5355 2542 5383 ι
