4078 6198
254 271 344 324 681
1624 257 1819 313 81³181⁷

1923 260 1948 311 \
1994 258 2152 312 XLV.

255 390 362 439 tius
386 380 625 450 judicare
644 376 818 446 (Rom.
843 374 927 428 η.
949 372 1026 443 ι),
1054 380 1108 427 et
1131 385 1236 426 non
1264 366 1437 425 facilis
1455 367 1630 434 venia,
1651 383 1811 438 prava

253 472 450 529 dixisse
486 468 555 524 de
580 467 758 521 rectis.
804 463 1026 525 Veniet,
1059 462 1240 516 veniet
1268 460 1357 514 illa
1387 460 1504 515 dies
1534 459 1588 514 in
1632 474 1734 528 qua
1762 468 1819 514 et

255 576 460 617 meeum
488 557 693 613 dolebis
717 554 907 609 ardere
930 567 1039 607 non
1064 565 1285 621 paucos.

322 651 378 704 2.
405 648 519 717 Ego
545 646 854 715 probrosus,
884 657 985 712 ego
1010 640 1307 710 versipellis
1342 647 1398 694 et
1423 638 1657 693 lubricus
1680 655 1695 692 :
1718 652 1818 707 ego

257 740 503 803 mendax,
528 748 583 792 et
605 736 814 792 Satanae
841 744 956 788 arte
977 732 1271 801 decipiens.
1303 730 1439 798 Quid
1464 730 1606 784 enim
1628 738 1712 784 est
1733 739 1819 782 tuo

258 831 393 892 tius,
425 827 541 880 [nec
566 825 647 879 vel
676 823 967 879 credidisse
985 862 1002 886 ,
1035 821 1116 876 vel
1142 820 1361 875 ﬁnxisse
1384 820 1452 874 de
1481 817 1779 872 insontibus
1799 857 1816 884 ,

255 934 319 971 an
350 919 511 971 etiam
559 915 626 969 de
670 913 843 968 noxiis
880 911 1104 966 credere
1131 909 1402 963 noluisse?
1431 906 1821 962 Oseulabantur

257 1008 385 1062 mihi
416 1022 605 1060 manus
634 1004 709 1077 (a)
738 1004 974 1073 quidam,
996 1012 1050 1057 et
1069 1016 1163 1057 ore
1187 1001 1403 1070 vipereo
1426 999 1778 1055 detrahebant
1802 1016 1818 1053 :

255 1097 510 1152 dolebant
542 1094 725 1155 labiis,
757 1092 920 1148 corde
946 1091 1266 1161 gaudebant.
1303 1089 1524 1144 Videbat
1565 1088 1821 1142 Dominus

255 1200 309 1242 et
331 1186 695 1241 subsannabat
736 1183 892 1243 illos,
934 1191 987 1235 et
1027 1181 1277 1235 miserum
1304 1194 1392 1233 me
1426 1193 1636 1231 servum
1664 1193 1819 1230 suum

256 1275 435 1330 futuro
463 1290 585 1329 cum
632 1273 712 1327 eis
751 1271 953 1339 judicio
989 1268 1314 1323 reservabat.
1362 1266 1513 1321 Alius
1556 1267 1819 1320 incessum

254 1380 439 1420 meum
455 1360 875 1418 calumniabatur
893 1368 945 1413 et
962 1360 1124 1412 risum
1149 1375 1165 1411 :
1189 1358 1277 1411 ille
1298 1357 1461 1411 vultui
1477 1355 1819 1421 detrahebat;

254 1455 345 1510 hic
380 1457 432 1509 in
466 1452 805 1522 simplicitate
824 1449 962 1504 aliud
984 1448 1374 1517 suSpicabatur.
1454 1447 1612 1518 196
1680 1446 1825 1501 Pene

252 1552 402 1599 certe
429 1544 714 1598 triennium
731 1555 851 1595 cum
873 1541 952 1593 eis
970 1539 1095 1592 vixi.
1126 1537 1286 1591 Multa
1308 1552 1393 1592 me
1410 1538 1672 1607 virginum
1701 1554 1822 1592 cre-

252 1634 350 1690 bro
381 1633 535 1687 turba
562 1629 925 1685 circumdedit.
956 1628 1172 1682 Divinos
1192 1627 1400 1692 Libros,
1425 1637 1481 1681 ut
1498 1629 1665 1697 potui,
1685 1645 1820 1682 non-

254 1724 415 1791 nullis
432 1737 574 1790 smpe
594 1721 753 1776 disse:
768 1721 838 1773 ui.
859 1718 1042 1772 Lectio
1054 1718 1436 1781 assiduitatem,
1454 1718 1735 1772 assiduitas
1753 1717 1822 1771 fa-

256 1815 637 1875 miliaritatem,
654 1810 979 1864 familiaritas
991 1808 1235 1861 ﬁduciam
1250 1806 1465 1861 fecerat.
1483 1809 1819 1877 Dicant,qoid

257 1918 487 1973 unquam
528 1906 581 1956 in
621 1916 709 1955 me
759 1900 915 1953 aliter
942 1898 1243 1962 senserint,
1275 1913 1433 1967 quam
1462 1897 1819 1955 Christianum

255 1992 516 2048 decebat?
555 1991 837 2046 Pecuniam
879 1988 1193 2058 eujusquam
1228 1989 1450 2058 accepi?
1481 2006 1700 2045 munera
1737 1993 1819 2046 vel

255 2098 434 2153 parva,
469 2082 553 2139 vel
582 2096 769 2150 magna
798 2095 902 2133 non
934 2079 1152 2148 sprevit
1180 2080 1230 2132 in
1261 2095 1420 2133 manu
1461 2095 1577 2134 mea
1623 2096 1698 2134 trs
1725 2082 1823 2134 ali-

254 2173 406 2241 cujus
431 2170 700 2226 insonuit?
726 2170 971 2239 ohliquus
991 2185 1190 2234 sermo,
1215 2171 1397 2223 oculus
1424 2171 1664 2238 petulans
1691 2172 1822 2225 fuit?

253 2262 395 2316 Nihil
437 2259 568 2315 mihi
604 2259 747 2314 aliud
786 2260 1032 2327 objicitur
1073 2259 1172 2313 nisi
1217 2274 1380 2314 sexus
1407 2276 1592 2326 mens,
1624 2271 1677 2315 et
1719 2261 1821 2314 hoc

254 2366 523 2422 nunquam
545 2351 807 2420 objicitur,
850 2351 948 2404 nisi
971 2366 1130 2420 quum
1152 2350 1533 2421 Jerosolymam
1558 2353 1718 2407 Paula
1743 2354 1819 2426 (b)

254 2443 626 2513 proﬁciscitur.
660 2442 824 2505 Esto,
853 2442 1198 2498 crediderunt
1237 2445 1516 2498 mentienti
1546 2463 1560 2498 :
1594 2460 1688 2499 cur
1714 2461 1817 2499 non

252 2534 478 2589 credunt
520 2531 770 2602 neganti?
816 2533 957 2587 ldem
1008 2542 1091 2587 est
1138 2532 1297 2586 homo
1326 2533 1440 2603 ipse
1471 2536 1558 2602 qui
1606 2535 1816 2589 fuerat:

253 2625 448 2679 fatetur
471 2625 732 2680 insontem
751 2666 765 2689 ,
810 2626 900 2694 qui
930 2624 1127 2678 dudum
1155 2626 1372 2679 noxium
1401 2626 1735 2696 loquebatur,
1768 2637 1822 2682 et

251 2724 395 2770 certe
425 2714 699 2769 veritatem
736 2715 904 2784 magis
945 2715 1248 2783 exprimunt
1276 2725 1535 2769 tormenta
1562 2732 1721 2785 quam
1751 2717 1822 2770 ri-

254 2820 345 2860 sus
370 2823 385 2860 :
416 2806 519 2860 nisi
549 2803 690 2874 quod
721 2805 926 2859 facilius
951 2804 1188 2859 creditur
1226 2806 1364 2875 quod
1390 2815 1481 2860 aut
1508 2809 1683 2862 ﬁctum
1706 2848 1721 2872 ,
1756 2809 1820 2860 li-

253 2898 439 2954 benter
463 2897 700 2964 auditur,
733 2906 825 2951 aut
863 2912 970 2951 non
1001 2897 1179 2951 ﬁctum
1200 2939 1215 2964 ,
1264 2908 1320 2952 ut
1349 2900 1595 2970 tingatur,
1633 2899 1818 2969 impel-

250 2989 395 3044 litur.

323 3082 377 3136 5.
411 3082 710 3150 Antequam
736 3079 954 3134 domum
977 3088 1174 3134 sancta:
1199 3076 1375 3135 Paula:
1401 3095 1635 3144 nossem,
1661 3080 1820 3135 totius

254 3172 306 3226 in
333 3185 420 3226 me
438 3171 585 3225 urbis
605 3169 778 3224 studia
801 3167 1185 3223 consonabant.
1207 3167 1452 3223 Omnium
1472 3184 1606 3238 pene
1621 3169 1821 3238 judicio

254 3264 445 3334 dignus
470 3277 680 3318 summo
706 3260 1017 3318 Sarerdotio
1043 3260 1389 3315 decernebar.
1420 3261 1591 3315 Beata:
1617 3275 1817 3314 memo-

254 3355 347 3408 ria:
377 3352 667 3419 Damasus,
716 3365 866 3405 meus
910 3364 1087 3404 sermo
1129 3359 1262 3403 erat.
1298 3350 1519 3404 Dieebar
1556 3360 1771 3404 sanctus
1803 3367 1817 3405 :

254 3441 468 3497 dicebar
491 3441 706 3496 humilis
726 3449 780 3496 et
800 3439 1048 3495 disertus.
1077 3438 1323 3508 Nunquid
1363 3440 1578 3494 domum
1601 3441 1821 3509 alicujus

255 3532 551 3587 laseivioris
580 3533 851 3602 ingressus
896 3530 1055 3585 sum?
1098 3528 1339 3600 Nunquid
1383 3545 1470 3585 me
1516 3540 1694 3585 vestes
1731 3545 1817 3585 se-

253 3621 379 3676 ﬁrm
401 3663 416 3688 ,
449 3622 678 3677 nitentes
703 3636 927 3692 gemma:
948 3660 961 3684 ,
994 3621 1130 3690 picta
1160 3620 1340 3683 l‘aeies,
1370 3620 1484 3674 auri
1509 3619 1684 3689 rapuit
1707 3634 1813 3674 amo

248 3709 423 3764 bitio?
447 3709 597 3764 Nulla
624 3709 722 3764 fuit
749 3710 852 3763 alia
883 3708 1067 3763 Romae
1095 3718 1477 3776 matronarum,
1508 3724 1625 3779 qum
1645 3724 1818 3764 meam

248 3807 433 3868 posset
457 3798 711 3854 edomare
732 3807 964 3853 mentem
985 3837 1001 3861 ,
1032 3798 1135 3851 nisi
1161 3797 1347 3867 lugens
1370 3808 1530 3867 atque
1552 3799 1816 3866 jejunans,

246 3889 504 3957 squalens
534 3885 817 3951 sordibus,
848 3885 1061 3941 fletibus
1086 3901 1224 3954 pene
1248 3895 1478 3951 czecata;
1510 3904 1665 3956 quam
1692 3900 1821 3942 'eon-

247 3977 414 4030 tinuis
457 3975 703 4029 noctibus
731 3974 1155 4027 misericordiam
1197 3974 1406 4028 Domini
1446 3974 1818 4044 deprecantem

247 4067 331 4121 sol
358 4079 503 4133 saepe
523 4062 893 4132 deprehendit.
924 4061 1089 4130 Cujus
1107 4061 1379 4116 Canticum
1403 4063 1615 4128 Psalmi,
1645 4080 1821 4118 sermo

248 4152 623 4223 Evangelium,
651 4150 858 4207 delicia:
883 4151 1226 4215 continentia,
1251 4153 1352 4204 vita
1372 4152 1648 4220 jejunium.
1670 4154 1822 4209 Nulla

249 4258 340 4299 me
368 4242 541 4313 potuit
568 4241 675 4295 alia
701 4239 971 4296 delectare
991 4281 1006 4306 ,
1038 4239 1138 4293 nisi
1167 4239 1255 4293 illa
1275 4280 1292 4305 ,
1323 4255 1481 4309 quam
1512 4244 1824 4297 manducan-

251 4343 361 4389 tem
411 4347 678 4404 nunquam
723 4332 848 4386 vidi.
876 4330 980 4388 Sed
1010 4338 1283 4400 postquam
1312 4346 1429 4386 eam
1460 4346 1554 4401 pro
1582 4348 1691 4388 sua:
1721 4351 1826 4390 me-

256 4424 357 4479 rito
376 4423 637 4480 castitatis
658 4422 925 4489 venerari,
948 4420 1148 4486 colere,
1171 4420 1442 4490 suspicere
1457 4423 1613 4493 ccepi,
1636 4440 1824 4479 omnes

252 4530 340 4571 me
365 4515 506 4572 illico
529 4516 821 4571 deseruere
845 4515 1088 4569 virtutes.

321 4607 376 4661 4.
405 4606 455 4663 0
475 4605 675 4662 invidia
706 4605 933 4677 primum
966 4603 1191 4659 mordax
1230 4605 1340 4659 tui!
1371 4622 1403 4659 υ
1446 4604 1655 4661 Satana:
1684 4608 1824 4663 calli-

255 4694 388 4750 ditas
411 4709 623 4766 semper
644 4704 825 4751 sancta
847 4693 1209 4765 persequens!
1238 4694 1404 4751 Nulla:
1426 4696 1544 4750 alia:
1570 4696 1822 4755 Romana)

257 4786 369 4839 urbi
412 4786 640 4861 fabulam
670 4785 1041 4853 praebuerunt,
1079 4785 1181 4840 nisi
1213 4785 1372 4841 Paula
1413 4795 1468 4841 et
1502 4788 1818 4859 Melanium,

248 4889 372 4940 qua:
397 4876 718 4945 contemptis
742 4875 1103 4941 facultatibus,
1130 4876 1542 4950 pignoribusque
1571 4880 1818 4946 desertis,

259 4975 469 5015 crucem
489 4964 691 5019 Domini
712 4968 859 5036 quasi
877 4966 1139 5037 quoddam
1166 4965 1377 5035 pietatis
1399 4968 1645 5024 levavere
1662 4971 1820 5025 vexil-

260 5051 389 5102 lum.
417 5047 471 5104 Si
497 5051 573 5119 (c)
595 5052 809 5110 balneas
835 5065 1102 5125 peterent,
1132 5067 1402 5126 unguenta
1432 5059 1718 5129 eligerent,
1748 5060 1819 5115 di-

316 5202 391 5278 (εἴ)
426 5202 733 5278 Martianagus
760 5208 950 5278 quidem
968 5250 982 5270 ,
1005 5215 1141 5277 cujus
1160 5212 1346 5265 leviora
1368 5214 1587 5278 quaedam
1617 5213 1709 5264 alia
1732 5227 1817 5277 pa-

250 5273 571 5327 ragranimata
595 5266 716 5319 infra
739 5266 1079 5322 emendamus:
1113 5321 1119 5327 .

312 5324 385 5400 (ο)
424 5324 604 5400 Ρφςωι
630 5329 887 5400 Victorius,
910 5334 1017 5400 qui_
1027 5324 1155 5400 addit
1173 5370 1188 5394 ,
1208 5342 1263 5400 et
1283 5335 1486 5385 Uelmtia
1507 5333 1819 5400 proﬁciscun-

244 5390 328 5459 (αξ
343 5420 368 5459 ν,
384 5398 495 5459 (1ρὲ
519 5396 685 5459 limen
709 5390 944 5459 durante
982 5390 1183 5459 Paulam
1218 5390 1546 5459 discesserat,
1587 5390 1640 5446 ut
1669 5410 1817 5459 supra

249 5446 495 5520 epi'st‘.‘§9.
522 5450 749 5520 dilabitu-
763 5451 986 5520 Blesilla:
1001 5457 1427 5520 adnotavimusex
1449 5446 1761 5520 Hieronymd.

294 5506 385 5569 (ε)
417 5506 561 5572 Seps
576 5510 714 5572 Hier.
731 5512 925 5564 balneas
946 5515 1086 5566 adire
1109 5506 1239 5568 inter
1262 5506 1487 5568 mollitiei
1510 5506 1816 5568 irritamenta

247 5571 509 5640 computat,
541 5580 594 5621 et
628 5571 817 5623 feminis
851 5578 1096 5684 praecipue
1121 5579 1381 5628 interdicit.
1407 5579 1715 5628 Benedictio.
1743 5587 1817 5626 ta-

250 5638 362 5676 men
398 5629 514 5679 edit.
550 5632 639 5683 hoc
672 5633 782 5683 loco
820 5643 964 5695 Bina:
1019 5646 1191 5699 egerat
1223 5652 1310 5701 pro
1337 5638 1556 5698 balneas,
1591 5639 1720 5701 quod
1764 5645 1816 5688 et

3389 269 3493 323 482

1925 369 2080 422 vitias
2100 377 2154 423 et
2180 367 2485 424 viduitatem
2559 372 2710 444 197
2768 372 3022 429 haberent
3044 377 3317 431 materiem
3340 377 3492 433 luxu-

1922 459 2018 513 ria;
2034 468 2089 513 et
2114 460 2394 526 libertatis,
2416 460 2645 516 domina:
2665 475 3002 530 vocarentur,
3029 475 3082 519 et
3102 477 3323 524 sancte.
3341 467 3489 523 Nunc

1923 550 1978 601 in
2003 562 2159 602 sacco
2184 550 2431 605 etcinere
2453 551 2698 607 formosa:
2714 552 2903 607 volunt
2928 553 3113 619 videri,
3136 565 3190 611 et
3217 558 3271 612 in
3292 557 3494 627 gehen-

1923 654 2044 691 nam
2075 639 2210 709 ignis
2235 655 2354 694 eum
2376 642 2613 711 jejuniis,
2644 654 2696 697 et
2725 644 2924 713 pedore
2950 645 3276 703 descendere
3301 668 3314 703 :
3347 651 3496 705 vide-

1924 727 2051 783 licet
2094 744 2199 784 uon
2245 732 2323 786 eis
2369 732 2493 787 licet
2534 733 2893 802 applaudente
2933 736 3132 806 populo
3159 738 3333 806 perire
3370 756 3492 793 cum

1923 819 2112 874 turbis.
2138 820 2196 874 Si
2221 820 2462 878 Gentiles
2505 822 2643 878 hanc
2669 825 2830 879 vitam
2872 836 3191 896 carperent,
3238 827 3285 881 si
3325 827 3493 883 Judaei

1924 907 2183 964 haberent
2206 912 2453 967 solatium
2481 930 2587 968 non
2622 915 2864 984 placendi
2890 916 3001 981 eis,
3035 918 3228 986 quibus
3250 918 3497 987 displicet

1923 994 2186 1056 Christus.
2207 1000 2361 1056 Nunc
2384 1018 2532 1069 vero,
2557 1004 2689 1072 proh
2712 1003 2895 1059 nefasl
2918 1003 3163 1061 homines
3181 993 3492 1072 Christiani,

1924 1088 2278 1153 pnetermissa
2308 1089 2589 1145 domorum
2619 1107 2839 1146 suorum
2869 1107 3017 1161 cura,
3046 1104 3099 1148 et
3128 1096 3325 1163 preprii
3355 1097 3496 1150 oculi

1927 1177 2077 1229 trabe
2112 1178 2352 1248 neglecta
2374 1222 2389 1245 ,
2435 1182 2485 1235 in
2527 1182 2705 1236 alieno
2742 1183 2900 1237 oculo
2934 1183 3192 1239 festucam
3230 1193 3494 1255 quaerunt.

1924 1262 2186 1322 Lacerant
2214 1279 2458 1324 sanctum
2501 1273 2864 1342 prepositum,
2909 1283 2963 1328 et
3001 1274 3295 1328 remedium
3326 1290 3497 1344 preme

1924 1369 2036 1409 suae
2078 1358 2424 1424 arbitrantur,
2464 1360 2510 1414 si
2556 1376 2713 1415 nemo
2748 1364 2818 1417 sit
2860 1372 3117 1418 sanctus:
3161 1366 3204 1419 si
3250 1364 3497 1419 omnibus

1925 1444 2237 1502 detrahatur
2264 1467 2282 1501 :
2317 1451 2367 1507 si
2405 1452 2560 1507 turba
2593 1452 2667 1507 sit
2710 1456 3088 1522 pererrantium:
3126 1456 3170 1509 si
3212 1454 3496 1510 multitudo

1927 1539 2281 1606 peccantium.

1993 1627 2048 1681 5.
2078 1626 2189 1681 Tibi
2220 1628 2394 1697 placet
2418 1629 2595 1685 lavare
2616 1632 2856 1700 quotidie
2888 1633 3060 1687 :alius
3086 1634 3180 1689 bas
3210 1636 3496 1691 munditias

1922 1716 2107 1770 sordes
2130 1725 2298 1785 putat.
2326 1719 2402 1772 Tu
2431 1720 2512 1789 (ά)
2550 1731 2846 1789 attageacm
2877 1734 3073 1787 ructas,
3101 1734 3154 1779 et
3180 1725 3248 1780 de
3283 1742 3497 1782 comeso

1921 1808 2230 1875 acipensere
2272 1809 2519 1879 gloriaris
2550 1829 2563 1864 :
2594 1826 2693 1881 ego
2720 1811 2796 1883 (Ι)
2838 1812 2958 1868 faba
3000 1824 3236 1869 ventrem
3280 1817 3492 1885 impleo.

1922 1894 1999 1950 Te
2035 1896 2300 1951 delectant
2327 1899 2753 1954 cachinnantium
2790 1916 3019 1972 greges:
3068 1919 3151 1959 me
3188 1905 3372 1973 Paula,
3415 1908 3495 1978 (2)

1919 1984 2306 2057 Meianiumque
2343 1988 2669 2060 plangentes.
2720 1990 2800 2047 Tu
2841 1995 3012 2049 aliena
3051 1995 3360 2052 desideras:
3392 2000 3495 2054 illa:

1922 2082 2267 2131 contemnunt
2308 2094 2424 2133 sua.
2468 2080 2544 2134 Te
2579 2079 2813 2135 delibuta
2859 2084 3016 2138 melle
3043 2086 3161 2139 vina
3188 2086 3493 2144 delectant:

1923 2164 2025 2218 illa:
2053 2175 2234 2236 potant
2261 2182 2450 2236 aquam
2482 2167 2720 2238 frigidam
2742 2171 3062 2226 suaviorem.
3095 2174 3245 2228 Tute
3272 2177 3495 2244 perdere

1923 2254 2213 2317 existimas,
2241 2256 2494 2325 quidquid
2526 2256 2577 2311 in
2610 2264 2854 2327 pnescnti
2887 2276 2991 2314 non
3023 2261 3288 2329 habueris,
3316 2279 3496 2321 come-

1922 2343 2085 2410 deris,
2110 2346 2448 2400 devoraveris
2472 2366 2485 2401 :
2520 2348 2622 2401 illa:
2646 2350 2815 2404 futura
2843 2351 3167 2420 desiderant,
3191 2364 3240 2409 et
3269 2356 3494 2412 credunt

1922 2451 2045 2489 vera
2060 2451 2178 2490 esse
2196 2451 2313 2505 qua:
2342 2439 2536 2506 scripta
2576 2448 2722 2496 sunt.
2754 2439 2903 2507 Esto,
2946 2441 3123 2510 inepte
3143 2452 3197 2497 et
3222 2445 3483 2513 inaniter,

1922 2527 2112 2595 quibus
2140 2527 2458 2581 resurrectio
2483 2542 2764 2596 corporum
2790 2532 3048 2597 persuasit
3078 2550 3093 2585 :
3134 2533 3258 2602 quid
3297 2534 3361 2588 ad
3404 2537 3494 2590 te?

1921 2615 2084 2670 Nobis
2113 2632 2143 2671 e
2169 2616 2435 2671 contrario
2464 2627 2549 2671 tua
2575 2619 2678 2672 vita
2703 2619 2966 2689 diSpIicet.
2991 2619 3139 2675 Bono
3166 2633 3255 2677 tuo
3282 2640 3492 2680 crassus

1921 2706 1995 2760 sis
2028 2726 2042 2761 :
2072 2723 2156 2762 me
2183 2707 2378 2763 macies
2406 2706 2631 2763 dclectat
2674 2719 2728 2764 et
2759 2711 2943 2779 pallor.
2987 2711 3065 2766 Tu
3096 2714 3226 2768 tales
3267 2717 3493 2771 miseros

1921 2796 2194 2851 arbitraris
2225 2815 2237 2851 :
2266 2814 2362 2852 nos
2395 2808 2445 2853 te
2486 2798 2923 2855 miserabiliorem
2953 2814 3218 2870 putamus.
3251 2803 3353 2858 Par
3379 2806 3492 2873 pari

1921 2888 2168 2953 refertur,
2197 2898 2250 2942 et
2279 2890 2501 2943 invicem
2525 2889 2676 2943 nobis
2701 2890 2942 2946 videmur
2969 2892 3218 2946 insanire.

1993 2977 2046 3032 6.
2080 2976 2224 3041 llzec,
2257 2979 2324 3031 mi
2353 2978 2564 3032 domina
2594 2979 2768 3032 Asella
2805 3020 2821 3045 ,
2845 2995 2965 3033 cum
2991 2981 3100 3049 jam
3134 2998 3319 3036 navem
3365 3000 3494 3038 con-

1922 3068 2254 3134 sccnderem,
2287 3069 2477 3138 raptim
2509 3069 2639 3123 ﬁens
2660 3068 2952 3139 dolensque
3030 3072 3190 3143 198
3259 3077 3493 3129 conseri-

1922 3156 2025 3226 psi,
2057 3165 2109 3211 et
2129 3159 2324 3226 gratias
2350 3173 2448 3226 ago
2489 3158 2596 3212 Deo
2624 3173 2766 3223 meo,
2806 3159 2945 3229 quod
2976 3159 3164 3230 dignus
3193 3163 3314 3228 sim,
3337 3179 3492 3233 quem

1921 3248 2153 3304 mundus
2182 3247 2372 3303 oderit.
2401 3248 2503 3303 Ora
2531 3259 2704 3304 autem
2750 3259 2806 3303 ut
2832 3251 2897 3304 de
2924 3251 3193 3323 Babylone
3220 3253 3494 3327 Jerosoly-

1923 3354 2064 3394 mam
2089 3339 2377 3410 regrediar,
2407 3355 2472 3394 ne
2496 3340 2624 3395 mihi
2645 3339 2950 3396 dominetur
2978 3341 3489 3413 Nabuchodonosor,

1922 3434 2017 3489 sed
2038 3432 2194 3489 Jesus
2231 3432 2368 3488 ﬁlius
2383 3431 2646 3501 .Josedec:
2679 3436 2853 3487 veniat
2882 3433 2957 3505 (e)
2997 3435 3297 3507 Ezras,qui
3331 3439 3493 3493 inter-

1922 3532 2164 3593 pretatur
2187 3522 2424 3592 adjutor,
2453 3532 2507 3577 et
2550 3522 2769 3578 reducat
2819 3538 2903 3578 me
2941 3525 2992 3578 in
3016 3526 3236 3595 patriam
3295 3544 3490 3584 meam.

1926 3606 2129 3670 Stultus
2156 3630 2256 3686 ego
2281 3614 2369 3685 qui
2398 3614 2638 3669 volebam
2662 3624 2880 3670 cantare
2906 3616 3181 3673 Canticum
3212 3620 3415 3675 lioniiui
3442 3623 3491 3676 in

1925 3716 2063 3761 terra
2089 3707 2280 3773 aliena,
2310 3716 2363 3759 et
2387 3706 2596 3760 deserto
2618 3718 2796 3761 monte.
2826 3706 2973 3773 Sina,
3000 3707 3212 3780 Egypli
3232 3712 3493 3768 auxilium

1922 3795 2220 3866 ﬂagitabam
2253 3796 2383 3867 (λεν.
2410 3794 2522 3865 42).
2550 3794 2665 3849 Non
2704 3796 3024 3849 recordabar
3045 3798 3339 3866 Evangelii,
3363 3805 3484 3870 quia

1922 3888 2009 3956 qui
2032 3887 2097 3939 de
2117 3884 2412 3938 Jerusalem
2435 3884 2722 3952 egreditur,
2746 3882 2925 3937 statim
2953 3884 3136 3937 incidit
3162 3886 3213 3939 in
3242 3888 3493 3957 latrones,

1924 3975 2215 4044 spoliatur,
2246 3974 2574 4034 vulneratur,
2613 3972 2894 4026 occiditur.
2937 3971 3038 4028 Sed
3070 3974 3196 4030 licet
3232 3975 3494 4036 Sacerdos

1922 4064 2180 4132 despiciat
2202 4071 2359 4130 atque
2383 4062 2595 4115 Levites
2614 4101 2630 4127 ,
2674 4061 3036 4117 Samaritanus
3063 4064 3151 4120 ille
3189 4068 3491 4127 misericors

1924 4162 2006 4207 est
2040 4150 2190 4220 (Luc.
2224 4150 2313 4220 10)
2337 4191 2352 4216 ,
2382 4149 2473 4220 qui
2515 4164 2634 4203 enm
2665 4150 2931 4225 diceretur
2959 4171 2972 4206 :
3018 4154 3405 4222 Samaritanus,
3444 4177 3495 4214 ea

1929 4305 2252 4371 renuentibus
2262 4303 2377 4371 llas.
2397 4314 2495 4371 non
2517 4303 3069 4371 improbo,sic_emm‘ex
3093 4311 3421 4371 ammaissimi,
3435 4327 3494 4364 ac

1924 4365 2238 4433 celeberrimi
2263 4364 2529 4433 Campania:
2548 4366 2708 4429 oppidi
2730 4366 2945 4425 nomine,
2958 4366 3048 4433 alia
3063 4373 3353 4433 amoenitatis
3370 4364 3491 4433 loca,

1927 4441 1979 4476 et
1999 4426 2177 4535 praedia
2203 4425 2347 4483 Baias
2378 4425 2622 4496 vocabant
2639 4432 2869 4477 veteres:
2897 4433 2949 4477 et
2984 4427 3152 4479 Cicero
3175 4433 3224 4479 in
3247 4432 3378 4483 Orat.
3405 4425 3493 4497 ιιι-«ἰ

1927 4488 2004 4535 Cze
2026 4489 2089 4535 io.
2121 4502 2144 4532 α
2163 4488 2316 4535 cuius.
2344 4487 2523 4535 innuit.
2548 4487 2596 4535 in
2619 4486 2786 4535 hortos
2805 4524 2817 4535 .
2842 4488 3033 4535 domum
3054 4525 3069 4535 .
3093 4490 3234 4535 Baias
3273 4495 3378 4535 tum
3400 4513 3492 4535 ςιιη

1925 4488 2089 4546 Caelio,
2121 4502 2144 4532 α
2163 4488 2316 4548 cujus,
2344 4488 2523 4548 inquit,
2548 4488 2596 4535 in
2619 4488 2786 4535 hortos
2805 4524 2817 4544 ,
2842 4488 3033 4537 domum
3054 4525 3069 4549 ,
3093 4490 3234 4554 Bajas
3266 4495 3378 4556 jure
3400 4488 3492 4548 suo

1925 4548 2832 4624 ίίδίέΨῗθἭΨΨἮΈῩΨἮΞἾῩἮ·³
2872 4548 2970 4624 8⁸9
2993 4550 3179 4624 aliqua
3201 4556 3341 4624 Pallio
3384 4568 3493 4624 rost

1922 4610 2231 4719 sagulil'lcm
2254 4607 2516 4657 luxuriosa:
2560 4606 2802 4657 libertatis
2826 4624 2913 4672 pro
2935 4606 3140 4663 luxuriae
3170 4606 3223 4664 e't
3253 4606 3492 4669 liberiatis

2022 4682 2084 4718 en
2112 4705 2122 4717 .
2146 4685 2169 4714 ι

2022 4677 2122 4719 ent.
2146 4685 2169 4714 ι

1994 4729 2062 4795 (α)
2104 4731 2397 4796 Attagenem
2429 4742 2570 4796 avem
2599 4729 2762 4796 laudat
2780 4731 2980 4796 Apicius
3002 4732 3086 4796 lib.
3108 4733 3155 4783 6.
3179 4747 3295 4796 cap._
3307 4737 3356 4783 3.
3387 4736 3474 4787 Aci

1924 4790 2407 4857 pens'eremjiscem
2425 4791 2628 4857 _Plinius
2659 4790 2691 4839 Ι.
2712 4792 2775 4857 ,9.
2812 4790 2856 4857 ᾇ.
2883 4794 2961 4842 l7.
2980 4790 3253 4857 Athenaeus
3274 4794 3489 4857 Deiplto-

1922 4852 2061 4918 sopit.
2085 4852 2255 4918 lib._'1'._
2276 4869 2300 4898 ι
2328 4853 2683 4918 ᾼηοὴςειιιηωε,
2708 4852 2890 4918 inquit,
2909 4855 2991 4918 qui
3017 4857 3158 4902 vitam
3182 4852 3490 4918 Sardanapali

1923 4913 2062 4973 visit,
2084 4913 2323 4979 de_Galeo
2343 4913 2528 4979 Rhodio
2551 4926 2660 4961 cum
2683 4913 2834 4962 verba
2870 4913 3009 4979 lactt,
3046 4927 3298 4979 eum_esse
3321 4913 3484 4979 putat,

1922 4971 2070 5037 quem
2095 4976 2433 5037 acipenserem
2463 4971 2642 5037 (Gneo.
2670 4984 2879 5037 ἀιιιςιεσιον
2905 4972 2918 5037 j
2952 4980 3120 5037 vocant
3153 4971 3357 5037 Romani
3378 5012 3392 5035 ,
3435 4971 3488 5029 et

1922 5033 2034 5084 c'um
2074 5033 2226 5095 tibiis,
2251 5042 2304 5083 et
2339 5033 2527 5083 coronis
2544 5033 2914 5095 _eircumferunt'
2952 5034 3001 5081 in
3039 5036 3206 5093 caenis,
3242 5033 3487 5087 coronatis

1925 5098 2070 5167 etiam
2080 5095 2187 5145 illis
2204 5092 2287 5167 qui
2312 5101 2517 5157 portant.
2543 5092 2725 5141 Verum
2747 5092 3015 5155 Acipenser
3036 5092 3199 5144 minor
3212 5103 3308 5157 est,
3327 5108 3488 5148 rostro

1921 5155 2157 5217 longiore,
2174 5172 2197 5199 ι
2225 5155 2323 5202 'ete.
3293 5155 3300 5157 “

1991 5216 2051 5281 (ε)
2092 5215 2287 5282 γει-δα,
2312 5212 2396 5282 ιιιά
2429 5212 2768 5282 interpretatur
2798 5212 3025 5274 adiutor,
3058 5227 3169 5277 quae
3202 5216 3483 5282 Hieronymi

1924 5279 2215 5385 proﬁcsitum
2253 5279 2456 5323 multum
2493 5279 2693 5335 juvant,
2726 5279 2932 5323 deerant
2953 5283 3116 5325 autem
3147 5281 3271 5341 apud
3295 5279 3485 5331 Era'sm.

1924 5346 1977 5386 et
2047 5336 2343 5406 artianaeum.
2370 5347 2511 5406 nosoe
2673 5334 2932 5396 codicibus,
2960 5344 3013 5385 et
3036 5341 3283 5389 vetustiori
3310 5342 3486 5391 editio-

1922 5410 1988 5446 ne
2008 5409 2116 5445 cum
2138 5396 2348 5445 Victoria
2368 5396 2685 5444 restituimus.

1984 5456 2059 5519 (υ
2100 5455 2305 5519 Gravius
2329 5454 2592 5519 alias_(tiba
2622 5455 2722 5519 legi
2747 5455 2969 5519 adnotat;
2994 5470 3081 5519 pro
3101 5472 3195 5519 qua
3220 5474 3342 5512 voce
3364 5462 3485 5512 mal-

1923 5515 2215 5579 letIStoeha,
2235 5517 2301 5566 de
2320 5529 2419 5579 qua
2436 5515 2620 5579 Plinius
2644 5515 2732 5566 lib.
2754 5517 2834 5579 ξι.
2860 5530 2906 5566 c.
2934 5515 3010 5568 t5.
3034 5525 3087 5567 et
3110 5515 3186 5570 ἐτι..
3212 5536 3257 5573 c.
3283 5525 3360 5573 11.

1990 5575 2053 5649 (2]
2097 5575 2379 5649 galeaeer
2396 5575 2743 5649 gradatimque.
2762 5577 2948 5649 licente
2987 5586 3290 5649 superiorem
3324 5593 3487 5638 notam

1924 5637 2079 5701 Epist.
2098 5641 2147 5687 5.
2174 5644 2225 5687 et
2252 5639 2299 5687 in
2321 5637 2473 5701 Epist.
2504 5638 2609 5687 145.
2637 5637 2693 5687 ad
2717 5639 2943 5703 Alypium
2968 5650 3020 5691 et
3044 5637 3387 5706 Augustinum.

1922 5273 2215 5385 prohibsitum
2253 5273 2456 5323 multum
2493 5273 2693 5335 juvant,
2726 5273 2932 5345 deerant
2953 5273 3116 5325 autem
3147 5291 3172 5325 a

1924 5346 1977 5385 et
2047 5343 2343 5385 artianaeum.
2370 5348 2459 5383 nos
2482 5347 2511 5382 e
2534 5333 2648 5381 Mss.
2673 5334 2932 5385 codicibus.
2960 5344 3013 5385 et
3036 5346 3172 5385 vetus
