4078 6198
585 285 696 340 485

589 416 632 458 et
664 403 971 457 daemonium
1002 398 1149 452 habes
1178 390 1353 460 (Jahn.
1387 388 1481 457 8),
1526 382 1847 440 diemonium
1890 395 2120 435 renuens
2141 420 2157 443 ,

586 494 908 549 Samaritem
946 506 1002 544 se
1033 501 1133 540 non
1162 484 1403 550 negavit;
1435 477 1558 546 quia
1581 491 1738 545 quem
1766 487 1862 527 nos
1883 470 2158 532 custodem,

591 583 802 638 llebrazi
826 578 1108 636 samarilem
1137 579 1346 626 vocant.
1373 567 1668 622 Maleﬁcum
1695 563 1906 634 quidam
1935 576 2019 614 me
2045 575 2164 628 gar-

591 681 735 732 riunt
761 695 775 734 :
802 675 1004 730 titulum
1037 669 1179 731 fidei,
1204 679 1390 720 servus
1429 674 1681 731 agnosco.
1715 657 1918 726 Magum
1950 660 2162 714 vocant.

590 779 639 824 et
662 766 828 821 Judaei
867 761 1147 816 Dominum
1180 770 1376 810 meum.
1405 751 1666 807 Seductor
1693 758 1747 803 et
1776 745 2060 816 Apostolus
2085 741 2168 796 di-

588 871 706 914 cms
726 865 824 909 est.
854 853 1100 907 Tentatio
1123 863 1205 902 me
1236 863 1341 901 non
1366 841 1766 914 apprehendat,
1797 839 1900 892 nisi
1936 838 2165 890 humana

588 949 662 1017 (Ι.
694 945 810 1000 Cor.
840 943 947 1012 l0).
976 943 1202 1008 Quotam
1246 946 1448 1006 partem
1492 933 1852 999 angustiarum
1884 938 2168 996 perpessus

587 1054 726 1098 sum,
753 1035 842 1105 qui
871 1032 1016 1087 cruci
1047 1029 1257 1084 tnilito?
1279 1025 1554 1080 Infamiam
1585 1021 1703 1075 falsi
1731 1018 1970 1072 criminis
1995 1018 2168 1082 impn-

591 1136 769 1182 taruut
789 1141 802 1154 ·
833 1123 925 1178 sed
955 1122 1066 1175 scio
1095 1135 1190 1190 per
1219 1119 1411 1172 bonam
1443 1124 1496 1170 et
1530 1113 1726 1167 malam
1755 1109 1947 1163 famam
1975 1119 2166 1176 perve-

591 1219 695 1273 niri
721 1217 788 1271 ad
817 1229 980 1285 regna
1005 1211 1292 1267 caelorum.

1870 262 2110 321 SANCTI
2152 259 2524 316 IIIERONYMI

3749 257 3858 315 484

2338 379 2392 432 7.
2417 377 2596 432 Saluta
2625 373 2840 430 Paulam
2883 382 2936 428 et
2972 370 3318 426 Eustochium
3337 411 3353 437 ,
3383 369 3510 424 velit
3531 368 3666 424 nolit
3690 385 3854 426 mun-

2266 471 2389 536 dus,
2423 471 2476 524 in
2506 468 2717 523 Christo
2747 480 2914 522 meas.
2944 464 3126 520 Saluta
3149 471 3370 517 matrem
3399 462 3667 525 Albinam.
3701 477 3855 518 sero.

2269 577 2488 632 remque
2515 560 2812 614 Marcellam
2836 598 2852 622 ,
2882 555 3242 610 Mareellinam
3269 569 3503 622 quoque,
3533 562 3588 607 et
3611 563 3853 609 sanctam

2270 654 2598 709 Felicitatem
2621 693 2636 717 ,
2675 658 2730 705 et
2757 650 2842 703 dic
2867 648 2946 702 eis
2971 664 2984 700 :
3030 649 3169 700 Ante
3213 645 3441 699 tribunal
3469 643 3666 698 Christi
3695 645 3852 698 simul

2270 743 2529 798 stabimus
2547 781 2564 808 ,
2591 741 2663 795 ibi
2692 737 2971 808 apparebit
3010 751 3114 806 qua
3139 743 3320 790 mente
3347 735 3466 803 quis
3495 734 3710 789 vixerit.
3738 735 3852 790 Me-

2273 845 2455 890 mento
2491 834 2630 898 mei,
2661 831 2962 900 exemplum
2990 828 3258 900 pudicitia:
3278 866 3295 887 .
3339 837 3395 880 et
3426 827 3744 894 virginitatis
3773 828 3853 882 in-

2272 928 2454 997 signe;
2483 926 2779 993 ﬂuctusque
2807 923 2969 977 maris
2991 921 3095 975 tuis
3121 918 3366 989 precibus
3395 916 3600 987 mitiga.

596 1289 3837 1363 _____________'_____________—————-———-—-——————--

1289 1414 1444 1486 199

1571 1404 1867 1512 TER
1886 1397 2162 1506 ΤΙΑ
2241 1389 2880 1499 CLASSIS.
2972 1460 2977 1468 -

590 1619 1030 1668 COMPLECTENS
1073 1612 1402 1660 EPISTOLAS
1447 1609 1526 1652 ΑΒ
1569 1604 1735 1649 ANNO
1779 1582 1915 1643 386.
1949 1600 1987 1640 Ε
2029 1592 2393 1637 aerumnam
2460 1587 2864 1634 uoussruuro
2908 1583 3198 1628 SCRIPTAS
3241 1581 3441 1633 usque
3487 1582 3569 1623 an
3611 1579 3847 1624 secum

854 1720 1088 1776 QUARTI
1133 1715 1358 1768 “seu,
1404 1703 1894 1756 DAMNATUMQUE
1941 1701 2004 1742 IN
2049 1694 2497 1740 ALEXANDBINA
2546 1690 2791 1734 svnono
2835 1687 3167 1731 ORIGENEM
3211 1685 3380 1728 uno
3424 1665 3563 1727 ιιοο.

2083 1816 2396 1873 W

1071 1951 1398 2008 EPISTOLA
1421 1946 1584 2002 XLVI
1625 1943 1725 2014 (a).
1813 1952 1816 1954 γ

877 2063 1058 2104 PAULI-1
1088 2061 1155 2100 Ιίτ
1185 2055 1454 2097 EUSTOCHII
1477 2055 1542 2092 AD
1563 2045 1899 2090 IARCELLAII.

1137 2133 1215 2187 De
1245 2129 1452 2186 Sanctis
1477 2127 1620 2180 locis.

595 2234 793 2295 Paula,
829 2229 1033 2300 ﬁlioque
1059 2226 1166 2296 ejus
1195 2219 1526 2276 Eustochium
1545 2257 1560 2282 ,
1593 2229 1708 2268 cum
1749 2212 1814 2265 ad
1839 2210 2031 2265 Sancta
2059 2206 2170 2259 loca

665 2298 995 2380 deuenissent,
1039 2312 1341 2368 Marcellam
1371 2312 1660 2368 hortantur,
1691 2311 1744 2355 ut
1779 2302 1953 2354 relicta
1983 2298 2168 2360 Roma,

663 2413 730 2466 ad
752 2429 834 2466 eos
856 2408 1109 2463 Bethleem
1148 2402 1458 2470 commigret,
1485 2397 1705 2468 [ruitura
1729 2392 1958 2446 omnibus
1983 2387 2172 2440 Christi

667 2498 1001 2554 monumentis
1047 2497 1100 2548 in
1143 2492 1285 2555 locis,
1317 2491 1369 2542 in
1407 2486 1583 2558 quibus
1629 2484 1867 2552 pleraque
1913 2476 2171 2548 religionis

667 2601 854 2646 nostra:
874 2587 1112 2659 mysteria
1145 2592 1346 2654 peracta
1369 2587 1506 2633 sunt.

671 2684 725 2736 1.
773 2655 1076 2735 Mensuram
1119 2676 1313 2729 caritas
1359 2685 1465 2724 non
1509 2667 1696 2729 habet,
1743 2673 1798 2718 et
1844 2655 2172 2730 impatientia

601 2771 771 2829 nescit
799 2768 1015 2826 modum
1036 2809 1051 2830 ,
1093 2776 1147 2821 et
1182 2762 1505 2818 desiderium
1533 2773 1638 2812 non
1669 2754 1913 2810 sustinet.
1947 2749 2098 2806 Unde
2119 2757 2174 2802 et

597 2881 700 2922 nos
727 2862 907 2919 oblita:
933 2859 1122 2914 virium
1159 2865 1484 2918 nostrarum,
1513 2861 1567 2904 et
1597 2864 1702 2904 non
1733 2845 1858 2915 quid
1885 2843 2168 2914 possimus,

598 2955 692 3011 sed
717 2953 845 3025 quid
875 2951 1098 3006 velimus
1125 2956 1329 3001 tantum
1357 2944 1653 3011 cogitantes
1677 2979 1692 3003 ,
1740 2936 2046 3004 magistram
2082 2947 2174 2986 cu-

598 3049 772 3116 pimus
819 3042 1015 3099 docere
1056 3037 1360 3108 discipulm;
1394 3045 1448 3089 et
1487 3041 1543 3086 ut
1583 3039 1666 3084 est
1692 3029 1906 3097 vulgare
1951 3036 2174 3094 prover-

597 3109 742 3190 bium
777 3152 790 3188 :
822 3132 924 3188 Sus
952 3131 1144 3186 artium
1189 3124 1531 3197 repertriccm
1555 3119 1682 3190 (Sus
1723 3113 2049 3183 Minervam).
2093 3109 2174 3166 Tu

595 3242 712 3295 qua:
766 3224 935 3294 prima
985 3220 1082 3293 [ιιι.
1138 3213 1374 3287 primum]
1437 3210 1719 3267 scintillam
1773 3217 1956 3262 nostro
2004 3200 2177 3256 fomiti

593 3293 888 3384 subjecisti,
913 3300 1032 3383 qua:
1057 3310 1123 3365 ad
1153 3309 1257 3363 hoc
1291 3305 1522 3361 studium
1551 3317 1649 3357 nos
1677 3309 1732 3356 et
1760 3310 2007 3354 sermone
2046 3293 2174 3348 hor-

596 3383 704 3459 tata
727 3419 806 3468 es,
831 3412 886 3458 et
910 3400 1190 3469 exemplo;
1227 3407 1279 3451 et
1308 3396 1456 3465 quasi
1498 3393 1688 3463 gallina
1720 3386 2050 3458 congregasti
2077 3383 2176 3438 sub

595 3497 706 3549 alas
737 3494 910 3564 pullos
941 3501 1060 3545 tuos
1082 3488 1295 3560 (Matth.
1322 3485 1414 3556 25)
1444 3503 1457 3537 :
1487 3497 1626 3536 nunc
1651 3496 1748 3535 nos
1775 3480 1942 3533 libere
1972 3475 2172 3542 absque

596 3597 765 3640 matre
808 3583 1028 3636 volitare
1057 3579 1276 3650 patieris
1306 3577 1378 3648 [al
1409 3571 1618 3646 pateris]
1645 3615 1660 3638 ,
1704 3581 1758 3626 et
1780 3568 2046 3637 accipitris
2079 3581 2174 3635 pa-

599 3691 724 3729 vere
757 3671 1132 3734 formidinem,
1173 3677 1226 3722 et
1249 3668 1314 3721 ad
1356 3674 1568 3718 omnem
1613 3661 1852 3716 umbram
1888 3668 2177 3728 prmtervo-

598 3768 822 3823 lantium
852 3766 1026 3819 avium
1060 3759 1380 3816 formidare?
1402 3757 1583 3826 Igitur.
1617 3751 1756 3823 quod
1787 3751 1956 3804 solum
1983 3747 2177 3802 absen-

598 3872 677 3912 tes
707 3857 879 3912 facere
924 3866 1206 3924 possumus
1227 3890 1240 3912 ,
1284 3846 1535 3919 querulas
1580 3843 1846 3897 fundimus
1877 3854 2090 3909 preces;
2123 3845 2178 3891 et

596 3949 917 4004 desiderium
948 3957 1186 4000 nostrum
1219 3958 1323 3996 non
1352 3950 1456 3994 tam
1484 3937 1554 4007 (ιι)
1583 3935 1814 3997 fletibus,
1835 3947 1989 4002 quam
2013 3930 2180 3998 ejula-

597 4043 738 4096 tibus
760 4047 1123 4094 contestamur
1142 4076 1158 4100 ,
1185 4044 1241 4088 ut
1272 4032 1570 4087 Marcellam
1598 4039 1833 4083 nostram
1877 4023 2030 4079 nobis
2056 4022 2178 4077 red-

597 4133 715 4196 das,
738 4141 792 4185 et
813 4130 958 4183 illam
988 4128 1191 4190 mitem,
1229 4125 1373 4178 illam
1409 4137 1648 4187 suavem,
1682 4120 1824 4174 illam
1850 4117 1994 4172 omni
2017 4115 2176 4170 melle

598 4231 652 4275 et
681 4219 964 4275 dulcedine
999 4216 1295 4270 dulciorem
1345 4229 1448 4268 non
1483 4211 1701 4283 patiaris
1748 4208 1888 4278 apud
1936 4222 2028 4262 eas
2058 4219 2176 4259 esse

597 4309 843 4380 rigidam,
873 4315 928 4361 et
955 4306 1158 4360 tristem
1191 4319 1380 4372 rogare
1407 4301 1637 4356 frontem
1661 4339 1676 4365 ,
1705 4312 1840 4369 quas
1867 4294 2177 4350 aliabilitale

599 4414 695 4454 sua
715 4398 781 4452 ad
807 4396 984 4452 simile
1009 4396 1131 4449 vita:
1157 4394 1390 4448 studium
1414 4391 1739 4460 provocavit.

667 4491 724 4547 Ω.
756 4489 913 4544 Certe
957 4488 1001 4541 si
1047 4495 1172 4540 sunt
1215 4485 1437 4539 meliora
1466 4498 1584 4551 qua:
1628 4480 1918 4550 poscimus,
1951 4492 2054 4532 non
2097 4486 2181 4531 est

599 4580 880 4653 impudens
905 4576 1253 4632 desiderium.
1283 4574 1340 4628 Si
1367 4582 1574 4626 cuncta:
1593 4571 1988 4640 Scripturarum
2019 4583 2178 4620 voces

601 4681 799 4728 nostra:
840 4667 1121 4724 sententia:
1147 4673 1476 4734 congruunt,
1511 4677 1614 4714 non
1654 4660 1876 4714 facimus
1904 4658 2174 4721 audacter,

596 4765 662 4820 ad
689 4780 750 4818 ea
781 4772 832 4816 te
861 4767 1214 4832 provocantes
1235 4797 1250 4820 ,
1285 4755 1351 4808 ad
1383 4768 1502 4822 qum
1541 4761 1593 4805 tu
1642 4765 1740 4804 nos
1769 4749 2064 4817 saepissime
2090 4763 2181 4800 co-

598 4857 806 4910 hortata
833 4868 913 4908 es.
949 4849 1126 4905 Prima
1153 4863 1255 4902 vox
1299 4846 1392 4900 Dei
1439 4845 1505 4898 ad
1534 4842 1840 4899 Abraham:
1887 4860 1906 4893 ι
1947 4841 2064 4904 Exi,
2095 4840 2172 4893 in-

596 4949 738 5019 quit,
785 4945 854 5000 de
885 4954 1024 4999 terra
1065 4951 1151 4996 tua
1175 4981 1190 5005 ,
1235 4947 1289 4993 et
1314 4939 1380 4994 de
1405 4937 1720 5006 cognatione
1749 4945 1858 4998 tua,
1886 4943 1941 4988 ct
1965 4933 2096 4986 vade
2126 4933 2177 4984 in

599 5049 794 5104 terram
841 5051 998 5107 quam
1025 5042 1393 5088 monstravere
1415 5030 1505 5084 tibi
1542 5049 1560 5081 ι
1599 5027 1748 5101 (Gen.
1784 5027 1870 5081 12.
1906 5026 1980 5096 1).
2019 5024 2180 5080 Jube—

597 5137 684 5181 tur
711 5123 1052 5184 Patriarclue.
1076 5122 1142 5176 ad
1170 5137 1327 5192 quem
1353 5121 1581 5188 primum
1603 5119 1671 5172 de
1693 5117 1907 5172 Christo
1934 5115 2069 5168 facta
2097 5123 2181 5168 est

601 5217 962 5286 repromissio,
985 5223 1042 5268 ut
1069 5214 1333 5282 relinquat
1359 5211 1660 5274 Cllaldmos,
1683 5208 1950 5278 relinquat
2023 5205 2182 5276 200

603 5306 928 5362 confusionis
957 5303 1140 5358 urbem
1159 5346 1173 5368 ,
1206 5315 1259 5357 et
1285 5303 1552 5364 Rooboth,
1579 5301 1628 5354 id
1659 5309 1742 5355 est
1767 5299 1862 5370 (ε),
1893 5300 2181 5353 latitudines

661 5419 733 5487 ςᾳ)
774 5416 899 5487 ﬁ{fias
942 5415 1017 5485 l_7.
1042 5413 1231 5487 scripta
1253 5415 1374 5463 circ.
1398 5426 1482 5485 an:
1505 5414 1620 5462 586.

666 5472 738 5535 (ὁ)
773 5477 1086 5546 Cisterciens.
1133 5472 1339 5524 fortasse
1381 5477 1549 5523 verius
1587 5492 1610 5520 ι
1646 5487 1740 5523 non
1779 5482 1874 5524 tam
1911 5472 2142 5536 precibus
2163 5505 2177 5530 ,

666 5548 746 5582 .am
769 5537 964 5584 ﬂetibus
987 5541 1039 5582 et
1061 5534 1325 5583 ululatibus
1347 5542 1694 5584 contestamur.
1712 5553 1734 5579 ι
1763 5543 1864 5584 etc.

603 5548 746 5596 quam
769 5542 964 5584 ﬂetibus
987 5542 1039 5582 et.
1061 5542 1325 5583 ululatibus
1347 5542 1694 5593 contestamur,
1712 5553 1734 5579 ι
1763 5543 1864 5585 etc.

637 5655 645 5663 .
674 5593 734 5655 (εὶ
754 5594 850 5663 _lta
877 5595 1066 5663 rectius
1087 5592 1263 5663 plurali
1279 5607 1482 5663 numero
1520 5598 1715 5663 quidam
1741 5596 1852 5644 Mss.
1889 5595 2063 5656 legunt
2095 5607 2181 5654 [ro

607 5633 850 5714 ιίιῖἆίιιιῖιῖἷ
869 5633 1715 5712 ι’λῖῖὶἱιῖιιὶέιῖι”,“ἐὶι”Ξὲίιέξ.ὀ‹ἳιῖίῗ“”’
1741 5633 1852 5644 πνυ-

2272 1931 2388 1998 ejus
2417 1946 2431 1985 :
2471 1930 2732 1998 relinquat
2775 1943 3019 1998 campum
3062 1929 3302 1984 Sennaar
3322 1971 3337 1995 ,
3370 1929 3423 1984 in
3455 1945 3559 2001 quo
3586 1933 3850 2002 superbia:

2273 2037 2443 2091 usque
2482 2021 2548 2075 ad
2600 2021 2792 2075 cmlum
2833 2030 3009 2075 erecta
3043 2022 3202 2075 turris
3243 2031 3368 2076 est:
3418 2031 3472 2076 et
3501 2033 3618 2091 post
3662 2023 3852 2078 ﬂuctus

2274 2113 2428 2168 istius
2443 2111 2644 2176 surculi,
2662 2122 2780 2180 post
2804 2111 3041 2175 ﬁmnina,
3065 2127 3226 2180 super
3241 2128 3359 2180 quae
3385 2113 3638 2168 sederunt
3658 2116 3848 2182 sancti,

2273 2212 2328 2256 et
2368 2204 2626 2255 llevertmt
2664 2217 2783 2255 cum
2835 2203 3244 2256 recordarcnlur
3272 2203 3435 2270 Sion,
3478 2214 3598 2274 post
3633 2220 3850 2274 gravem

2275 2295 2533 2364 gurgitem
2579 2292 2825 2357 Choba‘r,
2871 2293 2938 2347 de
2983 2310 3089 2362 quo
3136 2294 3386 2349 Ezechiel
3417 2296 3608 2365 capillo
3639 2297 3853 2352 verticis

2275 2386 2580 2438 sublevatus
2603 2425 2617 2450 ,
2641 2385 2938 2439 Jerusalem
2982 2401 3150 2454 usque
3182 2386 3530 2454 transfertur;
3558 2399 3614 2442 ut
3654 2389 3854 2444 habitet

2275 2482 2473 2527 terram
2500 2476 2932 2543 repromissionis
2953 2516 2968 2542 ,
3008 2492 3126 2545 qua:
3151 2491 3256 2530 non
3287 2479 3487 2548 rigatur
3515 2489 3570 2532 ut
3591 2479 3852 2550 IEgyptus

2276 2565 2344 2619 de
2369 2565 2641 2629 deorsum,
2665 2565 2757 2619 sed
2779 2566 2848 2620 de
2874 2580 3084 2620 sursum
3115 2584 3128 2620 :
3158 2581 3257 2622 nec
3283 2570 3409 2622 facit
3433 2569 3577 2624 olera
3605 2573 3853 2640 languen-

2277 2658 2405 2711 tium
2429 2659 2612 2722 cibos;
2642 2657 2735 2713 sed
2765 2667 3163 2726 tcmporaneum
3195 2668 3250 2714 et
3273 2661 3569 2714 serotinum
3614 2661 3683 2715 de
3713 2663 3850 2716 ctelo

2276 2759 2552 2818 exspectat
2579 2751 2824 2805 imbrem.
2853 2750 2977 2805 Haec
3005 2760 3142 2805 terra
3166 2763 3464 2819 montuosa,
3484 2765 3539 2808 et
3563 2756 3614 2808 in
3640 2757 3850 2811 sublimi

2277 2847 2376 2899 sita
2404 2862 2417 2898 :
2451 2855 2706 2913 quantum
2737 2859 2767 2897 a
2795 2843 3000 2898 deliciis
3025 2845 3207 2899 smcoli
3239 2855 3423 2910 vacat,
3455 2856 3659 2903 tantum
3681 2849 3852 2919 majo-

2278 2951 2366 2991 res
2398 2935 2558 2990 habet
2599 2935 2816 2990 delicias
2852 2936 3091 3006 Spiritus.
3131 2935 3366 3006 Denique
3405 2947 3458 2992 et
3483 2937 3644 2992 Maria
3684 2953 3853 2996 mater

2281 3029 2512 3093 Domini,
2538 3037 2816 3097 postquam
2839 3028 2906 3082 ad
2927 3043 3043 3084 eam
3067 3029 3254 3100 Angeli
3281 3029 3518 3085 estfacta
3545 3033 3849 3100 promissio,

2280 3127 2335 3174 et
2363 3128 2570 3172 uterum
2597 3134 2755 3172 suum
2785 3119 3047 3174 intellexit
3089 3133 3212 3174 esse
3236 3119 3452 3175 domum
3483 3121 3574 3175 ﬁlii
3613 3119 3728 3189 Dei,
3757 3123 3850 3177 de-

2279 3208 2480 3262 relictis
2516 3208 2902 3276 campestribus
2928 3208 2994 3262 ad
3034 3218 3287 3264 montana
3335 3210 3588 3278 perrexit.
3636 3213 3712 3266 De
3757 3213 3852 3267 hac

2282 3300 2412 3354 urbe
2435 3341 2450 3366 ,
2482 3299 2752 3370 allophylo
2788 3299 3054 3369 quondam
3085 3298 3239 3355 hoste
3263 3311 3540 3370 superato,
3568 3313 3622 3357 et
3642 3302 3854 3357 diaboli-

2281 3408 2359 3447 ca:
2391 3407 2639 3462 percussa
2668 3393 2856 3446 frontis
2891 3393 3133 3459 audacia,
3164 3404 3440 3464 postquam
3473 3395 3561 3451 ille
3589 3396 3640 3449 in
3671 3397 3850 3452 faciem

2281 3485 2514 3548 corruit,
2556 3483 2906 3538 exultantium
2953 3486 3249 3538 animarum
3287 3485 3438 3540 turba
3469 3488 3728 3556 processit
3759 3506 3771 3542 :
3803 3498 3856 3544 et

2280 3576 2568 3630 concinens
2587 3573 2784 3629 chorus
2811 3573 2994 3629 decem
3028 3577 3270 3641 millium,
3303 3577 3461 3630 David
3485 3579 3652 3631 nostri
3680 3579 3851 3633 victo-

2282 3665 2413 3718 riam
2453 3664 2782 3731 przndicavit.
2815 3663 2868 3716 In
2902 3663 3001 3718 hac
3028 3664 3264 3734 Angelus
3287 3665 3519 3734 gladium
3554 3678 3774 3732 tenens,
3804 3679 3855 3722 et

2282 3764 2444 3808 totam
2489 3754 2772 3823 impietatis
2799 3756 3081 3811 devastans
3118 3758 3338 3824 urbem,
3370 3759 3423 3812 in
3462 3757 3659 3814 Ornam
3697 3759 3856 3816 Jebu-

2282 3859 2508 3898 satorum
2539 3844 2676 3913 regis
2702 3860 2827 3900 area
2859 3846 3112 3914 templum
3145 3847 3349 3902 Domini
3379 3847 3675 3918 designavit
3706 3868 3719 3904 :
3747 3851 3851 3920 jam

2284 3945 2406 3989 tunc
2427 3936 2730 4004 signiﬁcans
2760 3937 3052 3992 Ecclesium
3081 3938 3302 4002 Christi,
3337 3955 3442 3993 non
3473 3940 3524 3993 in
3555 3941 3738 4005 Israel,
3764 3943 3852 3996 sed

2283 4027 2334 4078 in
2363 4026 2608 4095 gentibus
2641 4037 3070 4097 consurgentem.
3119 4028 3355 4083 Recurre
3397 4029 3462 4083 ad
3493 4029 3776 4096 Getiesim,
3802 4042 3855 4086 et

2282 4116 2668 4172 Melchisedech
2714 4133 2891 4188 regem
2931 4119 3105 4174 Salern
3141 4119 3221 4190 (ά)
3256 4119 3410 4189 hujus
3437 4122 3732 4192 principem
3773 4123 3852 4176 in-

2283 4209 2464 4262 venies
2491 4206 2721 4262 civitatis
2754 4225 2766 4260 :
2801 4208 2892 4276 qui
2915 4209 3024 4280 jam
3052 4221 3175 4264 tunc
3199 4210 3253 4263 in
3286 4220 3408 4282 typo
3437 4211 3633 4266 Christi
3667 4227 3850 4282 panem

2281 4309 2337 4352 et
2363 4301 2542 4352 vinum
2575 4299 2800 4363 obtulit,
2827 4309 2882 4354 et
2923 4301 3238 4371 mysterium
3279 4301 3634 4371 Christianum
3664 4303 3715 4356 in
3743 4301 3856 4357 Sal-

2283 4393 2480 4446 vatoris
2503 4393 2760 4462 sanguine
2785 4400 2839 4446 et
2864 4365 3091 4462 corpore
3121 4391 3408 4448 dedicavit.
3552 4365 3563 4376 ’

2355 4484 2408 4536 3.
2459 4484 2641 4538 Tacita
2689 4483 2908 4538 forsitan
2957 4493 3133 4539 mente
3165 4485 3563 4556 reprehendes,
3613 4500 3710 4541 cur
3753 4502 3854 4540 non

2283 4592 2569 4646 sequamur
2592 4575 2834 4631 ordinem
2863 4577 3295 4646 Scripturarum;
3340 4577 3434 4632 sed
3463 4579 3661 4646 passim
3682 4619 3696 4640 .
3727 4587 3781 4632 et
3805 4587 3859 4632 ut

2283 4667 2538 4737 quidquid
2565 4669 2774 4722 obviam
2804 4671 3030 4734 venerit,
3055 4669 3294 4724 turbidus
3318 4685 3496 4724 sermo
3518 4671 3856 4739 perstringat.

2287 4760 2352 4814 Et
2378 4761 2430 4814 in
2471 4760 2727 4829 principio
2756 4769 2964 4814 testatae
2990 4775 3205 4828 sumus,
3237 4760 3574 4816 dilectionem
3614 4763 3856 4814 ordinem

2287 4866 2389 4902 non
2450 4849 2688 4914 habere.
2740 4859 2796 4904 et
2847 4850 3229 4918 impatientiam
3275 4852 3480 4906 nescire
3527 4865 3855 4904 mensuram.

2288 4940 2438 4995 Unde
2467 4942 2592 4995 etin
2622 4941 2841 4996 Cantico
2867 4942 3208 4997 Canticorum
3248 4944 3396 5013 quasi
3424 4939 3640 4996 difficile
3672 4943 3854 5011 prazci-

2286 5035 2454 5102 pitur:
2483 5032 2728 5088 Ordinate
2753 5036 2807 5088 in
2832 5051 2909 5088 me
2932 5035 3194 5089 caritatem
3237 5037 3394 5107 201
3440 5032 3612 5108 (Cant.
3630 5033 3688 5087 ἢ.
3707 5035 3786 5102 4);
3807 5043 3858 5086 et

2287 5140 2428 5179 uuuc
2450 5125 2635 5180 eadem
2659 5125 2885 5180 dicimus
2915 5139 3034 5190 nos,
3055 5139 3160 5180 non
3185 5124 3534 5194 ignoratione,
3551 5125 3647 5178 sed
3671 5123 3860 5177 affectu

2374 5345 2578 5417 d)_‘Non
2601 5346 2709 5417 ejus
2729 5343 2913 5417 Salem,
2937 5358 3048 5417 quae
3070 5351 3237 5417 postea
3261 5341 3537 5417 Jerusalem
3560 5343 3712 5417 “dicta
3734 5347 3822 5417 est
3844 5375 3857 5397 .

2287 5403 2374 5457 sed
2398 5403 2601 5469 alterius
2623 5403 2766 5469 hujus
2789 5403 2995 5456 nominis
3013 5403 3178 5469 oppidi
3191 5405 3330 5466 juxta
3347 5404 3657 5469 Scytopolim,
3677 5403 3860 5469 Regem

2288 5470 2438 5517 fuisse
2462 5460 2826 5518 Melchisedech
2850 5460 3100 5528 contendit
3119 5460 3447 5528 lliéronymu's
3468 5460 3519 5512 in
3537 5460 3699 5528 Epist.
3715 5460 3861 5528 paulo

2289 5531 2493 5578 inferius
2514 5529 2817 5579 recensenda
2838 5528 2896 5575 ad
2917 5524 3236 5586 Evangelum.
3269 5523 3438 5586 Paula,
3460 5533 3513 5575 et
3533 5523 3859 5586 Eustochium,

2290 5604 2399 5654 quae
2416 5592 2802 5654 communior-em
2819 5585 3116 5654 sententiam
3130 5587 3238 5654 heic
3261 5585 3533 5654 proferunt,
3552 5600 3602 5637 In
3624 5587 3734 5635 aliis
3746 5596 3862 5644 quos

2294 5646 2388 5714 que
2414 5652 2533 5699 infra
2556 5663 2582 5700 a
2607 5650 2658 5699 S.
2685 5649 2910 5698 Doctoris
2933 5648 3121 5709 placitis
3141 5646 3430 5694 discordant.
