4078 6198
249 259 352 320 ὂ85

250 375 375 432 labi.
414 374 654 446 Denique
680 383 735 429 ut
761 372 837 448 (a)
880 371 1047 428 multo
1077 370 1429 427 inordinatius
1460 370 1659 440 aliquid
1700 386 1821 440 pro-

248 468 516 533 feramus,
547 466 841 535 antiquiora
889 466 1175 536 repetenda
1218 473 1361 519 sunt.
1411 462 1468 518 fn
1514 463 1618 517 hae
1657 463 1824 527 urbe,

248 559 357 612 imo
385 558 437 612 in
466 557 568 612 hoc
596 568 719 612 tunc
761 559 896 622 loco,
944 566 997 611 et
1038 557 1305 611 habitasse
1334 554 1550 617 dicitur,
1581 562 1635 607 et
1676 569 1821 607 mor-

246 660 369 705 tuus
394 664 515 703 esse
539 648 728 702 Adam.
760 648 912 704 Unde
936 658 990 702 et
1018 648 1168 702 locus
1205 650 1256 701 in
1292 663 1398 716 quo
1425 646 1711 701 cruciﬁxus
1741 656 1824 700 est

244 740 498 795 Dominus
537 752 754 805 noster,
796 738 1031 794 Colvan'a
1063 740 1398 809 appellatur,
1450 739 1653 792 scilicet
1685 737 1823 805 quod

243 832 316 887 ibi
359 834 430 887 si:
468 833 669 902 antiqui
712 831 945 885 hominis
971 832 1203 887 calvaria
1252 830 1501 890 condita.
1553 838 1609 882 ut
1634 843 1825 881 secun-

241 925 340 979 dus
363 923 439 993 (ὸ)
461 923 652 988 Adam,
673 923 723 977 id
740 932 823 977 est
844 923 1058 992 sanguis
1086 920 1282 975 Christi
1308 921 1372 976 de
1398 935 1558 974 cruce
1592 921 1820 986 stillans,

240 1016 397 1085 primi
420 1014 586 1069 Adam
614 1023 669 1069 et
692 1013 923 1083 jacentis
958 1013 1270 1083 prot0plasti
1297 1022 1513 1082 perula
1541 1012 1770 1066 dilueret
1804 1028 1819 1063 :

236 1114 290 1160 et
321 1115 449 1161 tunc
474 1121 654 1162 sermo
685 1106 775 1160 ille
805 1106 1046 1176 Apostoli
1076 1106 1435 1175 compleretur
1468 1122 1481 1158 :
1520 1123 1537 1155 ι
1574 1104 1823 1159 Excitare

235 1197 327 1266 qui
356 1197 582 1264 dormis,
622 1206 677 1251 et
704 1212 935 1266 exsurge
972 1212 1001 1250 a
1036 1198 1280 1260 mortuis,
1328 1207 1380 1250 et
1421 1195 1743 1249 illuminabit
1772 1205 1823 1250 te

234 1286 485 1341 Christus
522 1307 540 1339 ι
578 1287 790 1359 (Epltes
836 1288 889 1349 5.
933 1287 1045 1357 ll).
1094 1287 1329 1354 Quantos
1369 1287 1480 1340 haec
1530 1286 1657 1338 urbs
1697 1284 1825 1338 Pro-

232 1377 445 1446 phetas,
479 1386 711 1447 quantos
739 1377 980 1433 emiserit
1025 1389 1238 1432 sanctos
1268 1380 1440 1442 viros,
1474 1377 1690 1448 longum
1739 1384 1825 1431 est

230 1484 544 1524 recensere.
572 1469 768 1524 Totum
798 1470 1109 1540 mysterium
1134 1480 1395 1531 nostrum,
1430 1470 1581 1523 istius
1608 1468 1823 1537 provin-

230 1559 333 1613 cia:
354 1600 370 1623 ,
412 1560 668 1629 urbisque
699 1562 1041 1615 vernaculum
1085 1571 1186 1614 est.
1220 1560 1277 1613 ln
1310 1562 1476 1615 tribus
1516 1559 1820 1613 nominibus

237 1648 515 1704 Trinitatis
542 1651 873 1705 demonstrat
902 1653 1079 1705 fidem.
1108 1649 1296 1714 Iebus,
1328 1660 1381 1704 et
1420 1649 1615 1715 Salem,
1646 1659 1699 1703 et
1726 1646 1820 1701 Je-

235 1740 453 1793 rmlem
478 1740 802 1809 appellatur.
836 1741 1073 1795 Primum
1104 1756 1318 1804 nomen,
1346 1740 1542 1791 calcata
1573 1754 1592 1792 :
1623 1753 1815 1791 secun-

228 1827 393 1891 dum,
440 1845 544 1898 pax
572 1844 592 1883 :
622 1830 872 1895 tertium,
923 1830 1049 1883 visio
1102 1830 1264 1898 pacis.
1315 1828 1571 1881 Paulatim
1618 1828 1814 1895 quippe

230 1921 571 1989 pervenimus
598 1921 663 1973 ad
693 1919 874 1985 finem,
903 1928 957 1973 et
988 1929 1105 1988 post
1130 1918 1589 1974 conculcatiunem
1621 1918 1685 1970 ad
1715 1932 1811 1986 pa-

227 2012 307 2065 cis
330 2013 587 2066 visionem
617 2012 873 2081 erigimur
905 2028 919 2065 :
954 2008 1025 2080 (c)
1056 2024 1120 2066 ex
1152 2024 1251 2081 qua
1281 2024 1411 2079 pace
1448 2008 1726 2073 Salomon,
1757 2006 1807 2061 id

225 2113 312 2159 est
335 2146 351 2170 ,
396 2105 639 2175 paciﬁcus
659 2146 674 2169 ,
706 2105 757 2157 in
784 2119 846 2158 ea
878 2113 1033 2157 natus
1058 2112 1175 2167 est,
1205 2113 1251 2154 et
1293 2103 1456 2170 factus
1484 2111 1557 2154 est
1598 2102 1652 2153 in
1689 2115 1813 2170 pace

227 2197 368 2251 locus
394 2199 504 2269 ejus
533 2196 703 2269 (Psal.
733 2198 847 2267 75).
884 2196 953 2250 Et
998 2196 1051 2249 in
1090 2196 1253 2265 ﬁgura
1285 2194 1512 2257 Christi,
1558 2193 1656 2246 sub
1696 2204 1813 2263 ety-

225 2288 459 2357 mologia
487 2288 651 2350 urbis,
684 2287 941 2343 Dominus
964 2286 1370 2348 dominantium,
1396 2294 1449 2337 et
1478 2283 1591 2337 Rex
1622 2298 1808 2352 regum

225 2393 426 2433 nomen
473 2379 693 2448 accepit.
742 2379 881 2444 Quid
932 2377 1225 2432 referemus
1268 2376 1335 2430 de
1384 2374 1547 2428 David
1593 2383 1648 2428 et
1698 2382 1807 2428 tota

226 2471 480 2541 progenie
506 2472 641 2539 ejus,
674 2488 793 2540 qua:
836 2472 889 2525 in
918 2472 1015 2525 hac
1053 2470 1266 2525 civitate
1303 2468 1571 2536 regnavit?
1594 2468 1804 2534 Quanto

221 2561 404 2616 Judaaa
431 2563 646 2617 czcteris
677 2563 983 2632 provinciis,
1023 2571 1168 2615 tanto
1201 2560 1313 2615 base
1343 2560 1471 2614 urbs
1497 2568 1685 2614 cuncta
1713 2574 1804 2614 su-

224 2655 437 2709 blimior
461 2666 543 2710 est
564 2654 773 2709 Judaea.
801 2647 867 2709 E't
896 2657 978 2724 (ut
1005 2654 1241 2709 coactius
1266 2654 1615 2721 disseramus)
1645 2652 1806 2706 totius

220 2746 508 2815 provincia:
534 2747 700 2816 gloria
730 2745 1010 2815 metropoli
1033 2743 1367 2798 vindicatur:
1397 2753 1448 2797 et
1470 2741 1723 2812 quidquid
1750 2742 1803 2796 in

220 2837 477 2891 membris
509 2836 683 2891 laudis
710 2846 811 2901 est,
842 2852 1000 2891 onme
1025 2834 1255 2892 refertur
1282 2835 1345 2888 ad
1374 2843 1552 2906 caput.

288 2930 343 2983 4.
384 2928 708 2983 Jamdudum
741 2938 791 2983 te
813 2929 1115 3000 cupientem
1146 2928 1197 2981 in
1229 2927 1390 2981 verba
1422 2940 1798 2996 prorumpere,

220 3019 321 3089 ipsi
355 3021 660 3074 litterarum
691 3019 871 3088 apices
910 3020 1245 3084 scntiunt,et
1274 3018 1581 3072 venientem
1612 3028 1799 3072 contra

214 3110 403 3166 charta
427 3111 676 3180 intelligit
703 3110 1082 3181 qttzestionem.
1110 3109 1479 3177 Respondebis
1504 3109 1722 3178 quippe,
1746 3117 1801 3162 et

216 3202 389 3267 dices,
441 3201 544 3256 hoc
592 3202 722 3256 olim
774 3199 964 3267 fuisse,
996 3199 1212 3271 quando
1243 3216 1265 3250 ε
1304 3198 1494 3253 dilexit
1541 3199 1800 3252 Dominus

214 3304 401 3364 portas
428 3291 558 3348 Sion
585 3308 750 3364 super
778 3292 957 3346 omnia
988 3290 1333 3345 tabernacula
1364 3288 1530 3343 Jaeob
1560 3306 1579 3338 ι
1626 3287 1795 3358 (Paul.

215 3386 309 3455 86)
344 3403 357 3438 :
390 3393 446 3439 et
492 3385 708 3439 fuerunt
752 3383 1099 3440 fundamenta
1138 3382 1255 3452 ejus
1287 3381 1339 3435 in
1376 3380 1646 3435 montibus
1670 3395 1794 3434 san-

214 3479 318 3534 ctis
350 3495 364 3532 :
400 3479 525 3534 licet
569 3490 623 3534 et
653 3478 767 3533 hzcc
798 3478 1003 3547 possint
1032 3476 1193 3531 altius
1244 3474 1608 3545 interpretari.
1638 3473 1795 3530 Post-

215 3587 379 3642 quam
408 3587 541 3627 vero
569 3570 941 3640 consurgentis
970 3566 1178 3623 Domini
1207 3582 1311 3621 vox
1356 3565 1444 3621 illa
1486 3566 1793 3635 pertonuit:

221 3682 241 3714 ι
290 3664 642 3734 Relinquetur
668 3662 821 3717 vobis
838 3661 1031 3716 domus
1060 3670 1240 3716 vestra
1276 3658 1490 3714 deserta
1530 3675 1549 3709 ι
1578 3655 1793 3728 (Matth.

213 3756 303 3813 9.9.
321 3757 450 3826 59);
472 3768 524 3812 et
549 3754 797 3811 ﬂebiliter
821 3754 1029 3809 ruinam
1050 3753 1169 3821 ejus
1203 3750 1560 3821 prephetavit,
1638 3749 1797 3822 202

212 3847 441 3902 dicens:
476 3866 495 3896 ‹
532 3846 829 3901 Jerusalem
857 3885 872 3910 ,
901 3844 1224 3906 Jerusalem,
1255 3857 1375 3912 qua:
1418 3839 1619 3895 occidis
1665 3840 1797 3893 l’ro-

214 3940 429 4009 pltetas,
461 3946 515 3991 et
545 3935 749 4005 lapidas
777 3948 871 3989 eos
900 3935 989 4003 qui
1018 3932 1083 3988 ad
1114 3943 1166 3988 te
1209 3934 1358 3987 missi
1388 3940 1512 3985 sunt
1542 3948 1556 3984 :
1586 3932 1796 4001 quoties

214 4031 358 4083 volui
391 4040 720 4095 congregare
769 4024 905 4077 ﬁlios
936 4034 1076 4088 tuos,
1108 4024 1247 4077 sicut
1283 4024 1475 4092 gallina
1507 4030 1797 4091 congregat

212 4120 397 4191 pullos
429 4132 556 4171 suos
583 4115 684 4169 sub
708 4115 833 4180 alis,
868 4124 921 4169 et
950 4114 1188 4167 noluisti.
1219 4114 1355 4167 Ecce
1382 4112 1677 4166 dimittetur
1699 4128 1795 4166 vo-

213 4214 295 4268 bis
342 4211 539 4265 domus
582 4218 762 4263 vestra
811 4206 1028 4261 deserta
1059 4226 1078 4258 ι
1120 4204 1272 4275 (Luc.
1315 4207 1403 4259 l3.
1429 4206 1518 4259 54.
1556 4205 1649 4274 55)
1684 4223 1697 4258 :
1743 4213 1798 4259 et

213 4313 497 4374 postquam
546 4300 722 4354 velum
758 4296 941 4366 templi
988 4296 1215 4377 scissum
1265 4303 1366 4360 est,
1393 4304 1446 4350 et
1473 4294 1795 4350 circumdata

216 4396 282 4446 ab
311 4392 548 4448 exercitu
579 4389 905 4451 Jerusalem,
932 4396 987 4442 et
1034 4387 1310 4441 Dominieo
1339 4400 1532 4442 cruore
1578 4385 1793 4453 violata,

216 4494 342 4536 tunc
387 4483 454 4537 ab
496 4498 558 4536 ea
607 4482 771 4536 etiam
823 4478 1156 4549 Angelorum
1210 4477 1477 4546 praesidia,
1508 4485 1563 4531 et
1600 4476 1795 4531 Christi

214 4575 437 4646 gratiam
481 4574 797 4628 recessisse.
850 4570 1091 4641 Denique
1142 4571 1305 4624 etiam
1359 4568 1673 4638 Joseplntm,
1706 4570 1793 4638 qui

277 4709 349 4770 ((ι)
390 4708 545 4759 Antea
579 4716 684 4758 erat
707 4708 951 4759 contrario
971 4720 1123 4770 sensu
1145 4708 1297 4757 multo
1332 4707 1604 4757 ordinatius
1625 4744 1638 4767 ,
1680 4721 1790 4756 cum

213 4769 357 4818 aliter
381 4777 432 4819 et
454 4777 711 4820 contextus
734 4778 868 4829 petat
885 4805 899 4827 ,
927 4775 979 4818 et
1016 4769 1131 4818 Mss.
1160 4769 1263 4818 fere
1286 4782 1459 4818 omnes
1493 4776 1592 4818 tum
1619 4771 1788 4829 nostri,

213 4839 317 4881 tum
339 4844 460 4892 quos
480 4832 557 4880 alii
582 4829 946 4887 musuhterunt,
970 4829 1290 4880 inordinatim
1315 4831 1545 4892 habeant.
1582 4829 1659 4879 De
1687 4830 1792 4881 Cal-

213 4891 368 4953 variae
382 4900 541 4941 autem
573 4894 973 4953 interpretatione
994 4926 1008 4944 .
1031 4903 1176 4953 quam
1197 4893 1409 4941 subdunt
1432 4891 1581 4940 Paula
1606 4898 1656 4940 et
1690 4892 1789 4942 Eu-

216 4950 686 5013 stochium,_eonsule
702 4950 841 5003 Hier.
860 4954 908 5002 in
930 4950 1111 5013 Ephés.
1137 4966 1179 5002 c.
1195 4954 1241 5002 5.
1264 4967 1308 5000 v.
1334 4952 1412 5001 14.
1430 4954 1513 5001 ubi
1537 4961 1793 5013 postquam

216 5011 342 5060 hanc
360 5008 564 5082 fabulam
579 5024 606 5058 a
629 5014 833 5082 quodam
851 5014 901 5061 iu
922 5008 1141 5082 Ecclesia
1162 5013 1436 5075 disputante
1455 5026 1486 5082 ra
1501 5008 1557 5082 se
1578 5008 1789 5082 auditam

216 5076 482 5133 narrasset,
516 5079 638 5133 [nec
680 5079 842 5122 utrum
878 5087 992 5123 uera
1016 5074 1126 5133 sint,
1167 5074 1331 5133 necare,
1371 5074 1560 5123 tectoria
1590 5074 1791 5128 arbitrio

215 5132 470 5203 relinquit.
490 5131 737 5203 tia-terum
771 5136 915 5203 etiam
936 5150 962 5183 a
986 5134 1039 5185 S.
1063 5131 1389 5203 Ambrosiam
1421 5134 1544 5203 _Lue_.
1568 5134 1663 5203 25.-
1682 5150 1789 5196 pro-

215 5192 394 5257 batur;
411 5192 500 5241 sed
512 5193 713 5257 initum,
738 5194 865 5257 quod
888 5198 1173 5245 sententiam
1198 5197 1319 5246 hanc
1340 5196 1568 5247 Hebraris
1592 5192 1786 5257 tribuat,

214 5255 474 5326 εωθέειιξιθ
495 5253 784 5326 disputem
813 5254 959 5326 sistat.-

280 5314 369 5382 (b)_
390 5314 674 5382 Respiciuut
697 5315 1569 5382 nominis_Adatn_interpretationem,
1600 5331 1710 5382 qute
1736 5320 1785 5367 iu

216 5376 760 5440 GrieCingebraaorum
798 5378 1043 5440 nominum
1075 5376 1359 5440 fragmentis
1390 5376 1633 5440 invenitur
1677 5381 1787 5440 Ᾱδάμ

182 5444 185 5445 ⁷
213 5445 320 5499 αἷμα,
346 5438 498 5489 Adam
520 5435 768 5501 sanguinis
799 5436 1024 5499 (mallem
1050 5441 1096 5493 in
1120 5435 1255 5488 récto
1276 5475 1289 5493 .
1312 5438 1543 5501 Sanguis)
1584 5435 1786 5489 ext-lusa

214 5521 392 5572 nempe
416 5509 561 5571 priori
585 5508 769 5572 littera,
790 5521 838 5565 α,
866 5514 918 5557 ει
936 5507 1139 5572 reliquis
1160 5511 1274 5561 dam
1288 5515 1366 5563 ‘lD
1387 5521 1568 5565 tantum
1587 5512 1783 5572 exposi.

216 5571 294 5621 tis.
318 5569 443 5620 Hinc
468 5583 560 5636 non
583 5569 701 5617 satis
727 5576 864 5636 recte
885 5578 1030 5636 antea
1047 5569 1284 5636 ίὶηιιτρεδί
1301 5606 1314 5628 ,
1341 5586 1441 5623 tum
1463 5573 1545 5636 qui
1582 5569 1784 5622 secundi

213 5644 301 5696 pro
323 5631 579 5696 secundus,
604 5638 706 5682 tum
730 5632 877 5696 qu_i_et
903 5644 988 5692 pro
1010 5630 1062 5682 id
1085 5630 1153 5680 est
1187 5632 1376 5696 legunt.

276 5694 349 5755 (c)
374 5693 691 5742 Restituimns
716 5690 759 5739 ε’
794 5690 913 5739 Mss.
936 5698 989 5739 et
1013 5700 1202 5742 vetusta
1225 5690 1458 5757 editione,
1489 5708 1597 5745 cum
1634 5702 1777 5744 antea

498 5774 561 5834 S.
606 5775 978 5835 lltenosvut
1028 5776 1073 5835 Ι.

1600 255 1926 313 EPISTOLA
1970 255 2151 314 XLVI.

3412 262 3520 321 486

1938 372 2254 426 vernaculus
2282 370 2512 441 scriptor
2553 381 2633 427 est
2659 372 2988 441 Judaeorum,
3017 374 3100 447 (d)
3128 390 3392 443 asserere,
3420 378 3512 433 illo

1938 469 2179 527 tempore
2203 475 2309 531 quo
2334 462 2618 517 crucifixus
2646 473 2729 517 est
2758 462 3034 529 Dominus,
3063 480 3127 520 ex
3159 466 3334 538 adytis
3362 466 3515 522 'l'ent-

1936 551 2006 619 pli
2038 550 2303 604 Virtutum
2335 552 2633 607 caelestium
2679 554 2921 622 erupisse
2968 569 3149 621 voces,
3180 557 3511 613 dicentium:

1935 641 2397 712 Transmigremus
2444 659 2508 698 ex
2556 644 2640 698 ftis
2688 644 2905 699 sedibus
2945 642 3224 714 (Joseplms
3279 648 3343 701 de
3386 651 3514 704 bello

1931 730 2061 785 Jud.
2091 733 2178 785 lib.
2208 735 2261 788 6.
2294 750 2341 786 ε.
2370 733 2448 806 5).
2494 735 2571 789 Ex
2615 735 2810 804 quibus
2857 745 2911 789 et
2955 736 3075 789 aliis
3119 752 3398 806 apparere,
3426 741 3513 793 ubi

1931 825 2224 880 abundavit
2264 827 2455 897 gratia,
2487 828 2558 882 ibi
2603 827 3072 897 super-abundasse
3118 840 3413 896 peccatum.
3450 830 3516 883 Et

1932 925 2213 987 postquam
2244 920 2535 974 audierunt
2570 922 2846 990 Apostoli:
2882 938 2901 971 ι
2943 921 3146 975 Euntes
3177 920 3368 976 docete
3400 936 3514 975 om-

1930 1023 2026 1063 nes
2055 1021 2243 1079 gentes
2270 1030 2290 1063 ι
2322 1012 2539 1081 (Jfauli.
2572 1013 2663 1068 28.
2699 1011 2827 1084 19);
2865 1013 2930 1068 Ει
2953 1014 3052 1082 ipsi
3080 1014 3323 1082 Apostoli
3358 1014 3513 1069 dixe-

1931 1110 2074 1155 runt.
2111 1121 2130 1154 ‹
2166 1102 2459 1172 Oportebat
2486 1105 2700 1175 quidem
2735 1106 2884 1159 vobis
2923 1107 3151 1173 primum
3195 1107 3512 1162 annontiare

1931 1192 2150 1245 verbum
2173 1194 2295 1248 Dei:
2316 1196 2568 1265 quoniam
2591 1206 2767 1251 autem
2788 1196 3051 1261 noluistis,
3070 1212 3195 1251 ecce
3221 1198 3511 1252 transimus

1929 1281 1995 1335 ad
2026 1294 2213 1350 gentes
2251 1304 2269 1336 ι
2298 1286 2436 1353 (Act.
2467 1287 2553 1341 l5.
2585 1285 2714 1357 46);
2768 1299 2892 1341 tunc
2921 1303 3082 1341 omne
3108 1298 3509 1344 sacramentum

1926 1368 2146 1436 Judmrc.
2174 1382 2230 1428 et
2272 1377 2545 1445 antiquam
2601 1377 2692 1430 Dei
2742 1376 3179 1443 familiaritatem,
3216 1392 3311 1447 per
3358 1378 3509 1447 Apoc

1926 1463 2097 1515 stolos
2124 1462 2175 1517 in
2210 1467 2454 1521 nationes
2484 1466 2649 1521 fuisse
2679 1468 3015 1521 translatam.

1998 1554 2053 1609 5.
2079 1554 2264 1610 Valida
2287 1558 2501 1626 quidem
2526 1560 2772 1627 quaestio,
2794 1568 2847 1613 et
2867 1576 2986 1630 quae
3012 1560 3181 1630 possit
3201 1562 3360 1617 etiam
3389 1576 3505 1627 eos,

1924 1644 2015 1711 qui
2048 1644 2446 1713 Scripturarum
2478 1649 2678 1717 aliquid
2710 1651 3021 1719 attigerunt,
3051 1661 3376 1707 concutere:
3410 1652 3506 1711 sed

1922 1732 2174 1800 perfacile
2199 1737 2445 1789 solvitur.
2495 1736 2773 1808 Nunquam
2801 1741 2943 1794 enim
2973 1756 3090 1795 eam
3136 1740 3292 1797 ﬂeret
3326 1743 3506 1799 Domi-

1922 1836 2022 1876 nus
2047 1833 2413 1893 corruentem,
2448 1828 2547 1881 nisi
2575 1827 2843 1897 diligeret.
2891 1829 3064 1885 Flevit
3108 1841 3163 1887 et
3210 1832 3498 1899 Lazarum.

1919 1914 2042 1982 quia
2094 1914 2307 1970 amabat
2337 1931 2482 1971 eum.
2524 1918 2593 1971 Et
2642 1918 2745 1973 hoc
2776 1931 2951 1981 tamen
2984 1921 3154 1991 prima
3181 1923 3359 1980 fronte
3406 1940 3503 1979 eo-

1916 2005 2181 2072 gnoscito,
2211 2022 2317 2060 non
2350 2007 2473 2079 loci,
2518 2008 2612 2063 sed
2661 2008 2939 2065 hominum
2986 2012 3155 2068 fuisse
3199 2024 3498 2083 peccatum.

1921 2093 2116 2148 Verum
2161 2097 2284 2165 quia
2336 2098 2638 2155 interfectio
2688 2103 3214 2173 populi,eaptivitas
3263 2106 3500 2163 civitatis

1916 2195 2020 2249 est,
2053 2198 2337 2255 propterea
2364 2191 2547 2245 urbem
2566 2191 2819 2256 deletam,
2840 2203 2897 2247 ut
2924 2196 3151 2263 populus
3177 2198 3492 2264 puniretur:

1917 2275 2039 2331 ideo
2063 2276 2343 2347 Templum
2378 2281 2681 2346 subrutum,
2718 2292 2775 2337 ut
2801 2286 2993 2354 typicac
3022 2285 3211 2341 hostiae
3240 2288 3493 2342 tollerenc

1915 2376 2019 2422 tur.
2054 2369 2320 2425 Ctnterum
2351 2383 2604 2443 quantum
2635 2375 2702 2429 ad
2743 2376 2917 2430 locum
2961 2378 3211 2446 pertinet,
3242 2396 3339 2450 per
3367 2397 3495 2450 pro.

1915 2458 2081 2513 fectus
2124 2469 2426 2531 temporum
2485 2466 2653 2519 multo
2696 2481 2838 2520 nune
2883 2469 3158 2536 augustior
3188 2467 3295 2541 [ιιι.
3328 2487 3496 2542 angu-

1911 2547 2067 2620 stior]
2107 2562 2212 2616 est,
2243 2567 2401 2622 quam
2447 2564 2573 2609 ante
2618 2554 2740 2609 fuit.
2773 2555 3180 2611 Venerabantur
3222 2561 3490 2629 quondam

1911 2637 2081 2694 Judaai
2112 2640 2306 2696 Sancta
2354 2655 2685 2711 sanctorum,
2718 2647 2839 2715 quia
2874 2647 2943 2701 ibi
2992 2658 3147 2703 erant
3171 2648 3489 2717 Cberubim,

1910 2738 1965 2784 et
2010 2732 2463 2801 prepitiatorium,
2514 2745 2569 2791 et
2616 2738 2750 2792 Area
2798 2740 3124 2802 testamenti,
3170 2756 3385 2807 manna,
3435 2757 3493 2799 et

1908 2822 2055 2891 virga
2100 2825 2302 2891 Aaron,
2332 2837 2384 2881 et
2437 2828 2609 2883 altare
2657 2844 2900 2885 aureum.
2945 2831 3133 2886 Nonne
3178 2834 3271 2889 tibi
3321 2850 3487 2890 vene-

1908 2914 2134 2970 rabilius
2184 2918 2397 2971 videtur
2439 2920 2747 2989 sepulcrum
2779 2921 3033 2976 Domini?
3060 2924 3203 2991 quod
3248 2922 3487 2993 quoties-

1906 3019 2134 3075 cumque
2183 3008 2533 3077 ingredimur,
2564 3012 2723 3066 toties
2745 3012 2928 3079 jacere
2958 3014 3007 3067 in
3037 3014 3264 3073 sindone
3305 3019 3486 3073 cerni—

1906 3110 2028 3149 mus
2057 3095 2390 3152 Salvatorem
2415 3117 2428 3153 :
2458 3110 2511 3153 et
2542 3101 2814 3168 paululum
2840 3101 3037 3157 ibidem
3066 3118 3486 3170 Commorantes.

1905 3202 2117 3241 rursum
2150 3188 2393 3244 videmus
2464 3191 2623 3261 203
2697 3192 2961 3261 Angelum
2987 3193 3177 3250 sedere
3217 3196 3282 3250 ad
3319 3199 3483 3266 pedes

1905 3278 2041 3346 ejus,
2071 3288 2125 3333 et
2144 3279 2212 3333 ad
2240 3292 2399 3350 caput
2429 3284 2703 3337 sudarium
2730 3286 3277 3359 convolutum.Cujus
3301 3293 3484 3361 sepulo

1904 3370 1980 3423 eri
2025 3370 2273 3440 gloriam,
2321 3372 2489 3428 multo
2516 3384 2802 3446 antequam
2832 3378 3174 3434 excideretur
3200 3397 3228 3434 a
3255 3382 3478 3455 Joscpti,

1903 3460 2104 3517 scimus
2157 3462 2308 3518 Isaia:
2335 3465 2589 3521 vaticinio
2626 3467 3017 3537 prophetatum,
3046 3471 3273 3527 dicentis
3306 3492 3319 3527 :
3359 3494 3378 3527 ί
3418 3476 3484 3532 Et

1903 3552 2005 3607 erit
2032 3554 2245 3624 requies
2274 3554 2390 3625 ejus
2416 3555 2590 3612 honor
2613 3577 2637 3611 ι
2660 3556 2818 3628 (Isai.
2846 3560 2935 3615 11.
2966 3578 3068 3616 sec.
3100 3561 3271 3633 LXX)
3304 3570 3480 3637 :quod

1902 3645 2107 3701 scilicet
2155 3647 2446 3718 sepultura:
2474 3649 2686 3705 Domini
2733 3650 2885 3707 locus
2933 3663 3079 3710 esset
3134 3655 3203 3711 ab
3231 3660 3481 3718 omnibus

1902 3736 2269 3796 honorandus.

1973 3831 2024 3885 6.
2067 3830 2176 3887 Sed
2204 3831 2373 3895 dices,
2402 3834 2677 3903 quomodo
2705 3834 2756 3889 in
2801 3836 3121 3906 Apocalypsi
3158 3838 3378 3895 Joannis
3405 3842 3482 3897 le-

1900 3921 2076 3991 gimus
2105 3940 2119 3976 :
2156 3939 2176 3973 ι
2228 3921 2296 3975 Ει
2323 3924 2535 3978 occidet
2564 3924 2686 3977 illos
2731 3923 2910 3995 (haud
2936 3924 3144 3979 dubium
3190 3931 3312 3998 quin
3345 3930 3482 3985 Pro-

1903 4011 2115 4083 phetas)
2149 4013 2318 4068 bestia
2346 4030 2469 4085 qua:
2516 4015 2761 4071 ascendit
2789 4031 2856 4071 ex
2886 4017 3105 4088 abysso,
3151 4030 3208 4076 et
3250 4036 3479 4094 corpora

1903 4118 2090 4159 eorum
2115 4103 2372 4174 jacebunt
2402 4106 2452 4159 in
2485 4106 2679 4175 plateis
2702 4109 2937 4165 civitatis
2973 4126 3199 4181 magnae.
3229 4130 3349 4184 quae
3380 4134 3485 4172 VU"

1902 4202 2055 4249 catur
2100 4193 2449 4262 spiritualiter
2489 4197 2716 4252 Sodoma
2747 4210 2802 4254 et
2831 4199 3119 4271 Egyptus,
3149 4205 3237 4260 ubi
3269 4215 3325 4262 et
3376 4209 3481 4265 Do-

1904 4285 2079 4338 minus
2126 4298 2312 4340 eorum
2340 4287 2627 4341 crucifixus
2653 4299 2735 4344 est
2778 4309 2797 4342 ι
2825 4290 3011 4363 (Apoc.
3056 4295 3144 4350 ll.
3180 4297 3233 4351 7.
3281 4298 3336 4354 8.
3385 4302 3475 4358 15.

1901 4384 1950 4428 et
1976 4376 2160 4445 seqq).
2193 4376 2263 4445 (ε)
2294 4376 2349 4431 Si
2393 4380 2558 4444 enim,
2606 4380 2686 4434 ais
2726 4400 2740 4434 :
2789 4380 2990 4437 Civitas
3030 4400 3243 4455 magna,
3274 4389 3325 4443 in
3372 4408 3477 4461 qun

1901 4466 2189 4521 crucifixus
2214 4476 2299 4521 est
2322 4468 2577 4524 Dominus
2601 4471 2746 4525 nulla
2769 4484 2853 4527 est
2880 4474 2984 4527 alia
3011 4476 3111 4529 nisi
3139 4477 3477 4549 Jerusalem;

1902 4556 1989 4610 ubi
2005 4568 2180 4611 autem
2196 4558 2483 4614 crucifixus
2497 4570 2577 4615 est
2596 4562 2869 4630 Dominus,
2886 4566 3231 4635 spiritualiter
3246 4570 3479 4629 Sodoma

1898 4649 2197 4717 appellatur
2222 4659 2275 4705 et
2302 4650 2568 4722 )Egyptus
2593 4669 2608 4718 ;
2638 4670 2766 4725 ergo
2791 4655 3090 4714 Jerusalem
3119 4660 3349 4718 Sodoma
3389 4675 3477 4719 est

1902 4750 1957 4794 et
1983 4739 2271 4812 Egyptns,
2299 4744 2351 4797 in
2380 4760 2484 4811 qua
2509 4745 2794 4801 cruciﬁxus
2819 4761 2904 4802 est
2928 4749 3203 4808 Dominus.
3235 4752 3472 4809 Primum

1899 4834 1951 4886 te'
1992 4836 2131 4888 seire
2160 4834 2430 4902 volumus,
2463 4852 2680 4892 omnem
2723 4847 2964 4892 sanctam
2991 4839 3317 4908 Scripturam
3364 4859 3473 4901 non

1897 4942 2056 4996 posse
2084 4927 2186 4982 sibi
2218 4943 2342 4982 esse
2385 4929 2750 4992 contrariam;
2800 4938 2855 4983 et
2904 4932 3136 4985 maxime
3180 4946 3342 4988 unum
3373 4936 3469 4994 ad.

1901 5033 2112 5077 versum
2140 5034 2198 5074 se
2230 5034 2335 5077 non
2366 5018 2675 5093 discrepare
2726 5019 2925 5075 librum
2962 5033 2975 5072 :
3002 5027 3059 5074 et
3096 5030 3153 5076 ut
3179 5024 3298 5094 plus
3326 5026 3465 5097 adji-

1893 5268 2161 5331 Victorius,
2197 5278 2263 5315 ea:
2290 5277 2384 5328 quo
2405 5265 2663 5332 solamen,
2690 5273 2745 5319 et
2787 5270 2941 5328 magis
2970 5271 3143 5323 vitiose
3168 5274 3473 5332 Martianzeus

1892 5327 2030 5391 parte
2056 5340 2142 5391 pro
2181 5327 2317 5391 vase.
2358 5327 2609 5391 edidisset-

1955 5389 2035 5460 (ᾳ)
2057 5387 2357 5461 'Piget‘haac
2380 5390 2557 5461 iter'um
2582 5387 2966 5461 hallucinationis
2989 5406 3228 5461 arguere,
3254 5411 3365 5461 qum
3389 5415 3473 5453 ne.

1891 5446 2185 5525 ιεχὶιξιξξείιι
2203 5446 2726 5525 lejiistgadDamasum
2745 5450 2825 5523 de.
2838 5446 3121 5525 Seraphiin,
3142 5446 3472 5525 δίάυέεῆίῦἷ,

1891 5511 1977 5573 ubi
2005 5509 2315 5573 Allieronymo
2338 5509 2602 5573 Eusebium
2627 5513 2911 5573 imposuisse
2934 5509 3253 5573 ostendimus.

1927 5570 2038 5680 vel)!
2070 5569 2334 5631 Perperam
2361 5580 2466 5633 post
2488 5572 2671 5621 Erasm.
2694 5569 3005 5624 Benedictio.
3034 5569 3229 5639 Είιίιόνζ
3243 5569 3333 5635 sic
3346 5585 3473 5638 enim

1927 5644 1978 5680 ts.
2043 5644 2108 5679 ss.
2122 5644 2292 5680 omnes
2309 5640 2359 5680 et
2384 5631 2559 5680 vuleati
2580 5633 2802 5680 nlerioue
2822 5641 2875 5680 ut
2892 5636 3137 5680 edidimnc,
3156 5645 3356 5680 arma...
3374 5647 3473 5680 Iuni

1890 5631 1978 5710 eis.
1991 5631 2108 5710 hfss:
2122 5644 2298 5710 omnes
2309 5631 2372 5710 et
2384 5631 2567 5710 vulgati
2580 5633 2802 5710 plerique
2822 5641 2875 5684 ut
2892 5631 3141 5699 edidimus,
3156 5631 3364 5699 Gravius
3374 5631 3473 5710 ἰεέί

1886 5695 2045 5757 jubet.
2062 5695 2105 5745 si
2121 5695 2266 5756 enim,
2288 5703 2334 5744 nt
2359 5695 2444 5757 ait,
2458 5695 2639 5755 civim,
2668 5695 2769 5747 etc;

2822 5784 3067 5867 (ερίερ.)
