4078 6198
604 257 710 313 487

607 377 838 437 ciamus,
880 370 1125 428 eumdem
1174 362 1520 431 ejusdemque
1581 353 1702 407 libri
1743 351 1937 405 locum.
1994 347 2073 414 (ι)
2126 343 2180 396 ln

611 465 935 537 Apocalypsi
959 462 1178 530 quippe,
1208 453 1276 506 de
1302 465 1404 520 qua
1434 461 1575 502 nunc
1603 441 1966 537 testimonium
1996 445 2187 537 phrotu-

612 525 746 619 listi,
764 525 888 607 ante
908 525 1088 605 decem
1108 544 1326 596 circiter
1355 536 1649 592 versiculos
1667 531 1950 586 scribitur:
1971 547 1990 580 ι
2014 525 2184 594 Surge

615 659 670 703 et
695 618 884 701 metire
925 637 1198 704 Templum
1235 632 1349 694 Dei,
1378 639 1434 686 et
1476 629 1665 691 altare,
1693 632 1746 680 et
1793 623 2080 677 adorantes
2130 618 2182 671 in

612 754 697 791 eo.
730 733 937 788 Atrium
965 735 1140 781 autem
1167 722 1310 792 quod
1350 730 1434 775 est
1462 719 1592 774 foris
1628 716 1908 785 templum,
1935 712 2070 781 ejice
2100 710 2183 764 fo-

612 840 719 891 ras,
742 833 798 878 et
843 835 910 874 ne
957 817 1196 870 metiaris
1225 812 1376 877 illud,
1405 811 1659 881 quoniam
1689 807 1870 860 datum
1904 812 1988 859 est
2014 800 2186 872 genti-

609 921 731 982 bus,
761 925 810 971 et
842 912 1118 968 civitatem
1143 916 1385 963 sanctam
1425 903 1710 959 calcabunt
1750 897 2023 952 mensibus
2052 909 2186 963 qua-

611 1007 853 1078 draginta
883 1003 1094 1059 duobus
1132 1019 1151 1052 ι
1183 1001 1369 1070 (Apoc.
1401 998 1487 1052 ll.
1519 997 1574 1050 1.
1603 992 1682 1063 2).
1717 992 1772 1046 Si
1804 991 1948 1045 enim
1979 989 2183 1054 Apoca-

609 1100 777 1172 lypsis
807 1096 978 1151 multo
1028 1102 1146 1162 post
1194 1089 1504 1160 passionem
1535 1082 1746 1139 Domini
1799 1081 1998 1147 scripta
2029 1084 2112 1130 est
2157 1089 2186 1127 a

609 1166 840 1254 Joanne,
865 1198 917 1242 et
951 1187 1002 1239 in
1031 1199 1095 1239 ea
1143 1180 1443 1237 Jerusalem
1476 1185 1661 1231 saneta
1709 1172 1896 1227 civitas
1943 1166 2187 1236 appella-

615 1295 723 1348 tur,
755 1279 1024 1351 quomodo
1073 1288 1283 1331 rursum
1329 1268 1676 1340 spiritualiter
1703 1263 1938 1319 Sodoma
1969 1267 2189 1311 vocatur

609 1385 664 1429 et
704 1347 966 1445 Egyptus
989 1372 1014 1423 ?
1041 1369 1150 1424 Nec
1177 1366 1356 1421 statim
1385 1372 1536 1432 potes
1565 1359 1768 1420 dicere,
1797 1363 2036 1408 sanctam
2082 1347 2188 1402 diri

611 1442 907 1523 Jerusalem
954 1460 1254 1517 emlestem,
1293 1469 1412 1524 quae
1449 1451 1625 1506 futura
1671 1454 1776 1510 est,
1816 1453 1871 1499 et
1899 1442 2187 1499 Sodomam

611 1573 732 1625 qua:
759 1553 965 1609 corruit
996 1548 1279 1620 appellari,
1312 1545 1436 1614 quia
1480 1541 1548 1596 de
1578 1539 1752 1593 futura
1779 1535 1997 1595 dicitur,
2044 1529 2188 1599 quod

615 1647 787 1700 bestia
816 1659 935 1713 qua:
975 1648 1266 1695 ascensura
1295 1645 1377 1690 est
1406 1634 1475 1689 de
1500 1633 1714 1701 abysso,
1748 1627 1908 1681 faciet
1933 1625 2190 1678 adversus

615 1739 752 1792 duos
781 1735 1070 1805 prophetas
1114 1730 1334 1792 bellum,
1362 1736 1417 1780 et
1443 1724 1622 1778 vincet
1650 1721 1768 1774 illos
1797 1728 1851 1771 et
1884 1715 2113 1778 occidet,
2137 1721 2193 1767 et

617 1843 844 1900 corpora
870 1839 1058 1881 eorum
1097 1820 1353 1892 jaceliuut
1394 1818 1446 1871 iu
1473 1816 1645 1883 platea
1687 1809 1917 1864 civitatis
1963 1820 2189 1874 magnae.

620 1926 692 1976 De
718 1898 822 1990 qua
863 1919 1082 1972 civitate
1122 1922 1177 1968 et
1220 1912 1273 1966 in
1325 1909 1432 1963 fine
1467 1905 1703 1976 ejusdem
1753 1901 1872 1956 libri
1903 1898 2190 1953 scribitur:

623 2035 643 2066 ι
692 2015 754 2068 Ει
785 2011 974 2066 civitas
1001 2009 1054 2062 in
1085 2004 1292 2076 quadro
1321 2003 1492 2072 posita
1523 2009 1637 2062 est,
1671 2006 1724 2050 et
1775 1991 2051 2063 longitudo
2077 1990 2194 2059 ejus

614 2117 667 2160 et
697 2101 923 2158 latitudo
967 2108 1113 2153 tanta
1152 2105 1237 2150 est
1274 2102 1470 2162 quanta
1501 2100 1554 2145 et
1595 2085 1860 2141 altitudo:
1895 2093 1944 2138 et
1977 2094 2194 2135 mensus

615 2207 698 2252 est
728 2195 998 2250 civitatem
1023 2189 1092 2245 de
1119 2185 1381 2242 arundine
1415 2180 1491 2253 (α)
1522 2195 1705 2244 aurea,
1740 2194 1830 2247 per
1858 2174 2028 2230 stadia
2057 2173 2195 2227 duo-

614 2289 787 2344 decim
839 2282 1027 2340 millia.
1068 2276 1369 2349 Longitudo
1408 2285 1462 2328 et
1490 2270 1716 2326 latitudo
1744 2278 1796 2322 et
1823 2265 2049 2321 altitudo
2079 2264 2196 2332 ejus

615 2379 837 2450 :equalia
857 2385 1000 2432 sunt.
1019 2374 1087 2428 Et
1109 2384 1328 2426 mensus
1344 2377 1426 2420 est
1449 2378 1630 2418 muros
1704 2357 1864 2432 204
1935 2357 2050 2426 ejus
2072 2371 2197 2408 cen-

618 2445 728 2528 tum
745 2466 1092 2541 quadraginta
1109 2470 1339 2530 quatuor
1354 2456 1655 2511 cubitorum
1673 2465 1919 2505 mensura
1939 2445 2194 2506 hominis,

619 2578 737 2633 quae
764 2538 846 2615 est
876 2555 1090 2626 Angeli.
1141 2555 1206 2608 Et
1246 2560 1363 2606 erat
1392 2557 1660 2602 structura
1701 2543 1837 2597 muri
1865 2541 1981 2610 ejus
2005 2554 2071 2592 ex
2116 2538 2194 2590 la-

621 2629 743 2723 pide
779 2647 1010 2720 jaspide.
1045 2645 1161 2711 Ipsa
1189 2658 1318 2696 vero
1348 2639 1540 2695 civitas
1565 2652 1630 2690 ex
1660 2649 1790 2687 auro
1837 2629 2057 2693 mttudo,
2095 2647 2113 2679 ι
2145 2635 2200 2681 et

619 2717 837 2798 ezrtera.
872 2717 982 2796 Ubi
1008 2736 1270 2807 quadrum
1303 2743 1406 2796 est,
1439 2730 1511 2784 ibi
1539 2743 1636 2782 nec
1669 2721 1966 2793 longitudo,
1999 2733 2096 2772 nec
2126 2717 2202 2771 la-

623 2835 794 2889 titmlo
822 2828 1082 2902 appellari
1112 2834 1308 2896 potest.
1361 2824 1426 2877 Et
1453 2836 1572 2892 ane
1603 2827 1684 2874 est
1712 2817 1810 2871 ista
1845 2826 2114 2872 mensura,
2145 2817 2202 2862 ut

622 2936 765 2981 tanta
808 2924 879 2976 sit
907 2917 1185 2990 longitudo
1211 2926 1267 2971 et
1294 2914 1540 2974 latitudo,
1571 2919 1768 2980 quanta
1810 2902 2035 2958 altitudo
2061 2902 2199 2970 ejus,

621 3027 678 3072 et
740 3015 877 3070 muri
940 3012 1010 3067 de
1068 3008 1248 3078 lapide
1306 3006 1558 3076 jaspide,
1613 3009 1668 3056 et
1730 3008 1840 3053 tota
1893 2995 2081 3050 civitas
2134 2991 2203 3046 de

623 3123 754 3162 auro
785 3105 1006 3170 mundo,
1036 3113 1090 3157 et
1120 3099 1468 3154 fundamenta
1511 3105 1566 3150 ct
1609 3093 1801 3164 platea:
1831 3090 1948 3158 ejus
1974 3087 2039 3141 de
2067 3083 2202 3152 lapi-

623 3202 782 3254 dibus
803 3196 1078 3269 pretiosis,
1101 3201 1156 3248 et
1181 3190 1464 3246 duodecim
1497 3195 1660 3257 porta
1693 3184 1957 3253 fulgentes
1995 3194 2206 3247 marga-

625 3291 746 3346 ritis
764 3290 792 3342 ἲ

697 3383 752 3436 7.
794 3377 926 3433 Cum
967 3390 1096 3444 ergo
1145 3373 1262 3426 [nec
1305 3386 1410 3425 non
1451 3367 1656 3438 possint
1701 3365 1992 3420 carnaliter
2031 3363 2205 3432 accipi

630 3469 957 3541 (absurdum
985 3467 1182 3536 quippe
1211 3472 1312 3527 est,
1348 3477 1443 3531 per
1472 3459 1759 3514 duodecim
1803 3457 1966 3512 millia
2009 3455 2209 3510 stadio-

634 3577 752 3615 rum
794 3565 994 3612 tantam
1037 3555 1270 3608 civitatis
1315 3551 1701 3621 longitudinem
1747 3560 1801 3603 et
1851 3547 2206 3610 latitudinem,

632 3659 886 3720 quantam
906 3658 958 3704 et
979 3645 1314 3701 altitudinem
1340 3641 1655 3713 prazdicari)
1685 3641 2030 3708 spiritualiter
2057 3637 2212 3692 intel-

635 3741 847 3813 ligenda
901 3748 1027 3795 sunt
1069 3735 1322 3807 singula:
1353 3743 1408 3789 et
1455 3733 1645 3787 civitas
1689 3745 1903 3801 magna,
1935 3727 2009 3801 (ὁ)
2054 3743 2211 3797 quam

635 3834 888 3891 videlicet
918 3830 1066 3901 prius
1096 3826 1384 3884 mditicavit
1411 3825 1564 3888 Cain,
1595 3833 1650 3878 et
1676 3821 1972 3878 nominavit
2000 3835 2116 3875 eam
2147 3835 2214 3875 ex

638 3925 899 3980 vocabulo
917 3923 1008 3978 filii
1033 3922 1140 3985 sui,
1158 3919 1246 3976 hic
1268 3917 1499 3974 mundus
1525 3913 1905 3984 intelligendus
1933 3922 2036 3976 est,
2054 3927 2213 3983 quem

639 4024 924 4072 accusator
973 4013 1198 4067 fratrum
1246 4023 1465 4064 suorum
1511 4006 1794 4072 diabolus,
1842 4013 1895 4060 et
1943 4003 2217 4059 fratricida

639 4107 911 4179 periturus
953 4101 1223 4158 exstruxit
1270 4101 1450 4166 vitiis,
1482 4097 1779 4153 sceleribus
1807 4095 2086 4157 condidit,
2114 4095 2218 4149 ini-

639 4196 849 4266 quitate
889 4191 1177 4261 complevit
1205 4209 1220 4246 :
1251 4206 1370 4261 qua:
1413 4189 1764 4259 spiritualiter
1790 4187 2090 4258 appellatur
2117 4185 2217 4240 So-

644 4289 803 4342 doma
833 4295 891 4341 et
933 4284 1218 4356 Egyptus.
1249 4283 1325 4338 De
1352 4297 1455 4354 qua
1493 4281 1726 4339 Sodoma
1757 4281 2014 4336 scribitur
2049 4297 2063 4333 :
2114 4278 2222 4334 Re—

648 4378 881 4432 uituetur
905 4374 1136 4431 Sodoma
1164 4375 1217 4428 in
1237 4377 1540 4440 antiquum;
1569 4372 1710 4442 quod
1732 4371 1938 4427 scilicet
1964 4372 2034 4424 ita
2062 4369 2224 4425 resti-
2268 4390 2276 4397 -

651 4468 882 4525 tuendus
908 4469 979 4523 sit
1004 4465 1255 4528 mundus,
1288 4473 1348 4518 ut
1388 4473 1514 4518 ante
1544 4464 1661 4518 fuit.
1694 4462 1878 4533 Neque
1907 4462 2051 4517 enim
2096 4477 2224 4530 pos-

651 4573 839 4616 sumus
885 4557 1108 4614 credere
1156 4570 1370 4611 rursum
1421 4553 1792 4608 mdificandam
1837 4552 2128 4608 Sodomam
2174 4562 2230 4608 et

649 4661 900 4720 caeteras,
931 4649 1249 4706 Gomorram
1293 4647 1498 4702 scilicet
1527 4655 1582 4701 et
1616 4645 1872 4700 Adam-am
1902 4654 1959 4700 et
1985 4644 2227 4711 Seboim,

654 4746 753 4803 sed
801 4745 858 4801 iu
903 4751 1193 4814 perpetuos
1235 4739 1446 4794 cineres
1493 4735 1893 4804 relinquendas.
1936 4735 2227 4806 Egyptum

651 4849 834 4894 autem
881 4848 1151 4903 nunquam
1186 4846 1282 4901 pro
1305 4829 1603 4886 Jerusalem
1632 4828 1872 4897 legimus,
1898 4826 1998 4882 sed
2022 4839 2234 4897 semper

663 4943 766 4998 pro
803 4926 908 4982 hoc
952 4922 1174 4980 mundo.
1205 4923 1272 4977 Et
1312 4919 1434 4991 quia
1481 4921 1696 4990 longum
1725 4927 1810 4975 est
1836 4918 1903 4975 tle
1945 4917 2234 4990 Scripturis

659 5119 796 5231 .esu)
831 5117 1015 5170 Vocem
1035 5132 1188 5170 aurea
1220 5117 1562 5190 Cistqciensls
1579 5117 1688 5169 eod.
1714 5117 1896 5182 aliique
1919 5131 2015 5170 non
2038 5119 2240 5180 habent,

785 5193 878 5230 uec
899 5180 1066 5231 Graeca
1089 5179 1408 5231 exemplaria.

785 5193 878 5230 uec
899 5180 1066 5231 Graeca
1089 5179 1408 5242 exemplaria.

747 5240 797 5296 bl
835 5242 1159 5305 Scripseram,
1183 5239 1351 5305 credo,
1375 5239 1527 5305 Paula
1550 5246 1603 5305 et
1624 5239 1942 5291 Eustochium
1965 5279 1979 5301 ,
2005 5255 2149 5300 quam
2172 5241 2242 5305 ri-

663 5301 805 5382 debat
841 5301 1057 5376 (nempe
1088 5301 1142 5352 S.
1178 5302 1417 5413 Joannis).
1445 5308 1492 5354 et
1515 5301 1684 5376 prius,
1713 5309 1810 5352 etc.
1834 5317 1944 5365 quze
1973 5305 2069 5351 duo
2093 5304 2243 5352 verba

664 5362 850 5413 σιάιὺαι
886 5371 966 5413 et.
1005 5377 1057 5413 in
1091 5377 1242 5413 unum
1271 5363 1381 5413 unde
1399 5369 1494 5413 teet
1533 5364 1677 5413 faetle
1716 5371 1896 5412 umtata
1937 5371 2066 5412 sunt.
2095 5364 2243 5413 Certe

629 5425 632 5428 ἢ
664 5362 861 5428 videbat
883 5371 966 5428 et,
996 5362 1057 5428 in
1091 5377 1242 5414 unum
1271 5362 1494 5428 pidelt'cet
1516 5362 1677 5413 facile
1716 5362 1896 5428 nauata
1937 5371 2066 5412 sunt.
2095 5364 2244 5414 Certe

665 5423 858 5487 codices
883 5423 1001 5487 Ms.
1029 5423 1204 5487 legunt
1236 5424 1424 5475 videbat
1443 5460 1458 5484 ,
1483 5438 1689 5487 quorum
1713 5437 1812 5487 ego
1836 5424 2099 5487 lectionem
2125 5439 2246 5486 prae-

670 5480 878 5556 !crrem,
915 5486 958 5556 si
991 5480 1141 5556 etiam
1175 5493 1222 5536 et
1264 5480 1656 5556 coniunctionem
1700 5480 1956 5536 adderent.
2003 5480 2248 5536 Victorius

672 5541 842 5604 m‘lult
862 5541 1083 5604 primum
1121 5545 1228 5595 loco
1264 5541 1420 5603 prius.

737 5599 811 5671 (ι)
825 5599 1006 5671 ,Ᾱιιιοι-
1027 5605 1232 5654 Gravius
1249 5599 1373 5666 legit
1395 5619 1451 5657 ac
1470 5607 1742 5671 distinguit,
1771 5625 1792 5655 ι
1810 5607 1967 5658 locum
1993 5611 2040 5658 iu
2061 5608 2248 5671 Apoca-

681 5663 788 5718 Jt-si
808 5662 872 5712 de
893 5676 992 5726 qua
1017 5677 1170 5724 nunc,
1187 5680 1208 5707 ι
1241 5662 1336 5713 ριιῖ.

1895 231 2137 289 ΒΛΝΟΤΙ
2177 227 2545 284 ΙΙΙΕΒΟΝΥΜΙ

2296 340 2700 395 ἰιιιιιιιιιρι·;ιιιὶ1ῖ;ι
2751 340 2995 407 exempla
3048 353 3358 407 congerere,
3410 353 3571 390 unum
3622 338 3873 392 testimo-

2298 434 2442 484 nium
2490 430 2844 500 proferamus,
2884 431 2970 482 ulii
3020 427 3457 481 manifestissime
3507 427 3739 480 mundus
3769 426 3878 483 'hic

2302 521 2562 592 [Egyptus
2588 521 2908 590 appellatur.
2943 519 2997 572 In
3028 519 3267 588 Epistula
3293 518 3366 587 (ε)
3394 517 3675 572 Catholica
3713 517 3881 572 Judas

2298 613 2607 682 Apostolus,
2638 614 2802 665 lrater
2825 610 3035 675 Jacobi,
3065 611 3271 670 scribit,
3305 609 3488 662 dicens
3514 627 3527 660 :
3559 627 3578 660 ι
3615 607 3878 662 Comum-

2296 720 2426 758 nere
2451 712 2628 758 autem
2658 718 2752 755 vos
2783 703 2928 766 volo,
2949 702 3182 755 scientes
3209 699 3378 753 semel
3405 699 3880 767 omnia,quoniam

2296 795 2452 849 Jesus
2494 792 2747 862 populum
2791 792 2856 845 de
2906 801 3046 846 terra
3095 789 3312 860 ὥρῃ)ιί
3361 790 3594 853 salvans,
3641 790 3882 843 secundo

2295 903 2387 941 eos
2413 887 2504 956 qui
2547 902 2651 939 non
2691 883 3058 946 crediderunt,
3095 881 3325 950 perdidit
3361 899 3382 932 ι
3424 878 3573 951 (Jud.
3612 881 3660 934 i.
3697 881 3777 948 5).
3809 880 3874 934 Et

2297 994 2362 1030 ne
2411 986 2628 1044 putares
2657 974 2722 1028 de
2753 974 2881 1028 Jcsu
2911 973 3019 1026 diei
3052 973 3159 1025 filio
3187 971 3353 1035 Nave,
3386 971 3565 1024 statim
3598 971 3874 1040 sequitur:

2302 1087 2321 1120 ι
2369 1069 2602 1138 Angelos
2642 1083 2775 1122 vero
2798 1067 2886 1136 qui
2917 1081 3021 1120 non
3052 1073 3402 1120 servaverunt
3427 1080 3579 1118 suum
3610 1066 3884 1135 principa-

2297 1170 2429 1225 tum,
2448 1160 2541 1214 sed
2571 1160 2973 1226 dereliqucrunt
2997 1173 3150 1211 suum
3175 1156 3524 1218 domicilium,
3547 1157 3599 1209 in
3619 1157 3880 1224 judicium

2298 1252 2472 1320 magni
2497 1250 2601 1304 dici
2629 1250 2854 1305 vinculis
2885 1249 3102 1302 :ctcruis
3131 1247 3230 1301 sul)
3251 1247 3480 1316 ealiginc
3510 1247 3824 1300 reservavit.
3857 1265 3876 1298 ι

2301 1342 2364 1395 Ει
2398 1351 2455 1394 ιιι
2484 1341 2674 1394 eredas
2701 1340 3028 1407 ubicumque
3063 1337 3224 1391 simul
3258 1335 3525 1408 Egyptus
3562 1349 3613 1391 et
3645 1335 3880 1390 Sodoma

2298 1443 2351 1487 et
2371 1431 2632 1486 Gomorra
2651 1430 3018 1492 nominantur,
3041 1444 3149 1483 non
3174 1429 3314 1495 loca,
3339 1428 3432 1482 sed
3463 1428 3721 1482 mundum
3745 1430 3883 1482 hunc

2299 1521 2662 1589 interpretari,
2685 1520 2864 1574 statim
2925 1518 3084 1590 205
3132 1518 3306 1588 jungit
3324 1519 3627 1587 exemplum
3650 1536 3664 1571 :
3691 1539 3708 1568 ι
3735 1519 3882 1572 Sicut

2297 1613 2527 1667 Sodoma
2552 1621 2606 1665 et
2626 1611 2886 1667 Gomorra
2912 1621 2965 1666 ct
2995 1611 3277 1664 tiuititima:
3294 1611 3560 1672 civitates,
3589 1611 3749 1665 simili
3771 1627 3884 1664 mo-

2299 1702 2366 1754 do
2388 1702 2679 1765 fornicatzr,
2703 1711 2757 1754 et
2780 1702 3041 1756 abeuntes
3058 1710 3181 1772 post
3209 1715 3425 1755 carnem
3452 1701 3698 1765 alteram,
3730 1701 3883 1756 facta:

2299 1806 2423 1849 sunt
2448 1798 2780 1865 exemplum,
2826 1796 2963 1865 ignis
2991 1795 3178 1849 :elerni
3220 1810 3431 1864 pmnam
3460 1795 3814 1849 sustinentes.
3857 1813 3878 1846 ι

2302 1887 2367 1939 Ει
2413 1885 2539 1955 quid
2588 1901 2811 1940 necesse
2853 1895 2939 1940 est
2989 1885 3141 1954 plura
3186 1885 3539 1954 conquirere,
3590 1901 3710 1939 cum
3763 1894 3882 1956 post

2303 1977 2602 2044 passionem
2624 1986 2673 2029 et
2706 1975 3159 2029 resurrectionem
3181 1975 3388 2029 Domini
3412 1974 3690 2029 Mattlimus
3711 1975 3882 2030 Evan-

2301 2049 2487 2135 gelista
2516 2074 2904 2120 commemoret
2934 2083 2946 2118 :
2988 2083 3006 2116 ι
3048 2065 3115 2119 Ει
3143 2074 3310 2136 petra:
3337 2065 3518 2119 scissa:
3548 2074 3692 2129 sunt,
3716 2074 3771 2118 et
3798 2080 3882 2120 se-

2303 2161 2482 2227 pulcra
2513 2168 2790 2228 aperta,et
2822 2157 3052 2226 plurima
3086 2173 3311 2227 corpora
3345 2157 3731 2212 dormientium
3762 2173 3882 2212 san-

2302 2260 2510 2303 ctorum
2561 2259 2959 2304 surrexerunt:
3005 2257 3061 2303 et
3105 2248 3448 2318 egredientes
3502 2248 3570 2302 de
3618 2247 3882 2317 sepulcris

2308 2351 2425 2410 post
2452 2342 2902 2396 resurrectionem
2930 2355 3080 2394 suam
3123 2339 3349 2410 ingressi
3392 2348 3515 2394 sunt
3543 2347 3782 2394 sanetam
3809 2341 3883 2393 ci-

2304 2433 2550 2498 vitalem,
2580 2441 2631 2487 et
2661 2442 3020 2502 apparuerunt
3056 2433 3237 2486 multis
3267 2452 3285 2483 ›
3319 2432 3534 2501 (Manli.
3579 2431 3670 2486 ΞἹ.
3721 2433 3808 2487 51.
3837 2443 3881 2485 et

2303 2525 2486 2597 scqq.).
2506 2526 2613 2581 Nec
2640 2526 2817 2580 statim
2835 2525 3172 2596 Jerosolyma
3192 2525 3448 2590 eazlestis,
3473 2524 3550 2595 (d)
3571 2525 3707 2580 sicot
3730 2525 3884 2594 pleri-

2305 2633 2410 2687 que
2463 2617 2683 2671 ridicule
2732 2618 3082 2682 arbitrantur,
3115 2616 3166 2668 in
3227 2615 3332 2668 hoc
3376 2616 3495 2668 loco
3549 2616 3882 2685 intelligitur,

2305 2722 2423 2764 eum
2492 2711 2699 2777 signum
2747 2710 2953 2762 nullum
3007 2724 3128 2763 esse
3186 2709 3415 2777 potuerit
3455 2707 3593 2776 apud
3643 2707 3886 2761 homines

2310 2801 2517 2854 Domini
2551 2799 2896 2870 resurgentis,
2922 2799 2965 2853 si
2997 2814 3221 2867 corpora
3250 2798 3568 2852 Sanctorum
3597 2801 3648 2851 in
3680 2799 3884 2851 cmlesti

2305 2892 2604 2946 Jerusalem
2637 2892 2750 2943 visa
2802 2897 2949 2944 sunt.
2983 2887 3116 2944 Cum
3168 2905 3298 2960 ergo
3327 2899 3380 2944 et
3410 2889 3785 2959 Evangelistze,
3835 2900 3888 2942 et

2307 2999 2496 3040 omnes
2537 2984 2834 3052 Seriptttrtc
2884 2983 3278 3053 Jerosolymam
3327 2992 3563 3037 sanctam
3615 2982 3887 3034 nominent

2310 3078 2622 3140 civititem;
2664 3088 2718 3130 et
2746 3075 3028 3129 Psalmista
3072 3075 3370 3144 prmcipiat,
3405 3085 3460 3127 ut
3503 3073 3789 3129 adoremus
3837 3074 3886 3126 iu

2312 3171 2429 3222 loco
2459 3168 2540 3221 tibi
2563 3176 2802 3220 steterunt
2826 3167 2976 3236 pedes
3003 3167 3113 3236 ejus
3147 3165 3264 3236 (Ps.
3296 3167 3447 3228 151),
3474 3181 3538 3220 nc
3572 3165 3643 3236 (e)
3675 3165 3889 3234 patiaris

2311 3276 2429 3314 eam
2481 3258 2740 3328 appellari
2783 3258 3070 3312 Sodomam
3120 3267 3174 3311 et
3225 3257 3538 3329 Egyptum,
3591 3273 3689 3327 per
3735 3273 3888 3328 quam

2317 3353 2571 3404 Dominus
2607 3351 2792 3420 jurare
2832 3360 2996 3414 vetat,
3023 3351 3143 3418 quia
3175 3351 3243 3404 sit
3286 3351 3474 3404 civitas
3503 3350 3679 3419 magni
3731 3352 3888 3418 regis.

2383 3442 2436 3495 8.
2481 3441 2808 3494 Maledictum
2856 3449 3050 3494 terram
3098 3443 3411 3505 nominant,
3455 3441 3595 3510 quod
3647 3456 3888 3495 cruorem

2317 3532 2521 3584 Domini
2555 3531 2810 3586 Itauscril.
2845 3533 2907 3585 Et
2934 3530 3199 3600 quomodo
3227 3532 3499 3586 benedicta
3532 3533 3643 3585 loca
3673 3541 3892 3602 putant,

2318 3623 2368 3676 in
2391 3623 2579 3692 quibus
2602 3622 2790 3678 Petrus
2809 3633 2862 3677 ot
2884 3621 3098 3689 Paulus,
3120 3624 3405 3677 Christiani
3428 3625 3692 3677 exercitus
3712 3623 3891 3687 duces,

2317 3714 2624 3782 sanguinem
2658 3713 2838 3768 fudere
2864 3729 2959 3782 pro
2983 3711 3232 3768 Christo?
3261 3714 3314 3769 Si
3346 3729 3620 3769 servorum
3645 3725 3698 3769 et
3725 3714 3892 3767 homi-

2321 3821 2444 3858 num
2483 3803 2748 3858 confe~sio
2789 3805 3017 3875 gloriosa
3055 3815 3171 3869 est,
3203 3821 3298 3860 cur
3340 3807 3542 3859 Domini
3573 3815 3630 3859 et
3665 3807 3759 3860 Dei
3795 3821 3896 3860 non

2321 3900 2385 3952 sit
2416 3899 2644 3969 gloriosa
2671 3898 2978 3952 confessio?
3023 3899 3086 3951 Et
3120 3898 3408 3968 Martyrum
3441 3899 3632 3966 ubique
3658 3897 3896 3967 sepulcra

2322 4004 2659 4056 veneramur,
2683 3998 2735 4042 et
2755 3988 2830 4059 (l)
2848 3996 3082 4042 sanctam
3112 3987 3339 4041 favillam
3363 3987 3531 4041 oculis
3553 3995 3894 4056 opponentes,

2325 4081 2368 4135 si
2411 4081 2567 4135 liceat
2601 4080 2759 4134 etiam
2790 4094 2883 4133 ore
2914 4077 3269 4148 contingimus
3301 4096 3314 4132 :
3341 4086 3395 4133 et
3424 4087 3819 4132 monumentum
3849 4075 3898 4129 in

2327 4189 2432 4242 quo
2473 4172 2729 4226 Dominus
2764 4169 3009 4224 conditus
3053 4177 3133 4222 est
3157 4210 3171 4233 ,
3202 4167 3414 4237 quidam
3447 4169 3711 4222 :estitnant
3738 4165 3899 4235 negli-

2328 4264 2594 4334 gendum?
2630 4264 2685 4318 Si
2726 4263 2878 4317 nobis
2915 4277 3018 4314 non
3058 4261 3359 4324 credimus,
3403 4261 3683 4315 credamus
3717 4259 3902 4312 saltem

2331 4353 2540 4407 diabolo
2565 4361 2617 4408 et
2643 4353 2840 4423 angelis
2865 4351 3003 4421 ejus,
3047 4353 3136 4422 qui
3179 4352 3613 4421 quotiescmnque
3637 4359 3760 4404 ante
3782 4347 3903 4402 illud

2395 4508 2466 4569 (e)
2504 4507 2743 4568 Legimus
2761 4517 2828 4569 ex
2855 4504 3505 4569 Cistercieusi,_antea_eatm
3531 4508 3638 4553 erat
3654 4499 3904 4569 (nautica,

2333 4562 2431 4632 quo
2451 4562 2650 4632 nomine
2672 4567 2829 4632 multo
2847 4574 2975 4629 post,
3000 4573 3055 4632 et
3074 4566 3365 4618 Cassiodorii
3391 4573 3542 4632 aetate
3579 4569 3773 4624 septem
3814 4562 3908 4611 illa:

2338 4625 2557 4693 epistola
2581 4625 2988 4693 appellatm‘suut.
3021 4626 3170 4693 Certe
3194 4640 3437 4693 nunquam
3459 4625 3790 4693 Hieronymus
3825 4633 3911 4672 Ct.-

2336 4685 2562 4746 nimicas,
2585 4685 2896 4751 semper
2931 4687 3204 4738 Catholica:
3244 4685 3392 4748 diiit,
3433 4687 3564 4751 quod
3600 4685 3724 4735 item
3764 4685 3909 4733 hasce

2339 4754 2457 4815 ejus,
2479 4749 2743 4815 discipulas
2765 4749 2944 4815 fecisse
2965 4763 3063 4798 non
3091 4751 3387 4815 dubitamus.

2403 4813 2481 4875 (ά)
2518 4807 2789 4875 Sic'tamen
2813 4813 2922 4875 ipse
2944 4824 3116 4875 eorum
3133 4813 3366 4875 magister
3388 4809 3588 4875 Hieron.
3609 4807 3912 4875 seutit,_tu_m

2340 4868 2581 4946 alibi'tvm
2605 4868 2852 4946 ρτωεὲιιυά
2886 4871 3041 4946 Epist:
3058 4871 3143 4946 ξος
3169 4868 3237 4946 οδ
3250 4871 3562 4946 necesse
3601 4868 3911 4946 R‘fﬂ‘:j";_i“

2341 4949 2491 5046 (piem
2514 4927 2673 4984 locum
2700 4927 2824 5007 alios
2842 4927 3038 4996 quoque
3058 4932 3237 5004 Patres
3257 4932 3547 5004 adducemus
3562 4964 3575 4986 ,
3600 4927 3872 5000 Origene!)
3898 4961 3912 4984 ,

2343 4999 2368 5048 ιη
2393 4998 2597 5054 ilartum,
2620 4994 2891 5053 Bullinum,
2919 5003 3016 5044 etc.
3031 5028 3049 5052 ,
3070 5008 3152 5056 qui
3176 5007 3272 5042 non
3291 5005 3341 5042 tu
3362 4999 3558 5056 terrena
3580 4988 3669 5056 sed
3703 5006 3727 5035 ι
3751 5003 3798 5038 tu
3816 5003 3911 5038 cm-

2346 5059 2458 5108 lesti
2493 5051 2800 5116 Jerusalem,
2840 5051 2952 5118 qua:
2985 5051 3306 5105 surr'exeraut
3347 5051 3695 5103 dormientium
3716 5062 3913 5112 corpora

2346 5125 2446 5169 visa
2471 5132 2600 5176 esse,
2620 5133 2644 5162 ι
2672 5119 2962 5167 docuerunt.

2409 5179 2479 5242 (e)
2521 5170 2656 5242 Idem
2696 5178 2785 5242 Ms.
2835 5191 2896 5227 ex
2939 5189 3035 5242 quo
3071 5176 3217 5242 modo
3258 5173 3596 5238 supplevtmus
3631 5173 3826 5226 voculas
3867 5170 3916 5223 in

2348 5237 2486 5294 loco".
2504 5247 2606 5289 tum
2631 5240 2754 5300 legit
2774 5251 2833 5288 ne
2859 5237 3058 5300 patiaris
3080 5237 3260 5300 audire
3273 5237 3398 5300 eam.
3426 5245 3527 5300 etc.

2411 5302 2484 5362 (l)
2518 5301 2571 5350 S.
2599 5294 2901 5350 Gaudentius
2933 5301 3094 5350 Serm.
3131 5301 3197 5362 in;
3215 5299 3299 5348 die
3334 5297 3666 5362 Dedicationis
3697 5294 3914 5362 Basilica:

2348 5357 2748 5426 de'q'uadraginta
2770 5363 3090 5426 martyribus:
3122 5378 3145 5406 ι
3167 5360 3466 5426 Portionem,
3480 5359 3672 5426 inquit,
3691 5357 3915 5426 reliquia-

2350 5419 2798 5484 rutn'sumjéimus;
2823 5430 2874 5473 et
2892 5419 3008 5472 nihil
3033 5434 3129 5471 non
3152 5419 3586 5484 minuspossidere
3611 5419 3914 5484 confidimus,

2350 5488 2465 5535 dum
2489 5479 2967 5548 totosquadraginta
2996 5485 3046 5533 in
3076 5485 3197 5548 suis
3220 5479 3719 5548 favillislionorantes
3734 5479 3917 5548 ample.

2353 5553 2546 5598 ctimur.
2567 5563 2591 5591 ι
2621 5540 3053 5609 Modumjaxplicat
3075 5543 3260 5609 Plinius
3283 5542 3542 5609 lit)._l9._c.
3567 5544 3612 5609 1.
3644 5543 3710 5592 de
3734 5540 3918 5609 tamn.

2358 5625 2416 5659 vo
2452 5617 2507 5658 ut
2538 5617 2714 5658 vorat:
2748 5627 2770 5654 ι
2806 5603 3032 5669 Regum,
3080 5606 3264 5667 inquit,
3310 5604 3427 5669 inde
3471 5603 3710 5654 funebres
3749 5603 3918 5653 tunica

2356 5671 2569 5732 corj'oris
2591 5669 2798 5720 favillam
2821 5666 3093 5730 ali'reliquo
3115 5666 3342 5728 separant
3373 5666 3558 5714 cinere.
3586 5683 3612 5710 ι
