4078 6198
254 291 350 360 ιὸο

240 416 310 470 de
338 415 573 471 obsessis
601 413 909 484 corporibus
937 407 1272 483 expelluntur
1293 456 1307 478 ,
1335 415 1482 484 quasi
1514 414 1564 467 in
1592 429 1820 484 conspe-

240 518 331 561 ctu
363 506 640 562 tribunalis
663 506 858 560 Christi
886 514 1084 559 stantes
1105 508 1539 571 contremiscunt,
1568 508 1783 577 rugiunt
1803 549 1818 573 ,

249 607 298 656 et
333 611 456 655 sero
497 599 679 654 dolent
721 598 1082 662 crucifixisse,
1120 613 1275 668 quem
1317 601 1556 654 timeant.
1602 599 1656 655 Si
1701 608 1822 670 post

247 693 545 761 passionem
588 691 796 745 Domini
827 691 845 760 (
874 701 927 744 tit
957 691 1209 745 scelerata
1240 705 1341 744 vox
1373 689 1702 761 concrepat)
1734 690 1820 744 hic

243 783 570 838 detestabilis
599 783 746 836 locus
769 795 882 845 est,
911 783 1034 850 quid
1065 782 1162 836 sibi
1191 782 1356 836 voluit
1383 782 1576 836 Paulus
1598 781 1816 836 Jeroso-

244 873 435 942 lymam
465 871 714 926 festinare
738 912 753 935 ,
784 882 840 924 ut
869 871 939 924 ibi
974 869 1170 926 faceret
1200 871 1584 926 Pentecosten?
1608 871 1695 940 qui
1729 886 1814 925 re-

242 963 527 1016 nitentibus
553 977 610 1016 se
635 962 887 1031 loquutus
908 971 1010 1027 est,
1039 961 1241 1015 dicetis.
1279 980 1296 1012 ι
1326 961 1458 1028 Quid
1493 961 1660 1015 f:u-i:is
1686 960 1817 1015 lien-

241 1061 321 1106 tes
361 1062 415 1106 et
460 1052 840 1106 conturbantes
866 1065 959 1106 cor
1013 1053 1227 1105 meum?
1302 1051 1461 1123 206
1534 1053 1644 1122 Ego
1673 1053 1813 1106 enim

237 1161 341 1199 non
383 1145 557 1199 solum
589 1142 762 1213 ligari,
791 1142 883 1197 sed
928 1151 984 1198 ει
1029 1145 1164 1198 mori
1195 1145 1245 1197 in
1272 1144 1566 1198 Jerusalem
1599 1155 1816 1212 paratus

235 1251 352 1291 sum
371 1252 468 1306 pro
485 1237 700 1290 nomine
720 1236 922 1290 Domini
940 1236 1064 1290 Jesu
1095 1256 1112 1288 ι
1144 1237 1279 1305 (Act.
1305 1237 1394 1290 2t.
1424 1239 1534 1306 15).
1557 1237 1692 1303 Quid
1709 1253 1814 1291 cm-

235 1326 333 1378 teri
363 1325 542 1380 Sancti
561 1333 613 1379 et
637 1325 868 1378 illustres
892 1325 1011 1386 viri.
1040 1340 1262 1393 quorum
1289 1335 1406 1380 vota
1434 1337 1487 1380 et
1514 1327 1812 1382 oblationes

229 1424 354 1484 post
386 1415 813 1484 prmdicationem
833 1415 1104 1471 Christiad
1135 1417 1340 1482 fratres,
1371 1418 1458 1488 qui
1485 1430 1637 1474 erant
1657 1419 1812 1474 Jero-

228 1506 491 1576 solymis,
523 1505 918 1560 deferebantur.

301 1597 357 1651 9.
399 1597 639 1666 Longum
678 1607 762 1652 est
799 1613 936 1652 nunc
964 1599 1031 1652 ab
1060 1613 1282 1654 ascensu
1313 1599 1520 1654 Domini
1552 1615 1716 1671 usque
1743 1600 1809 1654 ad

230 1696 549 1756 prmscntem
595 1689 735 1742 diem
785 1703 879 1757 per
917 1690 1151 1759 singulas
1197 1701 1379 1744 aetates
1423 1706 1676 1755 currere,
1720 1693 1808 1760 qui

231 1764 637 1844 Episcoporum,
665 1777 755 1845 qui
785 1778 1091 1848 Martyrum,
1119 1780 1207 1848 qui
1236 1780 1597 1849 eloquentium
1625 1781 1676 1835 in
1707 1781 1808 1835 do-

230 1867 396 1920 ctrina
437 1867 806 1921 Ecclesiastica
837 1869 1068 1922 virorum
1107 1869 1348 1923 venerint
1378 1869 1763 1942 Jerosolymam
1785 1912 1799 1934 ,

230 1966 473 2024 putantes
497 1959 673 2012 minus
701 1972 760 2012 se
789 1959 1078 2028 religionis,
1108 1960 1280 2014 minus
1311 1961 1504 2016 habere
1531 1962 1801 2026 scientiae;

228 2058 328 2102 nec
351 2063 634 2111 summam,
660 2059 718 2102 ut
745 2048 955 2114 dicitur,
981 2065 1193 2104 manum
1219 2052 1489 2120 accepisse
1515 2056 1799 2116 virtutum,

226 2139 326 2192 nisi
360 2139 410 2191 in
439 2138 542 2192 illis
571 2137 837 2193 Christum
863 2139 1174 2194 adorassent
1203 2142 1353 2205 locis,
1385 2143 1450 2197 de
1471 2143 1662 2212 quibus
1691 2145 1769 2214 pri
1787 2171 1801 2181 -

223 2243 373 2281 mum
412 2227 754 2298 Evangelinm
793 2229 859 2283 de
900 2231 1132 2298 patibulo
1157 2242 1543 2286 coruscaverat.
1571 2233 1729 2290 Certe
1757 2236 1801 2290 si

222 2317 390 2370 etiam
431 2318 713 2386 praeclarus
756 2318 946 2373 Orator
986 2321 1481 2388 reprehendendum
1510 2323 1585 2392 (τι)
1623 2327 1802 2378 nescio

220 2423 382 2475 quem
425 2417 604 2476 putat,
632 2409 767 2478 quod
810 2410 1010 2464 litteras
1049 2411 1261 2465 Graecas
1292 2427 1394 2466 non
1435 2411 1676 2479 Athenis,
1705 2416 1797 2468 sed

221 2496 464 2568 Lilyba-i,
491 2496 703 2552 Latinas
734 2516 838 2553 non
869 2500 1080 2564 Romae,
1113 2501 1203 2556 sed
1237 2503 1287 2554 itt
1317 2503 1492 2556 Sicilia
1519 2503 1752 2559 didicerit
1783 2523 1796 2558 :

221 2587 361 2656 quod
406 2587 651 2643 videlicet
697 2604 1022 2658 unaqumque
1061 2591 1330 2658 provincia
1371 2591 1560 2646 habeat
1601 2594 1798 2664 aliquid

222 2677 512 2745 pr0prinm,
539 2677 678 2748 quod
705 2679 805 2732 alia
832 2695 980 2746 reque
1008 2679 1202 2734 habere
1227 2696 1329 2734 non
1358 2683 1554 2749 possit;
1581 2697 1676 2737 cur
1703 2699 1798 2738 nos

221 2776 464 2835 putamus
487 2767 686 2836 absque
709 2769 930 2822 Athenis
953 2770 1149 2822 nostris
1171 2773 1486 2841 quemquam
1511 2772 1576 2826 ad
1599 2773 1798 2827 studio-

219 2871 332 2910 rum
365 2858 566 2927 lastigia
597 2859 939 2928 pervenisse?

288 2948 375 3002 10.
416 2948 526 3003 Νεε
554 2949 652 3004 Ιιοε
679 2949 939 3007 dicimus.
972 2951 1113 3019 quod
1147 2967 1430 3008 renuamus
1456 2970 1674 3025 regnum
1702 2957 1792 3011 Dei

217 3038 352 3092 intra
382 3055 480 3092 nos
508 3054 650 3106 esse,
679 3049 734 3094 et
760 3051 974 3096 sanctos
1001 3044 1140 3097 viros
1169 3043 1326 3098 etiam
1358 3046 1408 3097 in
1441 3047 1647 3100 cznteris
1675 3062 1793 3102 esse

215 3131 547 3198 regionibus;
576 3131 669 3186 sed
697 3132 836 3201 quod
863 3132 964 3186 hoc
986 3147 1288 3188 asseramns
1311 3134 1396 3188 vel
1424 3136 1673 3200 maxime,
1700 3153 1792 3192 cos

213 3221 301 3290 qtti
334 3222 385 3274 in
425 3229 535 3275 toto
561 3221 689 3276 orbe
726 3231 847 3275 sunt
878 3221 1031 3291 primi
1057 3263 1072 3287 ,
1103 3223 1205 3277 huc
1231 3223 1430 3293 pariter
1457 3227 1786 3294 congregari.

212 3313 292 3365 Ad
331 3327 450 3381 quin
489 3328 584 3366 nos
601 3312 713 3367 loca
753 3326 858 3365 non
895 3321 952 3365 ut
992 3313 1172 3381 primm
1197 3313 1297 3384 (ὁ),
1324 3313 1418 3367 sed
1451 3325 1506 3367 ut
1534 3322 1791 3372 extremae

211 3402 486 3468 venimus;
518 3413 574 3456 ut
598 3403 800 3472 primos
831 3403 880 3456 in
909 3402 987 3456 eis
1013 3403 1247 3456 omnium
1279 3403 1512 3472 gentium
1537 3418 1788 3458 cernerc-

209 3507 349 3545 mus.
396 3491 550 3547 Certe
585 3491 683 3546 llos
716 3491 927 3561 quidam
958 3501 1011 3547 et
1039 3494 1450 3561 pretiosissimus
1480 3494 1615 3563 lapis
1650 3495 1788 3549 inter

211 3581 576 3636 Ecclesiastica
609 3593 916 3636 ornamenta
943 3625 958 3647 ,
1002 3583 1377 3638 Monachorum
1415 3593 1468 3639 et
1511 3584 1784 3654 Virginum

208 3671 406 3726 chorus
431 3681 532 3726 est.
557 3672 881 3741 Quicumque
911 3673 962 3726 in
989 3672 1155 3728 Gallia
1204 3673 1363 3728 fuerit
1410 3675 1612 3743 primus
1636 3714 1651 3738 ,
1683 3676 1785 3730 huc

208 3771 476 3830 properat.
506 3762 712 3816 Divisus
741 3763 807 3816 ab
835 3765 963 3817 orbe
992 3773 1172 3817 nostro
1199 3765 1478 3820 Britannus
1496 3805 1513 3832 ,
1543 3765 1590 3820 si
1621 3767 1670 3819 in
1699 3783 1786 3820 re-

207 3855 396 3924 ligione
425 3854 780 3922 processerit,
811 3856 1032 3910 occiduo
1058 3858 1170 3911 sole
1197 3857 1418 3912 dimisso
1440 3899 1456 3924 ,
1483 3860 1673 3927 quaerit
1701 3861 1783 3914 lo-

204 3959 322 3999 cmu
359 3944 497 3998 fama
528 3943 628 3998 sibi
661 3953 862 3996 tantum
892 3956 945 3998 et
977 3946 1364 4014 Scripturarum
1401 3949 1657 4004 relatione
1687 3967 1781 4004 co-

201 4038 430 4106 gnitum.
458 4036 594 4102 Quid
624 4035 918 4088 referamus
941 4037 1244 4101 Armenios,
1269 4040 1390 4107 quid
1418 4039 1628 4104 Persas,
1658 4042 1781 4110 quid

201 4125 366 4180 India:
391 4165 406 4190 ,
432 4131 490 4178 et
518 4123 805 4191 IEthiopize
842 4124 1065 4194 populos
1089 4167 1102 4188 ,
1131 4127 1404 4196 ipsamque
1437 4129 1586 4196 juxta
1612 4129 1783 4201 Egy-

203 4225 368 4286 ptum,
393 4215 620 4269 fertilem
643 4212 1040 4278 Monachorum,
1064 4214 1284 4267 Pontum
1303 4226 1356 4268 et
1375 4215 1780 4285 Cappadociam,

204 4308 409 4379 Syriam
438 4305 620 4362 Coelen
645 4315 698 4361 et
724 4305 1159 4375 Mesopotamiam
1180 4347 1194 4370 ,
1229 4316 1520 4377 cunctaque
1549 4307 1782 4366 Orientis

204 4400 442 4454 examina
459 4399 481 4452 ?
501 4413 620 4469 qua:
632 4397 781 4467 juxta
800 4397 1088 4452 Salvatoris
1151 4397 1308 4469 207
1376 4397 1669 4467 eloquium,
1691 4399 1780 4454 di-

204 4492 385 4546 centis.
410 4490 768 4560 «Ubicumque
785 4490 1162 4558 l‘ueritcorpus,
1183 4490 1308 4544 illuc
1322 4491 1783 4560 congregabuntur

204 4584 387 4652 aquila:
412 4601 432 4635 ι
458 4582 682 4654 (Matth.
713 4582 804 4636 24.
835 4580 927 4651 2).
949 4580 1286 4636 Concurrunt
1309 4582 1372 4636 ad
1404 4582 1520 4636 hrec
1549 4584 1660 4638 loca
1683 4625 1697 4648 ,
1727 4594 1780 4640 et

205 4672 528 4728 diversarum
559 4675 714 4728 nobis
745 4673 998 4726 virtutum
1022 4673 1290 4741 Specimen
1321 4673 1628 4729 ostendunt.
1657 4675 1776 4732 Vox

205 4764 410 4831 quidem
431 4764 665 4828 dissona,
689 4763 782 4818 sed
805 4779 906 4816 una
930 4765 1132 4833 religio.
1156 4754 1259 4818 Tot
1283 4779 1417 4833 pene
1438 4766 1774 4834 psallentium

202 4854 348 4907 chori
375 4893 388 4916 ,
416 4863 542 4922 quot
568 4855 803 4923 gentium
832 4854 1184 4909 diversitates.
1216 4854 1358 4910 Inter
1386 4855 1502 4912 hzec
1526 4856 1665 4926 (qua:
1693 4858 1774 4912 vel

205 4945 374 5013 prima
415 4944 469 4996 in
507 4944 820 5000 Christianis
860 4948 1026 5002 virtus
1064 4946 1187 5018 est)
1220 4947 1352 5002 nihil
1379 4946 1456 5020 (c)
1478 4963 1733 5019 arrogans
1757 4989 1771 5014 ,

225 5215 239 5228 .
264 5151 618 5235 (9.2992192
640 5151 929 5235 Esaiae-
942 5160 1024 5219 qui
1065 5173 1263 5235 causa
1295 5161 1774 5235 ξὲευιοτυπιηρρηιηι

199 5213 410 5264 Verrem
433 5215 620 5276 agitare
640 5213 933 5272 volcbat,sic
953 5213 1272 5280 reprehendit
1291 5223 1488 5280 Cicero,
1520 5239 1544 5269 ι
1563 5221 1616 5272 Si
1642 5222 1776 5273 litte-

199 5289 276 5324 ras
297 5274 493 5325 Graecas
515 5275 751 5334 Athenis,
775 5287 875 5326 non
895 5275 1092 5334 Lilybaei
1110 5316 1125 5334 .
1149 5281 1344 5334 Latinas
1364 5283 1550 5334 Romae.
1587 5296 1686 5333 non
1724 5285 1775 5333 in

199 5289 276 5324 ras
297 5289 493 5325 bracas
515 5289 751 5334 Ainents,
775 5289 875 5326 non
895 5289 1092 5341 Lilybaei
1109 5316 1125 5342 ,
1150 5289 1344 5334 Latinas
1364 5289 1550 5344 Romae,

198 5336 360 5386 Sicilia
381 5335 650 5387 didicisses.
673 5352 696 5382 a
725 5344 820 5387 etc.
1166 5370 1170 5374 »

259 5373 650 5462 ξῖῖῗῖιῖὖὲιτεῖ
669 5373 1008 5460 excisum,
1034 5402 1218 5454 omittit
1249 5403 1561 5456 Cisterciens.
1597 5418 1772 5456 exem-

189 5457 322 5521 ‘pla'r.
357 5459 591 5510 Erasmus
614 5472 764 5521 vero,
792 5457 1004 5526 eumque
1036 5472 1238 5517 secutus
1267 5467 1489 5518 Martiae.
1525 5465 1674 5530 primi
1720 5473 1774 5518 et

196 5519 397 5570 extremi
418 5520 610 5572 legunt.

196 5532 397 5570 extrema
418 5532 610 5584 tegunt.

254 5581 325 5653 (c)
362 5582 624 5645 Victorius,
648 5600 672 5629 ι
687 5582 808 5632 nihil
829 5592 1058 5648 arrogant
1070 5587 1166 5637 sibi
1187 5588 1254 5638 de
1275 5591 1574 5650 continentia
1595 5601 1772 5650 super-

196 5641 306 5690 ciln.
328 5659 353 5688 ι
378 5641 472 5690 Alii
505 5661 528 5689 ι
549 5643 669 5690 nihil
705 5650 1013 5690 arrogantim-
1054 5648 1194 5690 nihil-
1215 5665 1239 5690 ι
1270 5657 1365 5690 Pin-
1396 5648 1529 5690 limis
1553 5661 1716 5690 autum
1744 5666 1772 5690 ιε

195 5644 310 5692 εἰΙὶι.
328 5659 353 5688 ι
378 5644 472 5691 Alii
505 5661 528 5689 ι
549 5644 669 5692 nihil
705 5644 1014 5706 arrogantiae,
1053 5648 1195 5707 nihil,
1215 5665 1239 5693 ν
1270 5657 1365 5701 etc.
1391 5644 1530 5701 Unus
1553 5644 1717 5701 autem
1744 5666 1772 5699 e

199 5705 375 5754 nostris
397 5703 536 5753 codd.
562 5702 684 5754 nihil
703 5706 765 5754 de
788 5706 1030 5766 jactantia
1053 5709 1316 5773 supercilii,
1335 5718 1430 5762 etc.
1655 5766 1658 5773 ,

1596 288 1920 356 EPISTOLA
1963 300 2140 355 XLVI.

3405 323 3511 382 490

1933 414 2063 468 nihil
2086 414 2153 470 de
2173 417 2494 474 continentia
2514 423 2780 492 supercilii
2801 443 2814 478 :
2834 425 3144 487 humilitatis
3167 433 3304 488 inter
3321 449 3510 494 omnes

1928 507 2191 562 contentic
2221 517 2322 564 est.
2349 509 2676 584 Quicumque
2723 517 3041 575 novissimus
3064 521 3241 592 fuerit,
3285 525 3371 582 hic
3396 530 3509 599 pri-

1931 610 2050 649 mus
2074 605 2303 666 putatur.
2335 599 2389 653 In
2422 610 2567 657 veste
2588 603 2728 658 nulla
2751 606 3019 674 discretio,-
3045 612 3180 665 nulla
3204 614 3502 675 admiratio.

1928 685 2222 758 Utcumque
2274 691 2530 759 placuerit
2573 695 2851 764 incedere,
2884 713 2981 753 nec
3010 702 3351 761 detractionis
3382 719 3463 764 est
3487 751 3504 778 ,

1927 791 2022 830 nec
2060 776 2249 832 laudis.
2280 779 2485 851 Jejunia
2515 799 2726 854 quoque
2761 788 3029 844 neminem
3063 791 3374 864 sublevant;
3407 776 3506 856 nec

1925 864 2162 922 defertur
2186 869 2394 934 inediae,
2418 887 2516 928 nec
2537 875 2806 930 moderata
2826 880 3075 936 saturitas
3095 882 3502 942 condemnatur.

1927 954 2037 1010 Suo
2065 958 2286 1014 Domino
2307 970 2413 1016 stat
2438 966 2794 1036 unusquisque
2817 977 2908 1022 aut
2928 968 3087 1024 cadit.
3113 971 3282 1030 Nemo
3307 975 3507 1044 judicat

1923 1046 2173 1114 alterum,
2199 1065 2266 1103 ne
2289 1065 2320 1105 a
2347 1052 2570 1108 Domino
2589 1053 2876 1123 judicetur.
2905 1058 2972 1113 Et
2995 1059 3134 1129 quod
3159 1062 3210 1116 in
3237 1063 3506 1136 plerisque

1923 1139 2210 1206 provinciis
2239 1139 2498 1199 familiare
2521 1155 2625 1212 est,
2650 1156 2707 1200 ut
2731 1151 2962 1218 genuino
2981 1151 3139 1208 dente
3164 1169 3221 1210 se
3246 1156 3501 1222 lacerent.

1923 1227 2010 1280 hic
2036 1229 2243 1297 penitus
2268 1247 2376 1286 non
2405 1233 2646 1290 habetur.
2673 1237 2860 1294 Procul
2884 1241 3114 1309 luxuria,
3135 1247 3321 1315 procul
3350 1250 3504 1304 volu-

1923 1327 2061 1386 ptas.
2096 1317 2177 1392 (d)
2205 1321 2370 1376 Tanta
2402 1324 2452 1378 in
2485 1327 2596 1396 ipsa
2629 1328 2756 1384 urbe
2781 1332 3080 1389 orationum
3127 1337 3238 1392 loca
3264 1378 3278 1404 ,
3333 1348 3394 1394 ut
3434 1342 3502 1396 ad

1920 1421 1982 1461 ea
2013 1411 2341 1478 peragranda
2368 1412 2482 1468 dies
2507 1416 2752 1473 sullicere
2778 1435 2882 1475 non
2914 1425 3101 1492 possit.

1991 1496 2080 1552 10.
2127 1497 2318 1554 Verum
2348 1511 2403 1556 ut
2429 1504 2496 1558 ad
2526 1505 2758 1563 villulam
2786 1509 3007 1581 Christi,
3040 1524 3095 1570 et
3122 1517 3300 1575 Maria:
3325 1521 3500 1578 diver-

1917 1587 2120 1684 sorium
2147 1593 2424 1684 veniamus
2445 1595 2588 1665 (plus
2609 1601 2749 1654 enim
2778 1603 2955 1658 laudat
2981 1611 3340 1682 unusquisque
3361 1618 3501 1684 quod

1918 1677 2177 1753 possidet)
2205 1697 2309 1750 quo
2334 1698 2612 1753 sermone,
2641 1705 2743 1759 qua
2772 1706 2901 1748 voce
2927 1677 3230 1764 speluncam
3254 1677 3348 1756 tibi
3380 1677 3501 1772 pos-

1913 1779 2098 1864 sumus
2126 1769 2416 1828 Salvatoris
2445 1781 2752 1845 exponere?
2784 1781 2848 1835 Et
2874 1783 3000 1839 illud
3027 1802 3286 1859 pra'sepe,
3315 1792 3366 1846 in
3381 1769 3500 1864 quo

1913 1853 2204 1955 infantulus
2241 1862 2434 1932 vagiit,
2467 1866 2680 1922 silentio
2719 1872 2886 1941 magis
2911 1913 2925 1938 ,
2956 1853 3112 1944 quam
3151 1853 3360 1936 inlirnto
3384 1853 3498 1955 [ἐιι.

1911 1946 2131 2020 inﬁmo]
2179 1965 2424 2009 sermone
2469 1956 2835 2016 honorandum
2880 1974 2982 2018 est.
3034 1966 3132 2022 Ubi
3191 1980 3314 2026 sunt
3374 1946 3494 2029 fatae

1913 2043 2184 2108 porticus?
2210 2043 2296 2098 ubi
2319 2056 2501 2101 aurata
2525 2048 2832 2120 laquearia?
2859 2055 2944 2110 ubi
2969 2056 3158 2114 domus
3179 2063 3496 2122 miscrorum

1910 2132 2080 2198 poenis
2103 2172 2118 2198 ,
2144 2142 2196 2187 et
2221 2133 2590 2192 damnatorum
2619 2140 2799 2197 labore
2825 2145 3062 2201 vestitui?
3091 2149 3177 2204 ubi
3206 2152 3372 2208 instar
3397 2171 3492 2224 pa-

1911 2223 2020 2276 latii
2046 2265 2060 2286 ,
2091 2226 2276 2294 opibus
2316 2229 2641 2298 privatorum
2679 2243 2964 2291 exstructa:
3003 2239 3236 2296 basilica:
3259 2283 3274 2307 ,
3307 2253 3364 2299 ut
3393 2248 3495 2301 vile

1910 2315 2280 2380 corpusculum
2312 2315 2544 2373 hominis
2585 2321 2866 2388 pretiosius
2906 2325 3194 2383 ittantbulct
3219 2372 3232 2396 ,
3261 2341 3314 2386 et
3341 2337 3494 2403 quasi

1907 2405 2103 2460 mundo
2124 2407 2408 2478 quidquam
2438 2411 2604 2479 possit
2624 2427 2740 2468 esse
2761 2416 3021 2484 ornatius,
3045 2430 3188 2474 recta
3209 2424 3375 2494 magis
3396 2439 3490 2480 sua

1906 2500 2031 2554 velit
2056 2502 2313 2570 aspicere,
2338 2518 2494 2574 quam
2521 2507 2713 2561 coelum
2735 2508 2758 2559 ?
2780 2509 2916 2564 Ecce
2942 2511 2994 2565 in
3023 2510 3121 2568 hoc
3146 2529 3306 2582 parvo
3333 2526 3492 2573 terra:

1903 2587 2160 2644 foramine
2183 2631 2198 2657 ,
2231 2593 2485 2649 ctelornm
2513 2597 2756 2652 conditor
2779 2609 2933 2655 natus
2958 2611 3041 2657 est
3067 2619 3080 2656 :
3110 2603 3195 2661 hic
3225 2607 3490 2665 involutus

1904 2683 2091 2749 pannis
2114 2724 2128 2748 ,
2160 2682 2245 2738 hic
2272 2686 2418 2740 visus
2458 2703 2486 2740 a
2535 2691 2833 2756 pastoribus
2857 2734 2872 2755 ,
2907 2693 2991 2749 hic
3025 2694 3419 2756 demonstratus
3455 2718 3488 2757 a

1901 2775 2072 2840 stella,
2100 2775 2184 2830 hic
2203 2776 2452 2833 adoratus
2474 2795 2504 2833 a
2527 2779 2717 2850 Magis.
2743 2783 2809 2837 Et
2832 2783 2916 2839 hic
2938 2794 3063 2855 puto
3086 2787 3234 2845 locus
3253 2793 3488 2848 sanctior

1900 2873 1980 2917 est
2001 2880 2131 2934 rupe
2151 2865 2395 2936 Tarpeia,
2417 2885 2532 2938 qua:
2553 2870 2619 2924 de
2639 2873 2775 2927 ccelo
2795 2875 2990 2944 saepius
3011 2875 3283 2935 fulminata
3305 2892 3486 2939 osten-

1898 2950 1993 3016 dit,
2025 2954 2164 3023 quod
2196 2955 2416 3010 Domino
2445 2958 2770 3028 displiceret.

1971 3044 2058 3096 ll.
2101 3044 2238 3114 Lege
2265 3048 2635 3119 Apocalypsim
2662 3049 2910 3118 Joannis,
2935 3062 2990 3108 et
3016 3055 3140 3123 quid
3166 3055 3232 3112 de
3260 3060 3484 3117 muliere

1899 3142 2185 3201 purpurata
2211 3175 2226 3200 ,
2259 3144 2313 3189 et
2341 3138 2535 3206 scripta
2571 3139 2621 3190 in
2648 3140 2762 3207 ejus
2791 3140 2966 3197 fronte
3001 3143 3323 3215 blasphemia
3349 3191 3364 3216 ,
3394 3165 3482 3207 sc-

1897 3230 2038 3289 ptem
2059 3224 2344 3292 montibus,
2368 3228 2516 3295 aquis
2535 3229 2736 3294 multis,
2757 3239 2810 3284 ct
2825 3232 3110 3302 Babylonis
3125 3247 3368 3296 cantetur
3382 3258 3447 3298 ex
3461 3273 3478 3286 -

1896 3311 1991 3378 itu,
2011 3323 2284 3369 contuere.
2319 3335 2338 3367 ι
2364 3316 2534 3381 Exite,
2562 3319 2734 3388 inquit
2763 3321 3035 3391 Dominus,
3055 3326 3121 3381 de
3141 3329 3480 3400 illa'po;:ulus

1895 3417 2064 3467 meus,
2092 3414 2228 3459 etne
2254 3406 2537 3476 participes
2610 3411 2770 3483 208
2843 3412 2960 3468 sitis
2988 3415 3305 3475 delictorum
3337 3422 3474 3493 ejus,

1893 3504 1946 3547 et
1970 3493 2035 3547 de
2063 3495 2230 3566 plagis
2253 3494 2368 3567 ejus
2396 3514 2502 3552 non
2526 3502 2798 3570 accipiatis
2818 3520 2837 3555 ι
2865 3502 3049 3576 (Apoc.
3078 3507 3163 3563 18.
3192 3509 3267 3580 4).
3293 3511 3371 3582 (e)
3391 3513 3471 3568 Ad

1890 3585 2174 3642 Jeremiam
2199 3605 2410 3660 quoque
2439 3592 2764 3660 regrediens,
2798 3596 3050 3665 scriptum
3081 3599 3276 3667 pariter
3299 3611 3472 3658 atten-

1889 3677 1977 3742 de,
2007 3695 2026 3729 ς
2056 3677 2241 3748 Fugite
2265 3678 2334 3736 de
2361 3681 2537 3736 medio
2557 3682 2864 3754 Babylonis,
2888 3697 2939 3740 et
2966 3689 3162 3745 salvate
3185 3695 3472 3762 unusquis-

1889 3783 1993 3838 que
2036 3769 2264 3824 animam
2313 3787 2486 3828 suam.
2534 3774 2740 3828 Cecidit
2783 3777 2923 3830 enim
2949 3818 2965 3841 ,
3006 3781 3196 3835 cecidit
3235 3783 3470 3855 Babylon

1889 3874 2077 3928 magna
2097 3900 2114 3925 ,
2142 3870 2194 3914 et
2231 3859 2365 3916 facta
2391 3871 2472 3915 est
2508 3861 2762 3917 habitatio
2787 3865 3084 3921 daemonum
3109 3908 3123 3933 ,
3151 3879 3203 3924 et
3229 3875 3470 3932 custodia

1889 3951 2060 4003 omnis
2074 3950 2550 4018 spiritusimmundi
2591 3971 2610 4004 ι
2635 3954 2654 4022 (
2672 3952 2862 4007 Jerem.
2893 3955 2982 4011 51.
3010 3958 3106 4028 8).
3129 3958 3224 4014 Est
3250 3962 3465 4030 quidem

1890 4038 1960 4092 ibi
2004 4048 2184 4093 sancta
2228 4039 2460 4094 Ecclesia
2487 4081 2501 4105 ,
2529 4050 2651 4095 sunt
2693 4043 2924 4111 trophara
2967 4046 3339 4115 Apostolorum
3364 4092 3379 4118 ,
3413 4064 3469 4108 et

1888 4126 2174 4197 Martyrum
2198 4143 2211 4191 ;
2242 4137 2297 4182 et
2319 4128 2516 4183 Christi
2545 4145 2668 4185 vera
2693 4132 2988 4200 confessio;
3016 4144 3098 4191 est
3121 4138 3188 4193 ab
3213 4139 3470 4210 Apostolo

1889 4219 2171 4288 praedicata
2209 4219 2340 4274 fides
2365 4260 2379 4284 ,
2410 4230 2462 4274 et
2489 4222 2780 4290 gentilitate
2802 4224 2998 4280 calcata
3021 4268 3036 4292 ,
3070 4229 3120 4283 in
3151 4229 3378 4288 sublime
3406 4251 3467 4292 se

1888 4309 2124 4378 quotidie
2166 4310 2376 4380 erigens
2420 4312 2732 4368 vocabulum
2775 4313 3130 4375 Christianum
3167 4339 3181 4375 :
3216 4324 3310 4379 sed
3354 4326 3466 4395 ipsa

1887 4397 2126 4463 ambitio,
2158 4400 2412 4467 potentia,
2445 4403 2749 4470 magnitudo
2779 4405 2939 4472 urbis,
2971 4409 3136 4466 videri
3163 4420 3219 4468 ct
3249 4415 3462 4484 videre,

1887 4486 2102 4541 salutari
2131 4497 2187 4542 et
2214 4489 2444 4545 salutare
2465 4531 2481 4558 ,
2511 4492 2724 4548 laudare
2751 4506 2803 4550 ct
2829 4495 3109 4556 detrahere
3127 4543 3143 4568 ,
3171 4505 3254 4560 vel
3281 4509 3466 4565 audire

1887 4575 1971 4630 vel
2003 4577 2268 4647 proloqui,
2297 4589 2350 4634 et
2377 4589 2570 4635 tantam
2600 4581 2948 4655 frequentiam
2978 4589 3249 4650 hominum
3275 4599 3463 4654 saltem

1887 4666 2107 4721 invitum
2145 4667 2362 4733 videre,
2407 4685 2436 4724 a
2482 4676 2752 4744 proposito
2791 4677 3166 4738 Monachorum
3196 4695 3250 4739 et
3283 4688 3466 4755 quiete

1836 4784 1842 4790 ε
1882 4757 2053 4812 aliena
2082 4767 2226 4813 sunt.
2272 4762 2377 4815 Aut
2407 4764 2547 4817 enim
2575 4764 2812 4822 videmus
2838 4771 3112 4828 venientes
3149 4773 3216 4828 ad
3243 4790 3340 4830 nos
3360 4817 3375 4842 ,
3409 4788 3466 4832 et

1882 4847 2150 4903 silentium
2192 4851 2459 4920 perdimus
2488 4872 2502 4908 :
2531 4866 2622 4909 aut
2663 4872 2766 4912 non
2797 4861 3037 4916 videmus
3058 4901 3074 4929 ,
3106 4871 3161 4918 et
3197 4868 3463 4934 superbiai

1881 4940 2170 5009 arguimur.
2218 4941 2592 5016 interdumque
2622 4957 2676 5001 ut
2705 4949 3037 5007 visitantibus
3066 4953 3351 5011 reddamus
3374 4961 3459 5014 vi-

1880 5043 1995 5084 cem
2041 5031 2108 5086 ad
2153 5033 2410 5102 superbas
2456 5035 2596 5092 fores
2639 5039 2942 5108 pergimus,
2971 5048 3029 5097 et
3069 5042 3210 5100 inter
3256 5046 3461 5119 linguas

1942 5225 2022 5293 (d)
2061 5225 2170 5293 Ifon
2207 5226 2327 5293 satis
2347 5227 2453 5277 haec
2474 5241 2582 5293 cum
2606 5229 2943 5293 superioribus
2987 5241 3193 5286 nectere
3229 5237 3461 5291 videntur

1878 5286 2036 5356 nobis.
2071 5286 2314 5356 Luxatum
2352 5301 2469 5356 ve_rp
2509 5286 2682 5356 locum:
2705 5297 2761 5340 ut
2793 5295 3123 5356 suspicentur,
3163 5286 3461 5352 facitietiain

1878 5345 2610 5422 seinsxveaosiuntﬂehel.
2628 5349 2839 5422 civisne
2857 5345 2969 5422 cito
2991 5345 3140 5407 Rmn'a
3158 5345 3457 5422 sapiam;

1877 5410 1987 5480 sub
2006 5407 2240 5480 numeri?
2265 5407 2341 5458 ιο.
2367 5409 2534 5480 etii;
2554 5407 3234 5480 quépliintptidemjerbis
3253 5407 3459 5480 repete:

1877 5468 2056 5517 bantur
2079 5468 2129 5514 in
2152 5465 2285 5518 calce
2309 5470 2458 5532 epist.
2476 5468 2550 5520 ιδ.
2568 5465 2628 5521 ὀᾶ
2652 5465 3089 5536 Marcellammnde
3105 5465 3456 5542 ékiiﬁiiiftﬁiii.

1877 5528 2008 5584 quod
2045 5536 2336 5584 argumento
2373 5537 2480 5584 est.
2509 5533 2744 5584 mobilem
2783 5537 2927 5584 istam
2963 5541 3227 5584 nerimnen
3259 5550 3456 5584 mntnlie

1877 5536 2008 5601 quod
2034 5536 2336 5601 argumento
2373 5537 2480 5594 est,
2509 5536 2744 5585 mobilem
2783 5537 2927 5586 istam
2963 5541 3128 5603 perieo
3162 5536 3227 5591 en
3259 5536 3460 5596 mutatis

1871 5589 2168 5669 jampridem
2178 5590 2499 5669 sedibusuon
2517 5605 2681 5669 usque
2701 5594 2826 5648 adeo
2847 5599 2978 5649 bene
3001 5601 3108 5669 suis
3127 5553 3251 5669 iocis
3278 5609 3453 5669 aptari.

1876 5649 1887 5652 ⁷
1947 5649 2008 5724 (ἑ)
2052 5649 2171 5699 Haec
2195 5653 2265 5724 μα
2287 5655 2545 5706 ιιενεηιὶωπ
2568 5649 2770 5722 quoque,
2795 5672 2951 5724 usque
2969 5699 2984 5723 ,
3005 5649 3452 5728 ἀτέὰιᾶἷίρῖιῖιῖἷξ

1876 5716 2080 5762 ctoriam
2101 5712 2459 5765 deStderantur.

2136 5727 2459 5768 csnuerantur.
