  <div class='ocr_page' id='page_1' title='image "/cluster/home/n/w/nwhite01/storage/ocr_20150623/22/uva.x000826587/313.png"; bbox 0 0 4078 6198; ppageno 0'>
   <div class='ocr_carea' id='block_1_1' title="bbox 617 163 716 219">
    <p class='ocr_par' dir='ltr' id='par_1_1' title="bbox 617 163 716 219">
     <span class='ocr_line' id='line_1_1' title="bbox 617 163 716 219; baseline 0 -1"><span class='ocrx_word' id='word_1_1' title='bbox 617 163 716 219; x_wconf 72' lang='lat'><strong>(.79</strong></span> 
     </span>
    </p>
   </div>
   <div class='ocr_carea' id='block_1_2' title="bbox 615 265 2178 348">
    <p class='ocr_par' dir='ltr' id='par_1_2' title="bbox 615 265 2178 348">
     <span class='ocr_line' id='line_1_2' title="bbox 615 265 2178 348; baseline -0.008 -16"><span class='ocrx_word' id='word_1_2' title='bbox 615 279 754 333; x_wconf 84' lang='lat' dir='ltr'><strong>libus</strong></span> <span class='ocrx_word' id='word_1_3' title='bbox 783 275 860 348; x_wconf 82' lang='grc' dir='ltr'><strong>(α)</strong></span> <span class='ocrx_word' id='word_1_4' title='bbox 899 287 1108 328; x_wconf 84' lang='lat' dir='ltr'><strong>rursum</strong></span> <span class='ocrx_word' id='word_1_5' title='bbox 1161 270 1384 340; x_wconf 85' lang='lat' dir='ltr'><strong>negotiis</strong></span> <span class='ocrx_word' id='word_1_6' title='bbox 1433 281 1774 336; x_wconf 86' lang='lat' dir='ltr'><strong>occupamur.</strong></span> <span class='ocrx_word' id='word_1_7' title='bbox 1824 265 2178 320; x_wconf 57' lang='lat' dir='ltr'><strong>Praetermitto</strong></span> 
     </span>
    </p>
   </div>
   <div class='ocr_carea' id='block_1_3' title="bbox 616 355 2180 438">
    <p class='ocr_par' dir='ltr' id='par_1_3' title="bbox 616 355 2180 438">
     <span class='ocr_line' id='line_1_3' title="bbox 616 355 2180 438; baseline -0.008 -15"><span class='ocrx_word' id='word_1_8' title='bbox 616 369 860 438; x_wconf 90' lang='lat' dir='ltr'><strong>prandia,</strong></span> <span class='ocrx_word' id='word_1_9' title='bbox 885 365 1074 433; x_wconf 86' lang='lat' dir='ltr'><strong>quibus</strong></span> <span class='ocrx_word' id='word_1_10' title='bbox 1097 375 1247 416; x_wconf 88' lang='lat' dir='ltr'><strong>mens</strong></span> <span class='ocrx_word' id='word_1_11' title='bbox 1267 366 1485 412; x_wconf 86' lang='lat' dir='ltr'><strong>onerata</strong></span> <span class='ocrx_word' id='word_1_12' title='bbox 1510 358 1785 425; x_wconf 75' lang='lat' dir='ltr'><strong>premitur.</strong></span> <span class='ocrx_word' id='word_1_13' title='bbox 1810 355 1980 410; x_wconf 87' lang='lat' dir='ltr'><strong>Pudet</strong></span> <span class='ocrx_word' id='word_1_14' title='bbox 2000 356 2180 410; x_wconf 89' lang='lat' dir='ltr'><strong>dicere</strong></span> 
     </span>
    </p>
   </div>
   <div class='ocr_carea' id='block_1_4' title="bbox 617 446 2178 528">
    <p class='ocr_par' dir='ltr' id='par_1_4' title="bbox 617 446 2178 528">
     <span class='ocr_line' id='line_1_4' title="bbox 617 446 2178 528; baseline -0.008 -16"><span class='ocrx_word' id='word_1_15' title='bbox 617 459 967 528; x_wconf 75' lang='lat' dir='ltr'><strong>frequentiam</strong></span> <span class='ocrx_word' id='word_1_16' title='bbox 999 450 1281 512; x_wconf 76' lang='lat' dir='ltr'><strong>salutandi,</strong></span> <span class='ocrx_word' id='word_1_17' title='bbox 1316 463 1417 518; x_wconf 88' lang='lat' dir='ltr'><strong>qua</strong></span> <span class='ocrx_word' id='word_1_18' title='bbox 1444 458 1535 501; x_wconf 92' lang='lat' dir='ltr'><strong>aut</strong></span> <span class='ocrx_word' id='word_1_19' title='bbox 1567 449 1665 516; x_wconf 89' lang='lat' dir='ltr'><strong>ipsi</strong></span> <span class='ocrx_word' id='word_1_20' title='bbox 1691 448 1927 516; x_wconf 89' lang='lat' dir='ltr'><strong>quotidie</strong></span> <span class='ocrx_word' id='word_1_21' title='bbox 1953 446 2016 500; x_wconf 89' lang='lat' dir='ltr'><strong>ad</strong></span> <span class='ocrx_word' id='word_1_22' title='bbox 2044 448 2178 500; x_wconf 89' lang='lat' dir='ltr'><strong>alios</strong></span> 
     </span>
    </p>
   </div>
   <div class='ocr_carea' id='block_1_5' title="bbox 617 539 2177 619">
    <p class='ocr_par' dir='ltr' id='par_1_5' title="bbox 617 539 2177 619">
     <span class='ocr_line' id='line_1_5' title="bbox 617 539 2177 619; baseline -0.006 -18"><span class='ocrx_word' id='word_1_23' title='bbox 617 552 916 619; x_wconf 81' lang='lat' dir='ltr'><strong>pergimus,</strong></span> <span class='ocrx_word' id='word_1_24' title='bbox 961 553 1050 596; x_wconf 89' lang='lat' dir='ltr'><strong>aut</strong></span> <span class='ocrx_word' id='word_1_25' title='bbox 1079 541 1146 595; x_wconf 89' lang='lat' dir='ltr'><strong>ad</strong></span> <span class='ocrx_word' id='word_1_26' title='bbox 1176 554 1274 594; x_wconf 90' lang='lat' dir='ltr'><strong>nos</strong></span> <span class='ocrx_word' id='word_1_27' title='bbox 1314 541 1589 593; x_wconf 89' lang='lat' dir='ltr'><strong>venientes</strong></span> <span class='ocrx_word' id='word_1_28' title='bbox 1618 539 1696 608; x_wconf 85' lang='lat' dir='ltr'><strong>(l)</strong></span> <span class='ocrx_word' id='word_1_29' title='bbox 1725 547 1946 592; x_wconf 55' lang='lat' dir='ltr'><strong>caeteros</strong></span> <span class='ocrx_word' id='word_1_30' title='bbox 1974 552 2177 604; x_wconf 81' lang='lat' dir='ltr'><strong>exspe-</strong></span> 
     </span>
    </p>
   </div>
   <div class='ocr_carea' id='block_1_6' title="bbox 615 628 2173 700">
    <p class='ocr_par' dir='ltr' id='par_1_6' title="bbox 615 628 2173 700">
     <span class='ocr_line' id='line_1_6' title="bbox 615 628 2173 700; baseline -0.008 -7"><span class='ocrx_word' id='word_1_31' title='bbox 615 650 836 693; x_wconf 84' lang='lat' dir='ltr'><strong>ctamus.</strong></span> <span class='ocrx_word' id='word_1_32' title='bbox 870 634 1126 700; x_wconf 88' lang='lat' dir='ltr'><strong>Deinceps</strong></span> <span class='ocrx_word' id='word_1_33' title='bbox 1159 632 1264 684; x_wconf 91' lang='lat' dir='ltr'><strong>itur</strong></span> <span class='ocrx_word' id='word_1_34' title='bbox 1295 631 1345 682; x_wconf 94' lang='lat' dir='ltr'><strong>in</strong></span> <span class='ocrx_word' id='word_1_35' title='bbox 1375 630 1561 693; x_wconf 90' lang='lat' dir='ltr'><strong>verba,</strong></span> <span class='ocrx_word' id='word_1_36' title='bbox 1587 643 1764 682; x_wconf 89' lang='lat' dir='ltr'><strong>sermo</strong></span> <span class='ocrx_word' id='word_1_37' title='bbox 1793 630 2000 691; x_wconf 92' lang='lat' dir='ltr'><strong>teritur,</strong></span> <span class='ocrx_word' id='word_1_38' title='bbox 2032 628 2173 681; x_wconf 85' lang='lat' dir='ltr'><strong>lace-</strong></span> 
     </span>
    </p>
   </div>
   <div class='ocr_carea' id='block_1_7' title="bbox 613 717 2177 786">
    <p class='ocr_par' dir='ltr' id='par_1_7' title="bbox 613 717 2177 786">
     <span class='ocr_line' id='line_1_7' title="bbox 613 717 2177 786; baseline -0.008 -4"><span class='ocrx_word' id='word_1_39' title='bbox 613 736 794 782; x_wconf 86' lang='lat' dir='ltr'><strong>rantur</strong></span> <span class='ocrx_word' id='word_1_40' title='bbox 811 725 1079 786; x_wconf 86' lang='lat' dir='ltr'><strong>absentes,</strong></span> <span class='ocrx_word' id='word_1_41' title='bbox 1107 722 1214 773; x_wconf 88' lang='lat' dir='ltr'><strong>vita</strong></span> <span class='ocrx_word' id='word_1_42' title='bbox 1237 719 1410 772; x_wconf 87' lang='lat' dir='ltr'><strong>aliena</strong></span> <span class='ocrx_word' id='word_1_43' title='bbox 1433 719 1773 780; x_wconf 79' lang='lat' dir='ltr'><strong>describitur,</strong></span> <span class='ocrx_word' id='word_1_44' title='bbox 1800 727 1850 771; x_wconf 89' lang='lat' dir='ltr'><strong>et</strong></span> <span class='ocrx_word' id='word_1_45' title='bbox 1873 717 2177 771; x_wconf 90' lang='lat' dir='ltr'><strong>mordentes</strong></span> 
     </span>
    </p>
   </div>
   <div class='ocr_carea' id='block_1_8' title="bbox 612 807 2177 875">
    <p class='ocr_par' dir='ltr' id='par_1_8' title="bbox 612 807 2177 875">
     <span class='ocr_line' id='line_1_8' title="bbox 612 807 2177 875; baseline -0.004 -9"><span class='ocrx_word' id='word_1_46' title='bbox 612 814 861 875; x_wconf 88' lang='lat' dir='ltr'><strong>invicem,</strong></span> <span class='ocrx_word' id='word_1_47' title='bbox 884 808 1249 862; x_wconf 87' lang='lat' dir='ltr'><strong>consumimur</strong></span> <span class='ocrx_word' id='word_1_48' title='bbox 1261 809 1328 862; x_wconf 91' lang='lat' dir='ltr'><strong>ab</strong></span> <span class='ocrx_word' id='word_1_49' title='bbox 1353 809 1606 861; x_wconf 87' lang='lat' dir='ltr'><strong>invicem.</strong></span> <span class='ocrx_word' id='word_1_50' title='bbox 1624 807 1769 860; x_wconf 82' lang='lat' dir='ltr'><strong>Talis</strong></span> <span class='ocrx_word' id='word_1_51' title='bbox 1794 820 1890 860; x_wconf 91' lang='lat' dir='ltr'><strong>nos</strong></span> <span class='ocrx_word' id='word_1_52' title='bbox 1915 807 2064 859; x_wconf 90' lang='lat' dir='ltr'><strong>cibus</strong></span> <span class='ocrx_word' id='word_1_53' title='bbox 2085 821 2177 859; x_wconf 91' lang='lat' dir='ltr'><strong>oc-</strong></span> 
     </span>
    </p>
   </div>
   <div class='ocr_carea' id='block_1_9' title="bbox 607 899 2173 970">
    <p class='ocr_par' dir='ltr' id='par_1_9' title="bbox 607 899 2173 970">
     <span class='ocr_line' id='line_1_9' title="bbox 607 899 2173 970; baseline -0.005 -12"><span class='ocrx_word' id='word_1_54' title='bbox 607 912 764 970; x_wconf 88' lang='lat' dir='ltr'><strong>cupat</strong></span> <span class='ocrx_word' id='word_1_55' title='bbox 790 911 844 956; x_wconf 88' lang='lat' dir='ltr'><strong>et</strong></span> <span class='ocrx_word' id='word_1_56' title='bbox 879 901 1122 955; x_wconf 90' lang='lat' dir='ltr'><strong>dimittit.</strong></span> <span class='ocrx_word' id='word_1_57' title='bbox 1154 901 1284 955; x_wconf 89' lang='lat' dir='ltr'><strong>Cum</strong></span> <span class='ocrx_word' id='word_1_58' title='bbox 1315 915 1444 953; x_wconf 92' lang='lat' dir='ltr'><strong>vero</strong></span> <span class='ocrx_word' id='word_1_59' title='bbox 1487 899 1644 952; x_wconf 82' lang='lat' dir='ltr'><strong>amici</strong></span> <span class='ocrx_word' id='word_1_60' title='bbox 1689 899 2036 961; x_wconf 88' lang='lat' dir='ltr'><strong>recesserint,</strong></span> <span class='ocrx_word' id='word_1_61' title='bbox 2084 913 2173 952; x_wconf 90' lang='lat' dir='ltr'><strong>ra-</strong></span> 
     </span>
    </p>
   </div>
   <div class='ocr_carea' id='block_1_10' title="bbox 608 987 2174 1062">
    <p class='ocr_par' dir='ltr' id='par_1_10' title="bbox 608 987 2174 1062">
     <span class='ocr_line' id='line_1_10' title="bbox 608 987 2174 1062; baseline -0.004 -15"><span class='ocrx_word' id='word_1_62' title='bbox 608 994 822 1047; x_wconf 78' lang='lat' dir='ltr'><strong>tiocinia</strong></span> <span class='ocrx_word' id='word_1_63' title='bbox 848 1001 1220 1062; x_wconf 78' lang='lat' dir='ltr'><strong>supputamns.</strong></span> <span class='ocrx_word' id='word_1_64' title='bbox 1247 990 1399 1044; x_wconf 83' lang='lat' dir='ltr'><strong>Nunc</strong></span> <span class='ocrx_word' id='word_1_65' title='bbox 1417 990 1496 1044; x_wconf 82' lang='lat' dir='ltr'><strong>ira</strong></span> <span class='ocrx_word' id='word_1_66' title='bbox 1521 1003 1803 1057; x_wconf 89' lang='lat' dir='ltr'><strong>personam</strong></span> <span class='ocrx_word' id='word_1_67' title='bbox 1832 988 1998 1040; x_wconf 89' lang='lat' dir='ltr'><strong>leonis</strong></span> <span class='ocrx_word' id='word_1_68' title='bbox 2022 987 2174 1040; x_wconf 89' lang='lat' dir='ltr'><strong>nobis</strong></span> 
     </span>
    </p>
   </div>
   <div class='ocr_carea' id='block_1_11' title="bbox 605 1078 2174 1154">
    <p class='ocr_par' dir='ltr' id='par_1_11' title="bbox 605 1078 2174 1154">
     <span class='ocr_line' id='line_1_11' title="bbox 605 1078 2174 1154; baseline -0.004 -16"><span class='ocrx_word' id='word_1_69' title='bbox 605 1085 808 1138; x_wconf 87' lang='lat' dir='ltr'><strong>inducit</strong></span> <span class='ocrx_word' id='word_1_70' title='bbox 835 1084 937 1154; x_wconf 65' lang='grc' dir='ltr'>[ιιι.</span> <span class='ocrx_word' id='word_1_71' title='bbox 969 1079 1218 1152; x_wconf 77' lang='lat' dir='ltr'><strong>imponit]</strong></span> <span class='ocrx_word' id='word_1_72' title='bbox 1242 1099 1257 1133; x_wconf 89' lang='lat'>:</span> <span class='ocrx_word' id='word_1_73' title='bbox 1288 1095 1431 1135; x_wconf 86' lang='lat' dir='ltr'><strong>nunc</strong></span> <span class='ocrx_word' id='word_1_74' title='bbox 1457 1095 1585 1134; x_wconf 88' lang='lat' dir='ltr'><strong>cura</strong></span> <span class='ocrx_word' id='word_1_75' title='bbox 1612 1078 1884 1148; x_wconf 82' lang='lat' dir='ltr'><strong>superﬂua</strong></span> <span class='ocrx_word' id='word_1_76' title='bbox 1921 1079 1974 1131; x_wconf 92' lang='lat' dir='ltr'><strong>in</strong></span> <span class='ocrx_word' id='word_1_77' title='bbox 2003 1093 2174 1131; x_wconf 90' lang='lat' dir='ltr'><strong>annos</strong></span> 
     </span>
    </p>
   </div>
   <div class='ocr_carea' id='block_1_12' title="bbox 606 1166 2232 1240">
    <p class='ocr_par' dir='ltr' id='par_1_12' title="bbox 606 1166 2232 1240">
     <span class='ocr_line' id='line_1_12' title="bbox 606 1166 2232 1240; baseline -0.002 -18"><span class='ocrx_word' id='word_1_78' title='bbox 606 1173 862 1240; x_wconf 88' lang='lat' dir='ltr'><strong>plurimos</strong></span> <span class='ocrx_word' id='word_1_79' title='bbox 880 1172 1130 1224; x_wconf 78' lang='lat' dir='ltr'><strong>duratura</strong></span> <span class='ocrx_word' id='word_1_80' title='bbox 1156 1171 1484 1240; x_wconf 68' lang='lat' dir='ltr'><strong>praecogitat.</strong></span> <span class='ocrx_word' id='word_1_81' title='bbox 1509 1168 1617 1221; x_wconf 81' lang='lat' dir='ltr'><strong>Nec</strong></span> <span class='ocrx_word' id='word_1_82' title='bbox 1638 1166 1986 1221; x_wconf 82' lang='lat' dir='ltr'><strong>recordamur</strong></span> <span class='ocrx_word' id='word_1_83' title='bbox 2003 1166 2182 1219; x_wconf 75' lang='lat' dir='ltr'><strong>Evan-</strong></span> <span class='ocrx_word' id='word_1_84' title='bbox 2217 1189 2232 1198; x_wconf 92' lang='lat'>-</span> 
     </span>
    </p>
   </div>
   <div class='ocr_carea' id='block_1_13' title="bbox 600 1257 2174 1331">
    <p class='ocr_par' dir='ltr' id='par_1_13' title="bbox 600 1257 2174 1331">
     <span class='ocr_line' id='line_1_13' title="bbox 600 1257 2174 1331; baseline -0.003 -16"><span class='ocrx_word' id='word_1_85' title='bbox 600 1262 747 1331; x_wconf 67' lang='lat' dir='ltr'><strong>gt-lii,</strong></span> <span class='ocrx_word' id='word_1_86' title='bbox 776 1262 1006 1317; x_wconf 84' lang='lat' dir='ltr'><strong>dicentis</strong></span> <span class='ocrx_word' id='word_1_87' title='bbox 1031 1278 1043 1314; x_wconf 91' lang='lat'><strong>:</strong></span> <span class='ocrx_word' id='word_1_88' title='bbox 1083 1279 1101 1312; x_wconf 84' lang='grc' dir='ltr'><strong>ι</strong></span> <span class='ocrx_word' id='word_1_89' title='bbox 1131 1261 1325 1322; x_wconf 88' lang='lat' dir='ltr'><strong>Stulte,</strong></span> <span class='ocrx_word' id='word_1_90' title='bbox 1357 1259 1456 1312; x_wconf 90' lang='lat' dir='ltr'><strong>hac</strong></span> <span class='ocrx_word' id='word_1_91' title='bbox 1482 1269 1640 1312; x_wconf 92' lang='lat' dir='ltr'><strong>nocte</strong></span> <span class='ocrx_word' id='word_1_92' title='bbox 1667 1257 1910 1311; x_wconf 77' lang='lat' dir='ltr'><strong>auferent</strong></span> <span class='ocrx_word' id='word_1_93' title='bbox 1939 1258 2174 1310; x_wconf 85' lang='lat' dir='ltr'><strong>animam</strong></span> 
     </span>
    </p>
   </div>
   <div class='ocr_carea' id='block_1_14' title="bbox 600 1348 2164 1422">
    <p class='ocr_par' dir='ltr' id='par_1_14' title="bbox 600 1348 2164 1422">
     <span class='ocr_line' id='line_1_14' title="bbox 600 1348 2164 1422; baseline -0.001 -18"><span class='ocrx_word' id='word_1_94' title='bbox 600 1362 744 1406; x_wconf 90' lang='lat' dir='ltr'><strong>tnam</strong></span> <span class='ocrx_word' id='word_1_95' title='bbox 763 1369 789 1405; x_wconf 91' lang='lat' dir='ltr'><strong>a</strong></span> <span class='ocrx_word' id='word_1_96' title='bbox 813 1363 862 1408; x_wconf 92' lang='lat' dir='ltr'><strong>te</strong></span> <span class='ocrx_word' id='word_1_97' title='bbox 888 1372 901 1406; x_wconf 75' lang='grc' dir='ltr'><em>τ</em></span> <span class='ocrx_word' id='word_1_98' title='bbox 930 1369 1048 1422; x_wconf 67' lang='lat' dir='ltr'><strong>quae</strong></span> <span class='ocrx_word' id='word_1_99' title='bbox 1066 1362 1242 1407; x_wconf 90' lang='lat' dir='ltr'><strong>autem</strong></span> <span class='ocrx_word' id='word_1_100' title='bbox 1263 1352 1570 1420; x_wconf 63' lang='lat' dir='ltr'><strong>prmparasti</strong></span> <span class='ocrx_word' id='word_1_101' title='bbox 1588 1351 1740 1419; x_wconf 89' lang='lat' dir='ltr'><strong>cujus</strong></span> <span class='ocrx_word' id='word_1_102' title='bbox 1764 1359 1921 1404; x_wconf 90' lang='lat' dir='ltr'><strong>erunt</strong></span> <span class='ocrx_word' id='word_1_103' title='bbox 1938 1350 1988 1401; x_wconf 70' lang='lat' dir='ltr'><strong>‘h</strong></span> <span class='ocrx_word' id='word_1_104' title='bbox 2014 1348 2164 1417; x_wconf 86' lang='lat' dir='ltr'><strong>(an.</strong></span> 
     </span>
    </p>
   </div>
   <div class='ocr_carea' id='block_1_15' title="bbox 601 1440 2168 1513">
    <p class='ocr_par' dir='ltr' id='par_1_15' title="bbox 601 1440 2168 1513">
     <span class='ocr_line' id='line_1_15' title="bbox 601 1440 2168 1513; baseline -0.004 -13"><span class='ocrx_word' id='word_1_105' title='bbox 601 1445 690 1500; x_wconf 74' lang='grc'><strong>12.</strong></span> <span class='ocrx_word' id='word_1_106' title='bbox 723 1445 840 1513; x_wconf 71' lang='grc'><strong>20.)</strong></span> <span class='ocrx_word' id='word_1_107' title='bbox 886 1445 1074 1498; x_wconf 79' lang='lat' dir='ltr'><strong>Vestes</strong></span> <span class='ocrx_word' id='word_1_108' title='bbox 1103 1460 1209 1498; x_wconf 88' lang='lat' dir='ltr'><strong>non</strong></span> <span class='ocrx_word' id='word_1_109' title='bbox 1241 1443 1306 1497; x_wconf 91' lang='lat' dir='ltr'><strong>ad</strong></span> <span class='ocrx_word' id='word_1_110' title='bbox 1339 1457 1464 1496; x_wconf 92' lang='lat' dir='ltr'><strong>usus</strong></span> <span class='ocrx_word' id='word_1_111' title='bbox 1517 1451 1718 1494; x_wconf 88' lang='lat' dir='ltr'><strong>tantum</strong></span> <span class='ocrx_word' id='word_1_112' title='bbox 1741 1483 1755 1506; x_wconf 90' lang='lat'><strong>,</strong></span> <span class='ocrx_word' id='word_1_113' title='bbox 1799 1441 1893 1494; x_wconf 93' lang='lat' dir='ltr'><strong>sed</strong></span> <span class='ocrx_word' id='word_1_114' title='bbox 1935 1440 2000 1494; x_wconf 90' lang='lat' dir='ltr'><strong>ad</strong></span> <span class='ocrx_word' id='word_1_115' title='bbox 2031 1440 2168 1493; x_wconf 81' lang='lat' dir='ltr'><strong>deli-</strong></span> 
     </span>
    </p>
   </div>
   <div class='ocr_carea' id='block_1_16' title="bbox 600 1530 2165 1604">
    <p class='ocr_par' dir='ltr' id='par_1_16' title="bbox 600 1530 2165 1604">
     <span class='ocr_line' id='line_1_16' title="bbox 600 1530 2165 1604; baseline -0.004 -15"><span class='ocrx_word' id='word_1_116' title='bbox 600 1537 713 1589; x_wconf 90' lang='lat' dir='ltr'><strong>cias</strong></span> <span class='ocrx_word' id='word_1_117' title='bbox 775 1536 1180 1604; x_wconf 89' lang='lat' dir='ltr'><strong>conquiruntur.</strong></span> <span class='ocrx_word' id='word_1_118' title='bbox 1229 1533 1560 1600; x_wconf 88' lang='lat' dir='ltr'><strong>Ubicumque</strong></span> <span class='ocrx_word' id='word_1_119' title='bbox 1618 1530 1991 1599; x_wconf 88' lang='lat' dir='ltr'><strong>compendium</strong></span> <span class='ocrx_word' id='word_1_120' title='bbox 2050 1538 2165 1593; x_wconf 90' lang='lat' dir='ltr'><strong>est,</strong></span> 
     </span>
    </p>
   </div>
   <div class='ocr_carea' id='block_1_17' title="bbox 599 1621 2167 1696">
    <p class='ocr_par' dir='ltr' id='par_1_17' title="bbox 599 1621 2167 1696">
     <span class='ocr_line' id='line_1_17' title="bbox 599 1621 2167 1696; baseline -0.006 -15"><span class='ocrx_word' id='word_1_121' title='bbox 599 1629 838 1681; x_wconf 90' lang='lat' dir='ltr'><strong>velocior</strong></span> <span class='ocrx_word' id='word_1_122' title='bbox 857 1642 974 1696; x_wconf 90' lang='lat' dir='ltr'><strong>pes,</strong></span> <span class='ocrx_word' id='word_1_123' title='bbox 995 1627 1134 1678; x_wconf 90' lang='lat' dir='ltr'><strong>citus</strong></span> <span class='ocrx_word' id='word_1_124' title='bbox 1157 1639 1356 1685; x_wconf 89' lang='lat' dir='ltr'><strong>sermo,</strong></span> <span class='ocrx_word' id='word_1_125' title='bbox 1381 1625 1524 1676; x_wconf 88' lang='lat' dir='ltr'><strong>auris</strong></span> <span class='ocrx_word' id='word_1_126' title='bbox 1545 1624 1818 1675; x_wconf 88' lang='lat' dir='ltr'><strong>attentior.</strong></span> <span class='ocrx_word' id='word_1_127' title='bbox 1841 1622 1895 1676; x_wconf 92' lang='lat' dir='ltr'><strong>Si</strong></span> <span class='ocrx_word' id='word_1_128' title='bbox 1917 1621 2167 1674; x_wconf 85' lang='lat' dir='ltr'><strong>damnum</strong></span> 
     </span>
    </p>
   </div>
   <div class='ocr_carea' id='block_1_18' title="bbox 602 1712 2168 1790">
    <p class='ocr_par' dir='ltr' id='par_1_18' title="bbox 602 1712 2168 1790">
     <span class='ocr_line' id='line_1_18' title="bbox 602 1712 2168 1790; baseline -0.006 -19"><span class='ocrx_word' id='word_1_129' title='bbox 602 1719 697 1790; x_wconf 91' lang='lat' dir='ltr'><strong>(ut</strong></span> <span class='ocrx_word' id='word_1_130' title='bbox 737 1733 878 1786; x_wconf 68' lang='lat' dir='ltr'><strong>saepe</strong></span> <span class='ocrx_word' id='word_1_131' title='bbox 905 1719 956 1770; x_wconf 92' lang='lat' dir='ltr'><strong>in</strong></span> <span class='ocrx_word' id='word_1_132' title='bbox 989 1732 1046 1770; x_wconf 91' lang='lat' dir='ltr'><strong>re</strong></span> <span class='ocrx_word' id='word_1_133' title='bbox 1074 1715 1324 1768; x_wconf 77' lang='lat' dir='ltr'><strong>familiari</strong></span> <span class='ocrx_word' id='word_1_134' title='bbox 1355 1715 1599 1768; x_wconf 85' lang='lat' dir='ltr'><strong>accidere</strong></span> <span class='ocrx_word' id='word_1_135' title='bbox 1639 1713 1812 1780; x_wconf 90' lang='lat' dir='ltr'><strong>solet)</strong></span> <span class='ocrx_word' id='word_1_136' title='bbox 1845 1712 1997 1765; x_wconf 87' lang='lat' dir='ltr'><strong>fuerit</strong></span> <span class='ocrx_word' id='word_1_137' title='bbox 2028 1727 2168 1764; x_wconf 92' lang='lat' dir='ltr'><strong>nnn-</strong></span> 
     </span>
    </p>
   </div>
   <div class='ocr_carea' id='block_1_19' title="bbox 600 1803 2168 1875">
    <p class='ocr_par' dir='ltr' id='par_1_19' title="bbox 600 1803 2168 1875">
     <span class='ocr_line' id='line_1_19' title="bbox 600 1803 2168 1875; baseline -0.006 -11"><span class='ocrx_word' id='word_1_138' title='bbox 600 1813 806 1874; x_wconf 91' lang='lat' dir='ltr'><strong>tiatum,</strong></span> <span class='ocrx_word' id='word_1_139' title='bbox 834 1810 1009 1863; x_wconf 90' lang='lat' dir='ltr'><strong>vultus</strong></span> <span class='ocrx_word' id='word_1_140' title='bbox 1030 1823 1264 1863; x_wconf 65' lang='lat' dir='ltr'><strong>maerore</strong></span> <span class='ocrx_word' id='word_1_141' title='bbox 1283 1807 1621 1875; x_wconf 85' lang='lat' dir='ltr'><strong>deprimitur.</strong></span> <span class='ocrx_word' id='word_1_142' title='bbox 1644 1804 1910 1858; x_wconf 85' lang='lat' dir='ltr'><strong>Laetamur</strong></span> <span class='ocrx_word' id='word_1_143' title='bbox 1928 1803 1993 1857; x_wconf 92' lang='lat' dir='ltr'><strong>ad</strong></span> <span class='ocrx_word' id='word_1_144' title='bbox 2017 1820 2168 1856; x_wconf 82' lang='lat' dir='ltr'><strong>num-</strong></span> 
     </span>
    </p>
   </div>
   <div class='ocr_carea' id='block_1_20' title="bbox 597 1892 2167 1968">
    <p class='ocr_par' dir='ltr' id='par_1_20' title="bbox 597 1892 2167 1968">
     <span class='ocr_line' id='line_1_20' title="bbox 597 1892 2167 1968; baseline -0.006 -16"><span class='ocrx_word' id='word_1_145' title='bbox 597 1914 764 1961; x_wconf 88' lang='lat' dir='ltr'><strong>mum,</strong></span> <span class='ocrx_word' id='word_1_146' title='bbox 796 1898 868 1968; x_wconf 89' lang='lat' dir='ltr'><strong>(b)</strong></span> <span class='ocrx_word' id='word_1_147' title='bbox 898 1898 1054 1951; x_wconf 85' lang='lat' dir='ltr'><strong>obolo</strong></span> <span class='ocrx_word' id='word_1_148' title='bbox 1079 1897 1474 1950; x_wconf 85' lang='lat' dir='ltr'><strong>contristamur.</strong></span> <span class='ocrx_word' id='word_1_149' title='bbox 1504 1892 1657 1948; x_wconf 90' lang='lat' dir='ltr'><strong>Unde</strong></span> <span class='ocrx_word' id='word_1_150' title='bbox 1695 1908 1814 1947; x_wconf 91' lang='lat' dir='ltr'><strong>cum</strong></span> <span class='ocrx_word' id='word_1_151' title='bbox 1849 1894 1899 1946; x_wconf 93' lang='lat' dir='ltr'><strong>in</strong></span> <span class='ocrx_word' id='word_1_152' title='bbox 1938 1909 2040 1946; x_wconf 92' lang='lat' dir='ltr'><strong>uno</strong></span> <span class='ocrx_word' id='word_1_153' title='bbox 2072 1892 2167 1946; x_wconf 86' lang='lat' dir='ltr'><strong>bo-</strong></span> 
     </span>
    </p>
   </div>
   <div class='ocr_carea' id='block_1_21' title="bbox 595 1981 2164 2062">
    <p class='ocr_par' dir='ltr' id='par_1_21' title="bbox 595 1981 2164 2062">
     <span class='ocr_line' id='line_1_21' title="bbox 595 1981 2164 2062; baseline -0.001 -22"><span class='ocrx_word' id='word_1_154' title='bbox 595 1987 739 2040; x_wconf 91' lang='lat' dir='ltr'><strong>mine</strong></span> <span class='ocrx_word' id='word_1_155' title='bbox 781 1987 1079 2040; x_wconf 86' lang='lat' dir='ltr'><strong>animorum</strong></span> <span class='ocrx_word' id='word_1_156' title='bbox 1129 1995 1233 2037; x_wconf 89' lang='lat' dir='ltr'><strong>tam</strong></span> <span class='ocrx_word' id='word_1_157' title='bbox 1280 1985 1489 2038; x_wconf 87' lang='lat' dir='ltr'><strong>diversa</strong></span> <span class='ocrx_word' id='word_1_158' title='bbox 1539 1983 1608 2036; x_wconf 91' lang='lat' dir='ltr'><strong>sit</strong></span> <span class='ocrx_word' id='word_1_159' title='bbox 1656 1981 1852 2048; x_wconf 87' lang='lat' dir='ltr'><strong>facies,</strong></span> <span class='ocrx_word' id='word_1_160' title='bbox 1902 1983 2164 2062; x_wconf 77' lang='lat' dir='ltr'><strong>Propheta</strong></span> 
     </span>
    </p>
   </div>
   <div class='ocr_carea' id='block_1_22' title="bbox 595 2075 2163 2145">
    <p class='ocr_par' dir='ltr' id='par_1_22' title="bbox 595 2075 2163 2145">
     <span class='ocr_line' id='line_1_22' title="bbox 595 2075 2163 2145; baseline -0.001 -13"><span class='ocrx_word' id='word_1_161' title='bbox 595 2078 876 2132; x_wconf 90' lang='lat' dir='ltr'><strong>Dominum</strong></span> <span class='ocrx_word' id='word_1_162' title='bbox 905 2077 1242 2145; x_wconf 88' lang='lat' dir='ltr'><strong>deprecatur,</strong></span> <span class='ocrx_word' id='word_1_163' title='bbox 1272 2075 1491 2128; x_wconf 89' lang='lat' dir='ltr'><strong>dicens:</strong></span> <span class='ocrx_word' id='word_1_164' title='bbox 1531 2094 1549 2126; x_wconf 81' lang='grc' dir='ltr'><strong>ι</strong></span> <span class='ocrx_word' id='word_1_165' title='bbox 1584 2075 1835 2139; x_wconf 89' lang='lat' dir='ltr'><strong>Domine,</strong></span> <span class='ocrx_word' id='word_1_166' title='bbox 1867 2076 1916 2128; x_wconf 93' lang='lat' dir='ltr'><strong>in</strong></span> <span class='ocrx_word' id='word_1_167' title='bbox 1952 2077 2163 2131; x_wconf 83' lang='lat' dir='ltr'><strong>civitate</strong></span> 
     </span>
    </p>
   </div>
   <div class='ocr_carea' id='block_1_23' title="bbox 591 2166 2158 2238">
    <p class='ocr_par' dir='ltr' id='par_1_23' title="bbox 591 2166 2158 2238">
     <span class='ocr_line' id='line_1_23' title="bbox 591 2166 2158 2238; baseline -0.001 -16"><span class='ocrx_word' id='word_1_168' title='bbox 591 2181 678 2223; x_wconf 89' lang='lat' dir='ltr'><strong>tua</strong></span> <span class='ocrx_word' id='word_1_169' title='bbox 711 2169 994 2237; x_wconf 81' lang='lat' dir='ltr'><strong>imaginem</strong></span> <span class='ocrx_word' id='word_1_170' title='bbox 1041 2183 1226 2222; x_wconf 90' lang='lat' dir='ltr'><strong>eorum</strong></span> <span class='ocrx_word' id='word_1_171' title='bbox 1266 2167 1462 2235; x_wconf 90' lang='lat' dir='ltr'><strong>dissipa</strong></span> <span class='ocrx_word' id='word_1_172' title='bbox 1498 2187 1517 2220; x_wconf 84' lang='grc'><strong>›</strong></span> <span class='ocrx_word' id='word_1_173' title='bbox 1553 2167 1572 2238; x_wconf 96' lang='grc'>(</span> <span class='ocrx_word' id='word_1_174' title='bbox 1607 2166 1698 2220; x_wconf 91' lang='lat' dir='ltr'><strong>Ps.</strong></span> <span class='ocrx_word' id='word_1_175' title='bbox 1723 2168 1812 2220; x_wconf 72' lang='lat'><strong>72.</strong></span> <span class='ocrx_word' id='word_1_176' title='bbox 1839 2169 1909 2222; x_wconf 76' lang='lat'><strong>20</strong></span> <span class='ocrx_word' id='word_1_177' title='bbox 1941 2169 1982 2236; x_wconf 87' lang='lat'><strong>).</strong></span> <span class='ocrx_word' id='word_1_178' title='bbox 2026 2169 2158 2223; x_wconf 89' lang='lat' dir='ltr'><strong>Cum</strong></span> 
     </span>
    </p>
   </div>
   <div class='ocr_carea' id='block_1_24' title="bbox 587 2259 2159 2330">
    <p class='ocr_par' dir='ltr' id='par_1_24' title="bbox 587 2259 2159 2330">
     <span class='ocr_line' id='line_1_24' title="bbox 587 2259 2159 2330; baseline -0.003 -15"><span class='ocrx_word' id='word_1_179' title='bbox 587 2262 730 2315; x_wconf 90' lang='lat' dir='ltr'><strong>enim</strong></span> <span class='ocrx_word' id='word_1_180' title='bbox 761 2261 825 2314; x_wconf 91' lang='lat' dir='ltr'><strong>ad</strong></span> <span class='ocrx_word' id='word_1_181' title='bbox 855 2261 1135 2330; x_wconf 88' lang='lat' dir='ltr'><strong>imaginem</strong></span> <span class='ocrx_word' id='word_1_182' title='bbox 1166 2269 1221 2313; x_wconf 89' lang='lat' dir='ltr'><strong>et</strong></span> <span class='ocrx_word' id='word_1_183' title='bbox 1265 2259 1664 2313; x_wconf 87' lang='lat' dir='ltr'><strong>similitudinem</strong></span> <span class='ocrx_word' id='word_1_184' title='bbox 1710 2260 1800 2312; x_wconf 89' lang='lat' dir='ltr'><strong>Dei</strong></span> <span class='ocrx_word' id='word_1_185' title='bbox 1837 2260 2034 2313; x_wconf 83' lang='lat' dir='ltr'><strong>conditi</strong></span> <span class='ocrx_word' id='word_1_186' title='bbox 2083 2262 2159 2312; x_wconf 91' lang='lat' dir='ltr'><strong>si-</strong></span> 
     </span>
    </p>
   </div>
   <div class='ocr_carea' id='block_1_25' title="bbox 587 2350 2156 2418">
    <p class='ocr_par' dir='ltr' id='par_1_25' title="bbox 587 2350 2156 2418">
     <span class='ocr_line' id='line_1_25' title="bbox 587 2350 2156 2418; baseline -0.002 -12"><span class='ocrx_word' id='word_1_187' title='bbox 587 2367 729 2415; x_wconf 89' lang='lat' dir='ltr'><strong>mus,</strong></span> <span class='ocrx_word' id='word_1_188' title='bbox 761 2367 824 2405; x_wconf 80' lang='lat' dir='ltr'><strong>ex</strong></span> <span class='ocrx_word' id='word_1_189' title='bbox 851 2353 980 2404; x_wconf 91' lang='lat' dir='ltr'><strong>vitio</strong></span> <span class='ocrx_word' id='word_1_190' title='bbox 1009 2360 1196 2404; x_wconf 91' lang='lat' dir='ltr'><strong>nostro</strong></span> <span class='ocrx_word' id='word_1_191' title='bbox 1221 2364 1478 2418; x_wconf 88' lang='lat' dir='ltr'><strong>personas</strong></span> <span class='ocrx_word' id='word_1_192' title='bbox 1507 2350 1661 2403; x_wconf 91' lang='lat' dir='ltr'><strong>nobis</strong></span> <span class='ocrx_word' id='word_1_193' title='bbox 1689 2350 1947 2418; x_wconf 87' lang='lat' dir='ltr'><strong>plurimas</strong></span> <span class='ocrx_word' id='word_1_194' title='bbox 1973 2365 2156 2418; x_wconf 83' lang='lat' dir='ltr'><strong>super-</strong></span> 
     </span>
    </p>
   </div>
   <div class='ocr_carea' id='block_1_26' title="bbox 589 2440 2158 2510">
    <p class='ocr_par' dir='ltr' id='par_1_26' title="bbox 589 2440 2158 2510">
     <span class='ocr_line' id='line_1_26' title="bbox 589 2440 2158 2510; baseline -0.001 -13"><span class='ocrx_word' id='word_1_195' title='bbox 589 2442 911 2497; x_wconf 87' lang='lat' dir='ltr'><strong>inducimus.</strong></span> <span class='ocrx_word' id='word_1_196' title='bbox 941 2442 1008 2495; x_wconf 85' lang='lat' dir='ltr'><strong>Et</strong></span> <span class='ocrx_word' id='word_1_197' title='bbox 1047 2441 1316 2510; x_wconf 88' lang='lat' dir='ltr'><strong>quomodo</strong></span> <span class='ocrx_word' id='word_1_198' title='bbox 1348 2441 1398 2494; x_wconf 91' lang='lat' dir='ltr'><strong>in</strong></span> <span class='ocrx_word' id='word_1_199' title='bbox 1446 2440 1791 2494; x_wconf 84' lang='lat' dir='ltr'><strong>theatralibus</strong></span> <span class='ocrx_word' id='word_1_200' title='bbox 1819 2443 1991 2495; x_wconf 87' lang='lat' dir='ltr'><strong>scenis</strong></span> <span class='ocrx_word' id='word_1_201' title='bbox 2021 2457 2158 2496; x_wconf 84' lang='lat' dir='ltr'><strong>llttlls</strong></span> 
     </span>
    </p>
   </div>
   <div class='ocr_carea' id='block_1_27' title="bbox 588 2530 2152 2602">
    <p class='ocr_par' dir='ltr' id='par_1_27' title="bbox 588 2530 2152 2602">
     <span class='ocr_line' id='line_1_27' title="bbox 588 2530 2152 2602; baseline -0.001 -17"><span class='ocrx_word' id='word_1_202' title='bbox 588 2542 748 2602; x_wconf 87' lang='lat' dir='ltr'><strong>atque</strong></span> <span class='ocrx_word' id='word_1_203' title='bbox 772 2533 908 2586; x_wconf 88' lang='lat' dir='ltr'><strong>idem</strong></span> <span class='ocrx_word' id='word_1_204' title='bbox 932 2532 1140 2594; x_wconf 85' lang='lat' dir='ltr'><strong>histrio,</strong></span> <span class='ocrx_word' id='word_1_205' title='bbox 1167 2546 1307 2585; x_wconf 92' lang='lat' dir='ltr'><strong>nunc</strong></span> <span class='ocrx_word' id='word_1_206' title='bbox 1329 2530 1608 2584; x_wconf 84' lang='lat' dir='ltr'><strong>Herculem</strong></span> <span class='ocrx_word' id='word_1_207' title='bbox 1636 2531 1882 2585; x_wconf 90' lang='lat' dir='ltr'><strong>robustus</strong></span> <span class='ocrx_word' id='word_1_208' title='bbox 1901 2533 2152 2597; x_wconf 65' lang='lat' dir='ltr'><strong>ostendit,</strong></span> 
     </span>
    </p>
   </div>
   <div class='ocr_carea' id='block_1_28' title="bbox 588 2620 2153 2690">
    <p class='ocr_par' dir='ltr' id='par_1_28' title="bbox 588 2620 2153 2690">
     <span class='ocr_line' id='line_1_28' title="bbox 588 2620 2153 2690; baseline 0 -14"><span class='ocrx_word' id='word_1_209' title='bbox 588 2637 730 2676; x_wconf 89' lang='lat' dir='ltr'><strong>nunc</strong></span> <span class='ocrx_word' id='word_1_210' title='bbox 757 2622 934 2675; x_wconf 91' lang='lat' dir='ltr'><strong>mollis</strong></span> <span class='ocrx_word' id='word_1_211' title='bbox 960 2625 1011 2675; x_wconf 89' lang='lat' dir='ltr'><strong>in</strong></span> <span class='ocrx_word' id='word_1_212' title='bbox 1041 2620 1303 2675; x_wconf 87' lang='lat' dir='ltr'><strong>Venerem</strong></span> <span class='ocrx_word' id='word_1_213' title='bbox 1337 2621 1614 2690; x_wconf 75' lang='lat' dir='ltr'><strong>frangitur,</strong></span> <span class='ocrx_word' id='word_1_214' title='bbox 1647 2635 1786 2674; x_wconf 93' lang='lat' dir='ltr'><strong>nunc</strong></span> <span class='ocrx_word' id='word_1_215' title='bbox 1817 2621 2072 2676; x_wconf 88' lang='lat' dir='ltr'><strong>tremulus</strong></span> <span class='ocrx_word' id='word_1_216' title='bbox 2101 2622 2153 2676; x_wconf 92' lang='lat' dir='ltr'><strong>in</strong></span> 
     </span>
    </p>
   </div>
   <div class='ocr_carea' id='block_1_29' title="bbox 583 2711 2151 2783">
    <p class='ocr_par' dir='ltr' id='par_1_29' title="bbox 583 2711 2151 2783">
     <span class='ocr_line' id='line_1_29' title="bbox 583 2711 2151 2783; baseline 0 -17"><span class='ocrx_word' id='word_1_217' title='bbox 583 2713 836 2783; x_wconf 88' lang='lat' dir='ltr'><strong>Cybelem</strong></span> <span class='ocrx_word' id='word_1_218' title='bbox 865 2729 878 2764; x_wconf 91' lang='lat'><strong>:</strong></span> <span class='ocrx_word' id='word_1_219' title='bbox 909 2712 978 2764; x_wconf 91' lang='lat' dir='ltr'><strong>ita</strong></span> <span class='ocrx_word' id='word_1_220' title='bbox 1008 2721 1062 2765; x_wconf 93' lang='lat' dir='ltr'><strong>et</strong></span> <span class='ocrx_word' id='word_1_221' title='bbox 1089 2727 1186 2764; x_wconf 90' lang='lat' dir='ltr'><strong>nos</strong></span> <span class='ocrx_word' id='word_1_222' title='bbox 1217 2711 1325 2780; x_wconf 89' lang='lat' dir='ltr'><strong>(qui</strong></span> <span class='ocrx_word' id='word_1_223' title='bbox 1353 2712 1395 2763; x_wconf 92' lang='lat' dir='ltr'><strong>si</strong></span> <span class='ocrx_word' id='word_1_224' title='bbox 1423 2711 1488 2764; x_wconf 90' lang='lat' dir='ltr'><strong>de</strong></span> <span class='ocrx_word' id='word_1_225' title='bbox 1519 2711 1718 2764; x_wconf 92' lang='lat' dir='ltr'><strong>mundo</strong></span> <span class='ocrx_word' id='word_1_226' title='bbox 1746 2727 1850 2764; x_wconf 89' lang='lat' dir='ltr'><strong>non</strong></span> <span class='ocrx_word' id='word_1_227' title='bbox 1881 2726 2151 2773; x_wconf 86' lang='lat' dir='ltr'><strong>essemus,</strong></span> 
     </span>
    </p>
   </div>
   <div class='ocr_carea' id='block_1_30' title="bbox 581 2800 2151 2874">
    <p class='ocr_par' dir='ltr' id='par_1_30' title="bbox 581 2800 2151 2874">
     <span class='ocr_line' id='line_1_30' title="bbox 581 2800 2151 2874; baseline 0 -19"><span class='ocrx_word' id='word_1_228' title='bbox 581 2804 854 2856; x_wconf 90' lang='lat' dir='ltr'><strong>odiremur</strong></span> <span class='ocrx_word' id='word_1_229' title='bbox 881 2816 910 2854; x_wconf 92' lang='lat' dir='ltr'><strong>a</strong></span> <span class='ocrx_word' id='word_1_230' title='bbox 943 2800 1173 2872; x_wconf 90' lang='lat' dir='ltr'><strong>mundo)</strong></span> <span class='ocrx_word' id='word_1_231' title='bbox 1205 2810 1280 2854; x_wconf 93' lang='lat' dir='ltr'><strong>tot</strong></span> <span class='ocrx_word' id='word_1_232' title='bbox 1312 2800 1570 2854; x_wconf 88' lang='lat' dir='ltr'><strong>habemus</strong></span> <span class='ocrx_word' id='word_1_233' title='bbox 1595 2815 1943 2870; x_wconf 89' lang='lat' dir='ltr'><strong>personarum</strong></span> <span class='ocrx_word' id='word_1_234' title='bbox 1977 2801 2046 2874; x_wconf 88' lang='lat' dir='ltr'><strong>(c)</strong></span> <span class='ocrx_word' id='word_1_235' title='bbox 2075 2802 2151 2855; x_wconf 88' lang='lat' dir='ltr'><strong>si-</strong></span> 
     </span>
    </p>
   </div>
   <div class='ocr_carea' id='block_1_31' title="bbox 582 2893 1353 2961">
    <p class='ocr_par' dir='ltr' id='par_1_31' title="bbox 582 2893 1353 2961">
     <span class='ocr_line' id='line_1_31' title="bbox 582 2893 1353 2961; baseline -0.003 -14"><span class='ocrx_word' id='word_1_236' title='bbox 582 2893 931 2958; x_wconf 87' lang='lat' dir='ltr'><strong>militudines,</strong></span> <span class='ocrx_word' id='word_1_237' title='bbox 962 2901 1093 2961; x_wconf 91' lang='lat' dir='ltr'><strong>quot</strong></span> <span class='ocrx_word' id='word_1_238' title='bbox 1114 2901 1353 2960; x_wconf 90' lang='lat' dir='ltr'><strong>peccata.</strong></span> 
     </span>
    </p>
   </div>
   <div class='ocr_carea' id='block_1_32' title="bbox 651 2983 2149 3053">
    <p class='ocr_par' dir='ltr' id='par_1_32' title="bbox 651 2983 2149 3053">
     <span class='ocr_line' id='line_1_32' title="bbox 651 2983 2149 3053; baseline 0.003 -17"><span class='ocrx_word' id='word_1_239' title='bbox 651 2985 702 3036; x_wconf 82' lang='lat'><strong>5.</strong></span> <span class='ocrx_word' id='word_1_240' title='bbox 737 2984 1072 3051; x_wconf 87' lang='lat' dir='ltr'><strong>Quapropter</strong></span> <span class='ocrx_word' id='word_1_241' title='bbox 1112 2983 1233 3051; x_wconf 89' lang='lat' dir='ltr'><strong>quia</strong></span> <span class='ocrx_word' id='word_1_242' title='bbox 1266 2983 1426 3036; x_wconf 89' lang='lat' dir='ltr'><strong>multa</strong></span> <span class='ocrx_word' id='word_1_243' title='bbox 1466 2983 1575 3052; x_wconf 88' lang='lat' dir='ltr'><strong>jam</strong></span> <span class='ocrx_word' id='word_1_244' title='bbox 1606 2985 1728 3038; x_wconf 62' lang='lat' dir='ltr'><strong>vitae</strong></span> <span class='ocrx_word' id='word_1_245' title='bbox 1766 2985 1935 3053; x_wconf 89' lang='lat' dir='ltr'><strong>spatia</strong></span> <span class='ocrx_word' id='word_1_246' title='bbox 1973 2995 2149 3040; x_wconf 87' lang='lat' dir='ltr'><strong>trans-</strong></span> 
     </span>
    </p>
   </div>
   <div class='ocr_carea' id='block_1_33' title="bbox 577 3071 2146 3144">
    <p class='ocr_par' dir='ltr' id='par_1_33' title="bbox 577 3071 2146 3144">
     <span class='ocr_line' id='line_1_33' title="bbox 577 3071 2146 3144; baseline 0.001 -16"><span class='ocrx_word' id='word_1_247' title='bbox 577 3074 818 3129; x_wconf 82' lang='lat' dir='ltr'><strong>misimus</strong></span> <span class='ocrx_word' id='word_1_248' title='bbox 842 3071 1166 3135; x_wconf 83' lang='lat' dir='ltr'><strong>ﬂuctuando,</strong></span> <span class='ocrx_word' id='word_1_249' title='bbox 1190 3081 1242 3127; x_wconf 88' lang='lat' dir='ltr'><strong>et</strong></span> <span class='ocrx_word' id='word_1_250' title='bbox 1266 3073 1414 3126; x_wconf 81' lang='lat' dir='ltr'><strong>navis</strong></span> <span class='ocrx_word' id='word_1_251' title='bbox 1436 3081 1613 3128; x_wconf 86' lang='lat' dir='ltr'><strong>nostra</strong></span> <span class='ocrx_word' id='word_1_252' title='bbox 1636 3091 1772 3128; x_wconf 89' lang='lat' dir='ltr'><strong>nunc</strong></span> <span class='ocrx_word' id='word_1_253' title='bbox 1793 3075 2146 3144; x_wconf 81' lang='lat' dir='ltr'><strong>procellarum</strong></span> 
     </span>
    </p>
   </div>
   <div class='ocr_carea' id='block_1_34' title="bbox 576 3163 2149 3235">
    <p class='ocr_par' dir='ltr' id='par_1_34' title="bbox 576 3163 2149 3235">
     <span class='ocr_line' id='line_1_34' title="bbox 576 3163 2149 3235; baseline 0.001 -16"><span class='ocrx_word' id='word_1_254' title='bbox 576 3178 833 3219; x_wconf 90' lang='lat' dir='ltr'><strong>concussa</strong></span> <span class='ocrx_word' id='word_1_255' title='bbox 869 3163 1098 3226; x_wconf 88' lang='lat' dir='ltr'><strong>turbine,</strong></span> <span class='ocrx_word' id='word_1_256' title='bbox 1132 3178 1272 3217; x_wconf 90' lang='lat' dir='ltr'><strong>nunc</strong></span> <span class='ocrx_word' id='word_1_257' title='bbox 1301 3163 1638 3232; x_wconf 86' lang='lat' dir='ltr'><strong>scopulorum</strong></span> <span class='ocrx_word' id='word_1_258' title='bbox 1670 3164 2008 3220; x_wconf 90' lang='lat' dir='ltr'><strong>illusionibus</strong></span> <span class='ocrx_word' id='word_1_259' title='bbox 2034 3181 2149 3235; x_wconf 86' lang='lat' dir='ltr'><strong>per-</strong></span> 
     </span>
    </p>
   </div>
   <div class='ocr_carea' id='block_1_35' title="bbox 576 3253 2145 3327">
    <p class='ocr_par' dir='ltr' id='par_1_35' title="bbox 576 3253 2145 3327">
     <span class='ocr_line' id='line_1_35' title="bbox 576 3253 2145 3327; baseline 0.001 -17"><span class='ocrx_word' id='word_1_260' title='bbox 576 3256 744 3311; x_wconf 85' lang='lat' dir='ltr'><strong>forata</strong></span> <span class='ocrx_word' id='word_1_261' title='bbox 777 3266 858 3311; x_wconf 90' lang='lat' dir='ltr'><strong>est</strong></span> <span class='ocrx_word' id='word_1_262' title='bbox 888 3255 985 3327; x_wconf 66' lang='grc' dir='ltr'>[ιιι.</span> <span class='ocrx_word' id='word_1_263' title='bbox 1017 3253 1327 3326; x_wconf 84' lang='lat' dir='ltr'><strong>perturbata]</strong></span> <span class='ocrx_word' id='word_1_264' title='bbox 1348 3295 1363 3320; x_wconf 92' lang='lat'><strong>,</strong></span> <span class='ocrx_word' id='word_1_265' title='bbox 1407 3271 1526 3308; x_wconf 89' lang='lat' dir='ltr'><strong>cum</strong></span> <span class='ocrx_word' id='word_1_266' title='bbox 1554 3256 1780 3324; x_wconf 86' lang='lat' dir='ltr'><strong>primum</strong></span> <span class='ocrx_word' id='word_1_267' title='bbox 1810 3256 1965 3320; x_wconf 90' lang='lat' dir='ltr'><strong>licet,</strong></span> <span class='ocrx_word' id='word_1_268' title='bbox 1995 3259 2145 3326; x_wconf 91' lang='lat' dir='ltr'><strong>quasi</strong></span> 
     </span>
    </p>
   </div>
   <div class='ocr_carea' id='block_1_36' title="bbox 575 3345 2145 3416">
    <p class='ocr_par' dir='ltr' id='par_1_36' title="bbox 575 3345 2145 3416">
     <span class='ocr_line' id='line_1_36' title="bbox 575 3345 2145 3416; baseline 0.001 -16"><span class='ocrx_word' id='word_1_269' title='bbox 575 3357 784 3416; x_wconf 89' lang='lat' dir='ltr'><strong>portum</strong></span> <span class='ocrx_word' id='word_1_270' title='bbox 811 3345 1091 3416; x_wconf 81' lang='lat' dir='ltr'><strong>quemdam</strong></span> <span class='ocrx_word' id='word_1_271' title='bbox 1115 3355 1317 3398; x_wconf 88' lang='lat' dir='ltr'><strong>secreta</strong></span> <span class='ocrx_word' id='word_1_272' title='bbox 1345 3347 1481 3398; x_wconf 89' lang='lat' dir='ltr'><strong>ruris</strong></span> <span class='ocrx_word' id='word_1_273' title='bbox 1510 3346 1788 3401; x_wconf 88' lang='lat' dir='ltr'><strong>intremus.</strong></span> <span class='ocrx_word' id='word_1_274' title='bbox 1816 3346 1889 3401; x_wconf 91' lang='lat' dir='ltr'><strong>lbi</strong></span> <span class='ocrx_word' id='word_1_275' title='bbox 1915 3349 2145 3403; x_wconf 88' lang='lat' dir='ltr'><strong>cibarius</strong></span> 
     </span>
    </p>
   </div>
   <div class='ocr_carea' id='block_1_37' title="bbox 577 3433 2144 3505">
    <p class='ocr_par' dir='ltr' id='par_1_37' title="bbox 577 3433 2144 3505">
     <span class='ocr_line' id='line_1_37' title="bbox 577 3433 2144 3505; baseline 0.003 -18"><span class='ocrx_word' id='word_1_276' title='bbox 577 3436 812 3504; x_wconf 88' lang='lat' dir='ltr'><strong>panis,et</strong></span> <span class='ocrx_word' id='word_1_277' title='bbox 836 3435 951 3487; x_wconf 90' lang='lat' dir='ltr'><strong>olus</strong></span> <span class='ocrx_word' id='word_1_278' title='bbox 973 3435 1170 3487; x_wconf 90' lang='lat' dir='ltr'><strong>nostris</strong></span> <span class='ocrx_word' id='word_1_279' title='bbox 1197 3433 1437 3484; x_wconf 91' lang='lat' dir='ltr'><strong>manibus</strong></span> <span class='ocrx_word' id='word_1_280' title='bbox 1487 3433 1642 3504; x_wconf 68' lang='grc'><strong>194</strong></span> <span class='ocrx_word' id='word_1_281' title='bbox 1680 3435 1973 3505; x_wconf 77' lang='lat' dir='ltr'><strong>irrigatum,</strong></span> <span class='ocrx_word' id='word_1_282' title='bbox 1994 3448 2045 3490; x_wconf 91' lang='lat' dir='ltr'><strong>et</strong></span> <span class='ocrx_word' id='word_1_283' title='bbox 2063 3438 2144 3492; x_wconf 88' lang='lat' dir='ltr'><strong>lac</strong></span> 
     </span>
    </p>
   </div>
   <div class='ocr_carea' id='block_1_38' title="bbox 573 3521 2143 3589">
    <p class='ocr_par' dir='ltr' id='par_1_38' title="bbox 573 3521 2143 3589">
     <span class='ocr_line' id='line_1_38' title="bbox 573 3521 2143 3589; baseline 0.002 -11"><span class='ocrx_word' id='word_1_284' title='bbox 573 3524 778 3578; x_wconf 78' lang='lat' dir='ltr'><strong>delicia:</strong></span> <span class='ocrx_word' id='word_1_285' title='bbox 799 3524 1104 3585; x_wconf 60' lang='lat' dir='ltr'><strong>rusticanae,</strong></span> <span class='ocrx_word' id='word_1_286' title='bbox 1124 3522 1254 3574; x_wconf 86' lang='lat' dir='ltr'><strong>viles</strong></span> <span class='ocrx_word' id='word_1_287' title='bbox 1281 3521 1517 3589; x_wconf 86' lang='lat' dir='ltr'><strong>quidem,</strong></span> <span class='ocrx_word' id='word_1_288' title='bbox 1535 3523 1628 3576; x_wconf 90' lang='lat' dir='ltr'><strong>sed</strong></span> <span class='ocrx_word' id='word_1_289' title='bbox 1661 3523 1972 3578; x_wconf 90' lang='lat' dir='ltr'><strong>innocentes</strong></span> <span class='ocrx_word' id='word_1_290' title='bbox 1994 3527 2143 3581; x_wconf 89' lang='lat' dir='ltr'><strong>cibos</strong></span> 
     </span>
    </p>
   </div>
   <div class='ocr_carea' id='block_1_39' title="bbox 572 3609 2142 3684">
    <p class='ocr_par' dir='ltr' id='par_1_39' title="bbox 572 3609 2142 3684">
     <span class='ocr_line' id='line_1_39' title="bbox 572 3609 2142 3684; baseline 0.001 -17"><span class='ocrx_word' id='word_1_291' title='bbox 572 3613 810 3682; x_wconf 67' lang='lat' dir='ltr'><strong>praebent</strong></span> <span class='ocrx_word' id='word_1_292' title='bbox 837 3611 935 3684; x_wconf 91' lang='lat' dir='ltr'><strong>[al.</strong></span> <span class='ocrx_word' id='word_1_293' title='bbox 970 3609 1266 3681; x_wconf 68' lang='lat' dir='ltr'><strong>prabeant].</strong></span> <span class='ocrx_word' id='word_1_294' title='bbox 1300 3610 1370 3664; x_wconf 91' lang='lat' dir='ltr'><strong>Ita</strong></span> <span class='ocrx_word' id='word_1_295' title='bbox 1394 3611 1654 3677; x_wconf 81' lang='lat' dir='ltr'><strong>viventes,</strong></span> <span class='ocrx_word' id='word_1_296' title='bbox 1678 3628 1782 3665; x_wconf 91' lang='lat' dir='ltr'><strong>non</strong></span> <span class='ocrx_word' id='word_1_297' title='bbox 1809 3614 1877 3666; x_wconf 86' lang='lat' dir='ltr'><strong>ab</strong></span> <span class='ocrx_word' id='word_1_298' title='bbox 1901 3615 2142 3669; x_wconf 88' lang='lat' dir='ltr'><strong>oratione</strong></span> 
     </span>
    </p>
   </div>
   <div class='ocr_carea' id='block_1_40' title="bbox 569 3702 2140 3769">
    <p class='ocr_par' dir='ltr' id='par_1_40' title="bbox 569 3702 2140 3769">
     <span class='ocr_line' id='line_1_40' title="bbox 569 3702 2140 3769; baseline 0.002 -12"><span class='ocrx_word' id='word_1_299' title='bbox 569 3719 818 3769; x_wconf 88' lang='lat' dir='ltr'><strong>somnus,</strong></span> <span class='ocrx_word' id='word_1_300' title='bbox 853 3719 951 3757; x_wconf 91' lang='lat' dir='ltr'><strong>nec</strong></span> <span class='ocrx_word' id='word_1_301' title='bbox 979 3702 1227 3756; x_wconf 88' lang='lat' dir='ltr'><strong>saturitas</strong></span> <span class='ocrx_word' id='word_1_302' title='bbox 1258 3717 1285 3753; x_wconf 90' lang='lat' dir='ltr'><strong>a</strong></span> <span class='ocrx_word' id='word_1_303' title='bbox 1319 3703 1548 3756; x_wconf 90' lang='lat' dir='ltr'><strong>lectione</strong></span> <span class='ocrx_word' id='word_1_304' title='bbox 1579 3704 1868 3757; x_wconf 87' lang='lat' dir='ltr'><strong>revocabit.</strong></span> <span class='ocrx_word' id='word_1_305' title='bbox 1899 3704 1953 3760; x_wconf 91' lang='lat' dir='ltr'><strong>Si</strong></span> <span class='ocrx_word' id='word_1_306' title='bbox 1984 3715 2140 3760; x_wconf 63' lang='lat' dir='ltr'><strong>aestas</strong></span> 
     </span>
    </p>
   </div>
   <div class='ocr_carea' id='block_1_41' title="bbox 568 3792 2134 3862">
    <p class='ocr_par' dir='ltr' id='par_1_41' title="bbox 568 3792 2134 3862">
     <span class='ocr_line' id='line_1_41' title="bbox 568 3792 2134 3862; baseline 0.003 -16"><span class='ocrx_word' id='word_1_307' title='bbox 568 3805 670 3858; x_wconf 89' lang='lat' dir='ltr'><strong>est,</strong></span> <span class='ocrx_word' id='word_1_308' title='bbox 703 3803 964 3849; x_wconf 89' lang='lat' dir='ltr'><strong>secretum</strong></span> <span class='ocrx_word' id='word_1_309' title='bbox 995 3793 1200 3846; x_wconf 90' lang='lat' dir='ltr'><strong>arboris</strong></span> <span class='ocrx_word' id='word_1_310' title='bbox 1233 3792 1417 3846; x_wconf 89' lang='lat' dir='ltr'><strong>umbra</strong></span> <span class='ocrx_word' id='word_1_311' title='bbox 1444 3793 1718 3861; x_wconf 70' lang='lat' dir='ltr'><strong>prmbebit.</strong></span> <span class='ocrx_word' id='word_1_312' title='bbox 1749 3795 1802 3848; x_wconf 91' lang='lat' dir='ltr'><strong>Si</strong></span> <span class='ocrx_word' id='word_1_313' title='bbox 1830 3805 2134 3862; x_wconf 90' lang='lat' dir='ltr'><strong>autumnus,</strong></span> 
     </span>
    </p>
   </div>
   <div class='ocr_carea' id='block_1_42' title="bbox 566 3883 2134 3953">
    <p class='ocr_par' dir='ltr' id='par_1_42' title="bbox 566 3883 2134 3953">
     <span class='ocr_line' id='line_1_42' title="bbox 566 3883 2134 3953; baseline 0.004 -17"><span class='ocrx_word' id='word_1_314' title='bbox 566 3885 678 3953; x_wconf 83' lang='lat' dir='ltr'><strong>ipsa</strong></span> <span class='ocrx_word' id='word_1_315' title='bbox 733 3885 870 3938; x_wconf 84' lang='lat' dir='ltr'><strong>aeris</strong></span> <span class='ocrx_word' id='word_1_316' title='bbox 920 3883 1237 3953; x_wconf 86' lang='lat' dir='ltr'><strong>temperies,</strong></span> <span class='ocrx_word' id='word_1_317' title='bbox 1272 3891 1325 3936; x_wconf 89' lang='lat' dir='ltr'><strong>ct</strong></span> <span class='ocrx_word' id='word_1_318' title='bbox 1353 3892 1513 3936; x_wconf 87' lang='lat' dir='ltr'><strong>strata</strong></span> <span class='ocrx_word' id='word_1_319' title='bbox 1545 3885 1729 3938; x_wconf 89' lang='lat' dir='ltr'><strong>subter</strong></span> <span class='ocrx_word' id='word_1_320' title='bbox 1771 3885 1890 3938; x_wconf 88' lang='lat' dir='ltr'><strong>folia</strong></span> <span class='ocrx_word' id='word_1_321' title='bbox 1913 3927 1927 3951; x_wconf 94' lang='lat'><strong>,</strong></span> <span class='ocrx_word' id='word_1_322' title='bbox 1961 3886 2134 3942; x_wconf 89' lang='lat' dir='ltr'><strong>locum</strong></span> 
     </span>
    </p>
   </div>
   <div class='ocr_carea' id='block_1_43' title="bbox 565 3974 2136 4046">
    <p class='ocr_par' dir='ltr' id='par_1_43' title="bbox 565 3974 2136 4046">
     <span class='ocr_line' id='line_1_43' title="bbox 565 3974 2136 4046; baseline 0.006 -22"><span class='ocrx_word' id='word_1_323' title='bbox 565 3977 758 4044; x_wconf 86' lang='lat' dir='ltr'><strong>quietis</strong></span> <span class='ocrx_word' id='word_1_324' title='bbox 777 3975 1080 4029; x_wconf 91' lang='lat' dir='ltr'><strong>ostendent.</strong></span> <span class='ocrx_word' id='word_1_325' title='bbox 1111 3974 1242 4028; x_wconf 88' lang='lat' dir='ltr'><strong>Vere</strong></span> <span class='ocrx_word' id='word_1_326' title='bbox 1259 3990 1385 4044; x_wconf 85' lang='lat' dir='ltr'><strong>ager</strong></span> <span class='ocrx_word' id='word_1_327' title='bbox 1405 3975 1623 4030; x_wconf 83' lang='lat' dir='ltr'><strong>ﬂoribus</strong></span> <span class='ocrx_word' id='word_1_328' title='bbox 1647 3977 1896 4046; x_wconf 80' lang='lat' dir='ltr'><strong>pingitur,</strong></span> <span class='ocrx_word' id='word_1_329' title='bbox 1921 3987 1975 4032; x_wconf 89' lang='lat' dir='ltr'><strong>et</strong></span> <span class='ocrx_word' id='word_1_330' title='bbox 1996 3979 2136 4033; x_wconf 86' lang='lat' dir='ltr'><strong>inter</strong></span> 
     </span>
    </p>
   </div>
   <div class='ocr_carea' id='block_1_44' title="bbox 563 4065 2132 4140">
    <p class='ocr_par' dir='ltr' id='par_1_44' title="bbox 563 4065 2132 4140">
     <span class='ocr_line' id='line_1_44' title="bbox 563 4065 2132 4140; baseline 0.004 -21"><span class='ocrx_word' id='word_1_331' title='bbox 563 4067 814 4128; x_wconf 80' lang='lat' dir='ltr'><strong>querulas</strong></span> <span class='ocrx_word' id='word_1_332' title='bbox 842 4081 990 4129; x_wconf 90' lang='lat' dir='ltr'><strong>aves,</strong></span> <span class='ocrx_word' id='word_1_333' title='bbox 1024 4065 1220 4118; x_wconf 85' lang='lat' dir='ltr'><strong>Psalmi</strong></span> <span class='ocrx_word' id='word_1_334' title='bbox 1246 4067 1451 4120; x_wconf 89' lang='lat' dir='ltr'><strong>dulcius</strong></span> <span class='ocrx_word' id='word_1_335' title='bbox 1477 4069 1849 4122; x_wconf 86' lang='lat' dir='ltr'><strong>cantabuntnr.</strong></span> <span class='ocrx_word' id='word_1_336' title='bbox 1882 4069 1936 4124; x_wconf 89' lang='lat' dir='ltr'><strong>Si</strong></span> <span class='ocrx_word' id='word_1_337' title='bbox 1963 4071 2132 4140; x_wconf 89' lang='lat' dir='ltr'><strong>frigus</strong></span> 
     </span>
    </p>
   </div>
   <div class='ocr_carea' id='block_1_45' title="bbox 563 4154 2134 4227">
    <p class='ocr_par' dir='ltr' id='par_1_45' title="bbox 563 4154 2134 4227">
     <span class='ocr_line' id='line_1_45' title="bbox 563 4154 2134 4227; baseline 0.004 -19"><span class='ocrx_word' id='word_1_338' title='bbox 563 4154 722 4208; x_wconf 89' lang='lat' dir='ltr'><strong>fuerit</strong></span> <span class='ocrx_word' id='word_1_339' title='bbox 741 4164 794 4208; x_wconf 92' lang='lat' dir='ltr'><strong>et</strong></span> <span class='ocrx_word' id='word_1_340' title='bbox 824 4155 1092 4208; x_wconf 87' lang='lat' dir='ltr'><strong>brumales</strong></span> <span class='ocrx_word' id='word_1_341' title='bbox 1119 4158 1290 4221; x_wconf 91' lang='lat' dir='ltr'><strong>nives,</strong></span> <span class='ocrx_word' id='word_1_342' title='bbox 1325 4157 1462 4227; x_wconf 88' lang='lat' dir='ltr'><strong>ligna</strong></span> <span class='ocrx_word' id='word_1_343' title='bbox 1493 4174 1594 4212; x_wconf 89' lang='lat' dir='ltr'><strong>non</strong></span> <span class='ocrx_word' id='word_1_344' title='bbox 1619 4175 1857 4214; x_wconf 86' lang='lat' dir='ltr'><strong>coemam</strong></span> <span class='ocrx_word' id='word_1_345' title='bbox 1879 4200 1894 4224; x_wconf 92' lang='lat'><strong>,</strong></span> <span class='ocrx_word' id='word_1_346' title='bbox 1925 4171 1976 4214; x_wconf 91' lang='lat' dir='ltr'><strong>et</strong></span> <span class='ocrx_word' id='word_1_347' title='bbox 2007 4163 2134 4215; x_wconf 86' lang='lat' dir='ltr'><strong>cali-</strong></span> 
     </span>
    </p>
   </div>
   <div class='ocr_carea' id='block_1_46' title="bbox 561 4244 2130 4317">
    <p class='ocr_par' dir='ltr' id='par_1_46' title="bbox 561 4244 2130 4317">
     <span class='ocr_line' id='line_1_46' title="bbox 561 4244 2130 4317; baseline 0.005 -19"><span class='ocrx_word' id='word_1_348' title='bbox 561 4247 681 4298; x_wconf 88' lang='lat' dir='ltr'><strong>dius</strong></span> <span class='ocrx_word' id='word_1_349' title='bbox 707 4244 957 4314; x_wconf 83' lang='lat' dir='ltr'><strong>vigilabo,</strong></span> <span class='ocrx_word' id='word_1_350' title='bbox 989 4247 1068 4297; x_wconf 86' lang='lat' dir='ltr'><strong>vel</strong></span> <span class='ocrx_word' id='word_1_351' title='bbox 1099 4246 1382 4300; x_wconf 87' lang='lat' dir='ltr'><strong>dormiam.</strong></span> <span class='ocrx_word' id='word_1_352' title='bbox 1414 4245 1568 4300; x_wconf 88' lang='lat' dir='ltr'><strong>Certe</strong></span> <span class='ocrx_word' id='word_1_353' title='bbox 1594 4249 1731 4317; x_wconf 86' lang='lat' dir='ltr'><strong>quod</strong></span> <span class='ocrx_word' id='word_1_354' title='bbox 1759 4252 1944 4316; x_wconf 83' lang='lat' dir='ltr'><strong>sciam,</strong></span> <span class='ocrx_word' id='word_1_355' title='bbox 1976 4252 2130 4306; x_wconf 89' lang='lat' dir='ltr'><strong>vilius</strong></span> 
     </span>
    </p>
   </div>
   <div class='ocr_carea' id='block_1_47' title="bbox 559 4333 2127 4404">
    <p class='ocr_par' dir='ltr' id='par_1_47' title="bbox 559 4333 2127 4404">
     <span class='ocr_line' id='line_1_47' title="bbox 559 4333 2127 4404; baseline 0.005 -16"><span class='ocrx_word' id='word_1_356' title='bbox 559 4349 666 4388; x_wconf 91' lang='lat' dir='ltr'><strong>non</strong></span> <span class='ocrx_word' id='word_1_357' title='bbox 697 4333 902 4402; x_wconf 87' lang='lat' dir='ltr'><strong>algebo.</strong></span> <span class='ocrx_word' id='word_1_358' title='bbox 938 4334 1139 4388; x_wconf 85' lang='lat' dir='ltr'><strong>Habeat</strong></span> <span class='ocrx_word' id='word_1_359' title='bbox 1165 4337 1263 4389; x_wconf 87' lang='lat' dir='ltr'><strong>sibi</strong></span> <span class='ocrx_word' id='word_1_360' title='bbox 1296 4336 1460 4390; x_wconf 81' lang='lat' dir='ltr'><strong>Roma</strong></span> <span class='ocrx_word' id='word_1_361' title='bbox 1492 4351 1617 4390; x_wconf 92' lang='lat' dir='ltr'><strong>suos</strong></span> <span class='ocrx_word' id='word_1_362' title='bbox 1647 4342 1904 4394; x_wconf 88' lang='lat' dir='ltr'><strong>tumultus</strong></span> <span class='ocrx_word' id='word_1_363' title='bbox 1925 4383 1938 4404; x_wconf 95' lang='lat'><strong>,</strong></span> <span class='ocrx_word' id='word_1_364' title='bbox 1967 4357 2127 4397; x_wconf 91' lang='lat' dir='ltr'><strong>arena</strong></span> 
     </span>
    </p>
   </div>
   <div class='ocr_carea' id='block_1_48' title="bbox 558 4424 2126 4498">
    <p class='ocr_par' dir='ltr' id='par_1_48' title="bbox 558 4424 2126 4498">
     <span class='ocr_line' id='line_1_48' title="bbox 558 4424 2126 4498; baseline 0.005 -20"><span class='ocrx_word' id='word_1_365' title='bbox 558 4425 761 4485; x_wconf 61' lang='lat' dir='ltr'><strong>saeviat,</strong></span> <span class='ocrx_word' id='word_1_366' title='bbox 790 4425 963 4476; x_wconf 90' lang='lat' dir='ltr'><strong>circus</strong></span> <span class='ocrx_word' id='word_1_367' title='bbox 991 4424 1237 4488; x_wconf 84' lang='lat' dir='ltr'><strong>insaniat,</strong></span> <span class='ocrx_word' id='word_1_368' title='bbox 1266 4425 1468 4479; x_wconf 89' lang='lat' dir='ltr'><strong>theatra</strong></span> <span class='ocrx_word' id='word_1_369' title='bbox 1497 4427 1801 4494; x_wconf 83' lang='lat' dir='ltr'><strong>luxurient,</strong></span> <span class='ocrx_word' id='word_1_370' title='bbox 1833 4440 1886 4484; x_wconf 92' lang='lat' dir='ltr'><strong>et</strong></span> <span class='ocrx_word' id='word_1_371' title='bbox 1911 4432 2031 4498; x_wconf 90' lang='lat' dir='ltr'><strong>quia</strong></span> <span class='ocrx_word' id='word_1_372' title='bbox 2058 4432 2126 4486; x_wconf 87' lang='lat' dir='ltr'><strong>de</strong></span> 
     </span>
    </p>
   </div>
   <div class='ocr_carea' id='block_1_49' title="bbox 556 4515 2126 4587">
    <p class='ocr_par' dir='ltr' id='par_1_49' title="bbox 556 4515 2126 4587">
     <span class='ocr_line' id='line_1_49' title="bbox 556 4515 2126 4587; baseline 0.003 -15"><span class='ocrx_word' id='word_1_373' title='bbox 556 4517 755 4572; x_wconf 81' lang='lat' dir='ltr'><strong>nostris</strong></span> <span class='ocrx_word' id='word_1_374' title='bbox 783 4515 1064 4569; x_wconf 87' lang='lat' dir='ltr'><strong>dicendum</strong></span> <span class='ocrx_word' id='word_1_375' title='bbox 1090 4524 1171 4569; x_wconf 90' lang='lat' dir='ltr'><strong>est</strong></span> <span class='ocrx_word' id='word_1_376' title='bbox 1193 4557 1205 4573; x_wconf 87' lang='lat'><strong>.</strong></span> <span class='ocrx_word' id='word_1_377' title='bbox 1235 4525 1594 4570; x_wconf 90' lang='lat' dir='ltr'><strong>matronarum</strong></span> <span class='ocrx_word' id='word_1_378' title='bbox 1622 4521 1857 4587; x_wconf 88' lang='lat' dir='ltr'><strong>quotidie</strong></span> <span class='ocrx_word' id='word_1_379' title='bbox 1884 4523 2126 4576; x_wconf 84' lang='lat' dir='ltr'><strong>visitetur</strong></span> 
     </span>
    </p>
   </div>
   <div class='ocr_carea' id='block_1_50' title="bbox 552 4605 2123 4679">
    <p class='ocr_par' dir='ltr' id='par_1_50' title="bbox 552 4605 2123 4679">
     <span class='ocr_line' id='line_1_50' title="bbox 552 4605 2123 4679; baseline 0 -16"><span class='ocrx_word' id='word_1_380' title='bbox 552 4619 788 4662; x_wconf 79' lang='lat' dir='ltr'><strong>senatus.</strong></span> <span class='ocrx_word' id='word_1_381' title='bbox 817 4605 981 4660; x_wconf 84' lang='lat' dir='ltr'><strong>Nobis</strong></span> <span class='ocrx_word' id='word_1_382' title='bbox 1022 4605 1295 4659; x_wconf 61' lang='lat' dir='ltr'><strong>adhaerere</strong></span> <span class='ocrx_word' id='word_1_383' title='bbox 1328 4607 1550 4659; x_wconf 91' lang='lat' dir='ltr'><strong>Domino</strong></span> <span class='ocrx_word' id='word_1_384' title='bbox 1578 4608 1772 4662; x_wconf 88' lang='lat' dir='ltr'><strong>bonum</strong></span> <span class='ocrx_word' id='word_1_385' title='bbox 1800 4620 1879 4663; x_wconf 86' lang='lat' dir='ltr'><strong>est</strong></span> <span class='ocrx_word' id='word_1_386' title='bbox 1899 4653 1913 4674; x_wconf 95' lang='lat'><strong>,</strong></span> <span class='ocrx_word' id='word_1_387' title='bbox 1945 4621 1996 4664; x_wconf 90' lang='lat' dir='ltr'><strong>et</strong></span> <span class='ocrx_word' id='word_1_388' title='bbox 2027 4627 2123 4679; x_wconf 89' lang='lat' dir='ltr'><strong>po-</strong></span> 
     </span>
    </p>
   </div>
   <div class='ocr_carea' id='block_1_51' title="bbox 551 4695 2125 4766">
    <p class='ocr_par' dir='ltr' id='par_1_51' title="bbox 551 4695 2125 4766">
     <span class='ocr_line' id='line_1_51' title="bbox 551 4695 2125 4766; baseline 0.002 -16"><span class='ocrx_word' id='word_1_389' title='bbox 551 4713 676 4752; x_wconf 89' lang='lat' dir='ltr'><strong>ncre</strong></span> <span class='ocrx_word' id='word_1_390' title='bbox 708 4698 758 4750; x_wconf 94' lang='lat' dir='ltr'><strong>in</strong></span> <span class='ocrx_word' id='word_1_391' title='bbox 807 4696 1031 4750; x_wconf 91' lang='lat' dir='ltr'><strong>Domino</strong></span> <span class='ocrx_word' id='word_1_392' title='bbox 1070 4695 1178 4749; x_wconf 93' lang='lat' dir='ltr'><strong>Deo</strong></span> <span class='ocrx_word' id='word_1_393' title='bbox 1217 4711 1364 4764; x_wconf 90' lang='lat' dir='ltr'><strong>spem</strong></span> <span class='ocrx_word' id='word_1_394' title='bbox 1407 4705 1641 4749; x_wconf 89' lang='lat' dir='ltr'><strong>nostram</strong></span> <span class='ocrx_word' id='word_1_395' title='bbox 1678 4695 1861 4766; x_wconf 86' lang='lat' dir='ltr'><strong>(Psal.</strong></span> <span class='ocrx_word' id='word_1_396' title='bbox 1898 4697 1988 4766; x_wconf 75' lang='lat'><strong>72)</strong></span> <span class='ocrx_word' id='word_1_397' title='bbox 2020 4717 2032 4752; x_wconf 89' lang='lat'><strong>:</strong></span> <span class='ocrx_word' id='word_1_398' title='bbox 2068 4710 2125 4754; x_wconf 92' lang='lat' dir='ltr'><strong>ut</strong></span> 
     </span>
    </p>
   </div>
   <div class='ocr_carea' id='block_1_52' title="bbox 549 4785 2114 4855">
    <p class='ocr_par' dir='ltr' id='par_1_52' title="bbox 549 4785 2114 4855">
     <span class='ocr_line' id='line_1_52' title="bbox 549 4785 2114 4855; baseline 0.002 -16"><span class='ocrx_word' id='word_1_399' title='bbox 549 4802 666 4839; x_wconf 91' lang='lat' dir='ltr'><strong>cum</strong></span> <span class='ocrx_word' id='word_1_400' title='bbox 699 4795 1063 4855; x_wconf 83' lang='lat' dir='ltr'><strong>paupertatem</strong></span> <span class='ocrx_word' id='word_1_401' title='bbox 1096 4785 1249 4838; x_wconf 89' lang='lat' dir='ltr'><strong>istam</strong></span> <span class='ocrx_word' id='word_1_402' title='bbox 1275 4786 1529 4839; x_wconf 72' lang='lat' dir='ltr'><strong>caelorum</strong></span> <span class='ocrx_word' id='word_1_403' title='bbox 1565 4801 1723 4854; x_wconf 84' lang='lat' dir='ltr'><strong>regna</strong></span> <span class='ocrx_word' id='word_1_404' title='bbox 1767 4789 2114 4854; x_wconf 86' lang='lat' dir='ltr'><strong>mutaverint,</strong></span> 
     </span>
    </p>
   </div>
   <div class='ocr_carea' id='block_1_53' title="bbox 546 4877 2114 4946">
    <p class='ocr_par' dir='ltr' id='par_1_53' title="bbox 546 4877 2114 4946">
     <span class='ocr_line' id='line_1_53' title="bbox 546 4877 2114 4946; baseline 0.003 -18"><span class='ocrx_word' id='word_1_405' title='bbox 546 4891 888 4946; x_wconf 91' lang='lat' dir='ltr'><strong>erumpamus</strong></span> <span class='ocrx_word' id='word_1_406' title='bbox 917 4877 969 4930; x_wconf 93' lang='lat' dir='ltr'><strong>in</strong></span> <span class='ocrx_word' id='word_1_407' title='bbox 997 4892 1178 4930; x_wconf 90' lang='lat' dir='ltr'><strong>vocem</strong></span> <span class='ocrx_word' id='word_1_408' title='bbox 1205 4893 1217 4929; x_wconf 89' lang='lat'>:</span> <span class='ocrx_word' id='word_1_409' title='bbox 1259 4895 1276 4927; x_wconf 77' lang='grc' dir='ltr'><strong>ι</strong></span> <span class='ocrx_word' id='word_1_410' title='bbox 1305 4877 1441 4942; x_wconf 84' lang='lat' dir='ltr'><strong>Quid</strong></span> <span class='ocrx_word' id='word_1_411' title='bbox 1463 4877 1603 4930; x_wconf 91' lang='lat' dir='ltr'><strong>enim</strong></span> <span class='ocrx_word' id='word_1_412' title='bbox 1627 4878 1752 4930; x_wconf 88' lang='lat' dir='ltr'><strong>tnihi</strong></span> <span class='ocrx_word' id='word_1_413' title='bbox 1775 4888 1856 4933; x_wconf 90' lang='lat' dir='ltr'><strong>est</strong></span> <span class='ocrx_word' id='word_1_414' title='bbox 1885 4879 1937 4932; x_wconf 88' lang='lat' dir='ltr'><strong>in</strong></span> <span class='ocrx_word' id='word_1_415' title='bbox 1959 4881 2114 4944; x_wconf 63' lang='lat' dir='ltr'><strong>caelo,</strong></span> 
     </span>
    </p>
   </div>
   <div class='ocr_carea' id='block_1_54' title="bbox 544 4967 2114 5038">
    <p class='ocr_par' dir='ltr' id='par_1_54' title="bbox 544 4967 2114 5038">
     <span class='ocr_line' id='line_1_54' title="bbox 544 4967 2114 5038; baseline 0.004 -20"><span class='ocrx_word' id='word_1_416' title='bbox 544 4975 598 5018; x_wconf 93' lang='lat' dir='ltr'><strong>ct</strong></span> <span class='ocrx_word' id='word_1_417' title='bbox 624 4982 652 5019; x_wconf 89' lang='lat' dir='ltr'><strong>a</strong></span> <span class='ocrx_word' id='word_1_418' title='bbox 683 4977 732 5022; x_wconf 90' lang='lat' dir='ltr'><strong>te</strong></span> <span class='ocrx_word' id='word_1_419' title='bbox 779 4967 904 5038; x_wconf 86' lang='lat' dir='ltr'><strong>quid</strong></span> <span class='ocrx_word' id='word_1_420' title='bbox 944 4969 1084 5022; x_wconf 88' lang='lat' dir='ltr'><strong>volui</strong></span> <span class='ocrx_word' id='word_1_421' title='bbox 1115 4984 1276 5037; x_wconf 90' lang='lat' dir='ltr'><strong>super</strong></span> <span class='ocrx_word' id='word_1_422' title='bbox 1303 4967 1537 5022; x_wconf 89' lang='lat' dir='ltr'><strong>terram?</strong></span> <span class='ocrx_word' id='word_1_423' title='bbox 1567 4987 1586 5018; x_wconf 77' lang='grc' dir='ltr'><strong>ι</strong></span> <span class='ocrx_word' id='word_1_424' title='bbox 1620 4969 1736 5032; x_wconf 88' lang='lat' dir='ltr'><strong>Quo</strong></span> <span class='ocrx_word' id='word_1_425' title='bbox 1773 4969 1976 5023; x_wconf 91' lang='lat' dir='ltr'><strong>scilicet</strong></span> <span class='ocrx_word' id='word_1_426' title='bbox 1997 4985 2114 5025; x_wconf 92' lang='lat' dir='ltr'><strong>cum</strong></span> 
     </span>
    </p>
   </div>
   <div class='ocr_carea' id='block_1_55' title="bbox 613 5132 2110 5200">
    <p class='ocr_par' dir='ltr' id='par_1_55' title="bbox 613 5132 2110 5200">
     <span class='ocr_line' id='line_1_55' title="bbox 613 5132 2110 5200; baseline 0.002 -17"><span class='ocrx_word' id='word_1_427' title='bbox 613 5132 676 5200; x_wconf 79' lang='grc' dir='ltr'><strong>(α)</strong></span> <span class='ocrx_word' id='word_1_428' title='bbox 717 5135 833 5186; x_wconf 72' lang='lat' dir='ltr'><strong>Mss.</strong></span> <span class='ocrx_word' id='word_1_429' title='bbox 859 5135 1057 5200; x_wconf 79' lang='lat' dir='ltr'><strong>quidam</strong></span> <span class='ocrx_word' id='word_1_430' title='bbox 1067 5149 1129 5200; x_wconf 80' lang='lat' dir='ltr'><strong>ac</strong></span> <span class='ocrx_word' id='word_1_431' title='bbox 1151 5144 1292 5185; x_wconf 89' lang='lat' dir='ltr'><strong>vetus</strong></span> <span class='ocrx_word' id='word_1_432' title='bbox 1316 5136 1434 5186; x_wconf 82' lang='lat' dir='ltr'><strong>edit.</strong></span> <span class='ocrx_word' id='word_1_433' title='bbox 1459 5143 1562 5197; x_wconf 88' lang='lat' dir='ltr'><strong>post</strong></span> <span class='ocrx_word' id='word_1_434' title='bbox 1582 5134 1783 5184; x_wconf 86' lang='lat' dir='ltr'><strong>multum</strong></span> <span class='ocrx_word' id='word_1_435' title='bbox 1805 5135 2014 5187; x_wconf 83' lang='lat' dir='ltr'><strong>laborem</strong></span> <span class='ocrx_word' id='word_1_436' title='bbox 2037 5136 2110 5186; x_wconf 82' lang='lat' dir='ltr'><strong>la-</strong></span> 
     </span>
    </p>
   </div>
   <div class='ocr_carea' id='block_1_56' title="bbox 550 5190 1285 5254">
    <p class='ocr_par' dir='ltr' id='par_1_56' title="bbox 550 5190 1285 5254">
     <span class='ocr_line' id='line_1_56' title="bbox 550 5190 1285 5254; baseline 0.003 -13"><span class='ocrx_word' id='word_1_437' title='bbox 550 5190 721 5254; x_wconf 68' lang='lat' dir='ltr'><strong>bimur,</strong></span> <span class='ocrx_word' id='word_1_438' title='bbox 745 5204 789 5246; x_wconf 87' lang='lat' dir='ltr'><strong>et</strong></span> <span class='ocrx_word' id='word_1_439' title='bbox 825 5190 1162 5254; x_wconf 76' lang='lat' dir='ltr'><strong>ntitndialibus,</strong></span> <span class='ocrx_word' id='word_1_440' title='bbox 1191 5209 1285 5245; x_wconf 90' lang='lat' dir='ltr'><strong>etc.</strong></span> 
     </span>
    </p>
   </div>
   <div class='ocr_carea' id='block_1_57' title="bbox 613 5253 2111 5319">
    <p class='ocr_par' dir='ltr' id='par_1_57' title="bbox 613 5253 2111 5319">
     <span class='ocr_line' id='line_1_57' title="bbox 613 5253 2111 5319; baseline 0.004 -17"><span class='ocrx_word' id='word_1_441' title='bbox 613 5253 676 5319; x_wconf 77' lang='grc' dir='ltr'><strong>(ὸ)</strong></span> <span class='ocrx_word' id='word_1_442' title='bbox 705 5259 946 5305; x_wconf 75' lang='lat' dir='ltr'><strong>Victorius</strong></span> <span class='ocrx_word' id='word_1_443' title='bbox 965 5295 982 5319; x_wconf 47' lang='grc' dir='ltr'>ε</span> <span class='ocrx_word' id='word_1_444' title='bbox 998 5257 1179 5319; x_wconf 79' lang='lat' dir='ltr'><strong>aliique</strong></span> <span class='ocrx_word' id='word_1_445' title='bbox 1203 5259 1306 5307; x_wconf 87' lang='lat' dir='ltr'><strong>edit</strong></span> <span class='ocrx_word' id='word_1_446' title='bbox 1325 5256 1622 5306; x_wconf 86' lang='lat' dir='ltr'><strong>vetustiores</strong></span> <span class='ocrx_word' id='word_1_447' title='bbox 1643 5255 1817 5306; x_wconf 89' lang='lat' dir='ltr'><strong>amisso</strong></span> <span class='ocrx_word' id='word_1_448' title='bbox 1837 5257 1970 5307; x_wconf 81' lang='lat' dir='ltr'><strong>obolo</strong></span> <span class='ocrx_word' id='word_1_449' title='bbox 1986 5271 2007 5318; x_wconf 86' lang='lat'><strong><em>;</em></strong></span> <span class='ocrx_word' id='word_1_450' title='bbox 2023 5259 2111 5308; x_wconf 90' lang='lat' dir='ltr'><strong>sed</strong></span> 
     </span>
    </p>
   </div>
   <div class='ocr_carea' id='block_1_58' title="bbox 544 5317 1344 5376">
    <p class='ocr_par' dir='ltr' id='par_1_58' title="bbox 544 5317 1344 5376">
     <span class='ocr_line' id='line_1_58' title="bbox 544 5317 1344 5376; baseline 0.005 -17"><span class='ocrx_word' id='word_1_451' title='bbox 544 5317 752 5376; x_wconf 78' lang='lat' dir='ltr'><strong>priorem</strong></span> <span class='ocrx_word' id='word_1_452' title='bbox 774 5330 947 5364; x_wconf 89' lang='lat' dir='ltr'><strong>vocem</strong></span> <span class='ocrx_word' id='word_1_453' title='bbox 968 5317 1080 5364; x_wconf 76' lang='lat' dir='ltr'><strong>Mss.</strong></span> <span class='ocrx_word' id='word_1_454' title='bbox 1108 5319 1344 5376; x_wconf 75' lang='lat' dir='ltr'><strong>ignorant.</strong></span> 
     </span>
    </p>
   </div>
   <div class='ocr_carea' id='block_1_59' title="bbox 611 5373 2109 5434">
    <p class='ocr_par' dir='ltr' id='par_1_59' title="bbox 611 5373 2109 5434">
     <span class='ocr_line' id='line_1_59' title="bbox 611 5373 2109 5434; baseline 0.007 -16"><span class='ocrx_word' id='word_1_455' title='bbox 611 5373 669 5432; x_wconf 74' lang='grc' dir='ltr'><strong>(ε)</strong></span> <span class='ocrx_word' id='word_1_456' title='bbox 719 5375 1023 5434; x_wconf 71' lang='lat' dir='ltr'><strong>Martianaeus</strong></span> <span class='ocrx_word' id='word_1_457' title='bbox 1054 5373 1217 5434; x_wconf 87' lang='lat' dir='ltr'><strong>nullo,</strong></span> <span class='ocrx_word' id='word_1_458' title='bbox 1253 5386 1334 5426; x_wconf 89' lang='lat' dir='ltr'><strong>aut</strong></span> <span class='ocrx_word' id='word_1_459' title='bbox 1355 5377 1636 5434; x_wconf 82' lang='lat' dir='ltr'><strong>Hieronymi</strong></span> <span class='ocrx_word' id='word_1_460' title='bbox 1682 5380 1835 5427; x_wconf 90' lang='lat' dir='ltr'><strong>menti</strong></span> <span class='ocrx_word' id='word_1_461' title='bbox 1868 5381 2109 5429; x_wconf 88' lang='lat' dir='ltr'><strong>contrario</strong></span> 
     </span>
    </p>
   </div>
   <div class='ocr_carea' id='block_1_60' title="bbox 540 5432 2104 5500">
    <p class='ocr_par' dir='ltr' id='par_1_60' title="bbox 540 5432 2104 5500">
     <span class='ocr_line' id='line_1_60' title="bbox 540 5432 2104 5500; baseline 0.009 -27"><span class='ocrx_word' id='word_1_462' title='bbox 540 5441 684 5496; x_wconf 78' lang='lat' dir='ltr'><strong>sensu</strong></span> <span class='ocrx_word' id='word_1_463' title='bbox 701 5470 714 5488; x_wconf 86' lang='lat'><strong>,</strong></span> <span class='ocrx_word' id='word_1_464' title='bbox 739 5438 805 5480; x_wconf 90' lang='lat' dir='ltr'><strong>tot</strong></span> <span class='ocrx_word' id='word_1_465' title='bbox 834 5432 1057 5483; x_wconf 78' lang='lat' dir='ltr'><strong>habemus</strong></span> <span class='ocrx_word' id='word_1_466' title='bbox 1088 5432 1390 5500; x_wconf 64' lang='lat' dir='ltr'><strong>peccatorum</strong></span> <span class='ocrx_word' id='word_1_467' title='bbox 1407 5432 1762 5500; x_wconf 66' lang='lat' dir='ltr'><strong>similitudines</strong></span> <span class='ocrx_word' id='word_1_468' title='bbox 1779 5474 1793 5496; x_wconf 90' lang='lat'><strong>,</strong></span> <span class='ocrx_word' id='word_1_469' title='bbox 1821 5447 1916 5487; x_wconf 87' lang='lat' dir='ltr'><strong>etc.</strong></span> <span class='ocrx_word' id='word_1_470' title='bbox 1945 5439 2104 5500; x_wconf 82' lang='lat' dir='ltr'><strong>Repo-</strong></span> 
     </span>
    </p>
   </div>
   <div class='ocr_carea' id='block_1_61' title="bbox 541 5490 1658 5545">
    <p class='ocr_par' dir='ltr' id='par_1_61' title="bbox 541 5490 1658 5545">
     <span class='ocr_line' id='line_1_61' title="bbox 541 5490 1658 5545; baseline 0.01 -11"><span class='ocrx_word' id='word_1_471' title='bbox 541 5490 725 5535; x_wconf 80' lang='lat' dir='ltr'><strong>snimus</strong></span> <span class='ocrx_word' id='word_1_472' title='bbox 748 5502 1056 5545; x_wconf 79' lang='lat' dir='ltr'><strong>personarum</strong></span> <span class='ocrx_word' id='word_1_473' title='bbox 1080 5490 1140 5540; x_wconf 81' lang='lat' dir='ltr'><strong>ex</strong></span> <span class='ocrx_word' id='word_1_474' title='bbox 1168 5493 1277 5541; x_wconf 87' lang='lat' dir='ltr'><strong>aliis</strong></span> <span class='ocrx_word' id='word_1_475' title='bbox 1299 5497 1444 5543; x_wconf 83' lang='lat' dir='ltr'><strong>editis</strong></span> <span class='ocrx_word' id='word_1_476' title='bbox 1465 5508 1521 5542; x_wconf 88' lang='lat' dir='ltr'><strong>ac</strong></span> <span class='ocrx_word' id='word_1_477' title='bbox 1546 5497 1658 5544; x_wconf 75' lang='lat' dir='ltr'><strong>Mss.</strong></span> 
     </span>
    </p>
   </div>
   <div class='ocr_carea' id='block_1_62' title="bbox 598 5547 1592 5606">
    <p class='ocr_par' dir='ltr' id='par_1_62' title="bbox 598 5547 1592 5606">
     <span class='ocr_line' id='line_1_62' title="bbox 598 5547 1592 5606; baseline 0.013 -15"><span class='ocrx_word' id='word_1_478' title='bbox 598 5547 670 5606; x_wconf 92' lang='lat' dir='ltr'><strong>(l)</strong></span> <span class='ocrx_word' id='word_1_479' title='bbox 713 5549 784 5593; x_wconf 73' lang='lat' dir='ltr'><strong>Al.</strong></span> <span class='ocrx_word' id='word_1_480' title='bbox 813 5548 983 5596; x_wconf 83' lang='lat' dir='ltr'><strong>haberi</strong></span> <span class='ocrx_word' id='word_1_481' title='bbox 1005 5559 1135 5598; x_wconf 86' lang='lat' dir='ltr'><strong>notat</strong></span> <span class='ocrx_word' id='word_1_482' title='bbox 1160 5552 1363 5601; x_wconf 81' lang='lat' dir='ltr'><strong>Gravius</strong></span> <span class='ocrx_word' id='word_1_483' title='bbox 1384 5562 1592 5604; x_wconf 70' lang='lat' dir='ltr'><strong>erteros.</strong></span> 
     </span>
    </p>
   </div>
   <div class='ocr_carea' id='block_1_63' title="bbox 1903 149 2547 209">
    <p class='ocr_par' dir='ltr' id='par_1_63' title="bbox 1903 149 2547 209">
     <span class='ocr_line' id='line_1_63' title="bbox 1903 149 2547 209; baseline -0.011 0"><span class='ocrx_word' id='word_1_484' title='bbox 1903 154 1980 209; x_wconf 83' lang='lat' dir='ltr'><strong>SA</strong></span> <span class='ocrx_word' id='word_1_485' title='bbox 1990 150 2144 209; x_wconf 83' lang='lat' dir='ltr'><strong>NCTl</strong></span> <span class='ocrx_word' id='word_1_486' title='bbox 2181 149 2547 206; x_wconf 76' lang='lat' dir='ltr'><strong>lllERONYMl</strong></span> 
     </span>
    </p>
   </div>
   <div class='ocr_carea' id='block_1_64' title="bbox 3753 166 3845 212">
    <p class='ocr_par' dir='ltr' id='par_1_64' title="bbox 3753 166 3845 212">
     <span class='ocr_line' id='line_1_64' title="bbox 3753 166 3845 212; baseline 0.011 -2"><span class='ocrx_word' id='word_1_487' title='bbox 3753 166 3845 212; x_wconf 64' lang='grc' dir='ltr'>ιϊο</span> 
     </span>
    </p>
   </div>
   <div class='ocr_carea' id='block_1_65' title="bbox 2288 266 3848 342">
    <p class='ocr_par' dir='ltr' id='par_1_65' title="bbox 2288 266 3848 342">
     <span class='ocr_line' id='line_1_65' title="bbox 2288 266 3848 342; baseline 0.008 -24"><span class='ocrx_word' id='word_1_488' title='bbox 2288 273 2430 318; x_wconf 90' lang='lat' dir='ltr'><strong>tanta</strong></span> <span class='ocrx_word' id='word_1_489' title='bbox 2459 266 2787 334; x_wconf 90' lang='lat' dir='ltr'><strong>reperiamus</strong></span> <span class='ocrx_word' id='word_1_490' title='bbox 2816 267 2865 318; x_wconf 92' lang='lat' dir='ltr'><strong>in</strong></span> <span class='ocrx_word' id='word_1_491' title='bbox 2912 267 3078 333; x_wconf 77' lang='lat' dir='ltr'><strong>cmlo,</strong></span> <span class='ocrx_word' id='word_1_492' title='bbox 3113 281 3272 335; x_wconf 85' lang='lat' dir='ltr'><strong>parva</strong></span> <span class='ocrx_word' id='word_1_493' title='bbox 3295 277 3348 324; x_wconf 89' lang='lat' dir='ltr'><strong>et</strong></span> <span class='ocrx_word' id='word_1_494' title='bbox 3376 269 3572 325; x_wconf 84' lang='lat' dir='ltr'><strong>caduca</strong></span> <span class='ocrx_word' id='word_1_495' title='bbox 3599 275 3848 342; x_wconf 70' lang='lat' dir='ltr'><strong>qnmsisse</strong></span> 
     </span>
    </p>
   </div>
   <div class='ocr_carea' id='block_1_66' title="bbox 2286 355 3233 426">
    <p class='ocr_par' dir='ltr' id='par_1_66' title="bbox 2286 355 3233 426">
     <span class='ocr_line' id='line_1_66' title="bbox 2286 355 3233 426; baseline 0 -16"><span class='ocrx_word' id='word_1_496' title='bbox 2286 371 2382 411; x_wconf 89' lang='lat' dir='ltr'><strong>nos</strong></span> <span class='ocrx_word' id='word_1_497' title='bbox 2409 355 2684 410; x_wconf 90' lang='lat' dir='ltr'><strong>doleamus</strong></span> <span class='ocrx_word' id='word_1_498' title='bbox 2715 356 2764 408; x_wconf 92' lang='lat' dir='ltr'><strong>in</strong></span> <span class='ocrx_word' id='word_1_499' title='bbox 2795 364 2932 410; x_wconf 91' lang='lat' dir='ltr'><strong>terra</strong></span> <span class='ocrx_word' id='word_1_500' title='bbox 2964 357 3061 426; x_wconf 82' lang='lat' dir='ltr'><strong>(d).</strong></span> <span class='ocrx_word' id='word_1_501' title='bbox 3087 358 3233 412; x_wconf 81' lang='lat' dir='ltr'><strong>Vale.</strong></span> 
     </span>
    </p>
   </div>
   <div class='ocr_carea' id='block_1_67' title="bbox 2749 467 3396 540">
    <p class='ocr_par' dir='ltr' id='par_1_67' title="bbox 2749 467 3396 540">
     <span class='ocr_line' id='line_1_67' title="bbox 2749 467 3396 540; baseline 0.005 -20"><span class='ocrx_word' id='word_1_502' title='bbox 2749 467 3072 523; x_wconf 70' lang='lat' dir='ltr'><strong>EPISTULA</strong></span> <span class='ocrx_word' id='word_1_503' title='bbox 3114 469 3272 524; x_wconf 78' lang='lat' dir='ltr'><strong>xmv</strong></span> <span class='ocrx_word' id='word_1_504' title='bbox 3304 471 3396 540; x_wconf 72' lang='grc' dir='ltr'><strong>(ρ).</strong></span> 
     </span>
    </p>
   </div>
   <div class='ocr_carea' id='block_1_68' title="bbox 2836 581 3294 637">
    <p class='ocr_par' dir='ltr' id='par_1_68' title="bbox 2836 581 3294 637">
     <span class='ocr_line' id='line_1_68' title="bbox 2836 581 3294 637; baseline 0.007 -3"><span class='ocrx_word' id='word_1_505' title='bbox 2836 583 2915 634; x_wconf 82' lang='lat' dir='ltr'><strong>An</strong></span> <span class='ocrx_word' id='word_1_506' title='bbox 2944 581 3294 637; x_wconf 75' lang='lat' dir='ltr'><strong>MARCELLAII.</strong></span> 
     </span>
    </p>
   </div>
   <div class='ocr_carea' id='block_1_69' title="bbox 2852 695 3278 750">
    <p class='ocr_par' dir='ltr' id='par_1_69' title="bbox 2852 695 3278 750">
     <span class='ocr_line' id='line_1_69' title="bbox 2852 695 3278 750; baseline 0.005 -2"><span class='ocrx_word' id='word_1_507' title='bbox 2852 695 2932 749; x_wconf 87' lang='lat' dir='ltr'><strong>De</strong></span> <span class='ocrx_word' id='word_1_508' title='bbox 2962 696 3278 750; x_wconf 73' lang='lat' dir='ltr'><strong>Muneribus.</strong></span> 
     </span>
    </p>
   </div>
   <div class='ocr_carea' id='block_1_70' title="bbox 2284 800 3848 884">
    <p class='ocr_par' dir='ltr' id='par_1_70' title="bbox 2284 800 3848 884">
     <span class='ocr_line' id='line_1_70' title="bbox 2284 800 3848 884; baseline 0.01 -30"><span class='ocrx_word' id='word_1_509' title='bbox 2284 800 2590 856; x_wconf 75' lang='lat' dir='ltr'><strong>Munuscula</strong></span> <span class='ocrx_word' id='word_1_510' title='bbox 2620 805 2769 858; x_wconf 88' lang='lat' dir='ltr'><strong>missa</strong></span> <span class='ocrx_word' id='word_1_511' title='bbox 2797 821 2828 857; x_wconf 92' lang='lat' dir='ltr'><strong>a</strong></span> <span class='ocrx_word' id='word_1_512' title='bbox 2855 804 3130 872; x_wconf 78' lang='lat' dir='ltr'><strong>Marcella,</strong></span> <span class='ocrx_word' id='word_1_513' title='bbox 3163 808 3292 872; x_wconf 86' lang='lat' dir='ltr'><strong>sibi,</strong></span> <span class='ocrx_word' id='word_1_514' title='bbox 3321 818 3368 860; x_wconf 90' lang='lat' dir='ltr'><strong>et</strong></span> <span class='ocrx_word' id='word_1_515' title='bbox 3393 807 3610 873; x_wconf 69' lang='lat' dir='ltr'><strong>Paulaz,</strong></span> <span class='ocrx_word' id='word_1_516' title='bbox 3639 812 3848 884; x_wconf 64' lang='lat' dir='ltr'><strong>ﬁliaeque</strong></span> 
     </span>
    </p>
   </div>
   <div class='ocr_carea' id='block_1_71' title="bbox 2317 891 3809 969">
    <p class='ocr_par' dir='ltr' id='par_1_71' title="bbox 2317 891 3809 969">
     <span class='ocr_line' id='line_1_71' title="bbox 2317 891 3809 969; baseline 0.009 -26"><span class='ocrx_word' id='word_1_517' title='bbox 2317 892 2468 962; x_wconf 83' lang='lat' dir='ltr'><strong>hujus</strong></span> <span class='ocrx_word' id='word_1_518' title='bbox 2493 891 2789 960; x_wconf 82' lang='lat' dir='ltr'><strong>Eustochio,</strong></span> <span class='ocrx_word' id='word_1_519' title='bbox 2821 912 2909 963; x_wconf 85' lang='lat' dir='ltr'><strong>per</strong></span> <span class='ocrx_word' id='word_1_520' title='bbox 2927 896 3108 962; x_wconf 83' lang='lat' dir='ltr'><strong>jocum</strong></span> <span class='ocrx_word' id='word_1_521' title='bbox 3137 897 3416 967; x_wconf 83' lang='lat' dir='ltr'><strong>allegorice</strong></span> <span class='ocrx_word' id='word_1_522' title='bbox 3439 901 3809 969; x_wconf 85' lang='lat' dir='ltr'><strong>interpretatur.</strong></span> 
     </span>
    </p>
   </div>
   <div class='ocr_carea' id='block_1_72' title="bbox 2350 984 3846 1057">
    <p class='ocr_par' dir='ltr' id='par_1_72' title="bbox 2350 984 3846 1057">
     <span class='ocr_line' id='line_1_72' title="bbox 2350 984 3846 1057; baseline 0.006 -19"><span class='ocrx_word' id='word_1_523' title='bbox 2350 984 2419 1038; x_wconf 92' lang='lat' dir='ltr'><strong>Ut</strong></span> <span class='ocrx_word' id='word_1_524' title='bbox 2449 985 2742 1039; x_wconf 87' lang='lat' dir='ltr'><strong>absentiam</strong></span> <span class='ocrx_word' id='word_1_525' title='bbox 2786 1001 3104 1055; x_wconf 89' lang='lat' dir='ltr'><strong>corporum,</strong></span> <span class='ocrx_word' id='word_1_526' title='bbox 3149 988 3379 1057; x_wconf 88' lang='lat' dir='ltr'><strong>Spiritus</strong></span> <span class='ocrx_word' id='word_1_527' title='bbox 3423 990 3846 1054; x_wconf 89' lang='lat' dir='ltr'><strong>confabulatione</strong></span> 
     </span>
    </p>
   </div>
   <div class='ocr_carea' id='block_1_73' title="bbox 2279 1074 3846 1148">
    <p class='ocr_par' dir='ltr' id='par_1_73' title="bbox 2279 1074 3846 1148">
     <span class='ocr_line' id='line_1_73' title="bbox 2279 1074 3846 1148; baseline 0.006 -20"><span class='ocrx_word' id='word_1_528' title='bbox 2279 1075 2552 1130; x_wconf 88' lang='lat' dir='ltr'><strong>solemur:</strong></span> <span class='ocrx_word' id='word_1_529' title='bbox 2583 1074 2654 1147; x_wconf 74' lang='grc' dir='ltr'><strong>(ι’)</strong></span> <span class='ocrx_word' id='word_1_530' title='bbox 2684 1077 2806 1130; x_wconf 84' lang='lat' dir='ltr'><strong>facit</strong></span> <span class='ocrx_word' id='word_1_531' title='bbox 2846 1079 3208 1146; x_wconf 88' lang='lat' dir='ltr'><strong>unusquisque</strong></span> <span class='ocrx_word' id='word_1_532' title='bbox 3238 1081 3378 1148; x_wconf 88' lang='lat' dir='ltr'><strong>quod</strong></span> <span class='ocrx_word' id='word_1_533' title='bbox 3427 1082 3701 1148; x_wconf 69' lang='lat' dir='ltr'><strong>pra2valet.</strong></span> <span class='ocrx_word' id='word_1_534' title='bbox 3747 1084 3846 1138; x_wconf 76' lang='lat' dir='ltr'><strong>Vos</strong></span> 
     </span>
    </p>
   </div>
   <div class='ocr_carea' id='block_1_74' title="bbox 2276 1165 3845 1244">
    <p class='ocr_par' dir='ltr' id='par_1_74' title="bbox 2276 1165 3845 1244">
     <span class='ocr_line' id='line_1_74' title="bbox 2276 1165 3845 1244; baseline 0.007 -26"><span class='ocrx_word' id='word_1_535' title='bbox 2276 1165 2415 1220; x_wconf 85' lang='lat' dir='ltr'><strong>dona</strong></span> <span class='ocrx_word' id='word_1_536' title='bbox 2445 1168 2802 1222; x_wconf 84' lang='lat' dir='ltr'><strong>transmittitis</strong></span> <span class='ocrx_word' id='word_1_537' title='bbox 2828 1185 2841 1220; x_wconf 90' lang='lat'><strong>:</strong></span> <span class='ocrx_word' id='word_1_538' title='bbox 2872 1184 2972 1222; x_wconf 90' lang='lat' dir='ltr'><strong>nos</strong></span> <span class='ocrx_word' id='word_1_539' title='bbox 3000 1168 3269 1238; x_wconf 69' lang='lat' dir='ltr'><strong>Epistolas</strong></span> <span class='ocrx_word' id='word_1_540' title='bbox 3302 1172 3627 1227; x_wconf 87' lang='lat' dir='ltr'><strong>remittimus</strong></span> <span class='ocrx_word' id='word_1_541' title='bbox 3657 1177 3845 1244; x_wconf 85' lang='lat' dir='ltr'><strong>gratia-</strong></span> 
     </span>
    </p>
   </div>
   <div class='ocr_carea' id='block_1_75' title="bbox 2275 1258 3842 1331">
    <p class='ocr_par' dir='ltr' id='par_1_75' title="bbox 2275 1258 3842 1331">
     <span class='ocr_line' id='line_1_75' title="bbox 2275 1258 3842 1331; baseline 0.004 -19"><span class='ocrx_word' id='word_1_542' title='bbox 2275 1272 2414 1312; x_wconf 85' lang='lat' dir='ltr'><strong>rum.</strong></span> <span class='ocrx_word' id='word_1_543' title='bbox 2443 1258 2517 1311; x_wconf 84' lang='lat' dir='ltr'><strong>Ita</strong></span> <span class='ocrx_word' id='word_1_544' title='bbox 2549 1266 2724 1311; x_wconf 81' lang='lat' dir='ltr'><strong>tamen</strong></span> <span class='ocrx_word' id='word_1_545' title='bbox 2752 1266 2839 1322; x_wconf 93' lang='lat' dir='ltr'><strong>ut,</strong></span> <span class='ocrx_word' id='word_1_546' title='bbox 2875 1259 2998 1328; x_wconf 83' lang='lat' dir='ltr'><strong>quia</strong></span> <span class='ocrx_word' id='word_1_547' title='bbox 3028 1259 3324 1314; x_wconf 86' lang='lat' dir='ltr'><strong>velatarum</strong></span> <span class='ocrx_word' id='word_1_548' title='bbox 3352 1262 3616 1331; x_wconf 90' lang='lat' dir='ltr'><strong>virginum</strong></span> <span class='ocrx_word' id='word_1_549' title='bbox 3656 1280 3842 1320; x_wconf 91' lang='lat' dir='ltr'><strong>munus</strong></span> 
     </span>
    </p>
   </div>
   <div class='ocr_carea' id='block_1_76' title="bbox 2275 1349 3840 1423">
    <p class='ocr_par' dir='ltr' id='par_1_76' title="bbox 2275 1349 3840 1423">
     <span class='ocr_line' id='line_1_76' title="bbox 2275 1349 3840 1423; baseline 0.004 -21"><span class='ocrx_word' id='word_1_550' title='bbox 2275 1357 2354 1402; x_wconf 90' lang='lat' dir='ltr'><strong>est</strong></span> <span class='ocrx_word' id='word_1_551' title='bbox 2373 1387 2389 1413; x_wconf 92' lang='lat'><strong>,</strong></span> <span class='ocrx_word' id='word_1_552' title='bbox 2420 1349 2594 1417; x_wconf 88' lang='lat' dir='ltr'><strong>aliqua</strong></span> <span class='ocrx_word' id='word_1_553' title='bbox 2625 1349 2678 1401; x_wconf 92' lang='lat' dir='ltr'><strong>in</strong></span> <span class='ocrx_word' id='word_1_554' title='bbox 2701 1349 2830 1417; x_wconf 86' lang='lat' dir='ltr'><strong>ipsis</strong></span> <span class='ocrx_word' id='word_1_555' title='bbox 2850 1351 3179 1404; x_wconf 86' lang='lat' dir='ltr'><strong>munusculis</strong></span> <span class='ocrx_word' id='word_1_556' title='bbox 3203 1366 3323 1406; x_wconf 84' lang='lat' dir='ltr'><strong>esse</strong></span> <span class='ocrx_word' id='word_1_557' title='bbox 3349 1353 3597 1423; x_wconf 86' lang='lat' dir='ltr'><strong>mysteria</strong></span> <span class='ocrx_word' id='word_1_558' title='bbox 3622 1354 3840 1410; x_wconf 86' lang='lat' dir='ltr'><strong>demon-</strong></span> 
     </span>
    </p>
   </div>
   <div class='ocr_carea' id='block_1_77' title="bbox 2275 1439 3838 1512">
    <p class='ocr_par' dir='ltr' id='par_1_77' title="bbox 2275 1439 3838 1512">
     <span class='ocr_line' id='line_1_77' title="bbox 2275 1439 3838 1512; baseline 0.006 -20"><span class='ocrx_word' id='word_1_559' title='bbox 2275 1448 2524 1493; x_wconf 88' lang='lat' dir='ltr'><strong>stremus.</strong></span> <span class='ocrx_word' id='word_1_560' title='bbox 2553 1439 2776 1504; x_wconf 87' lang='lat' dir='ltr'><strong>Saccus,</strong></span> <span class='ocrx_word' id='word_1_561' title='bbox 2808 1441 3067 1494; x_wconf 88' lang='lat' dir='ltr'><strong>orationis</strong></span> <span class='ocrx_word' id='word_1_562' title='bbox 3094 1442 3306 1510; x_wconf 85' lang='lat' dir='ltr'><strong>signum</strong></span> <span class='ocrx_word' id='word_1_563' title='bbox 3332 1452 3491 1512; x_wconf 87' lang='lat' dir='ltr'><strong>atque</strong></span> <span class='ocrx_word' id='word_1_564' title='bbox 3515 1444 3701 1512; x_wconf 82' lang='lat' dir='ltr'><strong>jejunii</strong></span> <span class='ocrx_word' id='word_1_565' title='bbox 3741 1455 3838 1502; x_wconf 89' lang='lat' dir='ltr'><strong>est.</strong></span> 
     </span>
    </p>
   </div>
   <div class='ocr_carea' id='block_1_78' title="bbox 2275 1529 3840 1602">
    <p class='ocr_par' dir='ltr' id='par_1_78' title="bbox 2275 1529 3840 1602">
     <span class='ocr_line' id='line_1_78' title="bbox 2275 1529 3840 1602; baseline 0.006 -21"><span class='ocrx_word' id='word_1_566' title='bbox 2275 1529 2460 1593; x_wconf 76' lang='lat' dir='ltr'><strong>Sellze,</strong></span> <span class='ocrx_word' id='word_1_567' title='bbox 2495 1537 2550 1582; x_wconf 91' lang='lat' dir='ltr'><strong>ut</strong></span> <span class='ocrx_word' id='word_1_568' title='bbox 2594 1529 2741 1583; x_wconf 88' lang='lat' dir='ltr'><strong>foras</strong></span> <span class='ocrx_word' id='word_1_569' title='bbox 2768 1530 2934 1598; x_wconf 87' lang='lat' dir='ltr'><strong>pedes</strong></span> <span class='ocrx_word' id='word_1_570' title='bbox 2969 1531 3118 1600; x_wconf 85' lang='lat' dir='ltr'><strong>virgo</strong></span> <span class='ocrx_word' id='word_1_571' title='bbox 3159 1547 3264 1584; x_wconf 90' lang='lat' dir='ltr'><strong>non</strong></span> <span class='ocrx_word' id='word_1_572' title='bbox 3301 1543 3532 1587; x_wconf 89' lang='lat' dir='ltr'><strong>moveat.</strong></span> <span class='ocrx_word' id='word_1_573' title='bbox 3572 1534 3757 1602; x_wconf 88' lang='lat' dir='ltr'><strong>Cerei,</strong></span> <span class='ocrx_word' id='word_1_574' title='bbox 3789 1547 3840 1590; x_wconf 93' lang='lat' dir='ltr'><strong>ut</strong></span> 
     </span>
    </p>
   </div>
   <div class='ocr_carea' id='block_1_79' title="bbox 2273 1619 3840 1689">
    <p class='ocr_par' dir='ltr' id='par_1_79' title="bbox 2273 1619 3840 1689">
     <span class='ocr_line' id='line_1_79' title="bbox 2273 1619 3840 1689; baseline 0.006 -17"><span class='ocrx_word' id='word_1_575' title='bbox 2273 1633 2496 1674; x_wconf 91' lang='lat' dir='ltr'><strong>accenso</strong></span> <span class='ocrx_word' id='word_1_576' title='bbox 2517 1619 2715 1673; x_wconf 87' lang='lat' dir='ltr'><strong>lumine</strong></span> <span class='ocrx_word' id='word_1_577' title='bbox 2734 1659 2749 1684; x_wconf 93' lang='lat'><strong>,</strong></span> <span class='ocrx_word' id='word_1_578' title='bbox 2779 1620 2960 1687; x_wconf 89' lang='lat' dir='ltr'><strong>sponsi</strong></span> <span class='ocrx_word' id='word_1_579' title='bbox 2983 1629 3319 1689; x_wconf 82' lang='lat' dir='ltr'><strong>exspectetur</strong></span> <span class='ocrx_word' id='word_1_580' title='bbox 3337 1621 3616 1678; x_wconf 87' lang='lat' dir='ltr'><strong>adventus.</strong></span> <span class='ocrx_word' id='word_1_581' title='bbox 3639 1622 3840 1681; x_wconf 84' lang='lat' dir='ltr'><strong>Calices</strong></span> 
     </span>
    </p>
   </div>
   <div class='ocr_carea' id='block_1_80' title="bbox 2273 1709 3836 1780">
    <p class='ocr_par' dir='ltr' id='par_1_80' title="bbox 2273 1709 3836 1780">
     <span class='ocr_line' id='line_1_80' title="bbox 2273 1709 3836 1780; baseline 0.004 -19"><span class='ocrx_word' id='word_1_582' title='bbox 2273 1709 2732 1763; x_wconf 81' lang='lat' dir='ltr'><strong>mortificationem</strong></span> <span class='ocrx_word' id='word_1_583' title='bbox 2762 1710 2938 1763; x_wconf 88' lang='lat' dir='ltr'><strong>carnis</strong></span> <span class='ocrx_word' id='word_1_584' title='bbox 2962 1711 3268 1776; x_wconf 89' lang='lat' dir='ltr'><strong>ostendunt,</strong></span> <span class='ocrx_word' id='word_1_585' title='bbox 3298 1720 3350 1766; x_wconf 87' lang='lat' dir='ltr'><strong>et</strong></span> <span class='ocrx_word' id='word_1_586' title='bbox 3371 1726 3588 1780; x_wconf 87' lang='lat' dir='ltr'><strong>semper</strong></span> <span class='ocrx_word' id='word_1_587' title='bbox 3609 1715 3836 1768; x_wconf 87' lang='lat' dir='ltr'><strong>animum</strong></span> 
     </span>
    </p>
   </div>
   <div class='ocr_carea' id='block_1_81' title="bbox 2271 1799 3836 1871">
    <p class='ocr_par' dir='ltr' id='par_1_81' title="bbox 2271 1799 3836 1871">
     <span class='ocr_line' id='line_1_81' title="bbox 2271 1799 3836 1871; baseline 0.004 -20"><span class='ocrx_word' id='word_1_588' title='bbox 2271 1799 2336 1852; x_wconf 87' lang='lat' dir='ltr'><strong>ad</strong></span> <span class='ocrx_word' id='word_1_589' title='bbox 2380 1800 2694 1868; x_wconf 83' lang='lat' dir='ltr'><strong>martyrium</strong></span> <span class='ocrx_word' id='word_1_590' title='bbox 2745 1809 3122 1868; x_wconf 75' lang='lat' dir='ltr'><strong>pra-paratum.</strong></span> <span class='ocrx_word' id='word_1_591' title='bbox 3162 1818 3181 1851; x_wconf 76' lang='grc' dir='ltr'><strong>ι</strong></span> <span class='ocrx_word' id='word_1_592' title='bbox 3216 1800 3365 1854; x_wconf 84' lang='lat' dir='ltr'><strong>Calix</strong></span> <span class='ocrx_word' id='word_1_593' title='bbox 3408 1803 3594 1871; x_wconf 80' lang='lat' dir='ltr'><strong>quippe</strong></span> <span class='ocrx_word' id='word_1_594' title='bbox 3635 1803 3836 1859; x_wconf 89' lang='lat' dir='ltr'><strong>Domini</strong></span> 
     </span>
    </p>
   </div>
   <div class='ocr_carea' id='block_1_82' title="bbox 2272 1889 3833 1964">
    <p class='ocr_par' dir='ltr' id='par_1_82' title="bbox 2272 1889 3833 1964">
     <span class='ocr_line' id='line_1_82' title="bbox 2272 1889 3833 1964; baseline 0.004 -22"><span class='ocrx_word' id='word_1_595' title='bbox 2272 1889 2561 1954; x_wconf 90' lang='lat' dir='ltr'><strong>inebrians,</strong></span> <span class='ocrx_word' id='word_1_596' title='bbox 2581 1905 2736 1959; x_wconf 88' lang='lat' dir='ltr'><strong>quam</strong></span> <span class='ocrx_word' id='word_1_597' title='bbox 2756 1891 3045 1959; x_wconf 61' lang='lat' dir='ltr'><strong>praeclarus</strong></span> <span class='ocrx_word' id='word_1_598' title='bbox 3124 1892 3278 1963; x_wconf 79' lang='lat'><strong>195</strong></span> <span class='ocrx_word' id='word_1_599' title='bbox 3351 1903 3431 1946; x_wconf 93' lang='lat' dir='ltr'><strong>est</strong></span> <span class='ocrx_word' id='word_1_600' title='bbox 3451 1911 3471 1944; x_wconf 75' lang='grc' dir='ltr'><strong>ι</strong></span> <span class='ocrx_word' id='word_1_601' title='bbox 3498 1892 3611 1964; x_wconf 90' lang='lat' dir='ltr'><strong>(Ps.</strong></span> <span class='ocrx_word' id='word_1_602' title='bbox 3638 1893 3727 1948; x_wconf 70' lang='lat'><strong>22.</strong></span> <span class='ocrx_word' id='word_1_603' title='bbox 3759 1896 3833 1964; x_wconf 80' lang='lat'><strong>5).</strong></span> 
     </span>
    </p>
   </div>
   <div class='ocr_carea' id='block_1_83' title="bbox 2269 1980 3829 2054">
    <p class='ocr_par' dir='ltr' id='par_1_83' title="bbox 2269 1980 3829 2054">
     <span class='ocr_line' id='line_1_83' title="bbox 2269 1980 3829 2054; baseline 0.006 -23"><span class='ocrx_word' id='word_1_604' title='bbox 2269 1980 2420 2046; x_wconf 87' lang='lat' dir='ltr'><strong>Quod</strong></span> <span class='ocrx_word' id='word_1_605' title='bbox 2469 1989 2644 2034; x_wconf 90' lang='lat' dir='ltr'><strong>autem</strong></span> <span class='ocrx_word' id='word_1_606' title='bbox 2673 1989 2729 2034; x_wconf 90' lang='lat' dir='ltr'><strong>et</strong></span> <span class='ocrx_word' id='word_1_607' title='bbox 2755 1982 3010 2034; x_wconf 89' lang='lat' dir='ltr'><strong>matronis</strong></span> <span class='ocrx_word' id='word_1_608' title='bbox 3034 1981 3107 2050; x_wconf 90' lang='lat' dir='ltr'><strong>(g)</strong></span> <span class='ocrx_word' id='word_1_609' title='bbox 3135 1982 3339 2037; x_wconf 76' lang='lat' dir='ltr'><strong>offertis</strong></span> <span class='ocrx_word' id='word_1_610' title='bbox 3371 1986 3630 2037; x_wconf 89' lang='lat' dir='ltr'><strong>muscaria</strong></span> <span class='ocrx_word' id='word_1_611' title='bbox 3658 2000 3829 2054; x_wconf 79' lang='lat' dir='ltr'><strong>parva,</strong></span> 
     </span>
    </p>
   </div>
   <div class='ocr_carea' id='block_1_84' title="bbox 2270 2071 3828 2143">
    <p class='ocr_par' dir='ltr' id='par_1_84' title="bbox 2270 2071 3828 2143">
     <span class='ocr_line' id='line_1_84' title="bbox 2270 2071 3828 2143; baseline 0.005 -21"><span class='ocrx_word' id='word_1_612' title='bbox 2270 2072 2446 2138; x_wconf 80' lang='lat' dir='ltr'><strong>parvis</strong></span> <span class='ocrx_word' id='word_1_613' title='bbox 2458 2071 2774 2125; x_wconf 90' lang='lat' dir='ltr'><strong>animalibus</strong></span> <span class='ocrx_word' id='word_1_614' title='bbox 2789 2072 3158 2134; x_wconf 84' lang='lat' dir='ltr'><strong>eventilandis,</strong></span> <span class='ocrx_word' id='word_1_615' title='bbox 3175 2072 3388 2141; x_wconf 85' lang='lat' dir='ltr'><strong>elegans</strong></span> <span class='ocrx_word' id='word_1_616' title='bbox 3404 2073 3716 2143; x_wconf 78' lang='lat' dir='ltr'><strong>signiﬁcatio</strong></span> <span class='ocrx_word' id='word_1_617' title='bbox 3733 2087 3828 2142; x_wconf 86' lang='lat' dir='ltr'><strong>est,</strong></span> 
     </span>
    </p>
   </div>
   <div class='ocr_carea' id='block_1_85' title="bbox 2272 2160 3830 2234">
    <p class='ocr_par' dir='ltr' id='par_1_85' title="bbox 2272 2160 3830 2234">
     <span class='ocr_line' id='line_1_85' title="bbox 2272 2160 3830 2234; baseline 0.005 -21"><span class='ocrx_word' id='word_1_618' title='bbox 2272 2160 2469 2214; x_wconf 88' lang='lat' dir='ltr'><strong>debere</strong></span> <span class='ocrx_word' id='word_1_619' title='bbox 2499 2161 2756 2214; x_wconf 80' lang='lat' dir='ltr'><strong>luxuriam</strong></span> <span class='ocrx_word' id='word_1_620' title='bbox 2776 2163 2882 2215; x_wconf 92' lang='lat' dir='ltr'><strong>cito</strong></span> <span class='ocrx_word' id='word_1_621' title='bbox 2905 2163 3270 2231; x_wconf 89' lang='lat' dir='ltr'><strong>restinguere;</strong></span> <span class='ocrx_word' id='word_1_622' title='bbox 3301 2166 3422 2234; x_wconf 87' lang='lat' dir='ltr'><strong>quia</strong></span> <span class='ocrx_word' id='word_1_623' title='bbox 3444 2180 3639 2219; x_wconf 78' lang='lat' dir='ltr'><strong>musca:</strong></span> <span class='ocrx_word' id='word_1_624' title='bbox 3670 2169 3830 2221; x_wconf 84' lang='lat' dir='ltr'><strong>mori-</strong></span> 
     </span>
    </p>
   </div>
   <div class='ocr_carea' id='block_1_86' title="bbox 2268 2251 3832 2327">
    <p class='ocr_par' dir='ltr' id='par_1_86' title="bbox 2268 2251 3832 2327">
     <span class='ocr_line' id='line_1_86' title="bbox 2268 2251 3832 2327; baseline 0.006 -24"><span class='ocrx_word' id='word_1_625' title='bbox 2268 2259 2433 2314; x_wconf 71' lang='lat' dir='ltr'><strong>tum,</strong></span> <span class='ocrx_word' id='word_1_626' title='bbox 2476 2251 2652 2304; x_wconf 84' lang='lat' dir='ltr'><strong>oleum</strong></span> <span class='ocrx_word' id='word_1_627' title='bbox 2691 2252 2972 2306; x_wconf 88' lang='lat' dir='ltr'><strong>suavitatis</strong></span> <span class='ocrx_word' id='word_1_628' title='bbox 3013 2254 3391 2307; x_wconf 81' lang='lat' dir='ltr'><strong>exterminant.</strong></span> <span class='ocrx_word' id='word_1_629' title='bbox 3424 2256 3518 2309; x_wconf 91' lang='lat' dir='ltr'><strong>llic</strong></span> <span class='ocrx_word' id='word_1_630' title='bbox 3563 2265 3719 2327; x_wconf 85' lang='lat' dir='ltr'><strong>typus</strong></span> <span class='ocrx_word' id='word_1_631' title='bbox 3767 2260 3832 2313; x_wconf 85' lang='lat' dir='ltr'><strong>sit</strong></span> 
     </span>
    </p>
   </div>
   <div class='ocr_carea' id='block_1_87' title="bbox 2265 2341 3825 2413">
    <p class='ocr_par' dir='ltr' id='par_1_87' title="bbox 2265 2341 3825 2413">
     <span class='ocr_line' id='line_1_87' title="bbox 2265 2341 3825 2413; baseline 0.008 -23"><span class='ocrx_word' id='word_1_632' title='bbox 2265 2342 2524 2410; x_wconf 81' lang='lat' dir='ltr'><strong>virginum</strong></span> <span class='ocrx_word' id='word_1_633' title='bbox 2562 2359 2575 2395; x_wconf 91' lang='lat'><strong>:</strong></span> <span class='ocrx_word' id='word_1_634' title='bbox 2625 2341 2740 2396; x_wconf 65' lang='lat' dir='ltr'><strong>hinc</strong></span> <span class='ocrx_word' id='word_1_635' title='bbox 2783 2342 2949 2412; x_wconf 82' lang='lat' dir='ltr'><strong>ﬁgura</strong></span> <span class='ocrx_word' id='word_1_636' title='bbox 2992 2354 3379 2398; x_wconf 90' lang='lat' dir='ltr'><strong>matronarum.</strong></span> <span class='ocrx_word' id='word_1_637' title='bbox 3420 2345 3582 2400; x_wconf 86' lang='lat' dir='ltr'><strong>Nobis</strong></span> <span class='ocrx_word' id='word_1_638' title='bbox 3620 2357 3825 2413; x_wconf 85' lang='lat' dir='ltr'><strong>autem,</strong></span> 
     </span>
    </p>
   </div>
   <div class='ocr_carea' id='block_1_88' title="bbox 2265 2430 3827 2500">
    <p class='ocr_par' dir='ltr' id='par_1_88' title="bbox 2265 2430 3827 2500">
     <span class='ocr_line' id='line_1_88' title="bbox 2265 2430 3827 2500; baseline 0.008 -17"><span class='ocrx_word' id='word_1_639' title='bbox 2265 2430 2391 2484; x_wconf 90' lang='lat' dir='ltr'><strong>licet</strong></span> <span class='ocrx_word' id='word_1_640' title='bbox 2427 2431 2479 2484; x_wconf 91' lang='lat' dir='ltr'><strong>in</strong></span> <span class='ocrx_word' id='word_1_641' title='bbox 2511 2447 2816 2500; x_wconf 86' lang='lat' dir='ltr'><strong>perversum</strong></span> <span class='ocrx_word' id='word_1_642' title='bbox 2836 2474 2850 2496; x_wconf 92' lang='lat'><strong>,</strong></span> <span class='ocrx_word' id='word_1_643' title='bbox 2899 2449 3119 2488; x_wconf 91' lang='lat' dir='ltr'><strong>munera</strong></span> <span class='ocrx_word' id='word_1_644' title='bbox 3147 2445 3320 2489; x_wconf 88' lang='lat' dir='ltr'><strong>vestra</strong></span> <span class='ocrx_word' id='word_1_645' title='bbox 3349 2439 3708 2493; x_wconf 85' lang='lat' dir='ltr'><strong>conveniunt:</strong></span> <span class='ocrx_word' id='word_1_646' title='bbox 3737 2439 3827 2494; x_wconf 80' lang='lat' dir='ltr'><strong>Se-</strong></span> 
     </span>
    </p>
   </div>
   <div class='ocr_carea' id='block_1_89' title="bbox 2260 2522 3823 2598">
    <p class='ocr_par' dir='ltr' id='par_1_89' title="bbox 2260 2522 3823 2598">
     <span class='ocr_line' id='line_1_89' title="bbox 2260 2522 3823 2598; baseline 0.008 -23"><span class='ocrx_word' id='word_1_647' title='bbox 2260 2522 2390 2576; x_wconf 89' lang='lat' dir='ltr'><strong>dere</strong></span> <span class='ocrx_word' id='word_1_648' title='bbox 2419 2532 2600 2591; x_wconf 88' lang='lat' dir='ltr'><strong>aptum</strong></span> <span class='ocrx_word' id='word_1_649' title='bbox 2625 2533 2707 2578; x_wconf 91' lang='lat' dir='ltr'><strong>est</strong></span> <span class='ocrx_word' id='word_1_650' title='bbox 2733 2525 2940 2590; x_wconf 86' lang='lat' dir='ltr'><strong>otiosis,</strong></span> <span class='ocrx_word' id='word_1_651' title='bbox 2974 2526 3025 2579; x_wconf 91' lang='lat' dir='ltr'><strong>in</strong></span> <span class='ocrx_word' id='word_1_652' title='bbox 3053 2541 3209 2581; x_wconf 90' lang='lat' dir='ltr'><strong>sacco</strong></span> <span class='ocrx_word' id='word_1_653' title='bbox 3229 2531 3408 2595; x_wconf 90' lang='lat' dir='ltr'><strong>jacere</strong></span> <span class='ocrx_word' id='word_1_654' title='bbox 3431 2531 3823 2598; x_wconf 74' lang='lat' dir='ltr'><strong>pmnitentibus,</strong></span> 
     </span>
    </p>
   </div>
   <div class='ocr_carea' id='block_1_90' title="bbox 2259 2611 3825 2688">
    <p class='ocr_par' dir='ltr' id='par_1_90' title="bbox 2259 2611 3825 2688">
     <span class='ocr_line' id='line_1_90' title="bbox 2259 2611 3825 2688; baseline 0.009 -23"><span class='ocrx_word' id='word_1_655' title='bbox 2259 2613 2453 2666; x_wconf 85' lang='lat' dir='ltr'><strong>calices</strong></span> <span class='ocrx_word' id='word_1_656' title='bbox 2475 2611 2671 2668; x_wconf 88' lang='lat' dir='ltr'><strong>habere</strong></span> <span class='ocrx_word' id='word_1_657' title='bbox 2700 2616 3023 2683; x_wconf 89' lang='lat' dir='ltr'><strong>potantibus.</strong></span> <span class='ocrx_word' id='word_1_658' title='bbox 3050 2617 3197 2672; x_wconf 83' lang='lat' dir='ltr'><strong>Licet</strong></span> <span class='ocrx_word' id='word_1_659' title='bbox 3221 2629 3274 2672; x_wconf 93' lang='lat' dir='ltr'><strong>et</strong></span> <span class='ocrx_word' id='word_1_660' title='bbox 3301 2632 3517 2688; x_wconf 90' lang='lat' dir='ltr'><strong>propter</strong></span> <span class='ocrx_word' id='word_1_661' title='bbox 3542 2632 3825 2678; x_wconf 90' lang='lat' dir='ltr'><strong>nocturnos</strong></span> 
     </span>
    </p>
   </div>
   <div class='ocr_carea' id='block_1_91' title="bbox 2260 2706 3825 2775">
    <p class='ocr_par' dir='ltr' id='par_1_91' title="bbox 2260 2706 3825 2775">
     <span class='ocr_line' id='line_1_91' title="bbox 2260 2706 3825 2775; baseline 0.012 -21"><span class='ocrx_word' id='word_1_662' title='bbox 2260 2713 2465 2766; x_wconf 87' lang='lat' dir='ltr'><strong>metus,</strong></span> <span class='ocrx_word' id='word_1_663' title='bbox 2512 2714 2567 2759; x_wconf 91' lang='lat' dir='ltr'><strong>et</strong></span> <span class='ocrx_word' id='word_1_664' title='bbox 2603 2706 2813 2761; x_wconf 87' lang='lat' dir='ltr'><strong>animos</strong></span> <span class='ocrx_word' id='word_1_665' title='bbox 2851 2721 3065 2775; x_wconf 89' lang='lat' dir='ltr'><strong>semper</strong></span> <span class='ocrx_word' id='word_1_666' title='bbox 3104 2710 3242 2763; x_wconf 91' lang='lat' dir='ltr'><strong>malo</strong></span> <span class='ocrx_word' id='word_1_667' title='bbox 3278 2713 3618 2768; x_wconf 76' lang='lat' dir='ltr'><strong>conscientia:</strong></span> <span class='ocrx_word' id='word_1_668' title='bbox 3645 2714 3825 2772; x_wconf 88' lang='lat' dir='ltr'><strong>formi-</strong></span> 
     </span>
    </p>
   </div>
   <div class='ocr_carea' id='block_1_92' title="bbox 2258 2791 3604 2870">
    <p class='ocr_par' dir='ltr' id='par_1_92' title="bbox 2258 2791 3604 2870">
     <span class='ocr_line' id='line_1_92' title="bbox 2258 2791 3604 2870; baseline 0.01 -26"><span class='ocrx_word' id='word_1_669' title='bbox 2258 2791 2468 2860; x_wconf 88' lang='lat' dir='ltr'><strong>dantes,</strong></span> <span class='ocrx_word' id='word_1_670' title='bbox 2495 2808 2684 2850; x_wconf 89' lang='lat' dir='ltr'><strong>cereos</strong></span> <span class='ocrx_word' id='word_1_671' title='bbox 2708 2811 2919 2865; x_wconf 88' lang='lat' dir='ltr'><strong>quoque</strong></span> <span class='ocrx_word' id='word_1_672' title='bbox 2944 2799 3254 2854; x_wconf 90' lang='lat' dir='ltr'><strong>accendisse</strong></span> <span class='ocrx_word' id='word_1_673' title='bbox 3278 2805 3348 2855; x_wconf 88' lang='lat' dir='ltr'><strong>sit</strong></span> <span class='ocrx_word' id='word_1_674' title='bbox 3373 2796 3604 2870; x_wconf 84' lang='lat' dir='ltr'><strong>gratum.</strong></span> 
     </span>
    </p>
   </div>
   <div class='ocr_carea' id='block_1_93' title="bbox 2725 2906 3357 2982">
    <p class='ocr_par' dir='ltr' id='par_1_93' title="bbox 2725 2906 3357 2982">
     <span class='ocr_line' id='line_1_93' title="bbox 2725 2906 3357 2982; baseline 0.011 -23"><span class='ocrx_word' id='word_1_675' title='bbox 2725 2906 3048 2962; x_wconf 78' lang='lat' dir='ltr'><strong>EPISTOLA</strong></span> <span class='ocrx_word' id='word_1_676' title='bbox 3090 2908 3228 2963; x_wconf 80' lang='lat' dir='ltr'><strong>XLV</strong></span> <span class='ocrx_word' id='word_1_677' title='bbox 3255 2911 3357 2982; x_wconf 76' lang='lat' dir='ltr'><strong>(lt).</strong></span> 
     </span>
    </p>
   </div>
   <div class='ocr_carea' id='block_1_94' title="bbox 2853 3023 3228 3079">
    <p class='ocr_par' dir='ltr' id='par_1_94' title="bbox 2853 3023 3228 3079">
     <span class='ocr_line' id='line_1_94' title="bbox 2853 3023 3228 3079; baseline 0.013 -5"><span class='ocrx_word' id='word_1_678' title='bbox 2853 3024 2932 3075; x_wconf 84' lang='lat' dir='ltr'><strong>An</strong></span> <span class='ocrx_word' id='word_1_679' title='bbox 2965 3023 3228 3079; x_wconf 73' lang='lat' dir='ltr'><strong>ASELLAII.</strong></span> 
     </span>
    </p>
   </div>
   <div class='ocr_carea' id='block_1_95' title="bbox 2255 3127 3818 3212">
    <p class='ocr_par' dir='ltr' id='par_1_95' title="bbox 2255 3127 3818 3212">
     <span class='ocr_line' id='line_1_95' title="bbox 2255 3127 3818 3212; baseline 0.01 -28"><span class='ocrx_word' id='word_1_680' title='bbox 2255 3127 2483 3196; x_wconf 82' lang='lat' dir='ltr'><strong>Navem,</strong></span> <span class='ocrx_word' id='word_1_681' title='bbox 2516 3129 2681 3186; x_wconf 88' lang='lat' dir='ltr'><strong>Roma</strong></span> <span class='ocrx_word' id='word_1_682' title='bbox 2708 3132 3049 3200; x_wconf 76' lang='lat' dir='ltr'><strong>discessurus,</strong></span> <span class='ocrx_word' id='word_1_683' title='bbox 3082 3139 3443 3202; x_wconf 80' lang='lat' dir='ltr'><strong>conscendens,</strong></span> <span class='ocrx_word' id='word_1_684' title='bbox 3476 3153 3658 3212; x_wconf 84' lang='lat' dir='ltr'><strong>purgat</strong></span> <span class='ocrx_word' id='word_1_685' title='bbox 3684 3161 3737 3198; x_wconf 88' lang='lat' dir='ltr'><strong>se</strong></span> <span class='ocrx_word' id='word_1_686' title='bbox 3758 3146 3818 3198; x_wconf 88' lang='lat' dir='ltr'><strong>ab</strong></span> 
     </span>
    </p>
   </div>
   <div class='ocr_carea' id='block_1_96' title="bbox 2321 3222 3817 3299">
    <p class='ocr_par' dir='ltr' id='par_1_96' title="bbox 2321 3222 3817 3299">
     <span class='ocr_line' id='line_1_96' title="bbox 2321 3222 3817 3299; baseline 0.01 -25"><span class='ocrx_word' id='word_1_687' title='bbox 2321 3222 2707 3276; x_wconf 84' lang='lat' dir='ltr'><strong>obtrectatorum</strong></span> <span class='ocrx_word' id='word_1_688' title='bbox 2727 3223 3013 3292; x_wconf 86' lang='lat' dir='ltr'><strong>calumniis,</strong></span> <span class='ocrx_word' id='word_1_689' title='bbox 3040 3227 3178 3296; x_wconf 85' lang='lat' dir='ltr'><strong>apud</strong></span> <span class='ocrx_word' id='word_1_690' title='bbox 3195 3243 3318 3296; x_wconf 87' lang='lat' dir='ltr'><strong>quos</strong></span> <span class='ocrx_word' id='word_1_691' title='bbox 3339 3229 3513 3299; x_wconf 87' lang='lat' dir='ltr'><strong>ingens</strong></span> <span class='ocrx_word' id='word_1_692' title='bbox 3531 3233 3626 3286; x_wconf 87' lang='lat' dir='ltr'><strong>sibi</strong></span> <span class='ocrx_word' id='word_1_693' title='bbox 3647 3234 3817 3289; x_wconf 82' lang='lat' dir='ltr'><strong>odium</strong></span> 
     </span>
    </p>
   </div>
   <div class='ocr_carea' id='block_1_97' title="bbox 2320 3313 3816 3391">
    <p class='ocr_par' dir='ltr' id='par_1_97' title="bbox 2320 3313 3816 3391">
     <span class='ocr_line' id='line_1_97' title="bbox 2320 3313 3816 3391; baseline 0.009 -26"><span class='ocrx_word' id='word_1_694' title='bbox 2320 3314 2644 3381; x_wconf 83' lang='lat' dir='ltr'><strong>con/laverat,</strong></span> <span class='ocrx_word' id='word_1_695' title='bbox 2677 3314 2812 3383; x_wconf 86' lang='lat' dir='ltr'><strong>quod</strong></span> <span class='ocrx_word' id='word_1_696' title='bbox 2841 3313 3098 3381; x_wconf 88' lang='lat' dir='ltr'><strong>Paulam,</strong></span> <span class='ocrx_word' id='word_1_697' title='bbox 3125 3326 3172 3370; x_wconf 91' lang='lat' dir='ltr'><strong>et</strong></span> <span class='ocrx_word' id='word_1_698' title='bbox 3193 3315 3520 3374; x_wconf 83' lang='lat' dir='ltr'><strong>Eustochium</strong></span> <span class='ocrx_word' id='word_1_699' title='bbox 3550 3323 3816 3391; x_wconf 79' lang='lat' dir='ltr'><strong>primarius</strong></span> 
     </span>
    </p>
   </div>
   <div class='ocr_carea' id='block_1_98' title="bbox 2321 3403 3617 3472">
    <p class='ocr_par' dir='ltr' id='par_1_98' title="bbox 2321 3403 3617 3472">
     <span class='ocr_line' id='line_1_98' title="bbox 2321 3403 3617 3472; baseline 0.011 -19"><span class='ocrx_word' id='word_1_700' title='bbox 2321 3403 2535 3472; x_wconf 81' lang='lat' dir='ltr'><strong>feminas</strong></span> <span class='ocrx_word' id='word_1_701' title='bbox 2564 3405 2796 3458; x_wconf 75' lang='lat' dir='ltr'><strong>traxisset</strong></span> <span class='ocrx_word' id='word_1_702' title='bbox 2820 3405 2888 3457; x_wconf 88' lang='lat' dir='ltr'><strong>ad</strong></span> <span class='ocrx_word' id='word_1_703' title='bbox 2915 3403 3286 3460; x_wconf 78' lang='lat' dir='ltr'><strong>Monachorum</strong></span> <span class='ocrx_word' id='word_1_704' title='bbox 3315 3409 3617 3466; x_wconf 82' lang='lat' dir='ltr'><strong>institutum.</strong></span> 
     </span>
    </p>
   </div>
   <div class='ocr_carea' id='block_1_99' title="bbox 2320 3517 3810 3595">
    <p class='ocr_par' dir='ltr' id='par_1_99' title="bbox 2320 3517 3810 3595">
     <span class='ocr_line' id='line_1_99' title="bbox 2320 3517 3810 3595; baseline 0.009 -24"><span class='ocrx_word' id='word_1_705' title='bbox 2320 3519 2373 3572; x_wconf 79' lang='grc'><strong>1.</strong></span> <span class='ocrx_word' id='word_1_706' title='bbox 2406 3517 2462 3572; x_wconf 93' lang='lat' dir='ltr'><strong>Si</strong></span> <span class='ocrx_word' id='word_1_707' title='bbox 2510 3518 2600 3572; x_wconf 91' lang='lat' dir='ltr'><strong>tibi</strong></span> <span class='ocrx_word' id='word_1_708' title='bbox 2643 3529 2819 3587; x_wconf 90' lang='lat' dir='ltr'><strong>putem</strong></span> <span class='ocrx_word' id='word_1_709' title='bbox 2849 3522 3046 3590; x_wconf 88' lang='lat' dir='ltr'><strong>gratias</strong></span> <span class='ocrx_word' id='word_1_710' title='bbox 3085 3537 3114 3576; x_wconf 91' lang='lat' dir='ltr'><strong>a</strong></span> <span class='ocrx_word' id='word_1_711' title='bbox 3143 3539 3229 3579; x_wconf 92' lang='lat' dir='ltr'><strong>me</strong></span> <span class='ocrx_word' id='word_1_712' title='bbox 3271 3525 3454 3580; x_wconf 90' lang='lat' dir='ltr'><strong>referri</strong></span> <span class='ocrx_word' id='word_1_713' title='bbox 3485 3541 3638 3594; x_wconf 88' lang='lat' dir='ltr'><strong>posse</strong></span> <span class='ocrx_word' id='word_1_714' title='bbox 3659 3570 3674 3595; x_wconf 94' lang='lat'><strong>,</strong></span> <span class='ocrx_word' id='word_1_715' title='bbox 3707 3545 3810 3585; x_wconf 91' lang='lat' dir='ltr'><strong>non</strong></span> 
     </span>
    </p>
   </div>
   <div class='ocr_carea' id='block_1_100' title="bbox 2247 3609 3811 3683">
    <p class='ocr_par' dir='ltr' id='par_1_100' title="bbox 2247 3609 3811 3683">
     <span class='ocr_line' id='line_1_100' title="bbox 2247 3609 3811 3683; baseline 0.009 -22"><span class='ocrx_word' id='word_1_716' title='bbox 2247 3609 2471 3678; x_wconf 90' lang='lat' dir='ltr'><strong>sapiam.</strong></span> <span class='ocrx_word' id='word_1_717' title='bbox 2500 3609 2698 3664; x_wconf 79' lang='lat' dir='ltr'><strong>Potens</strong></span> <span class='ocrx_word' id='word_1_718' title='bbox 2741 3621 2823 3665; x_wconf 89' lang='lat' dir='ltr'><strong>est</strong></span> <span class='ocrx_word' id='word_1_719' title='bbox 2866 3612 3005 3666; x_wconf 87' lang='lat' dir='ltr'><strong>Deus</strong></span> <span class='ocrx_word' id='word_1_720' title='bbox 3029 3628 3190 3683; x_wconf 89' lang='lat' dir='ltr'><strong>super</strong></span> <span class='ocrx_word' id='word_1_721' title='bbox 3217 3631 3440 3683; x_wconf 87' lang='lat' dir='ltr'><strong>persona</strong></span> <span class='ocrx_word' id='word_1_722' title='bbox 3475 3633 3590 3671; x_wconf 90' lang='lat' dir='ltr'><strong>mea</strong></span> <span class='ocrx_word' id='word_1_723' title='bbox 3617 3631 3811 3675; x_wconf 76' lang='lat' dir='ltr'><strong>sancta:</strong></span> 
     </span>
    </p>
   </div>
   <div class='ocr_carea' id='block_1_101' title="bbox 2246 3700 3807 3774">
    <p class='ocr_par' dir='ltr' id='par_1_101' title="bbox 2246 3700 3807 3774">
     <span class='ocr_line' id='line_1_101' title="bbox 2246 3700 3807 3774; baseline 0.008 -24"><span class='ocrx_word' id='word_1_724' title='bbox 2246 3700 2436 3752; x_wconf 74' lang='lat' dir='ltr'><strong>anima:</strong></span> <span class='ocrx_word' id='word_1_725' title='bbox 2468 3709 2570 3752; x_wconf 74' lang='lat' dir='ltr'><strong>ture</strong></span> <span class='ocrx_word' id='word_1_726' title='bbox 2598 3701 2880 3755; x_wconf 86' lang='lat' dir='ltr'><strong>restituere</strong></span> <span class='ocrx_word' id='word_1_727' title='bbox 2915 3703 3056 3771; x_wconf 90' lang='lat' dir='ltr'><strong>quod</strong></span> <span class='ocrx_word' id='word_1_728' title='bbox 3085 3713 3337 3760; x_wconf 87' lang='lat' dir='ltr'><strong>meretur.</strong></span> <span class='ocrx_word' id='word_1_729' title='bbox 3370 3706 3478 3774; x_wconf 85' lang='lat' dir='ltr'><strong>Ego</strong></span> <span class='ocrx_word' id='word_1_730' title='bbox 3502 3707 3642 3762; x_wconf 90' lang='lat' dir='ltr'><strong>enim</strong></span> <span class='ocrx_word' id='word_1_731' title='bbox 3672 3709 3807 3763; x_wconf 77' lang='lat' dir='ltr'><strong>indi-</strong></span> 
     </span>
    </p>
   </div>
   <div class='ocr_carea' id='block_1_102' title="bbox 2245 3790 3806 3864">
    <p class='ocr_par' dir='ltr' id='par_1_102' title="bbox 2245 3790 3806 3864">
     <span class='ocr_line' id='line_1_102' title="bbox 2245 3790 3806 3864; baseline 0.008 -24"><span class='ocrx_word' id='word_1_732' title='bbox 2245 3804 2379 3857; x_wconf 90' lang='lat' dir='ltr'><strong>gnus</strong></span> <span class='ocrx_word' id='word_1_733' title='bbox 2402 3805 2499 3844; x_wconf 89' lang='lat' dir='ltr'><strong>nec</strong></span> <span class='ocrx_word' id='word_1_734' title='bbox 2519 3790 2785 3846; x_wconf 70' lang='lat' dir='ltr'><strong>mstimare</strong></span> <span class='ocrx_word' id='word_1_735' title='bbox 2808 3807 3039 3861; x_wconf 88' lang='lat' dir='ltr'><strong>unquam</strong></span> <span class='ocrx_word' id='word_1_736' title='bbox 3063 3795 3228 3863; x_wconf 90' lang='lat' dir='ltr'><strong>potui,</strong></span> <span class='ocrx_word' id='word_1_737' title='bbox 3254 3811 3351 3850; x_wconf 93' lang='lat' dir='ltr'><strong>nec</strong></span> <span class='ocrx_word' id='word_1_738' title='bbox 3372 3808 3573 3864; x_wconf 85' lang='lat' dir='ltr'><strong>optare,</strong></span> <span class='ocrx_word' id='word_1_739' title='bbox 3605 3809 3661 3853; x_wconf 91' lang='lat' dir='ltr'><strong>ut</strong></span> <span class='ocrx_word' id='word_1_740' title='bbox 3681 3801 3806 3854; x_wconf 85' lang='lat' dir='ltr'><strong>mihi</strong></span> 
     </span>
    </p>
   </div>
   <div class='ocr_carea' id='block_1_103' title="bbox 2246 3879 3807 3952">
    <p class='ocr_par' dir='ltr' id='par_1_103' title="bbox 2246 3879 3807 3952">
     <span class='ocr_line' id='line_1_103' title="bbox 2246 3879 3807 3952; baseline 0.01 -23"><span class='ocrx_word' id='word_1_741' title='bbox 2246 3887 2447 3931; x_wconf 89' lang='lat' dir='ltr'><strong>tantum</strong></span> <span class='ocrx_word' id='word_1_742' title='bbox 2492 3880 2543 3932; x_wconf 91' lang='lat' dir='ltr'><strong>in</strong></span> <span class='ocrx_word' id='word_1_743' title='bbox 2591 3879 2807 3934; x_wconf 90' lang='lat' dir='ltr'><strong>Christo</strong></span> <span class='ocrx_word' id='word_1_744' title='bbox 2851 3881 3122 3952; x_wconf 84' lang='lat' dir='ltr'><strong>largireris</strong></span> <span class='ocrx_word' id='word_1_745' title='bbox 3167 3883 3432 3938; x_wconf 73' lang='lat' dir='ltr'><strong>allectum.</strong></span> <span class='ocrx_word' id='word_1_746' title='bbox 3484 3888 3548 3940; x_wconf 88' lang='lat' dir='ltr'><strong>Et</strong></span> <span class='ocrx_word' id='word_1_747' title='bbox 3576 3889 3700 3943; x_wconf 86' lang='lat' dir='ltr'><strong>licet</strong></span> <span class='ocrx_word' id='word_1_748' title='bbox 3726 3904 3807 3945; x_wconf 70' lang='lat' dir='ltr'><strong>nze</strong></span> 
     </span>
    </p>
   </div>
   <div class='ocr_carea' id='block_1_104' title="bbox 2241 3969 3804 4047">
    <p class='ocr_par' dir='ltr' id='par_1_104' title="bbox 2241 3969 3804 4047">
     <span class='ocr_line' id='line_1_104' title="bbox 2241 3969 3804 4047; baseline 0.008 -26"><span class='ocrx_word' id='word_1_749' title='bbox 2241 3969 2559 4023; x_wconf 86' lang='lat' dir='ltr'><strong>sceleratum</strong></span> <span class='ocrx_word' id='word_1_750' title='bbox 2601 3971 2817 4038; x_wconf 90' lang='lat' dir='ltr'><strong>quidam</strong></span> <span class='ocrx_word' id='word_1_751' title='bbox 2859 3982 3078 4041; x_wconf 89' lang='lat' dir='ltr'><strong>putent,</strong></span> <span class='ocrx_word' id='word_1_752' title='bbox 3106 3983 3162 4028; x_wconf 92' lang='lat' dir='ltr'><strong>et</strong></span> <span class='ocrx_word' id='word_1_753' title='bbox 3188 3977 3434 4030; x_wconf 91' lang='lat' dir='ltr'><strong>omnibus</strong></span> <span class='ocrx_word' id='word_1_754' title='bbox 3477 3977 3688 4047; x_wconf 83' lang='lat' dir='ltr'><strong>ﬂagitiis</strong></span> <span class='ocrx_word' id='word_1_755' title='bbox 3714 3981 3804 4034; x_wconf 90' lang='lat' dir='ltr'><strong>ob-</strong></span> 
     </span>
    </p>
   </div>
   <div class='ocr_carea' id='block_1_105' title="bbox 2241 4064 3801 4136">
    <p class='ocr_par' dir='ltr' id='par_1_105' title="bbox 2241 4064 3801 4136">
     <span class='ocr_line' id='line_1_105' title="bbox 2241 4064 3801 4136; baseline 0.01 -26"><span class='ocrx_word' id='word_1_756' title='bbox 2241 4067 2438 4122; x_wconf 91' lang='lat' dir='ltr'><strong>rutum,</strong></span> <span class='ocrx_word' id='word_1_757' title='bbox 2467 4070 2520 4114; x_wconf 92' lang='lat' dir='ltr'><strong>et</strong></span> <span class='ocrx_word' id='word_1_758' title='bbox 2547 4075 2644 4130; x_wconf 93' lang='lat' dir='ltr'><strong>pro</strong></span> <span class='ocrx_word' id='word_1_759' title='bbox 2672 4064 2904 4129; x_wconf 88' lang='lat' dir='ltr'><strong>peccatis</strong></span> <span class='ocrx_word' id='word_1_760' title='bbox 2934 4066 3088 4129; x_wconf 89' lang='lat' dir='ltr'><strong>meis,</strong></span> <span class='ocrx_word' id='word_1_761' title='bbox 3119 4066 3278 4119; x_wconf 87' lang='lat' dir='ltr'><strong>etiam</strong></span> <span class='ocrx_word' id='word_1_762' title='bbox 3321 4066 3432 4120; x_wconf 66' lang='lat' dir='ltr'><strong>hare</strong></span> <span class='ocrx_word' id='word_1_763' title='bbox 3462 4083 3622 4136; x_wconf 87' lang='lat' dir='ltr'><strong>parva</strong></span> <span class='ocrx_word' id='word_1_764' title='bbox 3650 4070 3756 4124; x_wconf 90' lang='lat' dir='ltr'><strong>sint</strong></span> <span class='ocrx_word' id='word_1_765' title='bbox 3786 4087 3801 4124; x_wconf 87' lang='lat'><strong>:</strong></span> 
     </span>
    </p>
   </div>
   <div class='ocr_carea' id='block_1_106' title="bbox 2241 4151 3797 4225">
    <p class='ocr_par' dir='ltr' id='par_1_106' title="bbox 2241 4151 3797 4225">
     <span class='ocr_line' id='line_1_106' title="bbox 2241 4151 3797 4225; baseline 0.009 -25"><span class='ocrx_word' id='word_1_766' title='bbox 2241 4157 2415 4203; x_wconf 90' lang='lat' dir='ltr'><strong>tamen</strong></span> <span class='ocrx_word' id='word_1_767' title='bbox 2441 4161 2493 4204; x_wconf 92' lang='lat' dir='ltr'><strong>tu</strong></span> <span class='ocrx_word' id='word_1_768' title='bbox 2523 4151 2660 4206; x_wconf 88' lang='lat' dir='ltr'><strong>bene</strong></span> <span class='ocrx_word' id='word_1_769' title='bbox 2687 4151 2838 4214; x_wconf 86' lang='lat' dir='ltr'><strong>facis,</strong></span> <span class='ocrx_word' id='word_1_770' title='bbox 2867 4154 3006 4221; x_wconf 93' lang='lat' dir='ltr'><strong>quod</strong></span> <span class='ocrx_word' id='word_1_771' title='bbox 3028 4170 3092 4208; x_wconf 84' lang='lat' dir='ltr'><strong>ex</strong></span> <span class='ocrx_word' id='word_1_772' title='bbox 3121 4163 3206 4208; x_wconf 89' lang='lat' dir='ltr'><strong>tua</strong></span> <span class='ocrx_word' id='word_1_773' title='bbox 3229 4166 3405 4211; x_wconf 86' lang='lat' dir='ltr'><strong>mente</strong></span> <span class='ocrx_word' id='word_1_774' title='bbox 3430 4159 3590 4212; x_wconf 86' lang='lat' dir='ltr'><strong>etiam</strong></span> <span class='ocrx_word' id='word_1_775' title='bbox 3613 4159 3797 4225; x_wconf 87' lang='lat' dir='ltr'><strong>malos,</strong></span> 
     </span>
    </p>
   </div>
   <div class='ocr_carea' id='block_1_107' title="bbox 2238 4236 3801 4314">
    <p class='ocr_par' dir='ltr' id='par_1_107' title="bbox 2238 4236 3801 4314">
     <span class='ocr_line' id='line_1_107' title="bbox 2238 4236 3801 4314; baseline 0.01 -25"><span class='ocrx_word' id='word_1_776' title='bbox 2238 4236 2409 4292; x_wconf 89' lang='lat' dir='ltr'><strong>bonos</strong></span> <span class='ocrx_word' id='word_1_777' title='bbox 2438 4251 2610 4307; x_wconf 90' lang='lat' dir='ltr'><strong>putas.</strong></span> <span class='ocrx_word' id='word_1_778' title='bbox 2640 4241 3005 4297; x_wconf 82' lang='lat' dir='ltr'><strong>Periculosum</strong></span> <span class='ocrx_word' id='word_1_779' title='bbox 3036 4245 3232 4314; x_wconf 90' lang='lat' dir='ltr'><strong>quippe</strong></span> <span class='ocrx_word' id='word_1_780' title='bbox 3269 4255 3354 4300; x_wconf 85' lang='lat' dir='ltr'><strong>est</strong></span> <span class='ocrx_word' id='word_1_781' title='bbox 3394 4247 3462 4302; x_wconf 91' lang='lat' dir='ltr'><strong>de</strong></span> <span class='ocrx_word' id='word_1_782' title='bbox 3487 4262 3646 4303; x_wconf 88' lang='lat' dir='ltr'><strong>servo</strong></span> <span class='ocrx_word' id='word_1_783' title='bbox 3673 4249 3801 4305; x_wconf 88' lang='lat' dir='ltr'><strong>alte-</strong></span> 
     </span>
    </p>
   </div>
   <div class='ocr_carea' id='block_1_108' title="bbox 2304 4413 3798 4485">
    <p class='ocr_par' dir='ltr' id='par_1_108' title="bbox 2304 4413 3798 4485">
     <span class='ocr_line' id='line_1_108' title="bbox 2304 4413 3798 4485; baseline 0.007 -21"><span class='ocrx_word' id='word_1_784' title='bbox 2304 4415 2373 4479; x_wconf 79' lang='lat' dir='ltr'><strong>{d)</strong></span> <span class='ocrx_word' id='word_1_785' title='bbox 2416 4413 2538 4485; x_wconf 65' lang='lat' dir='ltr'><strong>lleic</strong></span> <span class='ocrx_word' id='word_1_786' title='bbox 2561 4415 2608 4462; x_wconf 91' lang='lat' dir='ltr'><strong>in</strong></span> <span class='ocrx_word' id='word_1_787' title='bbox 2643 4415 3012 4485; x_wconf 64' lang='lat' dir='ltr'><strong>antiquiseditt.</strong></span> <span class='ocrx_word' id='word_1_788' title='bbox 3053 4415 3264 4485; x_wconf 80' lang='lat' dir='ltr'><strong>elogium</strong></span> <span class='ocrx_word' id='word_1_789' title='bbox 3301 4419 3512 4485; x_wconf 75' lang='lat' dir='ltr'><strong>Bethel,</strong></span> <span class='ocrx_word' id='word_1_790' title='bbox 3535 4424 3673 4485; x_wconf 79' lang='lat' dir='ltr'><strong>cujus</strong></span> <span class='ocrx_word' id='word_1_791' title='bbox 3711 4427 3798 4474; x_wconf 85' lang='lat' dir='ltr'><strong>ini-</strong></span> 
     </span>
    </p>
   </div>
   <div class='ocr_carea' id='block_1_109' title="bbox 2234 4475 3798 4543">
    <p class='ocr_par' dir='ltr' id='par_1_109' title="bbox 2234 4475 3798 4543">
     <span class='ocr_line' id='line_1_109' title="bbox 2234 4475 3798 4543; baseline 0.006 -18"><span class='ocrx_word' id='word_1_792' title='bbox 2234 4475 2383 4531; x_wconf 63' lang='lat' dir='ltr'><strong>tiu&#39;m&#39;,</strong></span> <span class='ocrx_word' id='word_1_793' title='bbox 2417 4483 2588 4543; x_wconf 65' lang='lat' dir='ltr'><strong>rerum</strong></span> <span class='ocrx_word' id='word_1_794' title='bbox 2630 4483 2679 4523; x_wconf 86' lang='lat' dir='ltr'><strong>ut</strong></span> <span class='ocrx_word' id='word_1_795' title='bbox 2714 4475 2778 4523; x_wconf 86' lang='lat' dir='ltr'><strong>ad</strong></span> <span class='ocrx_word' id='word_1_796' title='bbox 2803 4475 3031 4543; x_wconf 39' lang='lat' dir='ltr'><strong>.t&#39;jllulam</strong></span> <span class='ocrx_word' id='word_1_797' title='bbox 3062 4475 3269 4543; x_wconf 55' lang='lat' dir='ltr'><strong>(furiali,</strong></span> <span class='ocrx_word' id='word_1_798' title='bbox 3296 4475 3628 4543; x_wconf 55' lang='lat' dir='ltr'><strong>ejusqne&#39;cum</strong></span> <span class='ocrx_word' id='word_1_799' title='bbox 3654 4484 3798 4534; x_wconf 80' lang='lat' dir='ltr'><strong>lloma</strong></span> 
     </span>
    </p>
   </div>
   <div class='ocr_carea' id='block_1_110' title="bbox 2232 4535 3799 4603">
    <p class='ocr_par' dir='ltr' id='par_1_110' title="bbox 2232 4535 3799 4603">
     <span class='ocr_line' id='line_1_110' title="bbox 2232 4535 3799 4603; baseline 0.006 -19"><span class='ocrx_word' id='word_1_800' title='bbox 2232 4537 2522 4603; x_wconf 75' lang='lat' dir='ltr'><strong>comparatio</strong></span> <span class='ocrx_word' id='word_1_801' title='bbox 2539 4569 2553 4593; x_wconf 92' lang='lat'><strong>,</strong></span> <span class='ocrx_word' id='word_1_802' title='bbox 2579 4548 2733 4597; x_wconf 86' lang='lat' dir='ltr'><strong>usque</strong></span> <span class='ocrx_word' id='word_1_803' title='bbox 2757 4535 2814 4583; x_wconf 89' lang='lat' dir='ltr'><strong>ad</strong></span> <span class='ocrx_word' id='word_1_804' title='bbox 2840 4537 3034 4603; x_wconf 68' lang='lat' dir='ltr'><strong>haec,_i_1t</strong></span> <span class='ocrx_word' id='word_1_805' title='bbox 3057 4535 3396 4603; x_wconf 11' lang='lat' dir='ltr'><strong>vulgo‘driciiur</strong></span> <span class='ocrx_word' id='word_1_806' title='bbox 3419 4535 3667 4593; x_wconf 67' lang='lat' dir='ltr'><strong>amatoria</strong></span> <span class='ocrx_word' id='word_1_807' title='bbox 3689 4559 3799 4594; x_wconf 64' lang='lat' dir='ltr'><strong>cano</strong></span> 
     </span>
    </p>
   </div>
   <div class='ocr_carea' id='block_1_111' title="bbox 2231 4597 3798 4667">
    <p class='ocr_par' dir='ltr' id='par_1_111' title="bbox 2231 4597 3798 4667">
     <span class='ocr_line' id='line_1_111' title="bbox 2231 4597 3798 4667; baseline 0.008 -26"><span class='ocrx_word' id='word_1_808' title='bbox 2231 4597 2695 4667; x_wconf 30' lang='grc' dir='ltr'><strong>ιὶοηέδ,ἱειᾳδιιιιιιιῃὶι⁸</strong></span> <span class='ocrx_word' id='word_1_809' title='bbox 2719 4609 2866 4667; x_wconf 49' lang='lat' dir='ltr'><strong>:Iquaa</strong></span> <span class='ocrx_word' id='word_1_810' title='bbox 2883 4597 3366 4667; x_wconf 34' lang='lat' dir='ltr'><strong>totidem‘vferbisju</strong></span> <span class='ocrx_word' id='word_1_811' title='bbox 3391 4615 3455 4667; x_wconf 65' lang='lat' dir='ltr'><strong>ea</strong></span> <span class='ocrx_word' id='word_1_812' title='bbox 3488 4616 3628 4665; x_wconf 85' lang='lat' dir='ltr'><strong>quam</strong></span> <span class='ocrx_word' id='word_1_813' title='bbox 3655 4607 3798 4667; x_wconf 86' lang='lat' dir='ltr'><strong>paulo</strong></span> 
     </span>
    </p>
   </div>
   <div class='ocr_carea' id='block_1_112' title="bbox 2251 4654 3793 4725">
    <p class='ocr_par' dir='ltr' id='par_1_112' title="bbox 2251 4654 3793 4725">
     <span class='ocr_line' id='line_1_112' title="bbox 2251 4654 3793 4725; baseline 0.009 -25"><span class='ocrx_word' id='word_1_814' title='bbox 2251 4665 2337 4725; x_wconf 67' lang='lat' dir='ltr'><strong>;O_Sl</strong></span> <span class='ocrx_word' id='word_1_815' title='bbox 2359 4655 2623 4704; x_wconf 90' lang='lat' dir='ltr'><strong>subdemus</strong></span> <span class='ocrx_word' id='word_1_816' title='bbox 2645 4654 2824 4725; x_wconf 57' lang='lat' dir='ltr'><strong>Paula},</strong></span> <span class='ocrx_word' id='word_1_817' title='bbox 2847 4665 2898 4706; x_wconf 89' lang='lat' dir='ltr'><strong>et</strong></span> <span class='ocrx_word' id='word_1_818' title='bbox 2919 4658 3164 4725; x_wconf 80' lang='lat' dir='ltr'><strong>Eustochii</strong></span> <span class='ocrx_word' id='word_1_819' title='bbox 3188 4663 3245 4708; x_wconf 89' lang='lat' dir='ltr'><strong>ad</strong></span> <span class='ocrx_word' id='word_1_820' title='bbox 3263 4654 3535 4712; x_wconf 81' lang='lat' dir='ltr'><strong>Marcellam</strong></span> <span class='ocrx_word' id='word_1_821' title='bbox 3561 4654 3700 4725; x_wconf 72' lang='lat' dir='ltr'><strong>epist.</strong></span> <span class='ocrx_word' id='word_1_822' title='bbox 3717 4668 3793 4715; x_wconf 69' lang='grc'><strong>46.</strong></span> 
     </span>
    </p>
   </div>
   <div class='ocr_carea' id='block_1_113' title="bbox 2231 4670 3794 4824">
    <p class='ocr_par' dir='ltr' id='par_1_113' title="bbox 2231 4670 3794 4824">
     <span class='ocr_line' id='line_1_113' title="bbox 2231 4670 3793 4764; baseline 0.006 -60"><span class='ocrx_word' id='word_1_823' title='bbox 2231 4670 2337 4764; x_wconf 51' lang='lat' dir='ltr'><strong>Beat</strong></span> <span class='ocrx_word' id='word_1_824' title='bbox 2359 4670 2623 4704; x_wconf 78' lang='lat' dir='ltr'><strong>subdemus</strong></span> <span class='ocrx_word' id='word_1_825' title='bbox 2645 4670 2824 4712; x_wconf 68' lang='lat' dir='ltr'><strong>rauim,</strong></span> <span class='ocrx_word' id='word_1_826' title='bbox 2847 4670 2898 4706; x_wconf 89' lang='lat' dir='ltr'><strong>et</strong></span> <span class='ocrx_word' id='word_1_827' title='bbox 2919 4670 3164 4707; x_wconf 76' lang='lat' dir='ltr'><strong>LIISlOCIIll</strong></span> <span class='ocrx_word' id='word_1_828' title='bbox 3188 4670 3245 4708; x_wconf 86' lang='lat' dir='ltr'><strong>ad</strong></span> <span class='ocrx_word' id='word_1_829' title='bbox 3264 4670 3535 4712; x_wconf 81' lang='lat' dir='ltr'><strong>Marcellam</strong></span> <span class='ocrx_word' id='word_1_830' title='bbox 3561 4670 3700 4725; x_wconf 82' lang='lat' dir='ltr'><strong>epist.</strong></span> <span class='ocrx_word' id='word_1_831' title='bbox 3717 4670 3793 4715; x_wconf 69' lang='grc'><strong>46.</strong></span> 
     </span>
     <span class='ocr_line' id='line_1_114' title="bbox 2231 4718 3794 4824; baseline 0.008 -61"><span class='ocrx_word' id='word_1_832' title='bbox 2231 4721 2616 4824; x_wconf 51' lang='grc' dir='ltr'><strong>ηὲῐιξιρῖιιὲιὲἑωηιξο</strong></span> <span class='ocrx_word' id='word_1_833' title='bbox 2637 4718 2834 4765; x_wconf 87' lang='lat' dir='ltr'><strong>dubium</strong></span> <span class='ocrx_word' id='word_1_834' title='bbox 2859 4726 2952 4777; x_wconf 89' lang='lat' dir='ltr'><strong>est,</strong></span> <span class='ocrx_word' id='word_1_835' title='bbox 2977 4719 3092 4768; x_wconf 88' lang='lat' dir='ltr'><strong>inde</strong></span> <span class='ocrx_word' id='word_1_836' title='bbox 3115 4722 3178 4770; x_wconf 89' lang='lat' dir='ltr'><strong>ob</strong></span> <span class='ocrx_word' id='word_1_837' title='bbox 3211 4726 3482 4785; x_wconf 78' lang='lat' dir='ltr'><strong>argumenti</strong></span> <span class='ocrx_word' id='word_1_838' title='bbox 3521 4726 3794 4775; x_wconf 84' lang='lat' dir='ltr'><strong>similitudi-</strong></span> 
     </span>
    </p>
   </div>
   <div class='ocr_carea' id='block_1_114' title="bbox 2227 4785 2606 4825">
    <p class='ocr_par' dir='ltr' id='par_1_114' title="bbox 2227 4785 2606 4825">
     <span class='ocr_line' id='line_1_115' title="bbox 2227 4785 2606 4825; baseline 0.003 -1"><span class='ocrx_word' id='word_1_839' title='bbox 2227 4790 2340 4824; x_wconf 82' lang='lat' dir='ltr'><strong>nem</strong></span> <span class='ocrx_word' id='word_1_840' title='bbox 2365 4785 2606 4825; x_wconf 86' lang='lat' dir='ltr'><strong>translata.</strong></span> 
     </span>
    </p>
   </div>
   <div class='ocr_carea' id='block_1_115' title="bbox 2313 4836 3726 4907">
    <p class='ocr_par' dir='ltr' id='par_1_115' title="bbox 2313 4836 3726 4907">
     <span class='ocr_line' id='line_1_116' title="bbox 2313 4836 3726 4907; baseline 0.008 -23"><span class='ocrx_word' id='word_1_841' title='bbox 2313 4837 2354 4907; x_wconf 65' lang='grc' dir='ltr'><strong>ς)</strong></span> <span class='ocrx_word' id='word_1_842' title='bbox 2385 4837 2512 4907; x_wconf 49' lang='lat' dir='ltr'><strong>{fias</strong></span> <span class='ocrx_word' id='word_1_843' title='bbox 2534 4836 2608 4886; x_wconf 74' lang='lat'><strong>20.</strong></span> <span class='ocrx_word' id='word_1_844' title='bbox 2635 4838 2821 4907; x_wconf 65' lang='lat' dir='ltr'><strong>scripta</strong></span> <span class='ocrx_word' id='word_1_845' title='bbox 2841 4838 2973 4907; x_wconf 79' lang='lat' dir='ltr'><strong>circa</strong></span> <span class='ocrx_word' id='word_1_846' title='bbox 3006 4839 3134 4907; x_wconf 75' lang='lat' dir='ltr'><strong>idem</strong></span> <span class='ocrx_word' id='word_1_847' title='bbox 3156 4848 3341 4907; x_wconf 85' lang='lat' dir='ltr'><strong>tempus</strong></span> <span class='ocrx_word' id='word_1_848' title='bbox 3363 4856 3470 4904; x_wconf 75' lang='lat' dir='ltr'><strong>qua:</strong></span> <span class='ocrx_word' id='word_1_849' title='bbox 3489 4845 3726 4907; x_wconf 78' lang='lat' dir='ltr'><strong>superior.</strong></span> 
     </span>
    </p>
   </div>
   <div class='ocr_carea' id='block_1_116' title="bbox 2315 4898 3789 4964">
    <p class='ocr_par' dir='ltr' id='par_1_116' title="bbox 2315 4898 3789 4964">
     <span class='ocr_line' id='line_1_117' title="bbox 2315 4898 3789 4964; baseline 0.008 -19"><span class='ocrx_word' id='word_1_850' title='bbox 2315 4898 2358 4964; x_wconf 77' lang='lat'><strong>[_)</strong></span> <span class='ocrx_word' id='word_1_851' title='bbox 2399 4898 2674 4964; x_wconf 70' lang='lat' dir='ltr'><strong>Hieronymi</strong></span> <span class='ocrx_word' id='word_1_852' title='bbox 2707 4900 2906 4964; x_wconf 73' lang='lat' dir='ltr'><strong>quidem</strong></span> <span class='ocrx_word' id='word_1_853' title='bbox 2947 4903 3146 4964; x_wconf 82' lang='lat' dir='ltr'><strong>ingenio</strong></span> <span class='ocrx_word' id='word_1_854' title='bbox 3176 4915 3232 4952; x_wconf 89' lang='lat' dir='ltr'><strong>ac</strong></span> <span class='ocrx_word' id='word_1_855' title='bbox 3253 4898 3403 4954; x_wconf 68' lang='lat' dir='ltr'><strong>&#39;manu</strong></span> <span class='ocrx_word' id='word_1_856' title='bbox 3425 4940 3439 4963; x_wconf 92' lang='lat'><strong>,</strong></span> <span class='ocrx_word' id='word_1_857' title='bbox 3464 4898 3556 4954; x_wconf 81' lang='lat' dir='ltr'><strong>sed</strong></span> <span class='ocrx_word' id='word_1_858' title='bbox 3589 4905 3789 4956; x_wconf 84' lang='lat' dir='ltr'><strong>alterius</strong></span> 
     </span>
    </p>
   </div>
   <div class='ocr_carea' id='block_1_117' title="bbox 2225 4959 3789 5028">
    <p class='ocr_par' dir='ltr' id='par_1_117' title="bbox 2225 4959 3789 5028">
     <span class='ocr_line' id='line_1_118' title="bbox 2225 4959 3789 5028; baseline 0.008 -23"><span class='ocrx_word' id='word_1_859' title='bbox 2225 4959 2539 5028; x_wconf 12' lang='lat' dir='ltr'><strong>anguineaetr</strong></span> <span class='ocrx_word' id='word_1_860' title='bbox 2561 4959 2766 5028; x_wconf 69' lang='lat' dir='ltr'><strong>fortasse</strong></span> <span class='ocrx_word' id='word_1_861' title='bbox 2789 4960 2970 5021; x_wconf 73' lang='lat' dir='ltr'><strong>Paulae,</strong></span> <span class='ocrx_word' id='word_1_862' title='bbox 3000 4959 3058 5012; x_wconf 72' lang='lat' dir='ltr'><strong>et</strong></span> <span class='ocrx_word' id='word_1_863' title='bbox 3098 4963 3348 5028; x_wconf 83' lang='lat' dir='ltr'><strong>Eustochii</strong></span> <span class='ocrx_word' id='word_1_864' title='bbox 3390 4959 3564 5028; x_wconf 79' lang='lat' dir='ltr'><strong>scripta</strong></span> <span class='ocrx_word' id='word_1_865' title='bbox 3602 4968 3789 5017; x_wconf 85' lang='lat' dir='ltr'><strong>videtur</strong></span> 
     </span>
    </p>
   </div>
   <div class='ocr_carea' id='block_1_118' title="bbox 2224 5017 3784 5085">
    <p class='ocr_par' dir='ltr' id='par_1_118' title="bbox 2224 5017 3784 5085">
     <span class='ocr_line' id='line_1_119' title="bbox 2224 5017 3784 5085; baseline 0.008 -21"><span class='ocrx_word' id='word_1_866' title='bbox 2224 5019 2392 5085; x_wconf 73' lang='lat' dir='ltr'><strong>isthzec</strong></span> <span class='ocrx_word' id='word_1_867' title='bbox 2413 5017 2624 5085; x_wconf 79' lang='lat' dir='ltr'><strong>Epistula</strong></span> <span class='ocrx_word' id='word_1_868' title='bbox 2648 5033 2710 5068; x_wconf 83' lang='lat' dir='ltr'><strong>ex</strong></span> <span class='ocrx_word' id='word_1_869' title='bbox 2747 5028 2849 5085; x_wconf 73' lang='lat' dir='ltr'><strong>toto</strong></span> <span class='ocrx_word' id='word_1_870' title='bbox 2873 5017 3104 5085; x_wconf 84' lang='lat' dir='ltr'><strong>contextu</strong></span> <span class='ocrx_word' id='word_1_871' title='bbox 3125 5059 3138 5081; x_wconf 93' lang='lat'><strong>,</strong></span> <span class='ocrx_word' id='word_1_872' title='bbox 3164 5027 3250 5073; x_wconf 89' lang='lat' dir='ltr'><strong>sed</strong></span> <span class='ocrx_word' id='word_1_873' title='bbox 3277 5027 3335 5074; x_wconf 89' lang='lat' dir='ltr'><strong>iis</strong></span> <span class='ocrx_word' id='word_1_874' title='bbox 3357 5017 3568 5076; x_wconf 76' lang='lat' dir='ltr'><strong>maxime</strong></span> <span class='ocrx_word' id='word_1_875' title='bbox 3594 5030 3753 5077; x_wconf 90' lang='lat' dir='ltr'><strong>verbis</strong></span> <span class='ocrx_word' id='word_1_876' title='bbox 3771 5067 3784 5085; x_wconf 81' lang='lat'><strong>,</strong></span> 
     </span>
    </p>
   </div>
   <div class='ocr_carea' id='block_1_119' title="bbox 2223 5080 3786 5143">
    <p class='ocr_par' dir='ltr' id='par_1_119' title="bbox 2223 5080 3786 5143">
     <span class='ocr_line' id='line_1_120' title="bbox 2223 5080 3786 5143; baseline 0.008 -17"><span class='ocrx_word' id='word_1_877' title='bbox 2223 5081 2398 5139; x_wconf 87' lang='lat' dir='ltr'><strong>quibus</strong></span> <span class='ocrx_word' id='word_1_878' title='bbox 2421 5093 2484 5128; x_wconf 81' lang='lat' dir='ltr'><strong>ex</strong></span> <span class='ocrx_word' id='word_1_879' title='bbox 2509 5080 2773 5128; x_wconf 85' lang='lat' dir='ltr'><strong>velatarum</strong></span> <span class='ocrx_word' id='word_1_880' title='bbox 2797 5080 3048 5143; x_wconf 87' lang='lat' dir='ltr'><strong>Virginum</strong></span> <span class='ocrx_word' id='word_1_881' title='bbox 3085 5080 3284 5134; x_wconf 87' lang='lat' dir='ltr'><strong>nemine</strong></span> <span class='ocrx_word' id='word_1_882' title='bbox 3317 5100 3457 5136; x_wconf 89' lang='lat' dir='ltr'><strong>suum</strong></span> <span class='ocrx_word' id='word_1_883' title='bbox 3480 5101 3655 5136; x_wconf 91' lang='lat' dir='ltr'><strong>munus</strong></span> <span class='ocrx_word' id='word_1_884' title='bbox 3677 5080 3786 5138; x_wconf 81' lang='lat' dir='ltr'><strong>esse</strong></span> 
     </span>
    </p>
   </div>
   <div class='ocr_carea' id='block_1_120' title="bbox 2221 5143 3836 5258">
    <p class='ocr_par' dir='ltr' id='par_1_120' title="bbox 2221 5143 3836 5258">
     <span class='ocr_line' id='line_1_121' title="bbox 2221 5143 3836 5258; baseline 0.008 -71"><span class='ocrx_word' id='word_1_885' title='bbox 2221 5143 2747 5258; x_wconf 22' lang='lat' dir='ltr'><strong>constituuniysteria</strong></span> <span class='ocrx_word' id='word_1_886' title='bbox 2792 5143 2843 5189; x_wconf 90' lang='lat' dir='ltr'><strong>iu</strong></span> <span class='ocrx_word' id='word_1_887' title='bbox 2886 5145 3180 5194; x_wconf 88' lang='lat' dir='ltr'><strong>munusculis</strong></span> <span class='ocrx_word' id='word_1_888' title='bbox 3221 5149 3457 5198; x_wconf 87' lang='lat' dir='ltr'><strong>invenire.</strong></span> <span class='ocrx_word' id='word_1_889' title='bbox 3491 5149 3787 5199; x_wconf 85' lang='lat' dir='ltr'><strong>Veronensis</strong></span> <span class='ocrx_word' id='word_1_890' title='bbox 3831 5196 3836 5200; x_wconf 82' lang='lat'><strong>.</strong></span> 
     </span>
     <span class='ocr_line' id='line_1_122' title="bbox 2221 5212 2588 5258; baseline 0 -12"><span class='ocrx_word' id='word_1_891' title='bbox 2221 5212 2388 5258; x_wconf 59' lang='lat' dir='ltr'><strong>major,</strong></span> <span class='ocrx_word' id='word_1_892' title='bbox 2447 5213 2588 5249; x_wconf 74' lang='lat' dir='ltr'><strong>acta.</strong></span> 
     </span>
    </p>
   </div>
   <div class='ocr_carea' id='block_1_121' title="bbox 2220 5200 2588 5258">
    <p class='ocr_par' dir='ltr' id='par_1_121' title="bbox 2220 5200 2588 5258">
     <span class='ocr_line' id='line_1_123' title="bbox 2220 5200 2588 5258; baseline 0 -12"><span class='ocrx_word' id='word_1_893' title='bbox 2220 5201 2388 5258; x_wconf 88' lang='lat' dir='ltr'><strong>major,</strong></span> <span class='ocrx_word' id='word_1_894' title='bbox 2427 5200 2588 5258; x_wconf 60' lang='lat' dir='ltr'><strong>faciat}</strong></span> 
     </span>
    </p>
   </div>
   <div class='ocr_carea' id='block_1_122' title="bbox 2288 5215 3784 5327">
    <p class='ocr_par' dir='ltr' id='par_1_122' title="bbox 2288 5215 3784 5327">
     <span class='ocr_line' id='line_1_124' title="bbox 2288 5215 3784 5327; baseline 0.006 -17"><span class='ocrx_word' id='word_1_895' title='bbox 2288 5215 2799 5327; x_wconf 41' lang='lat' dir='ltr'><strong>Ei’ltlgfrﬁeronen.</strong></span> <span class='ocrx_word' id='word_1_896' title='bbox 2833 5280 2855 5308; x_wconf 80' lang='grc' dir='ltr'>σι</span> <span class='ocrx_word' id='word_1_897' title='bbox 2879 5263 3125 5327; x_wconf 73' lang='lat' dir='ltr'><strong>efferimus</strong></span> <span class='ocrx_word' id='word_1_898' title='bbox 3147 5268 3279 5327; x_wconf 89' lang='lat' dir='ltr'><strong>paria</strong></span> <span class='ocrx_word' id='word_1_899' title='bbox 3317 5268 3479 5327; x_wconf 86' lang='lat' dir='ltr'><strong>parvis</strong></span> <span class='ocrx_word' id='word_1_900' title='bbox 3499 5270 3784 5320; x_wconf 84' lang='lat' dir='ltr'><strong>animalibus</strong></span> 
     </span>
    </p>
   </div>
   <div class='ocr_carea' id='block_1_123' title="bbox 2221 5319 3782 5390">
    <p class='ocr_par' dir='ltr' id='par_1_123' title="bbox 2221 5319 3782 5390">
     <span class='ocr_line' id='line_1_125' title="bbox 2221 5319 3782 5390; baseline 0.008 -23"><span class='ocrx_word' id='word_1_901' title='bbox 2221 5319 2495 5369; x_wconf 80' lang='lat' dir='ltr'><strong>ventilanda</strong></span> <span class='ocrx_word' id='word_1_902' title='bbox 2512 5338 2534 5365; x_wconf 79' lang='grc'><strong>»</strong></span> <span class='ocrx_word' id='word_1_903' title='bbox 2557 5319 2593 5390; x_wconf 82' lang='lat'><strong>_(</strong></span> <span class='ocrx_word' id='word_1_904' title='bbox 2609 5323 2716 5370; x_wconf 88' lang='lat' dir='ltr'><strong>l&#39;ort.</strong></span> <span class='ocrx_word' id='word_1_905' title='bbox 2754 5324 3060 5390; x_wconf 4' lang='lat' dir='ltr'><strong>vegetiora),</strong></span> <span class='ocrx_word' id='word_1_906' title='bbox 3079 5319 3207 5375; x_wconf 77' lang='lat' dir='ltr'><strong>unde</strong></span> <span class='ocrx_word' id='word_1_907' title='bbox 3229 5319 3427 5390; x_wconf 81' lang='lat' dir='ltr'><strong>quidem</strong></span> <span class='ocrx_word' id='word_1_908' title='bbox 3449 5331 3674 5390; x_wconf 81' lang='lat' dir='ltr'><strong>eonjicias</strong></span> <span class='ocrx_word' id='word_1_909' title='bbox 3696 5335 3782 5379; x_wconf 84' lang='lat' dir='ltr'><strong>im-</strong></span> 
     </span>
    </p>
   </div>
   <div class='ocr_carea' id='block_1_124' title="bbox 2217 5384 3780 5449">
    <p class='ocr_par' dir='ltr' id='par_1_124' title="bbox 2217 5384 3780 5449">
     <span class='ocr_line' id='line_1_126' title="bbox 2217 5384 3780 5449; baseline 0.007 -22"><span class='ocrx_word' id='word_1_910' title='bbox 2217 5394 2432 5441; x_wconf 82' lang='lat' dir='ltr'><strong>pressam</strong></span> <span class='ocrx_word' id='word_1_911' title='bbox 2470 5384 2650 5442; x_wconf 84' lang='lat' dir='ltr'><strong>pariter</strong></span> <span class='ocrx_word' id='word_1_912' title='bbox 2672 5416 2686 5441; x_wconf 93' lang='lat'><strong>,</strong></span> <span class='ocrx_word' id='word_1_913' title='bbox 2712 5391 2762 5431; x_wconf 91' lang='lat' dir='ltr'><strong>et</strong></span> <span class='ocrx_word' id='word_1_914' title='bbox 2800 5384 2915 5432; x_wconf 74' lang='lat' dir='ltr'><strong>Mss.</strong></span> <span class='ocrx_word' id='word_1_915' title='bbox 2949 5384 3211 5449; x_wconf 82' lang='lat' dir='ltr'><strong>lectionem</strong></span> <span class='ocrx_word' id='word_1_916' title='bbox 3247 5384 3429 5449; x_wconf 79' lang='lat' dir='ltr'><strong>aliquot</strong></span> <span class='ocrx_word' id='word_1_917' title='bbox 3468 5384 3657 5440; x_wconf 76' lang='lat' dir='ltr'><strong>mendis</strong></span> <span class='ocrx_word' id='word_1_918' title='bbox 3687 5403 3780 5438; x_wconf 90' lang='lat' dir='ltr'><strong>non</strong></span> 
     </span>
    </p>
   </div>
   <div class='ocr_carea' id='block_1_125' title="bbox 2214 5447 3779 5507">
    <p class='ocr_par' dir='ltr' id='par_1_125' title="bbox 2214 5447 3779 5507">
     <span class='ocr_line' id='line_1_127' title="bbox 2214 5447 3779 5507; baseline 0.006 -19"><span class='ocrx_word' id='word_1_919' title='bbox 2214 5454 2385 5507; x_wconf 81' lang='lat' dir='ltr'><strong>carere</strong></span> <span class='ocrx_word' id='word_1_920' title='bbox 2404 5457 2539 5507; x_wconf 82' lang='lat' dir='ltr'><strong>;__non</strong></span> <span class='ocrx_word' id='word_1_921' title='bbox 2559 5451 2842 5507; x_wconf 86' lang='lat' dir='ltr'><strong>autem_quo</strong></span> <span class='ocrx_word' id='word_1_922' title='bbox 2865 5451 3006 5507; x_wconf 79' lang='lat' dir='ltr'><strong>pacto</strong></span> <span class='ocrx_word' id='word_1_923' title='bbox 3025 5447 3088 5494; x_wconf 86' lang='lat' dir='ltr'><strong>sit</strong></span> <span class='ocrx_word' id='word_1_924' title='bbox 3110 5447 3432 5507; x_wconf 81' lang='lat' dir='ltr'><strong>restituenda,</strong></span> <span class='ocrx_word' id='word_1_925' title='bbox 3458 5451 3576 5499; x_wconf 87' lang='lat' dir='ltr'><strong>satis</strong></span> <span class='ocrx_word' id='word_1_926' title='bbox 3600 5450 3779 5501; x_wconf 85' lang='lat' dir='ltr'><strong>intelli-</strong></span> 
     </span>
    </p>
   </div>
   <div class='ocr_carea' id='block_1_126' title="bbox 2214 5458 3298 5574">
    <p class='ocr_par' dir='ltr' id='par_1_126' title="bbox 2214 5458 3298 5574">
     <span class='ocr_line' id='line_1_128' title="bbox 2214 5458 3298 5550; baseline 0.004 -62"><span class='ocrx_word' id='word_1_927' title='bbox 2214 5458 2418 5501; x_wconf 88' lang='lat' dir='ltr'><strong>carere;</strong></span> <span class='ocrx_word' id='word_1_928' title='bbox 2443 5458 2539 5490; x_wconf 91' lang='lat' dir='ltr'><strong>non</strong></span> <span class='ocrx_word' id='word_1_929' title='bbox 2559 5458 2723 5492; x_wconf 85' lang='lat' dir='ltr'><strong>autem</strong></span> <span class='ocrx_word' id='word_1_930' title='bbox 2745 5458 2842 5550; x_wconf 51' lang='lat' dir='ltr'><strong>qluo</strong></span> <span class='ocrx_word' id='word_1_931' title='bbox 2865 5458 3006 5505; x_wconf 86' lang='lat' dir='ltr'><strong>pacto</strong></span> <span class='ocrx_word' id='word_1_932' title='bbox 3025 5458 3088 5494; x_wconf 74' lang='lat' dir='ltr'><strong>snt</strong></span> <span class='ocrx_word' id='word_1_933' title='bbox 3110 5458 3298 5495; x_wconf 79' lang='lat' dir='ltr'><strong>resutut</strong></span> 
     </span>
     <span class='ocr_line' id='line_1_129' title="bbox 2214 5503 3298 5574; baseline 0.005 -27"><span class='ocrx_word' id='word_1_934' title='bbox 2214 5503 2386 5574; x_wconf 66' lang='lat' dir='ltr'><strong>ginnas.</strong></span> <span class='ocrx_word' id='word_1_935' title='bbox 2415 5503 2524 5574; x_wconf 69' lang='lat' dir='ltr'><strong>Vid.</strong></span> <span class='ocrx_word' id='word_1_936' title='bbox 2552 5511 2700 5574; x_wconf 62' lang='lat' dir='ltr'><strong>potas</strong></span> <span class='ocrx_word' id='word_1_937' title='bbox 2721 5503 2759 5572; x_wconf 59' lang='grc' dir='ltr'><strong>(ξ</strong></span> <span class='ocrx_word' id='word_1_938' title='bbox 2791 5505 3106 5574; x_wconf 80' lang='lat' dir='ltr'><strong>ronologicas.</strong></span> <span class='ocrx_word' id='word_1_939' title='bbox 3290 5565 3298 5574; x_wconf 34' lang='grc' dir='ltr'>ι</span> 
     </span>
    </p>
   </div>
   <div class='ocr_carea' id='block_1_127' title="bbox 2283 5560 3423 5627">
    <p class='ocr_par' dir='ltr' id='par_1_127' title="bbox 2283 5560 3423 5627">
     <span class='ocr_line' id='line_1_130' title="bbox 2283 5560 3423 5627; baseline 0.006 -21"><span class='ocrx_word' id='word_1_940' title='bbox 2283 5560 2347 5623; x_wconf 71' lang='lat' dir='ltr'><strong>(Ii)</strong></span> <span class='ocrx_word' id='word_1_941' title='bbox 2393 5563 2521 5611; x_wconf 66' lang='lat' dir='ltr'><strong>Alias</strong></span> <span class='ocrx_word' id='word_1_942' title='bbox 2551 5564 2627 5610; x_wconf 86' lang='lat'><strong>99.</strong></span> <span class='ocrx_word' id='word_1_943' title='bbox 2655 5563 2840 5624; x_wconf 80' lang='lat' dir='ltr'><strong>Scripta</strong></span> <span class='ocrx_word' id='word_1_944' title='bbox 2861 5560 3018 5614; x_wconf 66' lang='lat' dir='ltr'><strong>inen&#39;se</strong></span> <span class='ocrx_word' id='word_1_945' title='bbox 3042 5577 3158 5627; x_wconf 81' lang='lat' dir='ltr'><strong>.mg.</strong></span> <span class='ocrx_word' id='word_1_946' title='bbox 3183 5565 3298 5614; x_wconf 80' lang='lat' dir='ltr'><strong>anni</strong></span> <span class='ocrx_word' id='word_1_947' title='bbox 3315 5567 3423 5615; x_wconf 76' lang='lat'><strong>385.</strong></span> 
     </span>
    </p>
   </div>
  </div>
