  <div class='ocr_page' id='page_1' title='image "/cluster/home/n/w/nwhite01/storage/ocr_20150623/22/uva.x000826587/314.png"; bbox 0 0 4078 6198; ppageno 0'>
   <div class='ocr_carea' id='block_1_1' title="bbox 238 265 344 318">
    <p class='ocr_par' dir='ltr' id='par_1_1' title="bbox 238 265 344 318">
     <span class='ocr_line' id='line_1_1' title="bbox 238 265 344 318; baseline 0 0"><span class='ocrx_word' id='word_1_1' title='bbox 238 265 344 318; x_wconf 69' lang='grc'><strong>681</strong></span> 
     </span>
    </p>
   </div>
   <div class='ocr_carea' id='block_1_2' title="bbox 239 362 1821 445">
    <p class='ocr_par' dir='ltr' id='par_1_2' title="bbox 239 362 1821 445">
     <span class='ocr_line' id='line_1_2' title="bbox 239 362 1821 445; baseline -0.01 -13"><span class='ocrx_word' id='word_1_2' title='bbox 239 384 364 434; x_wconf 79' lang='lat' dir='ltr'><strong>tius</strong></span> <span class='ocrx_word' id='word_1_3' title='bbox 391 374 634 445; x_wconf 80' lang='lat' dir='ltr'><strong>judicare</strong></span> <span class='ocrx_word' id='word_1_4' title='bbox 654 371 827 440; x_wconf 77' lang='lat' dir='ltr'><strong>(Rom.</strong></span> <span class='ocrx_word' id='word_1_5' title='bbox 851 369 936 422; x_wconf 72' lang='grc'><strong>14.</strong></span> <span class='ocrx_word' id='word_1_6' title='bbox 958 366 1035 438; x_wconf 71' lang='grc' dir='ltr'><strong>ι),</strong></span> <span class='ocrx_word' id='word_1_7' title='bbox 1062 374 1117 422; x_wconf 84' lang='lat' dir='ltr'><strong>et</strong></span> <span class='ocrx_word' id='word_1_8' title='bbox 1140 380 1246 421; x_wconf 88' lang='lat' dir='ltr'><strong>non</strong></span> <span class='ocrx_word' id='word_1_9' title='bbox 1274 362 1447 419; x_wconf 84' lang='lat' dir='ltr'><strong>facilis</strong></span> <span class='ocrx_word' id='word_1_10' title='bbox 1464 363 1640 429; x_wconf 88' lang='lat' dir='ltr'><strong>venia,</strong></span> <span class='ocrx_word' id='word_1_11' title='bbox 1661 378 1821 434; x_wconf 86' lang='lat' dir='ltr'><strong>prava</strong></span> 
     </span>
    </p>
   </div>
   <div class='ocr_carea' id='block_1_3' title="bbox 238 454 1828 523">
    <p class='ocr_par' dir='ltr' id='par_1_3' title="bbox 238 454 1828 523">
     <span class='ocr_line' id='line_1_3' title="bbox 238 454 1828 523; baseline -0.009 -1"><span class='ocrx_word' id='word_1_12' title='bbox 238 466 461 522; x_wconf 77' lang='lat' dir='ltr'><strong>dixisse</strong></span> <span class='ocrx_word' id='word_1_13' title='bbox 496 462 564 518; x_wconf 88' lang='lat' dir='ltr'><strong>de</strong></span> <span class='ocrx_word' id='word_1_14' title='bbox 590 462 767 516; x_wconf 80' lang='lat' dir='ltr'><strong>rectis.</strong></span> <span class='ocrx_word' id='word_1_15' title='bbox 814 458 1035 520; x_wconf 81' lang='lat' dir='ltr'><strong>Veniet,</strong></span> <span class='ocrx_word' id='word_1_16' title='bbox 1069 456 1250 511; x_wconf 89' lang='lat' dir='ltr'><strong>veniet</strong></span> <span class='ocrx_word' id='word_1_17' title='bbox 1277 455 1367 510; x_wconf 88' lang='lat' dir='ltr'><strong>illa</strong></span> <span class='ocrx_word' id='word_1_18' title='bbox 1397 454 1513 510; x_wconf 90' lang='lat' dir='ltr'><strong>dies</strong></span> <span class='ocrx_word' id='word_1_19' title='bbox 1544 455 1598 509; x_wconf 91' lang='lat' dir='ltr'><strong>in</strong></span> <span class='ocrx_word' id='word_1_20' title='bbox 1642 470 1744 523; x_wconf 87' lang='lat' dir='ltr'><strong>qua</strong></span> <span class='ocrx_word' id='word_1_21' title='bbox 1773 463 1828 509; x_wconf 90' lang='lat' dir='ltr'><strong>et</strong></span> 
     </span>
    </p>
   </div>
   <div class='ocr_carea' id='block_1_4' title="bbox 240 548 1294 616">
    <p class='ocr_par' dir='ltr' id='par_1_4' title="bbox 240 548 1294 616">
     <span class='ocr_line' id='line_1_4' title="bbox 240 548 1294 616; baseline -0.011 -4"><span class='ocrx_word' id='word_1_22' title='bbox 240 570 470 612; x_wconf 80' lang='lat' dir='ltr'><strong>meeum</strong></span> <span class='ocrx_word' id='word_1_23' title='bbox 497 551 703 607; x_wconf 83' lang='lat' dir='ltr'><strong>dolebis</strong></span> <span class='ocrx_word' id='word_1_24' title='bbox 726 548 916 603; x_wconf 79' lang='lat' dir='ltr'><strong>ardere</strong></span> <span class='ocrx_word' id='word_1_25' title='bbox 940 561 1048 602; x_wconf 92' lang='lat' dir='ltr'><strong>non</strong></span> <span class='ocrx_word' id='word_1_26' title='bbox 1073 560 1294 616; x_wconf 82' lang='lat' dir='ltr'><strong>paucos.</strong></span> 
     </span>
    </p>
   </div>
   <div class='ocr_carea' id='block_1_5' title="bbox 316 633 1828 711">
    <p class='ocr_par' dir='ltr' id='par_1_5' title="bbox 316 633 1828 711">
     <span class='ocr_line' id='line_1_5' title="bbox 316 633 1828 711; baseline -0.009 -12"><span class='ocrx_word' id='word_1_27' title='bbox 316 646 382 699; x_wconf 75' lang='lat'><strong>2.</strong></span> <span class='ocrx_word' id='word_1_28' title='bbox 414 643 528 711; x_wconf 82' lang='lat' dir='ltr'><strong>Ego</strong></span> <span class='ocrx_word' id='word_1_29' title='bbox 553 640 862 709; x_wconf 88' lang='lat' dir='ltr'><strong>probrosus,</strong></span> <span class='ocrx_word' id='word_1_30' title='bbox 893 651 994 706; x_wconf 86' lang='lat' dir='ltr'><strong>ego</strong></span> <span class='ocrx_word' id='word_1_31' title='bbox 1020 635 1317 704; x_wconf 88' lang='lat' dir='ltr'><strong>versipellis</strong></span> <span class='ocrx_word' id='word_1_32' title='bbox 1352 642 1407 688; x_wconf 91' lang='lat' dir='ltr'><strong>et</strong></span> <span class='ocrx_word' id='word_1_33' title='bbox 1433 633 1666 688; x_wconf 90' lang='lat' dir='ltr'><strong>lubricus</strong></span> <span class='ocrx_word' id='word_1_34' title='bbox 1690 650 1704 687; x_wconf 91' lang='lat'>:</span> <span class='ocrx_word' id='word_1_35' title='bbox 1728 647 1828 702; x_wconf 85' lang='lat' dir='ltr'><strong>ego</strong></span> 
     </span>
    </p>
   </div>
   <div class='ocr_carea' id='block_1_6' title="bbox 241 725 1828 797">
    <p class='ocr_par' dir='ltr' id='par_1_6' title="bbox 241 725 1828 797">
     <span class='ocr_line' id='line_1_6' title="bbox 241 725 1828 797; baseline -0.009 -6"><span class='ocrx_word' id='word_1_36' title='bbox 241 734 512 797; x_wconf 83' lang='lat' dir='ltr'><strong>mendax,</strong></span> <span class='ocrx_word' id='word_1_37' title='bbox 537 743 592 786; x_wconf 92' lang='lat' dir='ltr'><strong>et</strong></span> <span class='ocrx_word' id='word_1_38' title='bbox 614 730 823 786; x_wconf 68' lang='lat' dir='ltr'><strong>Satanae</strong></span> <span class='ocrx_word' id='word_1_39' title='bbox 851 739 966 782; x_wconf 87' lang='lat' dir='ltr'><strong>arte</strong></span> <span class='ocrx_word' id='word_1_40' title='bbox 986 726 1281 795; x_wconf 87' lang='lat' dir='ltr'><strong>decipiens.</strong></span> <span class='ocrx_word' id='word_1_41' title='bbox 1313 725 1448 793; x_wconf 83' lang='lat' dir='ltr'><strong>Quid</strong></span> <span class='ocrx_word' id='word_1_42' title='bbox 1474 725 1616 779; x_wconf 90' lang='lat' dir='ltr'><strong>enim</strong></span> <span class='ocrx_word' id='word_1_43' title='bbox 1639 732 1721 778; x_wconf 89' lang='lat' dir='ltr'><strong>est</strong></span> <span class='ocrx_word' id='word_1_44' title='bbox 1742 733 1828 777; x_wconf 62' lang='lat' dir='ltr'><strong>tuo</strong></span> 
     </span>
    </p>
   </div>
   <div class='ocr_carea' id='block_1_7' title="bbox 241 813 1825 887">
    <p class='ocr_par' dir='ltr' id='par_1_7' title="bbox 241 813 1825 887">
     <span class='ocr_line' id='line_1_7' title="bbox 241 813 1825 887; baseline -0.007 -9"><span class='ocrx_word' id='word_1_45' title='bbox 241 825 358 878; x_wconf 86' lang='lat' dir='ltr'><strong>tius</strong></span> <span class='ocrx_word' id='word_1_46' title='bbox 378 862 397 887; x_wconf 93' lang='lat'><strong>,</strong></span> <span class='ocrx_word' id='word_1_47' title='bbox 435 822 550 875; x_wconf 67' lang='lat' dir='ltr'><strong>haec</strong></span> <span class='ocrx_word' id='word_1_48' title='bbox 574 819 656 873; x_wconf 86' lang='lat' dir='ltr'><strong>vel</strong></span> <span class='ocrx_word' id='word_1_49' title='bbox 686 817 1011 881; x_wconf 79' lang='lat' dir='ltr'><strong>credidisse,</strong></span> <span class='ocrx_word' id='word_1_50' title='bbox 1044 816 1125 870; x_wconf 88' lang='lat' dir='ltr'><strong>vel</strong></span> <span class='ocrx_word' id='word_1_51' title='bbox 1152 814 1370 869; x_wconf 77' lang='lat' dir='ltr'><strong>ﬁnxisse</strong></span> <span class='ocrx_word' id='word_1_52' title='bbox 1394 814 1462 869; x_wconf 89' lang='lat' dir='ltr'><strong>de</strong></span> <span class='ocrx_word' id='word_1_53' title='bbox 1491 813 1788 868; x_wconf 75' lang='lat' dir='ltr'><strong>insontibus</strong></span> <span class='ocrx_word' id='word_1_54' title='bbox 1808 852 1825 878; x_wconf 91' lang='lat'><strong>,</strong></span> 
     </span>
    </p>
   </div>
   <div class='ocr_carea' id='block_1_8' title="bbox 237 901 1830 966">
    <p class='ocr_par' dir='ltr' id='par_1_8' title="bbox 237 901 1830 966">
     <span class='ocr_line' id='line_1_8' title="bbox 237 901 1830 966; baseline -0.007 -1"><span class='ocrx_word' id='word_1_55' title='bbox 237 929 312 965; x_wconf 89' lang='lat' dir='ltr'><strong>an</strong></span> <span class='ocrx_word' id='word_1_56' title='bbox 347 912 520 966; x_wconf 89' lang='lat' dir='ltr'><strong>etiam</strong></span> <span class='ocrx_word' id='word_1_57' title='bbox 568 909 634 964; x_wconf 89' lang='lat' dir='ltr'><strong>de</strong></span> <span class='ocrx_word' id='word_1_58' title='bbox 678 907 851 962; x_wconf 79' lang='lat' dir='ltr'><strong>noxiis</strong></span> <span class='ocrx_word' id='word_1_59' title='bbox 889 905 1113 960; x_wconf 87' lang='lat' dir='ltr'><strong>credere</strong></span> <span class='ocrx_word' id='word_1_60' title='bbox 1141 904 1412 958; x_wconf 79' lang='lat' dir='ltr'><strong>noluisse?</strong></span> <span class='ocrx_word' id='word_1_61' title='bbox 1441 901 1830 957; x_wconf 77' lang='lat' dir='ltr'><strong>Oseulabantur</strong></span> 
     </span>
    </p>
   </div>
   <div class='ocr_carea' id='block_1_9' title="bbox 239 993 1828 1071">
    <p class='ocr_par' dir='ltr' id='par_1_9' title="bbox 239 993 1828 1071">
     <span class='ocr_line' id='line_1_9' title="bbox 239 993 1828 1071; baseline -0.006 -14"><span class='ocrx_word' id='word_1_62' title='bbox 239 1002 385 1057; x_wconf 89' lang='lat' dir='ltr'><strong>mihi</strong></span> <span class='ocrx_word' id='word_1_63' title='bbox 422 1016 613 1055; x_wconf 89' lang='lat' dir='ltr'><strong>manus</strong></span> <span class='ocrx_word' id='word_1_64' title='bbox 643 998 718 1071; x_wconf 88' lang='lat' dir='ltr'><strong>(a)</strong></span> <span class='ocrx_word' id='word_1_65' title='bbox 747 997 983 1067; x_wconf 88' lang='lat' dir='ltr'><strong>quidam,</strong></span> <span class='ocrx_word' id='word_1_66' title='bbox 1006 1006 1059 1051; x_wconf 91' lang='lat' dir='ltr'><strong>et</strong></span> <span class='ocrx_word' id='word_1_67' title='bbox 1078 1011 1172 1051; x_wconf 91' lang='lat' dir='ltr'><strong>ore</strong></span> <span class='ocrx_word' id='word_1_68' title='bbox 1196 996 1412 1065; x_wconf 86' lang='lat' dir='ltr'><strong>vipereo</strong></span> <span class='ocrx_word' id='word_1_69' title='bbox 1437 993 1788 1049; x_wconf 88' lang='lat' dir='ltr'><strong>detrahebant</strong></span> <span class='ocrx_word' id='word_1_70' title='bbox 1811 1011 1828 1048; x_wconf 86' lang='lat'><strong>:</strong></span> 
     </span>
    </p>
   </div>
   <div class='ocr_carea' id='block_1_10' title="bbox 235 1083 1830 1155">
    <p class='ocr_par' dir='ltr' id='par_1_10' title="bbox 235 1083 1830 1155">
     <span class='ocr_line' id='line_1_10' title="bbox 235 1083 1830 1155; baseline -0.006 -10"><span class='ocrx_word' id='word_1_71' title='bbox 235 1091 518 1147; x_wconf 74' lang='lat' dir='ltr'><strong>dolebant</strong></span> <span class='ocrx_word' id='word_1_72' title='bbox 550 1088 733 1149; x_wconf 90' lang='lat' dir='ltr'><strong>labiis,</strong></span> <span class='ocrx_word' id='word_1_73' title='bbox 766 1086 929 1141; x_wconf 92' lang='lat' dir='ltr'><strong>corde</strong></span> <span class='ocrx_word' id='word_1_74' title='bbox 955 1086 1275 1155; x_wconf 87' lang='lat' dir='ltr'><strong>gaudebant.</strong></span> <span class='ocrx_word' id='word_1_75' title='bbox 1312 1084 1534 1138; x_wconf 81' lang='lat' dir='ltr'><strong>Videbat</strong></span> <span class='ocrx_word' id='word_1_76' title='bbox 1575 1083 1830 1137; x_wconf 86' lang='lat' dir='ltr'><strong>Dominus</strong></span> 
     </span>
    </p>
   </div>
   <div class='ocr_carea' id='block_1_11' title="bbox 236 1176 1828 1237">
    <p class='ocr_par' dir='ltr' id='par_1_11' title="bbox 236 1176 1828 1237">
     <span class='ocr_line' id='line_1_11' title="bbox 236 1176 1828 1237; baseline -0.007 0"><span class='ocrx_word' id='word_1_77' title='bbox 236 1195 297 1237; x_wconf 83' lang='lat' dir='ltr'><strong>et</strong></span> <span class='ocrx_word' id='word_1_78' title='bbox 323 1180 704 1236; x_wconf 73' lang='lat' dir='ltr'><strong>subsannabat</strong></span> <span class='ocrx_word' id='word_1_79' title='bbox 745 1177 900 1237; x_wconf 86' lang='lat' dir='ltr'><strong>illos,</strong></span> <span class='ocrx_word' id='word_1_80' title='bbox 943 1186 997 1230; x_wconf 92' lang='lat' dir='ltr'><strong>et</strong></span> <span class='ocrx_word' id='word_1_81' title='bbox 1036 1176 1286 1229; x_wconf 88' lang='lat' dir='ltr'><strong>miserum</strong></span> <span class='ocrx_word' id='word_1_82' title='bbox 1314 1188 1402 1229; x_wconf 91' lang='lat' dir='ltr'><strong>me</strong></span> <span class='ocrx_word' id='word_1_83' title='bbox 1436 1188 1647 1226; x_wconf 88' lang='lat' dir='ltr'><strong>servum</strong></span> <span class='ocrx_word' id='word_1_84' title='bbox 1674 1188 1828 1226; x_wconf 85' lang='lat' dir='ltr'><strong>suum</strong></span> 
     </span>
    </p>
   </div>
   <div class='ocr_carea' id='block_1_12' title="bbox 236 1262 1829 1334">
    <p class='ocr_par' dir='ltr' id='par_1_12' title="bbox 236 1262 1829 1334">
     <span class='ocr_line' id='line_1_12' title="bbox 236 1262 1829 1334; baseline -0.006 -10"><span class='ocrx_word' id='word_1_85' title='bbox 236 1271 442 1324; x_wconf 88' lang='lat' dir='ltr'><strong>futuro</strong></span> <span class='ocrx_word' id='word_1_86' title='bbox 472 1284 593 1324; x_wconf 89' lang='lat' dir='ltr'><strong>cum</strong></span> <span class='ocrx_word' id='word_1_87' title='bbox 640 1268 720 1322; x_wconf 89' lang='lat' dir='ltr'><strong>eis</strong></span> <span class='ocrx_word' id='word_1_88' title='bbox 759 1265 962 1334; x_wconf 88' lang='lat' dir='ltr'><strong>judicio</strong></span> <span class='ocrx_word' id='word_1_89' title='bbox 999 1263 1324 1317; x_wconf 75' lang='lat' dir='ltr'><strong>reservabat.</strong></span> <span class='ocrx_word' id='word_1_90' title='bbox 1372 1262 1523 1316; x_wconf 83' lang='lat' dir='ltr'><strong>Alius</strong></span> <span class='ocrx_word' id='word_1_91' title='bbox 1565 1263 1829 1315; x_wconf 83' lang='lat' dir='ltr'><strong>incessum</strong></span> 
     </span>
    </p>
   </div>
   <div class='ocr_carea' id='block_1_13' title="bbox 236 1351 1828 1416">
    <p class='ocr_par' dir='ltr' id='par_1_13' title="bbox 236 1351 1828 1416">
     <span class='ocr_line' id='line_1_13' title="bbox 236 1351 1828 1416; baseline -0.007 0"><span class='ocrx_word' id='word_1_92' title='bbox 236 1375 446 1415; x_wconf 87' lang='lat' dir='ltr'><strong>meum</strong></span> <span class='ocrx_word' id='word_1_93' title='bbox 463 1356 884 1413; x_wconf 88' lang='lat' dir='ltr'><strong>calumniabatur</strong></span> <span class='ocrx_word' id='word_1_94' title='bbox 902 1363 954 1407; x_wconf 89' lang='lat' dir='ltr'><strong>et</strong></span> <span class='ocrx_word' id='word_1_95' title='bbox 971 1354 1134 1407; x_wconf 91' lang='lat' dir='ltr'><strong>risum</strong></span> <span class='ocrx_word' id='word_1_96' title='bbox 1159 1370 1174 1406; x_wconf 90' lang='lat'><strong>:</strong></span> <span class='ocrx_word' id='word_1_97' title='bbox 1199 1353 1286 1406; x_wconf 91' lang='lat' dir='ltr'><strong>ille</strong></span> <span class='ocrx_word' id='word_1_98' title='bbox 1308 1353 1471 1407; x_wconf 88' lang='lat' dir='ltr'><strong>vultui</strong></span> <span class='ocrx_word' id='word_1_99' title='bbox 1487 1351 1828 1416; x_wconf 82' lang='lat' dir='ltr'><strong>detrahebat;</strong></span> 
     </span>
    </p>
   </div>
   <div class='ocr_carea' id='block_1_14' title="bbox 236 1441 1833 1518">
    <p class='ocr_par' dir='ltr' id='par_1_14' title="bbox 236 1441 1833 1518">
     <span class='ocr_line' id='line_1_14' title="bbox 236 1441 1833 1518; baseline -0.006 -12"><span class='ocrx_word' id='word_1_100' title='bbox 236 1451 337 1506; x_wconf 89' lang='lat' dir='ltr'><strong>hic</strong></span> <span class='ocrx_word' id='word_1_101' title='bbox 378 1452 438 1504; x_wconf 91' lang='lat' dir='ltr'><strong>in</strong></span> <span class='ocrx_word' id='word_1_102' title='bbox 474 1447 813 1518; x_wconf 88' lang='lat' dir='ltr'><strong>simplicitate</strong></span> <span class='ocrx_word' id='word_1_103' title='bbox 832 1444 971 1498; x_wconf 90' lang='lat' dir='ltr'><strong>aliud</strong></span> <span class='ocrx_word' id='word_1_104' title='bbox 993 1443 1384 1512; x_wconf 85' lang='lat' dir='ltr'><strong>suspicabatur.</strong></span> <span class='ocrx_word' id='word_1_105' title='bbox 1464 1442 1622 1513; x_wconf 74' lang='lat'><strong>196</strong></span> <span class='ocrx_word' id='word_1_106' title='bbox 1690 1441 1833 1496; x_wconf 85' lang='lat' dir='ltr'><strong>Pene</strong></span> 
     </span>
    </p>
   </div>
   <div class='ocr_carea' id='block_1_15' title="bbox 236 1532 1831 1602">
    <p class='ocr_par' dir='ltr' id='par_1_15' title="bbox 236 1532 1831 1602">
     <span class='ocr_line' id='line_1_15' title="bbox 236 1532 1831 1602; baseline -0.006 -7"><span class='ocrx_word' id='word_1_107' title='bbox 236 1548 404 1595; x_wconf 90' lang='lat' dir='ltr'><strong>certe</strong></span> <span class='ocrx_word' id='word_1_108' title='bbox 434 1539 721 1593; x_wconf 89' lang='lat' dir='ltr'><strong>triennium</strong></span> <span class='ocrx_word' id='word_1_109' title='bbox 739 1551 859 1591; x_wconf 91' lang='lat' dir='ltr'><strong>cum</strong></span> <span class='ocrx_word' id='word_1_110' title='bbox 881 1535 960 1589; x_wconf 89' lang='lat' dir='ltr'><strong>eis</strong></span> <span class='ocrx_word' id='word_1_111' title='bbox 979 1535 1104 1587; x_wconf 76' lang='lat' dir='ltr'><strong>vixi.</strong></span> <span class='ocrx_word' id='word_1_112' title='bbox 1136 1532 1295 1587; x_wconf 78' lang='lat' dir='ltr'><strong>Multa</strong></span> <span class='ocrx_word' id='word_1_113' title='bbox 1317 1547 1403 1587; x_wconf 92' lang='lat' dir='ltr'><strong>me</strong></span> <span class='ocrx_word' id='word_1_114' title='bbox 1419 1533 1681 1602; x_wconf 77' lang='lat' dir='ltr'><strong>virginum</strong></span> <span class='ocrx_word' id='word_1_115' title='bbox 1710 1548 1831 1586; x_wconf 85' lang='lat' dir='ltr'><strong>cre-</strong></span> 
     </span>
    </p>
   </div>
   <div class='ocr_carea' id='block_1_16' title="bbox 235 1622 1828 1692">
    <p class='ocr_par' dir='ltr' id='par_1_16' title="bbox 235 1622 1828 1692">
     <span class='ocr_line' id='line_1_16' title="bbox 235 1622 1828 1692; baseline -0.005 -8"><span class='ocrx_word' id='word_1_116' title='bbox 235 1629 345 1685; x_wconf 83' lang='lat' dir='ltr'><strong>bro</strong></span> <span class='ocrx_word' id='word_1_117' title='bbox 379 1628 543 1681; x_wconf 89' lang='lat' dir='ltr'><strong>turba</strong></span> <span class='ocrx_word' id='word_1_118' title='bbox 570 1624 934 1681; x_wconf 91' lang='lat' dir='ltr'><strong>circumdedit.</strong></span> <span class='ocrx_word' id='word_1_119' title='bbox 965 1622 1182 1677; x_wconf 90' lang='lat' dir='ltr'><strong>Divinos</strong></span> <span class='ocrx_word' id='word_1_120' title='bbox 1201 1623 1410 1686; x_wconf 86' lang='lat' dir='ltr'><strong>Libros,</strong></span> <span class='ocrx_word' id='word_1_121' title='bbox 1434 1633 1491 1676; x_wconf 91' lang='lat' dir='ltr'><strong>ut</strong></span> <span class='ocrx_word' id='word_1_122' title='bbox 1508 1624 1675 1692; x_wconf 91' lang='lat' dir='ltr'><strong>potui,</strong></span> <span class='ocrx_word' id='word_1_123' title='bbox 1694 1640 1828 1676; x_wconf 88' lang='lat' dir='ltr'><strong>non-</strong></span> 
     </span>
    </p>
   </div>
   <div class='ocr_carea' id='block_1_17' title="bbox 241 1711 1832 1787">
    <p class='ocr_par' dir='ltr' id='par_1_17' title="bbox 241 1711 1832 1787">
     <span class='ocr_line' id='line_1_17' title="bbox 241 1711 1832 1787; baseline -0.006 -13"><span class='ocrx_word' id='word_1_124' title='bbox 241 1719 419 1787; x_wconf 83' lang='lat' dir='ltr'><strong>nullis</strong></span> <span class='ocrx_word' id='word_1_125' title='bbox 438 1732 582 1785; x_wconf 70' lang='lat' dir='ltr'><strong>smpe</strong></span> <span class='ocrx_word' id='word_1_126' title='bbox 602 1716 761 1770; x_wconf 85' lang='lat' dir='ltr'><strong>disset</strong></span> <span class='ocrx_word' id='word_1_127' title='bbox 777 1715 846 1767; x_wconf 90' lang='lat' dir='ltr'><strong>ui.</strong></span> <span class='ocrx_word' id='word_1_128' title='bbox 867 1713 1051 1767; x_wconf 84' lang='lat' dir='ltr'><strong>Lectio</strong></span> <span class='ocrx_word' id='word_1_129' title='bbox 1063 1712 1445 1776; x_wconf 87' lang='lat' dir='ltr'><strong>assiduitatem,</strong></span> <span class='ocrx_word' id='word_1_130' title='bbox 1464 1712 1744 1766; x_wconf 82' lang='lat' dir='ltr'><strong>assiduitas</strong></span> <span class='ocrx_word' id='word_1_131' title='bbox 1762 1711 1832 1765; x_wconf 89' lang='lat' dir='ltr'><strong>fa-</strong></span> 
     </span>
    </p>
   </div>
   <div class='ocr_carea' id='block_1_18' title="bbox 242 1801 1828 1871">
    <p class='ocr_par' dir='ltr' id='par_1_18' title="bbox 242 1801 1828 1871">
     <span class='ocr_line' id='line_1_18' title="bbox 242 1801 1828 1871; baseline -0.003 -9"><span class='ocrx_word' id='word_1_132' title='bbox 242 1809 646 1869; x_wconf 87' lang='lat' dir='ltr'><strong>miliaritatem,</strong></span> <span class='ocrx_word' id='word_1_133' title='bbox 661 1804 988 1859; x_wconf 79' lang='lat' dir='ltr'><strong>familiaritas</strong></span> <span class='ocrx_word' id='word_1_134' title='bbox 1000 1802 1245 1856; x_wconf 84' lang='lat' dir='ltr'><strong>fiduciam</strong></span> <span class='ocrx_word' id='word_1_135' title='bbox 1260 1801 1475 1857; x_wconf 89' lang='lat' dir='ltr'><strong>fecerat.</strong></span> <span class='ocrx_word' id='word_1_136' title='bbox 1493 1803 1828 1871; x_wconf 89' lang='lat' dir='ltr'><strong>Dieant,quid</strong></span> 
     </span>
    </p>
   </div>
   <div class='ocr_carea' id='block_1_19' title="bbox 243 1892 1828 1968">
    <p class='ocr_par' dir='ltr' id='par_1_19' title="bbox 243 1892 1828 1968">
     <span class='ocr_line' id='line_1_19' title="bbox 243 1892 1828 1968; baseline -0.001 -16"><span class='ocrx_word' id='word_1_137' title='bbox 243 1912 495 1968; x_wconf 82' lang='lat' dir='ltr'><strong>unquam</strong></span> <span class='ocrx_word' id='word_1_138' title='bbox 536 1899 589 1950; x_wconf 88' lang='lat' dir='ltr'><strong>in</strong></span> <span class='ocrx_word' id='word_1_139' title='bbox 629 1910 717 1950; x_wconf 89' lang='lat' dir='ltr'><strong>me</strong></span> <span class='ocrx_word' id='word_1_140' title='bbox 768 1895 923 1948; x_wconf 85' lang='lat' dir='ltr'><strong>aliter</strong></span> <span class='ocrx_word' id='word_1_141' title='bbox 951 1893 1252 1958; x_wconf 88' lang='lat' dir='ltr'><strong>senserint,</strong></span> <span class='ocrx_word' id='word_1_142' title='bbox 1284 1908 1443 1962; x_wconf 89' lang='lat' dir='ltr'><strong>quam</strong></span> <span class='ocrx_word' id='word_1_143' title='bbox 1472 1892 1828 1950; x_wconf 87' lang='lat' dir='ltr'><strong>Christianum</strong></span> 
     </span>
    </p>
   </div>
   <div class='ocr_carea' id='block_1_20' title="bbox 241 1983 1828 2053">
    <p class='ocr_par' dir='ltr' id='par_1_20' title="bbox 241 1983 1828 2053">
     <span class='ocr_line' id='line_1_20' title="bbox 241 1983 1828 2053; baseline -0.002 -11"><span class='ocrx_word' id='word_1_144' title='bbox 241 1985 523 2044; x_wconf 79' lang='lat' dir='ltr'><strong>decebat?</strong></span> <span class='ocrx_word' id='word_1_145' title='bbox 564 1985 846 2041; x_wconf 90' lang='lat' dir='ltr'><strong>Pecuniam</strong></span> <span class='ocrx_word' id='word_1_146' title='bbox 889 1983 1203 2053; x_wconf 79' lang='lat' dir='ltr'><strong>cujusquam</strong></span> <span class='ocrx_word' id='word_1_147' title='bbox 1238 1984 1459 2053; x_wconf 85' lang='lat' dir='ltr'><strong>accepi?</strong></span> <span class='ocrx_word' id='word_1_148' title='bbox 1491 2001 1709 2039; x_wconf 89' lang='lat' dir='ltr'><strong>munera</strong></span> <span class='ocrx_word' id='word_1_149' title='bbox 1746 1988 1828 2040; x_wconf 89' lang='lat' dir='ltr'><strong>vel</strong></span> 
     </span>
    </p>
   </div>
   <div class='ocr_carea' id='block_1_21' title="bbox 242 2074 1831 2149">
    <p class='ocr_par' dir='ltr' id='par_1_21' title="bbox 242 2074 1831 2149">
     <span class='ocr_line' id='line_1_21' title="bbox 242 2074 1831 2149; baseline -0.003 -17"><span class='ocrx_word' id='word_1_150' title='bbox 242 2093 437 2149; x_wconf 88' lang='lat' dir='ltr'><strong>parva,</strong></span> <span class='ocrx_word' id='word_1_151' title='bbox 475 2076 562 2134; x_wconf 86' lang='lat' dir='ltr'><strong>vel</strong></span> <span class='ocrx_word' id='word_1_152' title='bbox 591 2090 778 2144; x_wconf 80' lang='lat' dir='ltr'><strong>magna</strong></span> <span class='ocrx_word' id='word_1_153' title='bbox 808 2089 911 2128; x_wconf 93' lang='lat' dir='ltr'><strong>non</strong></span> <span class='ocrx_word' id='word_1_154' title='bbox 944 2074 1162 2142; x_wconf 76' lang='lat' dir='ltr'><strong>sprevi?</strong></span> <span class='ocrx_word' id='word_1_155' title='bbox 1190 2074 1239 2127; x_wconf 92' lang='lat' dir='ltr'><strong>in</strong></span> <span class='ocrx_word' id='word_1_156' title='bbox 1270 2090 1429 2128; x_wconf 91' lang='lat' dir='ltr'><strong>manu</strong></span> <span class='ocrx_word' id='word_1_157' title='bbox 1471 2089 1587 2128; x_wconf 89' lang='lat' dir='ltr'><strong>mea</strong></span> <span class='ocrx_word' id='word_1_158' title='bbox 1633 2091 1707 2128; x_wconf 70' lang='lat' dir='ltr'><strong>{PS</strong></span> <span class='ocrx_word' id='word_1_159' title='bbox 1733 2077 1831 2129; x_wconf 90' lang='lat' dir='ltr'><strong>ali-</strong></span> 
     </span>
    </p>
   </div>
   <div class='ocr_carea' id='block_1_22' title="bbox 242 2164 1831 2237">
    <p class='ocr_par' dir='ltr' id='par_1_22' title="bbox 242 2164 1831 2237">
     <span class='ocr_line' id='line_1_22' title="bbox 242 2164 1831 2237; baseline -0.003 -14"><span class='ocrx_word' id='word_1_160' title='bbox 242 2168 407 2237; x_wconf 87' lang='lat' dir='ltr'><strong>cujus</strong></span> <span class='ocrx_word' id='word_1_161' title='bbox 434 2165 709 2220; x_wconf 80' lang='lat' dir='ltr'><strong>insonuit?</strong></span> <span class='ocrx_word' id='word_1_162' title='bbox 734 2164 981 2233; x_wconf 89' lang='lat' dir='ltr'><strong>obliquus</strong></span> <span class='ocrx_word' id='word_1_163' title='bbox 1001 2179 1200 2228; x_wconf 86' lang='lat' dir='ltr'><strong>sermo,</strong></span> <span class='ocrx_word' id='word_1_164' title='bbox 1224 2165 1406 2218; x_wconf 90' lang='lat' dir='ltr'><strong>oculus</strong></span> <span class='ocrx_word' id='word_1_165' title='bbox 1434 2166 1673 2232; x_wconf 81' lang='lat' dir='ltr'><strong>petulans</strong></span> <span class='ocrx_word' id='word_1_166' title='bbox 1700 2166 1831 2219; x_wconf 85' lang='lat' dir='ltr'><strong>fuit?</strong></span> 
     </span>
    </p>
   </div>
   <div class='ocr_carea' id='block_1_23' title="bbox 242 2253 1829 2321">
    <p class='ocr_par' dir='ltr' id='par_1_23' title="bbox 242 2253 1829 2321">
     <span class='ocr_line' id='line_1_23' title="bbox 242 2253 1829 2321; baseline -0.001 -10"><span class='ocrx_word' id='word_1_167' title='bbox 242 2256 395 2312; x_wconf 80' lang='lat' dir='ltr'><strong>Nihil</strong></span> <span class='ocrx_word' id='word_1_168' title='bbox 441 2254 578 2309; x_wconf 89' lang='lat' dir='ltr'><strong>mihi</strong></span> <span class='ocrx_word' id='word_1_169' title='bbox 614 2253 756 2308; x_wconf 91' lang='lat' dir='ltr'><strong>aliud</strong></span> <span class='ocrx_word' id='word_1_170' title='bbox 795 2254 1042 2321; x_wconf 89' lang='lat' dir='ltr'><strong>objicitur</strong></span> <span class='ocrx_word' id='word_1_171' title='bbox 1082 2253 1182 2307; x_wconf 82' lang='lat' dir='ltr'><strong>nisi</strong></span> <span class='ocrx_word' id='word_1_172' title='bbox 1226 2268 1389 2308; x_wconf 81' lang='lat' dir='ltr'><strong>sexus</strong></span> <span class='ocrx_word' id='word_1_173' title='bbox 1415 2270 1601 2319; x_wconf 87' lang='lat' dir='ltr'><strong>meus,</strong></span> <span class='ocrx_word' id='word_1_174' title='bbox 1633 2265 1686 2308; x_wconf 91' lang='lat' dir='ltr'><strong>et</strong></span> <span class='ocrx_word' id='word_1_175' title='bbox 1728 2255 1829 2309; x_wconf 89' lang='lat' dir='ltr'><strong>hoc</strong></span> 
     </span>
    </p>
   </div>
   <div class='ocr_carea' id='block_1_24' title="bbox 243 2344 1828 2420">
    <p class='ocr_par' dir='ltr' id='par_1_24' title="bbox 243 2344 1828 2420">
     <span class='ocr_line' id='line_1_24' title="bbox 243 2344 1828 2420; baseline 0.001 -19"><span class='ocrx_word' id='word_1_176' title='bbox 243 2361 531 2417; x_wconf 87' lang='lat' dir='ltr'><strong>nunquam</strong></span> <span class='ocrx_word' id='word_1_177' title='bbox 556 2345 815 2415; x_wconf 91' lang='lat' dir='ltr'><strong>objicitur,</strong></span> <span class='ocrx_word' id='word_1_178' title='bbox 859 2345 958 2398; x_wconf 89' lang='lat' dir='ltr'><strong>nisi</strong></span> <span class='ocrx_word' id='word_1_179' title='bbox 980 2360 1139 2414; x_wconf 91' lang='lat' dir='ltr'><strong>quum</strong></span> <span class='ocrx_word' id='word_1_180' title='bbox 1161 2344 1542 2416; x_wconf 79' lang='lat' dir='ltr'><strong>Jerosolymam</strong></span> <span class='ocrx_word' id='word_1_181' title='bbox 1566 2347 1726 2401; x_wconf 82' lang='lat' dir='ltr'><strong>Paula</strong></span> <span class='ocrx_word' id='word_1_182' title='bbox 1751 2349 1828 2420; x_wconf 76' lang='grc' dir='ltr'><strong>(ιι)</strong></span> 
     </span>
    </p>
   </div>
   <div class='ocr_carea' id='block_1_25' title="bbox 242 2436 1826 2509">
    <p class='ocr_par' dir='ltr' id='par_1_25' title="bbox 242 2436 1826 2509">
     <span class='ocr_line' id='line_1_25' title="bbox 242 2436 1826 2509; baseline 0.001 -17"><span class='ocrx_word' id='word_1_183' title='bbox 242 2438 635 2509; x_wconf 88' lang='lat' dir='ltr'><strong>proficiscitur.</strong></span> <span class='ocrx_word' id='word_1_184' title='bbox 668 2436 832 2500; x_wconf 87' lang='lat' dir='ltr'><strong>Esto,</strong></span> <span class='ocrx_word' id='word_1_185' title='bbox 861 2436 1207 2492; x_wconf 91' lang='lat' dir='ltr'><strong>crediderunt</strong></span> <span class='ocrx_word' id='word_1_186' title='bbox 1246 2439 1524 2492; x_wconf 86' lang='lat' dir='ltr'><strong>mentienti</strong></span> <span class='ocrx_word' id='word_1_187' title='bbox 1554 2456 1568 2492; x_wconf 91' lang='lat'><strong>:</strong></span> <span class='ocrx_word' id='word_1_188' title='bbox 1601 2455 1696 2493; x_wconf 88' lang='lat' dir='ltr'><strong>cur</strong></span> <span class='ocrx_word' id='word_1_189' title='bbox 1722 2455 1826 2493; x_wconf 92' lang='lat' dir='ltr'><strong>non</strong></span> 
     </span>
    </p>
   </div>
   <div class='ocr_carea' id='block_1_26' title="bbox 240 2526 1825 2597">
    <p class='ocr_par' dir='ltr' id='par_1_26' title="bbox 240 2526 1825 2597">
     <span class='ocr_line' id='line_1_26' title="bbox 240 2526 1825 2597; baseline 0 -14"><span class='ocrx_word' id='word_1_190' title='bbox 240 2529 475 2584; x_wconf 81' lang='lat' dir='ltr'><strong>credunt</strong></span> <span class='ocrx_word' id='word_1_191' title='bbox 526 2526 778 2597; x_wconf 81' lang='lat' dir='ltr'><strong>neganti?</strong></span> <span class='ocrx_word' id='word_1_192' title='bbox 824 2527 966 2582; x_wconf 88' lang='lat' dir='ltr'><strong>Idem</strong></span> <span class='ocrx_word' id='word_1_193' title='bbox 1017 2536 1100 2581; x_wconf 90' lang='lat' dir='ltr'><strong>est</strong></span> <span class='ocrx_word' id='word_1_194' title='bbox 1147 2527 1307 2581; x_wconf 88' lang='lat' dir='ltr'><strong>homo</strong></span> <span class='ocrx_word' id='word_1_195' title='bbox 1335 2527 1448 2597; x_wconf 88' lang='lat' dir='ltr'><strong>ipse</strong></span> <span class='ocrx_word' id='word_1_196' title='bbox 1480 2530 1566 2596; x_wconf 87' lang='lat' dir='ltr'><strong>qui</strong></span> <span class='ocrx_word' id='word_1_197' title='bbox 1613 2530 1825 2583; x_wconf 89' lang='lat' dir='ltr'><strong>fuerat:</strong></span> 
     </span>
    </p>
   </div>
   <div class='ocr_carea' id='block_1_27' title="bbox 239 2619 1830 2690">
    <p class='ocr_par' dir='ltr' id='par_1_27' title="bbox 239 2619 1830 2690">
     <span class='ocr_line' id='line_1_27' title="bbox 239 2619 1830 2690; baseline 0.001 -16"><span class='ocrx_word' id='word_1_198' title='bbox 239 2620 442 2674; x_wconf 90' lang='lat' dir='ltr'><strong>fatetur</strong></span> <span class='ocrx_word' id='word_1_199' title='bbox 466 2621 774 2684; x_wconf 87' lang='lat' dir='ltr'><strong>insontem,</strong></span> <span class='ocrx_word' id='word_1_200' title='bbox 819 2620 909 2688; x_wconf 89' lang='lat' dir='ltr'><strong>qui</strong></span> <span class='ocrx_word' id='word_1_201' title='bbox 938 2619 1136 2673; x_wconf 90' lang='lat' dir='ltr'><strong>dudum</strong></span> <span class='ocrx_word' id='word_1_202' title='bbox 1164 2620 1381 2673; x_wconf 82' lang='lat' dir='ltr'><strong>noxium</strong></span> <span class='ocrx_word' id='word_1_203' title='bbox 1410 2620 1743 2690; x_wconf 82' lang='lat' dir='ltr'><strong>loquebatur,</strong></span> <span class='ocrx_word' id='word_1_204' title='bbox 1776 2631 1830 2676; x_wconf 93' lang='lat' dir='ltr'><strong>et</strong></span> 
     </span>
    </p>
   </div>
   <div class='ocr_carea' id='block_1_28' title="bbox 239 2708 1830 2779">
    <p class='ocr_par' dir='ltr' id='par_1_28' title="bbox 239 2708 1830 2779">
     <span class='ocr_line' id='line_1_28' title="bbox 239 2708 1830 2779; baseline -0.001 -14"><span class='ocrx_word' id='word_1_205' title='bbox 239 2720 385 2766; x_wconf 89' lang='lat' dir='ltr'><strong>certe</strong></span> <span class='ocrx_word' id='word_1_206' title='bbox 416 2708 708 2765; x_wconf 76' lang='lat' dir='ltr'><strong>veritatem</strong></span> <span class='ocrx_word' id='word_1_207' title='bbox 744 2709 912 2778; x_wconf 89' lang='lat' dir='ltr'><strong>magis</strong></span> <span class='ocrx_word' id='word_1_208' title='bbox 954 2709 1257 2778; x_wconf 80' lang='lat' dir='ltr'><strong>exprimunt</strong></span> <span class='ocrx_word' id='word_1_209' title='bbox 1285 2719 1544 2763; x_wconf 88' lang='lat' dir='ltr'><strong>tormenta</strong></span> <span class='ocrx_word' id='word_1_210' title='bbox 1571 2726 1729 2779; x_wconf 90' lang='lat' dir='ltr'><strong>quam</strong></span> <span class='ocrx_word' id='word_1_211' title='bbox 1759 2711 1830 2764; x_wconf 82' lang='lat' dir='ltr'><strong>ri-</strong></span> 
     </span>
    </p>
   </div>
   <div class='ocr_carea' id='block_1_29' title="bbox 239 2797 1828 2869">
    <p class='ocr_par' dir='ltr' id='par_1_29' title="bbox 239 2797 1828 2869">
     <span class='ocr_line' id='line_1_29' title="bbox 239 2797 1828 2869; baseline 0 -14"><span class='ocrx_word' id='word_1_212' title='bbox 239 2815 332 2855; x_wconf 89' lang='lat' dir='ltr'><strong>sus</strong></span> <span class='ocrx_word' id='word_1_213' title='bbox 358 2818 372 2855; x_wconf 92' lang='lat'><strong>:</strong></span> <span class='ocrx_word' id='word_1_214' title='bbox 405 2801 522 2855; x_wconf 84' lang='lat' dir='ltr'><strong>nisi</strong></span> <span class='ocrx_word' id='word_1_215' title='bbox 556 2797 699 2869; x_wconf 90' lang='lat' dir='ltr'><strong>quod</strong></span> <span class='ocrx_word' id='word_1_216' title='bbox 730 2800 935 2853; x_wconf 90' lang='lat' dir='ltr'><strong>facilius</strong></span> <span class='ocrx_word' id='word_1_217' title='bbox 960 2798 1197 2853; x_wconf 88' lang='lat' dir='ltr'><strong>creditur</strong></span> <span class='ocrx_word' id='word_1_218' title='bbox 1234 2799 1373 2869; x_wconf 92' lang='lat' dir='ltr'><strong>quod</strong></span> <span class='ocrx_word' id='word_1_219' title='bbox 1399 2809 1490 2854; x_wconf 87' lang='lat' dir='ltr'><strong>aut</strong></span> <span class='ocrx_word' id='word_1_220' title='bbox 1517 2803 1692 2856; x_wconf 89' lang='lat' dir='ltr'><strong>fictum</strong></span> <span class='ocrx_word' id='word_1_221' title='bbox 1714 2842 1729 2866; x_wconf 93' lang='lat'><strong>,</strong></span> <span class='ocrx_word' id='word_1_222' title='bbox 1764 2803 1828 2855; x_wconf 88' lang='lat' dir='ltr'><strong>li-</strong></span> 
     </span>
    </p>
   </div>
   <div class='ocr_carea' id='block_1_30' title="bbox 237 2890 1827 2963">
    <p class='ocr_par' dir='ltr' id='par_1_30' title="bbox 237 2890 1827 2963">
     <span class='ocr_line' id='line_1_30' title="bbox 237 2890 1827 2963; baseline -0.001 -13"><span class='ocrx_word' id='word_1_223' title='bbox 237 2893 428 2950; x_wconf 88' lang='lat' dir='ltr'><strong>benter</strong></span> <span class='ocrx_word' id='word_1_224' title='bbox 451 2890 708 2958; x_wconf 87' lang='lat' dir='ltr'><strong>auditur,</strong></span> <span class='ocrx_word' id='word_1_225' title='bbox 741 2900 834 2946; x_wconf 89' lang='lat' dir='ltr'><strong>aut</strong></span> <span class='ocrx_word' id='word_1_226' title='bbox 872 2907 979 2946; x_wconf 91' lang='lat' dir='ltr'><strong>non</strong></span> <span class='ocrx_word' id='word_1_227' title='bbox 1009 2892 1187 2945; x_wconf 87' lang='lat' dir='ltr'><strong>fictum</strong></span> <span class='ocrx_word' id='word_1_228' title='bbox 1209 2933 1224 2958; x_wconf 94' lang='lat'><strong>,</strong></span> <span class='ocrx_word' id='word_1_229' title='bbox 1272 2901 1327 2946; x_wconf 93' lang='lat' dir='ltr'><strong>ut</strong></span> <span class='ocrx_word' id='word_1_230' title='bbox 1358 2893 1604 2963; x_wconf 86' lang='lat' dir='ltr'><strong>fingatur,</strong></span> <span class='ocrx_word' id='word_1_231' title='bbox 1642 2893 1827 2963; x_wconf 81' lang='lat' dir='ltr'><strong>impel-</strong></span> 
     </span>
    </p>
   </div>
   <div class='ocr_carea' id='block_1_31' title="bbox 231 2985 377 3041">
    <p class='ocr_par' dir='ltr' id='par_1_31' title="bbox 231 2985 377 3041">
     <span class='ocr_line' id='line_1_31' title="bbox 231 2985 377 3041; baseline -0.021 0"><span class='ocrx_word' id='word_1_232' title='bbox 231 2985 377 3041; x_wconf 81' lang='lat' dir='ltr'><strong>lilnr.</strong></span> 
     </span>
    </p>
   </div>
   <div class='ocr_carea' id='block_1_32' title="bbox 306 3072 1828 3146">
    <p class='ocr_par' dir='ltr' id='par_1_32' title="bbox 306 3072 1828 3146">
     <span class='ocr_line' id='line_1_32' title="bbox 306 3072 1828 3146; baseline -0.002 -14"><span class='ocrx_word' id='word_1_233' title='bbox 306 3078 361 3132; x_wconf 76' lang='lat'><strong>3.</strong></span> <span class='ocrx_word' id='word_1_234' title='bbox 396 3079 718 3146; x_wconf 68' lang='lat' dir='ltr'><strong>Antequam</strong></span> <span class='ocrx_word' id='word_1_235' title='bbox 744 3073 962 3128; x_wconf 90' lang='lat' dir='ltr'><strong>domum</strong></span> <span class='ocrx_word' id='word_1_236' title='bbox 985 3082 1182 3129; x_wconf 75' lang='lat' dir='ltr'><strong>sancta:</strong></span> <span class='ocrx_word' id='word_1_237' title='bbox 1208 3072 1384 3128; x_wconf 78' lang='lat' dir='ltr'><strong>Paula:</strong></span> <span class='ocrx_word' id='word_1_238' title='bbox 1410 3089 1644 3138; x_wconf 91' lang='lat' dir='ltr'><strong>nossem,</strong></span> <span class='ocrx_word' id='word_1_239' title='bbox 1670 3075 1828 3129; x_wconf 83' lang='lat' dir='ltr'><strong>totius</strong></span> 
     </span>
    </p>
   </div>
   <div class='ocr_carea' id='block_1_33' title="bbox 242 3161 1829 3233">
    <p class='ocr_par' dir='ltr' id='par_1_33' title="bbox 242 3161 1829 3233">
     <span class='ocr_line' id='line_1_33' title="bbox 242 3161 1829 3233; baseline -0.003 -10"><span class='ocrx_word' id='word_1_240' title='bbox 242 3168 296 3223; x_wconf 93' lang='lat' dir='ltr'><strong>in</strong></span> <span class='ocrx_word' id='word_1_241' title='bbox 322 3181 410 3223; x_wconf 89' lang='lat' dir='ltr'><strong>me</strong></span> <span class='ocrx_word' id='word_1_242' title='bbox 428 3166 591 3222; x_wconf 81' lang='lat' dir='ltr'><strong>urbis</strong></span> <span class='ocrx_word' id='word_1_243' title='bbox 613 3163 786 3219; x_wconf 90' lang='lat' dir='ltr'><strong>studia</strong></span> <span class='ocrx_word' id='word_1_244' title='bbox 809 3161 1192 3217; x_wconf 87' lang='lat' dir='ltr'><strong>consonabant.</strong></span> <span class='ocrx_word' id='word_1_245' title='bbox 1216 3161 1460 3217; x_wconf 87' lang='lat' dir='ltr'><strong>Omnintn</strong></span> <span class='ocrx_word' id='word_1_246' title='bbox 1480 3179 1615 3233; x_wconf 92' lang='lat' dir='ltr'><strong>pene</strong></span> <span class='ocrx_word' id='word_1_247' title='bbox 1630 3163 1829 3232; x_wconf 89' lang='lat' dir='ltr'><strong>judicio</strong></span> 
     </span>
    </p>
   </div>
   <div class='ocr_carea' id='block_1_34' title="bbox 246 3254 1826 3331">
    <p class='ocr_par' dir='ltr' id='par_1_34' title="bbox 246 3254 1826 3331">
     <span class='ocr_line' id='line_1_34' title="bbox 246 3254 1826 3331; baseline -0.005 -16"><span class='ocrx_word' id='word_1_248' title='bbox 246 3260 439 3331; x_wconf 86' lang='lat' dir='ltr'><strong>dignus</strong></span> <span class='ocrx_word' id='word_1_249' title='bbox 464 3273 688 3315; x_wconf 90' lang='lat' dir='ltr'><strong>summo</strong></span> <span class='ocrx_word' id='word_1_250' title='bbox 714 3255 1025 3313; x_wconf 79' lang='lat' dir='ltr'><strong>Sacerdmio</strong></span> <span class='ocrx_word' id='word_1_251' title='bbox 1051 3254 1397 3309; x_wconf 89' lang='lat' dir='ltr'><strong>decernebar.</strong></span> <span class='ocrx_word' id='word_1_252' title='bbox 1428 3255 1600 3309; x_wconf 74' lang='lat' dir='ltr'><strong>Beata:</strong></span> <span class='ocrx_word' id='word_1_253' title='bbox 1626 3270 1826 3308; x_wconf 89' lang='lat' dir='ltr'><strong>memo-</strong></span> 
     </span>
    </p>
   </div>
   <div class='ocr_carea' id='block_1_35' title="bbox 246 3344 1825 3414">
    <p class='ocr_par' dir='ltr' id='par_1_35' title="bbox 246 3344 1825 3414">
     <span class='ocr_line' id='line_1_35' title="bbox 246 3344 1825 3414; baseline -0.003 -10"><span class='ocrx_word' id='word_1_254' title='bbox 246 3352 341 3404; x_wconf 69' lang='lat' dir='ltr'><strong>riae</strong></span> <span class='ocrx_word' id='word_1_255' title='bbox 371 3349 674 3414; x_wconf 90' lang='lat' dir='ltr'><strong>Damasus,</strong></span> <span class='ocrx_word' id='word_1_256' title='bbox 724 3360 874 3400; x_wconf 90' lang='lat' dir='ltr'><strong>meus</strong></span> <span class='ocrx_word' id='word_1_257' title='bbox 918 3359 1095 3399; x_wconf 86' lang='lat' dir='ltr'><strong>sermo</strong></span> <span class='ocrx_word' id='word_1_258' title='bbox 1137 3353 1269 3398; x_wconf 90' lang='lat' dir='ltr'><strong>erat.</strong></span> <span class='ocrx_word' id='word_1_259' title='bbox 1305 3344 1527 3399; x_wconf 91' lang='lat' dir='ltr'><strong>Dicebar</strong></span> <span class='ocrx_word' id='word_1_260' title='bbox 1565 3354 1779 3399; x_wconf 88' lang='lat' dir='ltr'><strong>sanctus</strong></span> <span class='ocrx_word' id='word_1_261' title='bbox 1811 3362 1825 3399; x_wconf 93' lang='lat'><strong>:</strong></span> 
     </span>
    </p>
   </div>
   <div class='ocr_carea' id='block_1_36' title="bbox 247 3432 1829 3504">
    <p class='ocr_par' dir='ltr' id='par_1_36' title="bbox 247 3432 1829 3504">
     <span class='ocr_line' id='line_1_36' title="bbox 247 3432 1829 3504; baseline -0.003 -10"><span class='ocrx_word' id='word_1_262' title='bbox 247 3438 465 3494; x_wconf 86' lang='lat' dir='ltr'><strong>dicebar</strong></span> <span class='ocrx_word' id='word_1_263' title='bbox 488 3437 714 3493; x_wconf 91' lang='lat' dir='ltr'><strong>humilis</strong></span> <span class='ocrx_word' id='word_1_264' title='bbox 734 3443 787 3490; x_wconf 90' lang='lat' dir='ltr'><strong>et</strong></span> <span class='ocrx_word' id='word_1_265' title='bbox 808 3433 1056 3489; x_wconf 89' lang='lat' dir='ltr'><strong>disertus.</strong></span> <span class='ocrx_word' id='word_1_266' title='bbox 1085 3432 1331 3503; x_wconf 84' lang='lat' dir='ltr'><strong>Nunquid</strong></span> <span class='ocrx_word' id='word_1_267' title='bbox 1371 3434 1586 3489; x_wconf 90' lang='lat' dir='ltr'><strong>domum</strong></span> <span class='ocrx_word' id='word_1_268' title='bbox 1609 3435 1829 3504; x_wconf 87' lang='lat' dir='ltr'><strong>alicujus</strong></span> 
     </span>
    </p>
   </div>
   <div class='ocr_carea' id='block_1_37' title="bbox 248 3523 1825 3597">
    <p class='ocr_par' dir='ltr' id='par_1_37' title="bbox 248 3523 1825 3597">
     <span class='ocr_line' id='line_1_37' title="bbox 248 3523 1825 3597; baseline -0.002 -15"><span class='ocrx_word' id='word_1_269' title='bbox 248 3528 555 3584; x_wconf 90' lang='lat' dir='ltr'><strong>laseivioris</strong></span> <span class='ocrx_word' id='word_1_270' title='bbox 588 3527 859 3597; x_wconf 86' lang='lat' dir='ltr'><strong>ingressus</strong></span> <span class='ocrx_word' id='word_1_271' title='bbox 904 3524 1063 3580; x_wconf 85' lang='lat' dir='ltr'><strong>sum?</strong></span> <span class='ocrx_word' id='word_1_272' title='bbox 1105 3523 1347 3595; x_wconf 83' lang='lat' dir='ltr'><strong>Nunquid</strong></span> <span class='ocrx_word' id='word_1_273' title='bbox 1391 3539 1478 3579; x_wconf 91' lang='lat' dir='ltr'><strong>me</strong></span> <span class='ocrx_word' id='word_1_274' title='bbox 1524 3534 1702 3579; x_wconf 84' lang='lat' dir='ltr'><strong>vestes</strong></span> <span class='ocrx_word' id='word_1_275' title='bbox 1739 3539 1825 3579; x_wconf 89' lang='lat' dir='ltr'><strong>se-</strong></span> 
     </span>
    </p>
   </div>
   <div class='ocr_carea' id='block_1_38' title="bbox 249 3614 1822 3686">
    <p class='ocr_par' dir='ltr' id='par_1_38' title="bbox 249 3614 1822 3686">
     <span class='ocr_line' id='line_1_38' title="bbox 249 3614 1822 3686; baseline -0.002 -15"><span class='ocrx_word' id='word_1_276' title='bbox 249 3618 374 3672; x_wconf 66' lang='lat' dir='ltr'><strong>ricae</strong></span> <span class='ocrx_word' id='word_1_277' title='bbox 397 3660 413 3686; x_wconf 95' lang='lat'><strong>,</strong></span> <span class='ocrx_word' id='word_1_278' title='bbox 446 3619 686 3673; x_wconf 88' lang='lat' dir='ltr'><strong>nitentes</strong></span> <span class='ocrx_word' id='word_1_279' title='bbox 711 3630 935 3686; x_wconf 71' lang='lat' dir='ltr'><strong>gemma:</strong></span> <span class='ocrx_word' id='word_1_280' title='bbox 954 3654 969 3679; x_wconf 93' lang='lat'><strong>,</strong></span> <span class='ocrx_word' id='word_1_281' title='bbox 1001 3615 1137 3685; x_wconf 90' lang='lat' dir='ltr'><strong>picta</strong></span> <span class='ocrx_word' id='word_1_282' title='bbox 1167 3615 1348 3677; x_wconf 88' lang='lat' dir='ltr'><strong>facies,</strong></span> <span class='ocrx_word' id='word_1_283' title='bbox 1379 3614 1493 3668; x_wconf 86' lang='lat' dir='ltr'><strong>auri</strong></span> <span class='ocrx_word' id='word_1_284' title='bbox 1518 3614 1692 3684; x_wconf 90' lang='lat' dir='ltr'><strong>rapuit</strong></span> <span class='ocrx_word' id='word_1_285' title='bbox 1716 3629 1822 3669; x_wconf 86' lang='lat' dir='ltr'><strong>am-</strong></span> 
     </span>
    </p>
   </div>
   <div class='ocr_carea' id='block_1_39' title="bbox 248 3702 1826 3773">
    <p class='ocr_par' dir='ltr' id='par_1_39' title="bbox 248 3702 1826 3773">
     <span class='ocr_line' id='line_1_39' title="bbox 248 3702 1826 3773; baseline 0 -15"><span class='ocrx_word' id='word_1_286' title='bbox 248 3704 421 3760; x_wconf 75' lang='lat' dir='ltr'><strong>bitio?</strong></span> <span class='ocrx_word' id='word_1_287' title='bbox 445 3705 604 3760; x_wconf 84' lang='lat' dir='ltr'><strong>Nulla</strong></span> <span class='ocrx_word' id='word_1_288' title='bbox 632 3703 730 3758; x_wconf 86' lang='lat' dir='ltr'><strong>fuit</strong></span> <span class='ocrx_word' id='word_1_289' title='bbox 757 3704 860 3758; x_wconf 84' lang='lat' dir='ltr'><strong>alia</strong></span> <span class='ocrx_word' id='word_1_290' title='bbox 891 3702 1075 3757; x_wconf 70' lang='lat' dir='ltr'><strong>Romae</strong></span> <span class='ocrx_word' id='word_1_291' title='bbox 1102 3713 1484 3770; x_wconf 90' lang='lat' dir='ltr'><strong>matronarum,</strong></span> <span class='ocrx_word' id='word_1_292' title='bbox 1516 3719 1634 3773; x_wconf 67' lang='lat' dir='ltr'><strong>quae</strong></span> <span class='ocrx_word' id='word_1_293' title='bbox 1654 3718 1826 3758; x_wconf 90' lang='lat' dir='ltr'><strong>meam</strong></span> 
     </span>
    </p>
   </div>
   <div class='ocr_carea' id='block_1_40' title="bbox 249 3792 1825 3862">
    <p class='ocr_par' dir='ltr' id='par_1_40' title="bbox 249 3792 1825 3862">
     <span class='ocr_line' id='line_1_40' title="bbox 249 3792 1825 3862; baseline -0.002 -13"><span class='ocrx_word' id='word_1_294' title='bbox 249 3804 433 3862; x_wconf 88' lang='lat' dir='ltr'><strong>posset</strong></span> <span class='ocrx_word' id='word_1_295' title='bbox 458 3794 720 3849; x_wconf 90' lang='lat' dir='ltr'><strong>edomare</strong></span> <span class='ocrx_word' id='word_1_296' title='bbox 741 3801 972 3846; x_wconf 90' lang='lat' dir='ltr'><strong>mentem</strong></span> <span class='ocrx_word' id='word_1_297' title='bbox 993 3831 1009 3855; x_wconf 90' lang='lat'><strong>,</strong></span> <span class='ocrx_word' id='word_1_298' title='bbox 1040 3792 1142 3846; x_wconf 90' lang='lat' dir='ltr'><strong>nisi</strong></span> <span class='ocrx_word' id='word_1_299' title='bbox 1168 3792 1354 3862; x_wconf 89' lang='lat' dir='ltr'><strong>lugens</strong></span> <span class='ocrx_word' id='word_1_300' title='bbox 1378 3802 1538 3861; x_wconf 90' lang='lat' dir='ltr'><strong>atque</strong></span> <span class='ocrx_word' id='word_1_301' title='bbox 1560 3793 1825 3861; x_wconf 84' lang='lat' dir='ltr'><strong>jejunans,</strong></span> 
     </span>
    </p>
   </div>
   <div class='ocr_carea' id='block_1_41' title="bbox 248 3879 1830 3952">
    <p class='ocr_par' dir='ltr' id='par_1_41' title="bbox 248 3879 1830 3952">
     <span class='ocr_line' id='line_1_41' title="bbox 248 3879 1830 3952; baseline 0.001 -17"><span class='ocrx_word' id='word_1_302' title='bbox 248 3884 509 3952; x_wconf 83' lang='lat' dir='ltr'><strong>squalens</strong></span> <span class='ocrx_word' id='word_1_303' title='bbox 539 3880 826 3945; x_wconf 87' lang='lat' dir='ltr'><strong>sordibus,</strong></span> <span class='ocrx_word' id='word_1_304' title='bbox 857 3879 1069 3935; x_wconf 86' lang='lat' dir='ltr'><strong>fletibus</strong></span> <span class='ocrx_word' id='word_1_305' title='bbox 1095 3895 1232 3949; x_wconf 92' lang='lat' dir='ltr'><strong>pene</strong></span> <span class='ocrx_word' id='word_1_306' title='bbox 1256 3890 1487 3945; x_wconf 68' lang='lat' dir='ltr'><strong>caecata;</strong></span> <span class='ocrx_word' id='word_1_307' title='bbox 1518 3898 1675 3950; x_wconf 88' lang='lat' dir='ltr'><strong>quam</strong></span> <span class='ocrx_word' id='word_1_308' title='bbox 1701 3893 1830 3937; x_wconf 89' lang='lat' dir='ltr'><strong>&#39;con-</strong></span> 
     </span>
    </p>
   </div>
   <div class='ocr_carea' id='block_1_42' title="bbox 250 3968 1827 4038">
    <p class='ocr_par' dir='ltr' id='par_1_42' title="bbox 250 3968 1827 4038">
     <span class='ocr_line' id='line_1_42' title="bbox 250 3968 1827 4038; baseline 0 -14"><span class='ocrx_word' id='word_1_309' title='bbox 250 3973 415 4025; x_wconf 89' lang='lat' dir='ltr'><strong>tinuis</strong></span> <span class='ocrx_word' id='word_1_310' title='bbox 460 3969 712 4024; x_wconf 88' lang='lat' dir='ltr'><strong>noctibus</strong></span> <span class='ocrx_word' id='word_1_311' title='bbox 739 3968 1163 4022; x_wconf 88' lang='lat' dir='ltr'><strong>miscricordiam</strong></span> <span class='ocrx_word' id='word_1_312' title='bbox 1205 3969 1414 4022; x_wconf 90' lang='lat' dir='ltr'><strong>Domini</strong></span> <span class='ocrx_word' id='word_1_313' title='bbox 1455 3968 1827 4038; x_wconf 86' lang='lat' dir='ltr'><strong>deprecantem</strong></span> 
     </span>
    </p>
   </div>
   <div class='ocr_carea' id='block_1_43' title="bbox 251 4055 1831 4127">
    <p class='ocr_par' dir='ltr' id='par_1_43' title="bbox 251 4055 1831 4127">
     <span class='ocr_line' id='line_1_43' title="bbox 251 4055 1831 4127; baseline -0.003 -12"><span class='ocrx_word' id='word_1_314' title='bbox 251 4062 332 4115; x_wconf 91' lang='lat' dir='ltr'><strong>sol</strong></span> <span class='ocrx_word' id='word_1_315' title='bbox 359 4074 508 4127; x_wconf 71' lang='lat' dir='ltr'><strong>stepe</strong></span> <span class='ocrx_word' id='word_1_316' title='bbox 529 4056 902 4126; x_wconf 87' lang='lat' dir='ltr'><strong>deprehendit.</strong></span> <span class='ocrx_word' id='word_1_317' title='bbox 932 4055 1097 4125; x_wconf 88' lang='lat' dir='ltr'><strong>Cujus</strong></span> <span class='ocrx_word' id='word_1_318' title='bbox 1115 4055 1388 4111; x_wconf 88' lang='lat' dir='ltr'><strong>Canticum</strong></span> <span class='ocrx_word' id='word_1_319' title='bbox 1412 4057 1625 4122; x_wconf 78' lang='lat' dir='ltr'><strong>Psalmi,</strong></span> <span class='ocrx_word' id='word_1_320' title='bbox 1654 4074 1831 4113; x_wconf 88' lang='lat' dir='ltr'><strong>sermo</strong></span> 
     </span>
    </p>
   </div>
   <div class='ocr_carea' id='block_1_44' title="bbox 253 4144 1831 4218">
    <p class='ocr_par' dir='ltr' id='par_1_44' title="bbox 253 4144 1831 4218">
     <span class='ocr_line' id='line_1_44' title="bbox 253 4144 1831 4218; baseline 0 -15"><span class='ocrx_word' id='word_1_321' title='bbox 253 4147 632 4218; x_wconf 86' lang='lat' dir='ltr'><strong>Evangelium,</strong></span> <span class='ocrx_word' id='word_1_322' title='bbox 659 4144 866 4201; x_wconf 66' lang='lat' dir='ltr'><strong>delicia:</strong></span> <span class='ocrx_word' id='word_1_323' title='bbox 891 4146 1235 4210; x_wconf 85' lang='lat' dir='ltr'><strong>continentia,</strong></span> <span class='ocrx_word' id='word_1_324' title='bbox 1260 4148 1361 4199; x_wconf 85' lang='lat' dir='ltr'><strong>vita</strong></span> <span class='ocrx_word' id='word_1_325' title='bbox 1380 4146 1657 4215; x_wconf 87' lang='lat' dir='ltr'><strong>jejunium.</strong></span> <span class='ocrx_word' id='word_1_326' title='bbox 1680 4148 1831 4203; x_wconf 88' lang='lat' dir='ltr'><strong>Nulla</strong></span> 
     </span>
    </p>
   </div>
   <div class='ocr_carea' id='block_1_45' title="bbox 253 4232 1833 4307">
    <p class='ocr_par' dir='ltr' id='par_1_45' title="bbox 253 4232 1833 4307">
     <span class='ocr_line' id='line_1_45' title="bbox 253 4232 1833 4307; baseline -0.001 -14"><span class='ocrx_word' id='word_1_327' title='bbox 253 4252 342 4293; x_wconf 89' lang='lat' dir='ltr'><strong>me</strong></span> <span class='ocrx_word' id='word_1_328' title='bbox 371 4232 550 4307; x_wconf 86' lang='lat' dir='ltr'><strong>potuit</strong></span> <span class='ocrx_word' id='word_1_329' title='bbox 577 4235 685 4289; x_wconf 90' lang='lat' dir='ltr'><strong>alia</strong></span> <span class='ocrx_word' id='word_1_330' title='bbox 709 4234 979 4290; x_wconf 87' lang='lat' dir='ltr'><strong>delectare</strong></span> <span class='ocrx_word' id='word_1_331' title='bbox 999 4276 1014 4299; x_wconf 97' lang='lat'><strong>,</strong></span> <span class='ocrx_word' id='word_1_332' title='bbox 1046 4234 1147 4288; x_wconf 91' lang='lat' dir='ltr'><strong>nisi</strong></span> <span class='ocrx_word' id='word_1_333' title='bbox 1176 4234 1263 4288; x_wconf 89' lang='lat' dir='ltr'><strong>illa</strong></span> <span class='ocrx_word' id='word_1_334' title='bbox 1284 4274 1300 4299; x_wconf 97' lang='lat'><strong>,</strong></span> <span class='ocrx_word' id='word_1_335' title='bbox 1332 4250 1490 4304; x_wconf 85' lang='lat' dir='ltr'><strong>quam</strong></span> <span class='ocrx_word' id='word_1_336' title='bbox 1521 4238 1833 4291; x_wconf 88' lang='lat' dir='ltr'><strong>manducan-</strong></span> 
     </span>
    </p>
   </div>
   <div class='ocr_carea' id='block_1_46' title="bbox 255 4324 1834 4398">
    <p class='ocr_par' dir='ltr' id='par_1_46' title="bbox 255 4324 1834 4398">
     <span class='ocr_line' id='line_1_46' title="bbox 255 4324 1834 4398; baseline 0.001 -16"><span class='ocrx_word' id='word_1_337' title='bbox 255 4336 364 4382; x_wconf 89' lang='lat' dir='ltr'><strong>tem</strong></span> <span class='ocrx_word' id='word_1_338' title='bbox 416 4341 688 4398; x_wconf 88' lang='lat' dir='ltr'><strong>nunquam</strong></span> <span class='ocrx_word' id='word_1_339' title='bbox 731 4326 857 4380; x_wconf 84' lang='lat' dir='ltr'><strong>vidi.</strong></span> <span class='ocrx_word' id='word_1_340' title='bbox 884 4324 989 4382; x_wconf 90' lang='lat' dir='ltr'><strong>Sed</strong></span> <span class='ocrx_word' id='word_1_341' title='bbox 1019 4333 1293 4394; x_wconf 81' lang='lat' dir='ltr'><strong>postquam</strong></span> <span class='ocrx_word' id='word_1_342' title='bbox 1321 4341 1437 4381; x_wconf 90' lang='lat' dir='ltr'><strong>eam</strong></span> <span class='ocrx_word' id='word_1_343' title='bbox 1470 4341 1563 4396; x_wconf 92' lang='lat' dir='ltr'><strong>pro</strong></span> <span class='ocrx_word' id='word_1_344' title='bbox 1591 4343 1700 4382; x_wconf 78' lang='lat' dir='ltr'><strong>sua:</strong></span> <span class='ocrx_word' id='word_1_345' title='bbox 1730 4345 1834 4384; x_wconf 89' lang='lat' dir='ltr'><strong>me-</strong></span> 
     </span>
    </p>
   </div>
   <div class='ocr_carea' id='block_1_47' title="bbox 258 4415 1833 4486">
    <p class='ocr_par' dir='ltr' id='par_1_47' title="bbox 258 4415 1833 4486">
     <span class='ocr_line' id='line_1_47' title="bbox 258 4415 1833 4486; baseline 0.003 -17"><span class='ocrx_word' id='word_1_346' title='bbox 258 4417 361 4472; x_wconf 92' lang='lat' dir='ltr'><strong>rito</strong></span> <span class='ocrx_word' id='word_1_347' title='bbox 380 4417 647 4473; x_wconf 88' lang='lat' dir='ltr'><strong>castitatis</strong></span> <span class='ocrx_word' id='word_1_348' title='bbox 668 4416 934 4482; x_wconf 88' lang='lat' dir='ltr'><strong>venerari,</strong></span> <span class='ocrx_word' id='word_1_349' title='bbox 957 4415 1158 4481; x_wconf 89' lang='lat' dir='ltr'><strong>colere,</strong></span> <span class='ocrx_word' id='word_1_350' title='bbox 1180 4415 1451 4485; x_wconf 89' lang='lat' dir='ltr'><strong>suspicere</strong></span> <span class='ocrx_word' id='word_1_351' title='bbox 1465 4417 1623 4486; x_wconf 71' lang='lat' dir='ltr'><strong>ccepi,</strong></span> <span class='ocrx_word' id='word_1_352' title='bbox 1646 4434 1833 4474; x_wconf 87' lang='lat' dir='ltr'><strong>omnes</strong></span> 
     </span>
    </p>
   </div>
   <div class='ocr_carea' id='block_1_48' title="bbox 257 4507 1097 4565">
    <p class='ocr_par' dir='ltr' id='par_1_48' title="bbox 257 4507 1097 4565">
     <span class='ocr_line' id='line_1_48' title="bbox 257 4507 1097 4565; baseline 0.001 -4"><span class='ocrx_word' id='word_1_353' title='bbox 257 4522 345 4563; x_wconf 85' lang='lat' dir='ltr'><strong>me</strong></span> <span class='ocrx_word' id='word_1_354' title='bbox 370 4507 515 4565; x_wconf 92' lang='lat' dir='ltr'><strong>illico</strong></span> <span class='ocrx_word' id='word_1_355' title='bbox 539 4510 830 4565; x_wconf 89' lang='lat' dir='ltr'><strong>deseruere</strong></span> <span class='ocrx_word' id='word_1_356' title='bbox 854 4509 1097 4564; x_wconf 81' lang='lat' dir='ltr'><strong>virtutes.</strong></span> 
     </span>
    </p>
   </div>
   <div class='ocr_carea' id='block_1_49' title="bbox 326 4598 1833 4671">
    <p class='ocr_par' dir='ltr' id='par_1_49' title="bbox 326 4598 1833 4671">
     <span class='ocr_line' id='line_1_49' title="bbox 326 4598 1833 4671; baseline 0.002 -19"><span class='ocrx_word' id='word_1_357' title='bbox 326 4599 383 4653; x_wconf 73' lang='grc'><strong>4.</strong></span> <span class='ocrx_word' id='word_1_358' title='bbox 412 4599 685 4655; x_wconf 84' lang='lat' dir='ltr'><strong>Oinvidia</strong></span> <span class='ocrx_word' id='word_1_359' title='bbox 716 4600 943 4671; x_wconf 85' lang='lat' dir='ltr'><strong>primum</strong></span> <span class='ocrx_word' id='word_1_360' title='bbox 976 4598 1200 4654; x_wconf 83' lang='lat' dir='ltr'><strong>mordax</strong></span> <span class='ocrx_word' id='word_1_361' title='bbox 1239 4600 1350 4653; x_wconf 86' lang='lat' dir='ltr'><strong>tui!</strong></span> <span class='ocrx_word' id='word_1_362' title='bbox 1381 4617 1413 4653; x_wconf 88' lang='grc' dir='ltr'>υ</span> <span class='ocrx_word' id='word_1_363' title='bbox 1455 4599 1665 4655; x_wconf 71' lang='lat' dir='ltr'><strong>Satanm</strong></span> <span class='ocrx_word' id='word_1_364' title='bbox 1693 4602 1833 4656; x_wconf 81' lang='lat' dir='ltr'><strong>calli-</strong></span> 
     </span>
    </p>
   </div>
   <div class='ocr_carea' id='block_1_50' title="bbox 261 4684 1831 4760">
    <p class='ocr_par' dir='ltr' id='par_1_50' title="bbox 261 4684 1831 4760">
     <span class='ocr_line' id='line_1_50' title="bbox 261 4684 1831 4760; baseline 0.006 -22"><span class='ocrx_word' id='word_1_365' title='bbox 261 4684 395 4741; x_wconf 87' lang='lat' dir='ltr'><strong>ditas</strong></span> <span class='ocrx_word' id='word_1_366' title='bbox 418 4701 634 4758; x_wconf 88' lang='lat' dir='ltr'><strong>semper</strong></span> <span class='ocrx_word' id='word_1_367' title='bbox 654 4700 835 4745; x_wconf 90' lang='lat' dir='ltr'><strong>sancta</strong></span> <span class='ocrx_word' id='word_1_368' title='bbox 856 4689 1219 4760; x_wconf 86' lang='lat' dir='ltr'><strong>persequens!</strong></span> <span class='ocrx_word' id='word_1_369' title='bbox 1247 4688 1414 4744; x_wconf 63' lang='lat' dir='ltr'><strong>Nullae</strong></span> <span class='ocrx_word' id='word_1_370' title='bbox 1436 4690 1553 4744; x_wconf 79' lang='lat' dir='ltr'><strong>aliae</strong></span> <span class='ocrx_word' id='word_1_371' title='bbox 1578 4690 1831 4748; x_wconf 63' lang='lat' dir='ltr'><strong>Romanas</strong></span> 
     </span>
    </p>
   </div>
   <div class='ocr_carea' id='block_1_51' title="bbox 263 4776 1827 4855">
    <p class='ocr_par' dir='ltr' id='par_1_51' title="bbox 263 4776 1827 4855">
     <span class='ocr_line' id='line_1_51' title="bbox 263 4776 1827 4855; baseline 0.008 -29"><span class='ocrx_word' id='word_1_372' title='bbox 263 4776 377 4829; x_wconf 89' lang='lat' dir='ltr'><strong>urbi</strong></span> <span class='ocrx_word' id='word_1_373' title='bbox 421 4777 651 4855; x_wconf 86' lang='lat' dir='ltr'><strong>fabulam</strong></span> <span class='ocrx_word' id='word_1_374' title='bbox 680 4779 1050 4847; x_wconf 61' lang='lat' dir='ltr'><strong>praebuerunt,</strong></span> <span class='ocrx_word' id='word_1_375' title='bbox 1089 4779 1189 4834; x_wconf 86' lang='lat' dir='ltr'><strong>nisi</strong></span> <span class='ocrx_word' id='word_1_376' title='bbox 1221 4780 1381 4834; x_wconf 85' lang='lat' dir='ltr'><strong>Paula</strong></span> <span class='ocrx_word' id='word_1_377' title='bbox 1423 4789 1477 4836; x_wconf 90' lang='lat' dir='ltr'><strong>et</strong></span> <span class='ocrx_word' id='word_1_378' title='bbox 1512 4781 1827 4852; x_wconf 83' lang='lat' dir='ltr'><strong>Melanium,</strong></span> 
     </span>
    </p>
   </div>
   <div class='ocr_carea' id='block_1_52' title="bbox 255 4870 1828 4944">
    <p class='ocr_par' dir='ltr' id='par_1_52' title="bbox 255 4870 1828 4944">
     <span class='ocr_line' id='line_1_52' title="bbox 255 4870 1828 4944; baseline 0.009 -29"><span class='ocrx_word' id='word_1_379' title='bbox 255 4878 380 4929; x_wconf 62' lang='lat' dir='ltr'><strong>quis</strong></span> <span class='ocrx_word' id='word_1_380' title='bbox 406 4870 728 4939; x_wconf 87' lang='lat' dir='ltr'><strong>contemptis</strong></span> <span class='ocrx_word' id='word_1_381' title='bbox 753 4870 1112 4935; x_wconf 88' lang='lat' dir='ltr'><strong>facultatibus,</strong></span> <span class='ocrx_word' id='word_1_382' title='bbox 1139 4870 1552 4944; x_wconf 85' lang='lat' dir='ltr'><strong>pignoribusque</strong></span> <span class='ocrx_word' id='word_1_383' title='bbox 1581 4874 1828 4939; x_wconf 75' lang='lat' dir='ltr'><strong>desertis,</strong></span> 
     </span>
    </p>
   </div>
   <div class='ocr_carea' id='block_1_53' title="bbox 265 4956 1829 5031">
    <p class='ocr_par' dir='ltr' id='par_1_53' title="bbox 265 4956 1829 5031">
     <span class='ocr_line' id='line_1_53' title="bbox 265 4956 1829 5031; baseline 0.011 -31"><span class='ocrx_word' id='word_1_384' title='bbox 265 4963 480 5006; x_wconf 87' lang='lat' dir='ltr'><strong>crucem</strong></span> <span class='ocrx_word' id='word_1_385' title='bbox 498 4956 702 5012; x_wconf 86' lang='lat' dir='ltr'><strong>Domini</strong></span> <span class='ocrx_word' id='word_1_386' title='bbox 723 4962 869 5029; x_wconf 85' lang='lat' dir='ltr'><strong>quasi</strong></span> <span class='ocrx_word' id='word_1_387' title='bbox 888 4960 1149 5031; x_wconf 87' lang='lat' dir='ltr'><strong>quoddam</strong></span> <span class='ocrx_word' id='word_1_388' title='bbox 1175 4959 1386 5029; x_wconf 89' lang='lat' dir='ltr'><strong>pietatis</strong></span> <span class='ocrx_word' id='word_1_389' title='bbox 1408 4961 1655 5017; x_wconf 88' lang='lat' dir='ltr'><strong>levavere</strong></span> <span class='ocrx_word' id='word_1_390' title='bbox 1673 4964 1829 5018; x_wconf 79' lang='lat' dir='ltr'><strong>vexil-</strong></span> 
     </span>
    </p>
   </div>
   <div class='ocr_carea' id='block_1_54' title="bbox 268 5038 1828 5123">
    <p class='ocr_par' dir='ltr' id='par_1_54' title="bbox 268 5038 1828 5123">
     <span class='ocr_line' id='line_1_54' title="bbox 268 5038 1828 5123; baseline 0.012 -34"><span class='ocrx_word' id='word_1_391' title='bbox 268 5038 399 5090; x_wconf 87' lang='lat' dir='ltr'><strong>lum.</strong></span> <span class='ocrx_word' id='word_1_392' title='bbox 427 5038 481 5094; x_wconf 89' lang='lat' dir='ltr'><strong>Si</strong></span> <span class='ocrx_word' id='word_1_393' title='bbox 508 5042 583 5112; x_wconf 85' lang='lat' dir='ltr'><strong>(c)</strong></span> <span class='ocrx_word' id='word_1_394' title='bbox 606 5044 821 5103; x_wconf 86' lang='lat' dir='ltr'><strong>balneas</strong></span> <span class='ocrx_word' id='word_1_395' title='bbox 846 5059 1111 5118; x_wconf 90' lang='lat' dir='ltr'><strong>peterent,</strong></span> <span class='ocrx_word' id='word_1_396' title='bbox 1141 5061 1411 5120; x_wconf 85' lang='lat' dir='ltr'><strong>unguenta</strong></span> <span class='ocrx_word' id='word_1_397' title='bbox 1441 5053 1728 5123; x_wconf 91' lang='lat' dir='ltr'><strong>eligerent,</strong></span> <span class='ocrx_word' id='word_1_398' title='bbox 1757 5054 1828 5108; x_wconf 90' lang='lat' dir='ltr'><strong>di-</strong></span> 
     </span>
    </p>
   </div>
   <div class='ocr_carea' id='block_1_55' title="bbox 327 5190 1826 5272">
    <p class='ocr_par' dir='ltr' id='par_1_55' title="bbox 327 5190 1826 5272">
     <span class='ocr_line' id='line_1_55' title="bbox 327 5190 1826 5272; baseline 0.01 -29"><span class='ocrx_word' id='word_1_399' title='bbox 327 5190 743 5272; x_wconf 31' lang='lat' dir='ltr'><strong>ffg‘gartianzeus</strong></span> <span class='ocrx_word' id='word_1_400' title='bbox 771 5200 962 5272; x_wconf 68' lang='lat' dir='ltr'><strong>quidem</strong></span> <span class='ocrx_word' id='word_1_401' title='bbox 980 5242 994 5261; x_wconf 89' lang='lat'><strong>,</strong></span> <span class='ocrx_word' id='word_1_402' title='bbox 1017 5207 1152 5268; x_wconf 86' lang='lat' dir='ltr'><strong>cujus</strong></span> <span class='ocrx_word' id='word_1_403' title='bbox 1170 5205 1355 5259; x_wconf 87' lang='lat' dir='ltr'><strong>leviora</strong></span> <span class='ocrx_word' id='word_1_404' title='bbox 1377 5208 1597 5272; x_wconf 67' lang='lat' dir='ltr'><strong>quaedam</strong></span> <span class='ocrx_word' id='word_1_405' title='bbox 1627 5206 1719 5257; x_wconf 88' lang='lat' dir='ltr'><strong>alia</strong></span> <span class='ocrx_word' id='word_1_406' title='bbox 1741 5221 1826 5270; x_wconf 89' lang='lat' dir='ltr'><strong>pa-</strong></span> 
     </span>
    </p>
   </div>
   <div class='ocr_carea' id='block_1_56' title="bbox 262 5259 1132 5319">
    <p class='ocr_par' dir='ltr' id='par_1_56' title="bbox 262 5259 1132 5319">
     <span class='ocr_line' id='line_1_56' title="bbox 262 5259 1132 5319; baseline 0.021 -22"><span class='ocrx_word' id='word_1_407' title='bbox 262 5261 582 5319; x_wconf 62' lang='lat' dir='ltr'><strong>ragratqmata</strong></span> <span class='ocrx_word' id='word_1_408' title='bbox 607 5259 727 5311; x_wconf 85' lang='lat' dir='ltr'><strong>infra</strong></span> <span class='ocrx_word' id='word_1_409' title='bbox 750 5259 1091 5313; x_wconf 54' lang='lat' dir='ltr'><strong>emendaturis:</strong></span> <span class='ocrx_word' id='word_1_410' title='bbox 1126 5312 1132 5319; x_wconf 89' lang='grc'><em>,</em></span> 
     </span>
    </p>
   </div>
   <div class='ocr_carea' id='block_1_57' title="bbox 324 5311 1828 5394">
    <p class='ocr_par' dir='ltr' id='par_1_57' title="bbox 324 5311 1828 5394">
     <span class='ocr_line' id='line_1_57' title="bbox 324 5311 1828 5394; baseline 0.005 -21"><span class='ocrx_word' id='word_1_411' title='bbox 324 5311 617 5394; x_wconf 50' lang='grc' dir='ltr'><strong>ςοζξείξῳι</strong></span> <span class='ocrx_word' id='word_1_412' title='bbox 641 5311 1033 5394; x_wconf 23' lang='lat' dir='ltr'><strong>Victorias‘qui‘</strong></span> <span class='ocrx_word' id='word_1_413' title='bbox 1040 5311 1169 5394; x_wconf 78' lang='lat' dir='ltr'><strong>addit</strong></span> <span class='ocrx_word' id='word_1_414' title='bbox 1184 5361 1200 5385; x_wconf 88' lang='lat'><strong>,</strong></span> <span class='ocrx_word' id='word_1_415' title='bbox 1220 5335 1275 5394; x_wconf 60' lang='lat' dir='ltr'><strong>et</strong></span> <span class='ocrx_word' id='word_1_416' title='bbox 1293 5328 1496 5379; x_wconf 68' lang='lat' dir='ltr'><strong>Melania</strong></span> <span class='ocrx_word' id='word_1_417' title='bbox 1517 5328 1828 5394; x_wconf 77' lang='lat' dir='ltr'><strong>proﬁciscun-</strong></span> 
     </span>
    </p>
   </div>
   <div class='ocr_carea' id='block_1_58' title="bbox 259 5374 1826 5454">
    <p class='ocr_par' dir='ltr' id='par_1_58' title="bbox 259 5374 1826 5454">
     <span class='ocr_line' id='line_1_58' title="bbox 259 5374 1826 5454; baseline 0.004 -19"><span class='ocrx_word' id='word_1_418' title='bbox 397 5387 508 5454; x_wconf 62' lang='grc' dir='ltr'><strong>(ιιιὲ</strong></span> <span class='ocrx_word' id='word_1_419' title='bbox 531 5374 954 5454; x_wconf 48' lang='grc' dir='ltr'><strong>ιξιωῳιᾱὶξ-ωἱςεξ</strong></span> <span class='ocrx_word' id='word_1_420' title='bbox 994 5374 1199 5454; x_wconf 41' lang='lat' dir='ltr'><strong>Paulam.</strong></span> <span class='ocrx_word' id='word_1_421' title='bbox 1222 5374 1560 5454; x_wconf 54' lang='lat' dir='ltr'><strong>fdiséééséiii’,‘</strong></span> <span class='ocrx_word' id='word_1_422' title='bbox 1579 5374 1826 5454; x_wconf 47' lang='lat' dir='ltr'><strong>REGE};</strong></span> 
     </span>
    </p>
   </div>
   <div class='ocr_carea' id='block_1_59' title="bbox 263 5435 1769 5514">
    <p class='ocr_par' dir='ltr' id='par_1_59' title="bbox 263 5435 1769 5514">
     <span class='ocr_line' id='line_1_59' title="bbox 263 5435 1769 5514; baseline -0.001 1"><span class='ocrx_word' id='word_1_423' title='bbox 263 5435 405 5514; x_wconf 62' lang='grc' dir='ltr'><strong>θνὶἷίι·</strong></span> <span class='ocrx_word' id='word_1_424' title='bbox 429 5435 760 5514; x_wconf 28' lang='grc' dir='ltr'><strong>Ξεὲκάθμριιίω.</strong></span> <span class='ocrx_word' id='word_1_425' title='bbox 773 5443 998 5514; x_wconf 48' lang='grc' dir='ltr'>Βωιιπ</span> <span class='ocrx_word' id='word_1_426' title='bbox 1012 5435 1769 5514; x_wconf 48' lang='grc' dir='ltr'><strong>ἒαηριυίῖίι“ιῐέ,ῖὶ“ιῖἷὲνοῖςῦιῧξ</strong></span> 
     </span>
    </p>
   </div>
   <div class='ocr_carea' id='block_1_60' title="bbox 327 5490 1826 5563">
    <p class='ocr_par' dir='ltr' id='par_1_60' title="bbox 327 5490 1826 5563">
     <span class='ocr_line' id='line_1_60' title="bbox 327 5490 1826 5563; baseline 0.007 -11"><span class='ocrx_word' id='word_1_427' title='bbox 327 5490 398 5555; x_wconf 76' lang='grc' dir='ltr'><strong>(ε)</strong></span> <span class='ocrx_word' id='word_1_428' title='bbox 430 5495 574 5561; x_wconf 73' lang='lat' dir='ltr'><strong>Saepe</strong></span> <span class='ocrx_word' id='word_1_429' title='bbox 589 5490 1826 5563; x_wconf 32' lang='lat' dir='ltr'><strong>mai-1361a};‘EdEEirEer&#39;TESIﬁiiéi&#39;irE-YG&#39;JJJta</strong></span> 
     </span>
    </p>
   </div>
   <div class='ocr_carea' id='block_1_61' title="bbox 262 5560 1826 5696">
    <p class='ocr_par' dir='ltr' id='par_1_61' title="bbox 262 5560 1826 5696">
     <span class='ocr_line' id='line_1_61' title="bbox 262 5560 1826 5676; baseline 0.006 -65"><span class='ocrx_word' id='word_1_430' title='bbox 262 5560 520 5661; x_wconf 50' lang='lat' dir='ltr'><strong>mltum}.</strong></span> <span class='ocrx_word' id='word_1_431' title='bbox 554 5570 606 5611; x_wconf 90' lang='lat' dir='ltr'><strong>et</strong></span> <span class='ocrx_word' id='word_1_432' title='bbox 640 5563 828 5617; x_wconf 79' lang='lat' dir='ltr'><strong>feminis</strong></span> <span class='ocrx_word' id='word_1_433' title='bbox 861 5570 1107 5676; x_wconf 58' lang='lat' dir='ltr'><strong>[iraeirae</strong></span> <span class='ocrx_word' id='word_1_434' title='bbox 1131 5560 1391 5622; x_wconf 71' lang='lat' dir='ltr'><strong>interdicit.</strong></span> <span class='ocrx_word' id='word_1_435' title='bbox 1414 5560 1826 5623; x_wconf 42' lang='lat' dir='ltr'><strong>benedictio];</strong></span> 
     </span>
     <span class='ocr_line' id='line_1_62' title="bbox 412 5617 1826 5696; baseline 0.013 -32"><span class='ocrx_word' id='word_1_436' title='bbox 412 5617 527 5668; x_wconf 82' lang='lat' dir='ltr'><strong>edit.</strong></span> <span class='ocrx_word' id='word_1_437' title='bbox 562 5622 650 5674; x_wconf 90' lang='lat' dir='ltr'><strong>hoc</strong></span> <span class='ocrx_word' id='word_1_438' title='bbox 683 5624 792 5676; x_wconf 92' lang='lat' dir='ltr'><strong>loco</strong></span> <span class='ocrx_word' id='word_1_439' title='bbox 830 5635 975 5688; x_wconf 63' lang='lat' dir='ltr'><strong>muas</strong></span> <span class='ocrx_word' id='word_1_440' title='bbox 1029 5638 1202 5691; x_wconf 81' lang='lat' dir='ltr'><strong>egerat</strong></span> <span class='ocrx_word' id='word_1_441' title='bbox 1233 5645 1320 5693; x_wconf 90' lang='lat' dir='ltr'><strong>pro</strong></span> <span class='ocrx_word' id='word_1_442' title='bbox 1347 5632 1565 5692; x_wconf 80' lang='lat' dir='ltr'><strong>balneas,</strong></span> <span class='ocrx_word' id='word_1_443' title='bbox 1600 5634 1729 5696; x_wconf 83' lang='lat' dir='ltr'><strong>quod</strong></span> <span class='ocrx_word' id='word_1_444' title='bbox 1773 5641 1826 5683; x_wconf 89' lang='lat' dir='ltr'><strong>et</strong></span> 
     </span>
    </p>
   </div>
   <div class='ocr_carea' id='block_1_62' title="bbox 1634 252 2161 309">
    <p class='ocr_par' dir='ltr' id='par_1_62' title="bbox 1634 252 2161 309">
     <span class='ocr_line' id='line_1_63' title="bbox 1634 252 2161 309; baseline 0 -1"><span class='ocrx_word' id='word_1_445' title='bbox 1634 252 1915 309; x_wconf 76' lang='lat' dir='ltr'><strong>EPISTOL</strong></span> <span class='ocrx_word' id='word_1_446' title='bbox 1932 256 1957 307; x_wconf 88' lang='lat'><em>\</em></span> <span class='ocrx_word' id='word_1_447' title='bbox 2004 253 2161 308; x_wconf 75' lang='lat' dir='ltr'><strong>XLV.</strong></span> 
     </span>
    </p>
   </div>
   <div class='ocr_carea' id='block_1_63' title="bbox 3397 264 3502 318">
    <p class='ocr_par' dir='ltr' id='par_1_63' title="bbox 3397 264 3502 318">
     <span class='ocr_line' id='line_1_64' title="bbox 3397 264 3502 318; baseline 0.01 -1"><span class='ocrx_word' id='word_1_448' title='bbox 3397 264 3502 318; x_wconf 68' lang='grc'><strong>489.</strong></span> 
     </span>
    </p>
   </div>
   <div class='ocr_carea' id='block_1_64' title="bbox 1935 362 3501 439">
    <p class='ocr_par' dir='ltr' id='par_1_64' title="bbox 1935 362 3501 439">
     <span class='ocr_line' id='line_1_65' title="bbox 1935 362 3501 439; baseline 0.01 -25"><span class='ocrx_word' id='word_1_449' title='bbox 1935 364 2090 418; x_wconf 83' lang='lat' dir='ltr'><strong>vitias</strong></span> <span class='ocrx_word' id='word_1_450' title='bbox 2109 373 2163 418; x_wconf 91' lang='lat' dir='ltr'><strong>et</strong></span> <span class='ocrx_word' id='word_1_451' title='bbox 2188 362 2494 420; x_wconf 87' lang='lat' dir='ltr'><strong>viduitatem</strong></span> <span class='ocrx_word' id='word_1_452' title='bbox 2568 368 2718 439; x_wconf 64' lang='grc' dir='ltr'><strong>ιω</strong></span> <span class='ocrx_word' id='word_1_453' title='bbox 2776 368 3501 429; x_wconf 79' lang='lat' dir='ltr'><strong>haberenttnateriemluxu-</strong></span> 
     </span>
    </p>
   </div>
   <div class='ocr_carea' id='block_1_65' title="bbox 1932 455 3498 525">
    <p class='ocr_par' dir='ltr' id='par_1_65' title="bbox 1932 455 3498 525">
     <span class='ocr_line' id='line_1_66' title="bbox 1932 455 3498 525; baseline 0.008 -18"><span class='ocrx_word' id='word_1_454' title='bbox 1932 455 2027 508; x_wconf 71' lang='lat' dir='ltr'><strong>ria‘.</strong></span> <span class='ocrx_word' id='word_1_455' title='bbox 2043 464 2098 509; x_wconf 88' lang='lat' dir='ltr'><strong>et</strong></span> <span class='ocrx_word' id='word_1_456' title='bbox 2123 455 2403 522; x_wconf 88' lang='lat' dir='ltr'><strong>libertatis,</strong></span> <span class='ocrx_word' id='word_1_457' title='bbox 2425 456 2654 512; x_wconf 76' lang='lat' dir='ltr'><strong>domina:</strong></span> <span class='ocrx_word' id='word_1_458' title='bbox 2674 471 3010 525; x_wconf 89' lang='lat' dir='ltr'><strong>vocarentur,</strong></span> <span class='ocrx_word' id='word_1_459' title='bbox 3037 471 3091 515; x_wconf 91' lang='lat' dir='ltr'><strong>et</strong></span> <span class='ocrx_word' id='word_1_460' title='bbox 3110 472 3331 519; x_wconf 70' lang='lat' dir='ltr'><strong>sancte.</strong></span> <span class='ocrx_word' id='word_1_461' title='bbox 3349 462 3498 519; x_wconf 85' lang='lat' dir='ltr'><strong>Nunc</strong></span> 
     </span>
    </p>
   </div>
   <div class='ocr_carea' id='block_1_66' title="bbox 1932 545 3503 622">
    <p class='ocr_par' dir='ltr' id='par_1_66' title="bbox 1932 545 3503 622">
     <span class='ocr_line' id='line_1_67' title="bbox 1932 545 3503 622; baseline 0.008 -27"><span class='ocrx_word' id='word_1_462' title='bbox 1932 545 1987 596; x_wconf 90' lang='lat' dir='ltr'><strong>in</strong></span> <span class='ocrx_word' id='word_1_463' title='bbox 2012 558 2168 597; x_wconf 88' lang='lat' dir='ltr'><strong>sacco</strong></span> <span class='ocrx_word' id='word_1_464' title='bbox 2193 545 2440 600; x_wconf 89' lang='lat' dir='ltr'><strong>etcinere</strong></span> <span class='ocrx_word' id='word_1_465' title='bbox 2462 547 2706 602; x_wconf 75' lang='lat' dir='ltr'><strong>formosa:</strong></span> <span class='ocrx_word' id='word_1_466' title='bbox 2722 547 2910 602; x_wconf 89' lang='lat' dir='ltr'><strong>volunt</strong></span> <span class='ocrx_word' id='word_1_467' title='bbox 2936 550 3121 615; x_wconf 77' lang='lat' dir='ltr'><strong>videri,</strong></span> <span class='ocrx_word' id='word_1_468' title='bbox 3144 560 3198 606; x_wconf 83' lang='lat' dir='ltr'><strong>et</strong></span> <span class='ocrx_word' id='word_1_469' title='bbox 3225 553 3279 607; x_wconf 85' lang='lat' dir='ltr'><strong>in</strong></span> <span class='ocrx_word' id='word_1_470' title='bbox 3300 553 3503 622; x_wconf 79' lang='lat' dir='ltr'><strong>gehen-</strong></span> 
     </span>
    </p>
   </div>
   <div class='ocr_carea' id='block_1_67' title="bbox 1932 634 3504 708">
    <p class='ocr_par' dir='ltr' id='par_1_67' title="bbox 1932 634 3504 708">
     <span class='ocr_line' id='line_1_68' title="bbox 1932 634 3504 708; baseline 0.009 -22"><span class='ocrx_word' id='word_1_471' title='bbox 1932 649 2053 687; x_wconf 81' lang='lat' dir='ltr'><strong>nam</strong></span> <span class='ocrx_word' id='word_1_472' title='bbox 2084 634 2219 704; x_wconf 89' lang='lat' dir='ltr'><strong>ignis</strong></span> <span class='ocrx_word' id='word_1_473' title='bbox 2244 650 2363 690; x_wconf 90' lang='lat' dir='ltr'><strong>cum</strong></span> <span class='ocrx_word' id='word_1_474' title='bbox 2385 637 2622 706; x_wconf 86' lang='lat' dir='ltr'><strong>jejuniis,</strong></span> <span class='ocrx_word' id='word_1_475' title='bbox 2652 649 2705 692; x_wconf 85' lang='lat' dir='ltr'><strong>et</strong></span> <span class='ocrx_word' id='word_1_476' title='bbox 2734 640 2932 708; x_wconf 87' lang='lat' dir='ltr'><strong>pedore</strong></span> <span class='ocrx_word' id='word_1_477' title='bbox 2958 641 3284 698; x_wconf 87' lang='lat' dir='ltr'><strong>descendere</strong></span> <span class='ocrx_word' id='word_1_478' title='bbox 3308 663 3322 699; x_wconf 87' lang='lat'><strong>:</strong></span> <span class='ocrx_word' id='word_1_479' title='bbox 3356 647 3504 701; x_wconf 89' lang='lat' dir='ltr'><strong>vide-</strong></span> 
     </span>
    </p>
   </div>
   <div class='ocr_carea' id='block_1_68' title="bbox 1933 722 3500 801">
    <p class='ocr_par' dir='ltr' id='par_1_68' title="bbox 1933 722 3500 801">
     <span class='ocr_line' id='line_1_69' title="bbox 1933 722 3500 801; baseline 0.009 -26"><span class='ocrx_word' id='word_1_480' title='bbox 1933 722 2060 778; x_wconf 91' lang='lat' dir='ltr'><strong>licet</strong></span> <span class='ocrx_word' id='word_1_481' title='bbox 2103 740 2208 779; x_wconf 92' lang='lat' dir='ltr'><strong>non</strong></span> <span class='ocrx_word' id='word_1_482' title='bbox 2254 727 2332 781; x_wconf 90' lang='lat' dir='ltr'><strong>eis</strong></span> <span class='ocrx_word' id='word_1_483' title='bbox 2378 728 2502 782; x_wconf 92' lang='lat' dir='ltr'><strong>licet</strong></span> <span class='ocrx_word' id='word_1_484' title='bbox 2543 728 2901 797; x_wconf 84' lang='lat' dir='ltr'><strong>applaudente</strong></span> <span class='ocrx_word' id='word_1_485' title='bbox 2941 732 3140 801; x_wconf 88' lang='lat' dir='ltr'><strong>populo</strong></span> <span class='ocrx_word' id='word_1_486' title='bbox 3168 734 3341 801; x_wconf 88' lang='lat' dir='ltr'><strong>perire</strong></span> <span class='ocrx_word' id='word_1_487' title='bbox 3378 751 3500 789; x_wconf 89' lang='lat' dir='ltr'><strong>cum</strong></span> 
     </span>
    </p>
   </div>
   <div class='ocr_carea' id='block_1_69' title="bbox 1932 814 3501 891">
    <p class='ocr_par' dir='ltr' id='par_1_69' title="bbox 1932 814 3501 891">
     <span class='ocr_line' id='line_1_70' title="bbox 1932 814 3501 891; baseline 0.008 -25"><span class='ocrx_word' id='word_1_488' title='bbox 1932 814 2120 870; x_wconf 90' lang='lat' dir='ltr'><strong>turbis.</strong></span> <span class='ocrx_word' id='word_1_489' title='bbox 2146 815 2204 869; x_wconf 87' lang='lat' dir='ltr'><strong>Si</strong></span> <span class='ocrx_word' id='word_1_490' title='bbox 2230 815 2470 873; x_wconf 85' lang='lat' dir='ltr'><strong>Gentiles</strong></span> <span class='ocrx_word' id='word_1_491' title='bbox 2513 818 2651 874; x_wconf 90' lang='lat' dir='ltr'><strong>hanc</strong></span> <span class='ocrx_word' id='word_1_492' title='bbox 2678 820 2837 874; x_wconf 90' lang='lat' dir='ltr'><strong>vitam</strong></span> <span class='ocrx_word' id='word_1_493' title='bbox 2880 831 3199 891; x_wconf 88' lang='lat' dir='ltr'><strong>carperent,</strong></span> <span class='ocrx_word' id='word_1_494' title='bbox 3246 823 3293 877; x_wconf 91' lang='lat' dir='ltr'><strong>si</strong></span> <span class='ocrx_word' id='word_1_495' title='bbox 3334 822 3501 879; x_wconf 70' lang='lat' dir='ltr'><strong>Judaei</strong></span> 
     </span>
    </p>
   </div>
   <div class='ocr_carea' id='block_1_70' title="bbox 1932 902 3505 982">
    <p class='ocr_par' dir='ltr' id='par_1_70' title="bbox 1932 902 3505 982">
     <span class='ocr_line' id='line_1_71' title="bbox 1932 902 3505 982; baseline 0.008 -25"><span class='ocrx_word' id='word_1_496' title='bbox 1932 902 2191 959; x_wconf 88' lang='lat' dir='ltr'><strong>haberent</strong></span> <span class='ocrx_word' id='word_1_497' title='bbox 2215 907 2462 962; x_wconf 85' lang='lat' dir='ltr'><strong>solatium</strong></span> <span class='ocrx_word' id='word_1_498' title='bbox 2489 924 2595 963; x_wconf 92' lang='lat' dir='ltr'><strong>non</strong></span> <span class='ocrx_word' id='word_1_499' title='bbox 2631 910 2873 979; x_wconf 84' lang='lat' dir='ltr'><strong>placendi</strong></span> <span class='ocrx_word' id='word_1_500' title='bbox 2898 912 3009 975; x_wconf 89' lang='lat' dir='ltr'><strong>eis,</strong></span> <span class='ocrx_word' id='word_1_501' title='bbox 3043 913 3236 981; x_wconf 88' lang='lat' dir='ltr'><strong>quibus</strong></span> <span class='ocrx_word' id='word_1_502' title='bbox 3258 913 3505 982; x_wconf 61' lang='lat' dir='ltr'><strong>displicet</strong></span> 
     </span>
    </p>
   </div>
   <div class='ocr_carea' id='block_1_71' title="bbox 1932 989 3501 1068">
    <p class='ocr_par' dir='ltr' id='par_1_71' title="bbox 1932 989 3501 1068">
     <span class='ocr_line' id='line_1_72' title="bbox 1932 989 3501 1068; baseline 0.006 -22"><span class='ocrx_word' id='word_1_503' title='bbox 1932 989 2195 1051; x_wconf 87' lang='lat' dir='ltr'><strong>Christus.</strong></span> <span class='ocrx_word' id='word_1_504' title='bbox 2215 995 2369 1051; x_wconf 81' lang='lat' dir='ltr'><strong>Nunc</strong></span> <span class='ocrx_word' id='word_1_505' title='bbox 2392 1013 2541 1064; x_wconf 87' lang='lat' dir='ltr'><strong>vero,</strong></span> <span class='ocrx_word' id='word_1_506' title='bbox 2565 999 2697 1067; x_wconf 89' lang='lat' dir='ltr'><strong>proh</strong></span> <span class='ocrx_word' id='word_1_507' title='bbox 2721 998 2903 1054; x_wconf 86' lang='lat' dir='ltr'><strong>nefas!</strong></span> <span class='ocrx_word' id='word_1_508' title='bbox 2926 998 3171 1056; x_wconf 88' lang='lat' dir='ltr'><strong>homines</strong></span> <span class='ocrx_word' id='word_1_509' title='bbox 3189 989 3501 1068; x_wconf 76' lang='lat' dir='ltr'><strong>Christiani,</strong></span> 
     </span>
    </p>
   </div>
   <div class='ocr_carea' id='block_1_72' title="bbox 1933 1083 3504 1159">
    <p class='ocr_par' dir='ltr' id='par_1_72' title="bbox 1933 1083 3504 1159">
     <span class='ocr_line' id='line_1_73' title="bbox 1933 1083 3504 1159; baseline 0.008 -26"><span class='ocrx_word' id='word_1_510' title='bbox 1933 1083 2286 1149; x_wconf 65' lang='lat' dir='ltr'><strong>prtctermissa</strong></span> <span class='ocrx_word' id='word_1_511' title='bbox 2316 1084 2597 1139; x_wconf 90' lang='lat' dir='ltr'><strong>domorum</strong></span> <span class='ocrx_word' id='word_1_512' title='bbox 2627 1102 2847 1142; x_wconf 89' lang='lat' dir='ltr'><strong>suorum</strong></span> <span class='ocrx_word' id='word_1_513' title='bbox 2877 1103 3026 1156; x_wconf 91' lang='lat' dir='ltr'><strong>cura,</strong></span> <span class='ocrx_word' id='word_1_514' title='bbox 3054 1100 3107 1143; x_wconf 90' lang='lat' dir='ltr'><strong>et</strong></span> <span class='ocrx_word' id='word_1_515' title='bbox 3136 1092 3333 1159; x_wconf 85' lang='lat' dir='ltr'><strong>preprii</strong></span> <span class='ocrx_word' id='word_1_516' title='bbox 3363 1092 3504 1146; x_wconf 87' lang='lat' dir='ltr'><strong>oculi</strong></span> 
     </span>
    </p>
   </div>
   <div class='ocr_carea' id='block_1_73' title="bbox 1936 1172 3502 1250">
    <p class='ocr_par' dir='ltr' id='par_1_73' title="bbox 1936 1172 3502 1250">
     <span class='ocr_line' id='line_1_74' title="bbox 1936 1172 3502 1250; baseline 0.008 -28"><span class='ocrx_word' id='word_1_517' title='bbox 1936 1172 2085 1225; x_wconf 85' lang='lat' dir='ltr'><strong>trabe</strong></span> <span class='ocrx_word' id='word_1_518' title='bbox 2120 1174 2360 1242; x_wconf 83' lang='lat' dir='ltr'><strong>neglecta</strong></span> <span class='ocrx_word' id='word_1_519' title='bbox 2382 1217 2397 1240; x_wconf 96' lang='lat'><strong>,</strong></span> <span class='ocrx_word' id='word_1_520' title='bbox 2443 1177 2493 1230; x_wconf 92' lang='lat' dir='ltr'><strong>in</strong></span> <span class='ocrx_word' id='word_1_521' title='bbox 2536 1177 2712 1231; x_wconf 90' lang='lat' dir='ltr'><strong>alieno</strong></span> <span class='ocrx_word' id='word_1_522' title='bbox 2751 1178 2908 1232; x_wconf 90' lang='lat' dir='ltr'><strong>oculo</strong></span> <span class='ocrx_word' id='word_1_523' title='bbox 2942 1179 3200 1234; x_wconf 89' lang='lat' dir='ltr'><strong>festucam</strong></span> <span class='ocrx_word' id='word_1_524' title='bbox 3238 1189 3502 1250; x_wconf 64' lang='lat' dir='ltr'><strong>quaerunt.</strong></span> 
     </span>
    </p>
   </div>
   <div class='ocr_carea' id='block_1_74' title="bbox 1932 1258 3506 1339">
    <p class='ocr_par' dir='ltr' id='par_1_74' title="bbox 1932 1258 3506 1339">
     <span class='ocr_line' id='line_1_75' title="bbox 1932 1258 3506 1339; baseline 0.007 -26"><span class='ocrx_word' id='word_1_525' title='bbox 1932 1258 2194 1317; x_wconf 84' lang='lat' dir='ltr'><strong>Lacerant</strong></span> <span class='ocrx_word' id='word_1_526' title='bbox 2222 1274 2466 1318; x_wconf 90' lang='lat' dir='ltr'><strong>sanetum</strong></span> <span class='ocrx_word' id='word_1_527' title='bbox 2509 1267 2873 1337; x_wconf 88' lang='lat' dir='ltr'><strong>propositum,</strong></span> <span class='ocrx_word' id='word_1_528' title='bbox 2917 1278 2972 1323; x_wconf 90' lang='lat' dir='ltr'><strong>ct</strong></span> <span class='ocrx_word' id='word_1_529' title='bbox 3008 1270 3303 1323; x_wconf 88' lang='lat' dir='ltr'><strong>remedium</strong></span> <span class='ocrx_word' id='word_1_530' title='bbox 3334 1286 3506 1339; x_wconf 66' lang='lat' dir='ltr'><strong>paena:</strong></span> 
     </span>
    </p>
   </div>
   <div class='ocr_carea' id='block_1_75' title="bbox 1933 1353 3505 1420">
    <p class='ocr_par' dir='ltr' id='par_1_75' title="bbox 1933 1353 3505 1420">
     <span class='ocr_line' id='line_1_76' title="bbox 1933 1353 3505 1420; baseline 0.008 -18"><span class='ocrx_word' id='word_1_531' title='bbox 1933 1364 2045 1404; x_wconf 83' lang='lat' dir='ltr'><strong>suae</strong></span> <span class='ocrx_word' id='word_1_532' title='bbox 2085 1353 2432 1420; x_wconf 89' lang='lat' dir='ltr'><strong>arbitrantur,</strong></span> <span class='ocrx_word' id='word_1_533' title='bbox 2473 1356 2517 1409; x_wconf 91' lang='lat' dir='ltr'><strong>si</strong></span> <span class='ocrx_word' id='word_1_534' title='bbox 2563 1371 2721 1410; x_wconf 90' lang='lat' dir='ltr'><strong>nemo</strong></span> <span class='ocrx_word' id='word_1_535' title='bbox 2756 1359 2826 1411; x_wconf 91' lang='lat' dir='ltr'><strong>sit</strong></span> <span class='ocrx_word' id='word_1_536' title='bbox 2868 1366 3124 1413; x_wconf 87' lang='lat' dir='ltr'><strong>sanctus:</strong></span> <span class='ocrx_word' id='word_1_537' title='bbox 3169 1361 3213 1414; x_wconf 93' lang='lat' dir='ltr'><strong>si</strong></span> <span class='ocrx_word' id='word_1_538' title='bbox 3259 1360 3505 1415; x_wconf 88' lang='lat' dir='ltr'><strong>omnibus</strong></span> 
     </span>
    </p>
   </div>
   <div class='ocr_carea' id='block_1_76' title="bbox 1933 1439 3504 1517">
    <p class='ocr_par' dir='ltr' id='par_1_76' title="bbox 1933 1439 3504 1517">
     <span class='ocr_line' id='line_1_77' title="bbox 1933 1439 3504 1517; baseline 0.006 -23"><span class='ocrx_word' id='word_1_539' title='bbox 1933 1439 2245 1497; x_wconf 83' lang='lat' dir='ltr'><strong>detrahatur</strong></span> <span class='ocrx_word' id='word_1_540' title='bbox 2270 1461 2289 1496; x_wconf 86' lang='lat'><strong>:</strong></span> <span class='ocrx_word' id='word_1_541' title='bbox 2324 1446 2374 1502; x_wconf 83' lang='lat' dir='ltr'><strong>si</strong></span> <span class='ocrx_word' id='word_1_542' title='bbox 2413 1447 2568 1502; x_wconf 87' lang='lat' dir='ltr'><strong>turba</strong></span> <span class='ocrx_word' id='word_1_543' title='bbox 2602 1446 2675 1502; x_wconf 88' lang='lat' dir='ltr'><strong>sit</strong></span> <span class='ocrx_word' id='word_1_544' title='bbox 2718 1451 3096 1517; x_wconf 67' lang='lat' dir='ltr'><strong>pereuntium:</strong></span> <span class='ocrx_word' id='word_1_545' title='bbox 3134 1452 3178 1504; x_wconf 90' lang='lat' dir='ltr'><strong>si</strong></span> <span class='ocrx_word' id='word_1_546' title='bbox 3220 1449 3504 1505; x_wconf 85' lang='lat' dir='ltr'><strong>multitudo</strong></span> 
     </span>
    </p>
   </div>
   <div class='ocr_carea' id='block_1_77' title="bbox 1935 1534 2289 1600">
    <p class='ocr_par' dir='ltr' id='par_1_77' title="bbox 1935 1534 2289 1600">
     <span class='ocr_line' id='line_1_78' title="bbox 1935 1534 2289 1600; baseline 0.008 -15"><span class='ocrx_word' id='word_1_547' title='bbox 1935 1534 2289 1600; x_wconf 88' lang='lat' dir='ltr'><strong>peccantium.</strong></span> 
     </span>
    </p>
   </div>
   <div class='ocr_carea' id='block_1_78' title="bbox 2002 1621 3504 1695">
    <p class='ocr_par' dir='ltr' id='par_1_78' title="bbox 2002 1621 3504 1695">
     <span class='ocr_line' id='line_1_79' title="bbox 2002 1621 3504 1695; baseline 0.009 -22"><span class='ocrx_word' id='word_1_548' title='bbox 2002 1621 2056 1675; x_wconf 76' lang='lat'><strong>5.</strong></span> <span class='ocrx_word' id='word_1_549' title='bbox 2087 1621 2198 1675; x_wconf 85' lang='lat' dir='ltr'><strong>Tibi</strong></span> <span class='ocrx_word' id='word_1_550' title='bbox 2228 1623 2402 1691; x_wconf 87' lang='lat' dir='ltr'><strong>placet</strong></span> <span class='ocrx_word' id='word_1_551' title='bbox 2426 1624 2604 1681; x_wconf 86' lang='lat' dir='ltr'><strong>lavare</strong></span> <span class='ocrx_word' id='word_1_552' title='bbox 2624 1626 2864 1695; x_wconf 88' lang='lat' dir='ltr'><strong>quotidie</strong></span> <span class='ocrx_word' id='word_1_553' title='bbox 2896 1647 2909 1681; x_wconf 92' lang='lat'><strong>:</strong></span> <span class='ocrx_word' id='word_1_554' title='bbox 2933 1629 3068 1683; x_wconf 90' lang='lat' dir='ltr'><strong>alius</strong></span> <span class='ocrx_word' id='word_1_555' title='bbox 3094 1629 3189 1684; x_wconf 89' lang='lat' dir='ltr'><strong>bas</strong></span> <span class='ocrx_word' id='word_1_556' title='bbox 3218 1632 3504 1686; x_wconf 85' lang='lat' dir='ltr'><strong>munditias</strong></span> 
     </span>
    </p>
   </div>
   <div class='ocr_carea' id='block_1_79' title="bbox 1931 1711 3505 1785">
    <p class='ocr_par' dir='ltr' id='par_1_79' title="bbox 1931 1711 3505 1785">
     <span class='ocr_line' id='line_1_80' title="bbox 1931 1711 3505 1785; baseline 0.01 -23"><span class='ocrx_word' id='word_1_557' title='bbox 1931 1711 2115 1765; x_wconf 86' lang='lat' dir='ltr'><strong>sordes</strong></span> <span class='ocrx_word' id='word_1_558' title='bbox 2138 1720 2306 1779; x_wconf 88' lang='lat' dir='ltr'><strong>putat.</strong></span> <span class='ocrx_word' id='word_1_559' title='bbox 2333 1713 2410 1767; x_wconf 84' lang='lat' dir='ltr'><strong>Tu</strong></span> <span class='ocrx_word' id='word_1_560' title='bbox 2438 1715 2520 1783; x_wconf 78' lang='grc' dir='ltr'><strong>(ά)</strong></span> <span class='ocrx_word' id='word_1_561' title='bbox 2558 1726 2854 1785; x_wconf 82' lang='lat' dir='ltr'><strong>attagenem</strong></span> <span class='ocrx_word' id='word_1_562' title='bbox 2885 1729 3081 1780; x_wconf 88' lang='lat' dir='ltr'><strong>ructas,</strong></span> <span class='ocrx_word' id='word_1_563' title='bbox 3109 1729 3162 1774; x_wconf 92' lang='lat' dir='ltr'><strong>et</strong></span> <span class='ocrx_word' id='word_1_564' title='bbox 3189 1720 3256 1775; x_wconf 91' lang='lat' dir='ltr'><strong>de</strong></span> <span class='ocrx_word' id='word_1_565' title='bbox 3291 1737 3505 1777; x_wconf 83' lang='lat' dir='ltr'><strong>comeso</strong></span> 
     </span>
    </p>
   </div>
   <div class='ocr_carea' id='block_1_80' title="bbox 1930 1802 3500 1880">
    <p class='ocr_par' dir='ltr' id='par_1_80' title="bbox 1930 1802 3500 1880">
     <span class='ocr_line' id='line_1_81' title="bbox 1930 1802 3500 1880; baseline 0.008 -27"><span class='ocrx_word' id='word_1_566' title='bbox 1930 1802 2238 1870; x_wconf 76' lang='lat' dir='ltr'><strong>acipensere</strong></span> <span class='ocrx_word' id='word_1_567' title='bbox 2280 1803 2526 1873; x_wconf 88' lang='lat' dir='ltr'><strong>gloriaris</strong></span> <span class='ocrx_word' id='word_1_568' title='bbox 2558 1823 2570 1857; x_wconf 93' lang='lat'>:</span> <span class='ocrx_word' id='word_1_569' title='bbox 2602 1821 2701 1875; x_wconf 88' lang='lat' dir='ltr'><strong>ego</strong></span> <span class='ocrx_word' id='word_1_570' title='bbox 2728 1806 2804 1878; x_wconf 87' lang='lat' dir='ltr'><strong>(l)</strong></span> <span class='ocrx_word' id='word_1_571' title='bbox 2846 1807 2966 1862; x_wconf 87' lang='lat' dir='ltr'><strong>faba</strong></span> <span class='ocrx_word' id='word_1_572' title='bbox 3008 1819 3244 1864; x_wconf 90' lang='lat' dir='ltr'><strong>ventrem</strong></span> <span class='ocrx_word' id='word_1_573' title='bbox 3288 1812 3500 1880; x_wconf 88' lang='lat' dir='ltr'><strong>intp!eo.</strong></span> 
     </span>
    </p>
   </div>
   <div class='ocr_carea' id='block_1_81' title="bbox 1931 1888 3503 1973">
    <p class='ocr_par' dir='ltr' id='par_1_81' title="bbox 1931 1888 3503 1973">
     <span class='ocr_line' id='line_1_82' title="bbox 1931 1888 3503 1973; baseline 0.008 -31"><span class='ocrx_word' id='word_1_574' title='bbox 1931 1888 2007 1944; x_wconf 87' lang='lat' dir='ltr'><strong>Te</strong></span> <span class='ocrx_word' id='word_1_575' title='bbox 2044 1890 2308 1946; x_wconf 88' lang='lat' dir='ltr'><strong>delectant</strong></span> <span class='ocrx_word' id='word_1_576' title='bbox 2335 1893 2761 1949; x_wconf 89' lang='lat' dir='ltr'><strong>cachinnantium</strong></span> <span class='ocrx_word' id='word_1_577' title='bbox 2798 1911 2984 1967; x_wconf 88' lang='lat' dir='ltr'><strong>greges</strong></span> <span class='ocrx_word' id='word_1_578' title='bbox 3014 1916 3027 1951; x_wconf 93' lang='lat'><strong>:</strong></span> <span class='ocrx_word' id='word_1_579' title='bbox 3075 1914 3159 1953; x_wconf 90' lang='lat' dir='ltr'><strong>me</strong></span> <span class='ocrx_word' id='word_1_580' title='bbox 3197 1899 3380 1967; x_wconf 89' lang='lat' dir='ltr'><strong>Paula,</strong></span> <span class='ocrx_word' id='word_1_581' title='bbox 3423 1903 3503 1973; x_wconf 73' lang='grc' dir='ltr'><strong>(εὶ)</strong></span> 
     </span>
    </p>
   </div>
   <div class='ocr_carea' id='block_1_82' title="bbox 1928 1979 3503 2054">
    <p class='ocr_par' dir='ltr' id='par_1_82' title="bbox 1928 1979 3503 2054">
     <span class='ocr_line' id='line_1_83' title="bbox 1928 1979 3503 2054; baseline 0.008 -19"><span class='ocrx_word' id='word_1_582' title='bbox 1928 1979 2314 2051; x_wconf 81' lang='lat' dir='ltr'><strong>Meianiumque</strong></span> <span class='ocrx_word' id='word_1_583' title='bbox 2350 1983 2677 2054; x_wconf 83' lang='lat' dir='ltr'><strong>plangentcs.</strong></span> <span class='ocrx_word' id='word_1_584' title='bbox 2728 1985 2807 2041; x_wconf 87' lang='lat' dir='ltr'><strong>Tu</strong></span> <span class='ocrx_word' id='word_1_585' title='bbox 2848 1990 3020 2044; x_wconf 89' lang='lat' dir='ltr'><strong>aliena</strong></span> <span class='ocrx_word' id='word_1_586' title='bbox 3059 1990 3368 2046; x_wconf 88' lang='lat' dir='ltr'><strong>desideras:</strong></span> <span class='ocrx_word' id='word_1_587' title='bbox 3400 1995 3503 2049; x_wconf 68' lang='lat' dir='ltr'><strong>illa:</strong></span> 
     </span>
    </p>
   </div>
   <div class='ocr_carea' id='block_1_83' title="bbox 1930 2075 3501 2139">
    <p class='ocr_par' dir='ltr' id='par_1_83' title="bbox 1930 2075 3501 2139">
     <span class='ocr_line' id='line_1_84' title="bbox 1930 2075 3501 2139; baseline 0.011 -17"><span class='ocrx_word' id='word_1_588' title='bbox 1930 2077 2275 2126; x_wconf 90' lang='lat' dir='ltr'><strong>contemnunt</strong></span> <span class='ocrx_word' id='word_1_589' title='bbox 2316 2088 2431 2127; x_wconf 90' lang='lat' dir='ltr'><strong>sua.</strong></span> <span class='ocrx_word' id='word_1_590' title='bbox 2476 2075 2552 2129; x_wconf 88' lang='lat' dir='ltr'><strong>Te</strong></span> <span class='ocrx_word' id='word_1_591' title='bbox 2587 2075 2820 2130; x_wconf 87' lang='lat' dir='ltr'><strong>delibuta</strong></span> <span class='ocrx_word' id='word_1_592' title='bbox 2868 2079 3023 2134; x_wconf 92' lang='lat' dir='ltr'><strong>melle</strong></span> <span class='ocrx_word' id='word_1_593' title='bbox 3052 2081 3169 2134; x_wconf 89' lang='lat' dir='ltr'><strong>vina</strong></span> <span class='ocrx_word' id='word_1_594' title='bbox 3196 2081 3501 2139; x_wconf 85' lang='lat' dir='ltr'><strong>delectant:</strong></span> 
     </span>
    </p>
   </div>
   <div class='ocr_carea' id='block_1_84' title="bbox 1931 2159 3502 2239">
    <p class='ocr_par' dir='ltr' id='par_1_84' title="bbox 1931 2159 3502 2239">
     <span class='ocr_line' id='line_1_85' title="bbox 1931 2159 3502 2239; baseline 0.01 -27"><span class='ocrx_word' id='word_1_595' title='bbox 1931 2159 2033 2212; x_wconf 78' lang='lat' dir='ltr'><strong>illa:</strong></span> <span class='ocrx_word' id='word_1_596' title='bbox 2061 2169 2242 2229; x_wconf 88' lang='lat' dir='ltr'><strong>potant</strong></span> <span class='ocrx_word' id='word_1_597' title='bbox 2269 2176 2457 2230; x_wconf 90' lang='lat' dir='ltr'><strong>aquam</strong></span> <span class='ocrx_word' id='word_1_598' title='bbox 2491 2161 2727 2232; x_wconf 87' lang='lat' dir='ltr'><strong>frigidam</strong></span> <span class='ocrx_word' id='word_1_599' title='bbox 2751 2166 3070 2221; x_wconf 86' lang='lat' dir='ltr'><strong>suaviorem.</strong></span> <span class='ocrx_word' id='word_1_600' title='bbox 3102 2169 3253 2224; x_wconf 89' lang='lat' dir='ltr'><strong>Tute</strong></span> <span class='ocrx_word' id='word_1_601' title='bbox 3279 2172 3502 2239; x_wconf 86' lang='lat' dir='ltr'><strong>perdere</strong></span> 
     </span>
    </p>
   </div>
   <div class='ocr_carea' id='block_1_85' title="bbox 1931 2249 3503 2325">
    <p class='ocr_par' dir='ltr' id='par_1_85' title="bbox 1931 2249 3503 2325">
     <span class='ocr_line' id='line_1_86' title="bbox 1931 2249 3503 2325; baseline 0.009 -24"><span class='ocrx_word' id='word_1_602' title='bbox 1931 2249 2221 2311; x_wconf 72' lang='lat' dir='ltr'><strong>existimas,</strong></span> <span class='ocrx_word' id='word_1_603' title='bbox 2249 2251 2503 2320; x_wconf 91' lang='lat' dir='ltr'><strong>quidquid</strong></span> <span class='ocrx_word' id='word_1_604' title='bbox 2534 2250 2585 2306; x_wconf 91' lang='lat' dir='ltr'><strong>in</strong></span> <span class='ocrx_word' id='word_1_605' title='bbox 2618 2259 2861 2322; x_wconf 73' lang='lat' dir='ltr'><strong>przesenti</strong></span> <span class='ocrx_word' id='word_1_606' title='bbox 2896 2270 2999 2309; x_wconf 91' lang='lat' dir='ltr'><strong>non</strong></span> <span class='ocrx_word' id='word_1_607' title='bbox 3031 2256 3295 2325; x_wconf 73' lang='lat' dir='ltr'><strong>habueris,</strong></span> <span class='ocrx_word' id='word_1_608' title='bbox 3323 2274 3503 2316; x_wconf 85' lang='lat' dir='ltr'><strong>eome-</strong></span> 
     </span>
    </p>
   </div>
   <div class='ocr_carea' id='block_1_86' title="bbox 1930 2338 3501 2415">
    <p class='ocr_par' dir='ltr' id='par_1_86' title="bbox 1930 2338 3501 2415">
     <span class='ocr_line' id='line_1_87' title="bbox 1930 2338 3501 2415; baseline 0.01 -23"><span class='ocrx_word' id='word_1_609' title='bbox 1930 2338 2094 2404; x_wconf 90' lang='lat' dir='ltr'><strong>deris,</strong></span> <span class='ocrx_word' id='word_1_610' title='bbox 2117 2340 2456 2395; x_wconf 89' lang='lat' dir='ltr'><strong>devoraveris</strong></span> <span class='ocrx_word' id='word_1_611' title='bbox 2480 2361 2493 2396; x_wconf 89' lang='lat'><strong>:</strong></span> <span class='ocrx_word' id='word_1_612' title='bbox 2529 2344 2630 2397; x_wconf 59' lang='lat' dir='ltr'><strong>illae</strong></span> <span class='ocrx_word' id='word_1_613' title='bbox 2654 2345 2823 2399; x_wconf 90' lang='lat' dir='ltr'><strong>futura</strong></span> <span class='ocrx_word' id='word_1_614' title='bbox 2851 2346 3175 2415; x_wconf 89' lang='lat' dir='ltr'><strong>desiderant,</strong></span> <span class='ocrx_word' id='word_1_615' title='bbox 3199 2360 3247 2404; x_wconf 89' lang='lat' dir='ltr'><strong>et</strong></span> <span class='ocrx_word' id='word_1_616' title='bbox 3276 2352 3501 2407; x_wconf 91' lang='lat' dir='ltr'><strong>credunt</strong></span> 
     </span>
    </p>
   </div>
   <div class='ocr_carea' id='block_1_87' title="bbox 1931 2434 3490 2508">
    <p class='ocr_par' dir='ltr' id='par_1_87' title="bbox 1931 2434 3490 2508">
     <span class='ocr_line' id='line_1_88' title="bbox 1931 2434 3490 2508; baseline 0.008 -25"><span class='ocrx_word' id='word_1_617' title='bbox 1931 2445 2054 2484; x_wconf 87' lang='lat' dir='ltr'><strong>vera</strong></span> <span class='ocrx_word' id='word_1_618' title='bbox 2068 2445 2186 2484; x_wconf 92' lang='lat' dir='ltr'><strong>esse</strong></span> <span class='ocrx_word' id='word_1_619' title='bbox 2204 2446 2321 2499; x_wconf 71' lang='lat' dir='ltr'><strong>qua:</strong></span> <span class='ocrx_word' id='word_1_620' title='bbox 2349 2434 2544 2500; x_wconf 87' lang='lat' dir='ltr'><strong>scripta</strong></span> <span class='ocrx_word' id='word_1_621' title='bbox 2584 2442 2730 2491; x_wconf 87' lang='lat' dir='ltr'><strong>sunt.</strong></span> <span class='ocrx_word' id='word_1_622' title='bbox 2761 2434 2911 2501; x_wconf 86' lang='lat' dir='ltr'><strong>Esto,</strong></span> <span class='ocrx_word' id='word_1_623' title='bbox 2954 2436 3130 2505; x_wconf 88' lang='lat' dir='ltr'><strong>inepte</strong></span> <span class='ocrx_word' id='word_1_624' title='bbox 3150 2447 3204 2492; x_wconf 88' lang='lat' dir='ltr'><strong>et</strong></span> <span class='ocrx_word' id='word_1_625' title='bbox 3230 2440 3490 2508; x_wconf 82' lang='lat' dir='ltr'><strong>inaniter,</strong></span> 
     </span>
    </p>
   </div>
   <div class='ocr_carea' id='block_1_88' title="bbox 1930 2521 3502 2597">
    <p class='ocr_par' dir='ltr' id='par_1_88' title="bbox 1930 2521 3502 2597">
     <span class='ocr_line' id='line_1_89' title="bbox 1930 2521 3502 2597; baseline 0.008 -25"><span class='ocrx_word' id='word_1_626' title='bbox 1930 2521 2120 2589; x_wconf 89' lang='lat' dir='ltr'><strong>quibus</strong></span> <span class='ocrx_word' id='word_1_627' title='bbox 2149 2521 2466 2575; x_wconf 90' lang='lat' dir='ltr'><strong>resurrectio</strong></span> <span class='ocrx_word' id='word_1_628' title='bbox 2491 2537 2771 2591; x_wconf 85' lang='lat' dir='ltr'><strong>corporum</strong></span> <span class='ocrx_word' id='word_1_629' title='bbox 2799 2527 3055 2593; x_wconf 72' lang='lat' dir='ltr'><strong>persuasit</strong></span> <span class='ocrx_word' id='word_1_630' title='bbox 3086 2545 3100 2580; x_wconf 92' lang='lat'><strong>:</strong></span> <span class='ocrx_word' id='word_1_631' title='bbox 3141 2528 3266 2597; x_wconf 85' lang='lat' dir='ltr'><strong>quid</strong></span> <span class='ocrx_word' id='word_1_632' title='bbox 3304 2529 3368 2582; x_wconf 92' lang='lat' dir='ltr'><strong>ad</strong></span> <span class='ocrx_word' id='word_1_633' title='bbox 3411 2532 3502 2585; x_wconf 82' lang='lat' dir='ltr'><strong>te?</strong></span> 
     </span>
    </p>
   </div>
   <div class='ocr_carea' id='block_1_89' title="bbox 1929 2609 3499 2683">
    <p class='ocr_par' dir='ltr' id='par_1_89' title="bbox 1929 2609 3499 2683">
     <span class='ocr_line' id='line_1_90' title="bbox 1929 2609 3499 2683; baseline 0.006 -19"><span class='ocrx_word' id='word_1_634' title='bbox 1929 2609 2092 2664; x_wconf 86' lang='lat' dir='ltr'><strong>Nobis</strong></span> <span class='ocrx_word' id='word_1_635' title='bbox 2121 2626 2152 2665; x_wconf 90' lang='lat' dir='ltr'><strong>e</strong></span> <span class='ocrx_word' id='word_1_636' title='bbox 2177 2612 2443 2666; x_wconf 89' lang='lat' dir='ltr'><strong>contrario</strong></span> <span class='ocrx_word' id='word_1_637' title='bbox 2472 2622 2557 2666; x_wconf 85' lang='lat' dir='ltr'><strong>tua</strong></span> <span class='ocrx_word' id='word_1_638' title='bbox 2583 2614 2686 2668; x_wconf 90' lang='lat' dir='ltr'><strong>vita</strong></span> <span class='ocrx_word' id='word_1_639' title='bbox 2711 2614 2974 2683; x_wconf 75' lang='lat' dir='ltr'><strong>diaplieet.</strong></span> <span class='ocrx_word' id='word_1_640' title='bbox 2999 2614 3147 2671; x_wconf 89' lang='lat' dir='ltr'><strong>Bono</strong></span> <span class='ocrx_word' id='word_1_641' title='bbox 3174 2627 3262 2672; x_wconf 91' lang='lat' dir='ltr'><strong>tuo</strong></span> <span class='ocrx_word' id='word_1_642' title='bbox 3289 2635 3499 2675; x_wconf 86' lang='lat' dir='ltr'><strong>crassus</strong></span> 
     </span>
    </p>
   </div>
   <div class='ocr_carea' id='block_1_90' title="bbox 1929 2700 3500 2773">
    <p class='ocr_par' dir='ltr' id='par_1_90' title="bbox 1929 2700 3500 2773">
     <span class='ocr_line' id='line_1_91' title="bbox 1929 2700 3500 2773; baseline 0.008 -19"><span class='ocrx_word' id='word_1_643' title='bbox 1929 2701 2003 2754; x_wconf 90' lang='lat' dir='ltr'><strong>sis</strong></span> <span class='ocrx_word' id='word_1_644' title='bbox 2036 2720 2050 2756; x_wconf 91' lang='lat'><strong>:</strong></span> <span class='ocrx_word' id='word_1_645' title='bbox 2081 2718 2164 2756; x_wconf 85' lang='lat' dir='ltr'><strong>tne</strong></span> <span class='ocrx_word' id='word_1_646' title='bbox 2191 2702 2386 2757; x_wconf 87' lang='lat' dir='ltr'><strong>macies</strong></span> <span class='ocrx_word' id='word_1_647' title='bbox 2414 2700 2640 2757; x_wconf 64' lang='lat' dir='ltr'><strong>delectat</strong></span> <span class='ocrx_word' id='word_1_648' title='bbox 2682 2713 2736 2758; x_wconf 91' lang='lat' dir='ltr'><strong>et</strong></span> <span class='ocrx_word' id='word_1_649' title='bbox 2767 2705 2951 2773; x_wconf 90' lang='lat' dir='ltr'><strong>pallor.</strong></span> <span class='ocrx_word' id='word_1_650' title='bbox 2995 2707 3073 2761; x_wconf 88' lang='lat' dir='ltr'><strong>Tu</strong></span> <span class='ocrx_word' id='word_1_651' title='bbox 3102 2709 3233 2763; x_wconf 89' lang='lat' dir='ltr'><strong>tales</strong></span> <span class='ocrx_word' id='word_1_652' title='bbox 3274 2712 3500 2766; x_wconf 79' lang='lat' dir='ltr'><strong>miseros</strong></span> 
     </span>
    </p>
   </div>
   <div class='ocr_carea' id='block_1_91' title="bbox 1929 2791 3498 2869">
    <p class='ocr_par' dir='ltr' id='par_1_91' title="bbox 1929 2791 3498 2869">
     <span class='ocr_line' id='line_1_92' title="bbox 1929 2791 3498 2869; baseline 0.007 -25"><span class='ocrx_word' id='word_1_653' title='bbox 1929 2791 2202 2845; x_wconf 88' lang='lat' dir='ltr'><strong>arbitraris</strong></span> <span class='ocrx_word' id='word_1_654' title='bbox 2232 2809 2245 2845; x_wconf 90' lang='lat'><strong>:</strong></span> <span class='ocrx_word' id='word_1_655' title='bbox 2274 2808 2370 2846; x_wconf 90' lang='lat' dir='ltr'><strong>nos</strong></span> <span class='ocrx_word' id='word_1_656' title='bbox 2403 2802 2453 2847; x_wconf 93' lang='lat' dir='ltr'><strong>te</strong></span> <span class='ocrx_word' id='word_1_657' title='bbox 2494 2794 2931 2850; x_wconf 87' lang='lat' dir='ltr'><strong>miserabiliorem</strong></span> <span class='ocrx_word' id='word_1_658' title='bbox 2961 2809 3225 2865; x_wconf 81' lang='lat' dir='ltr'><strong>putamus.</strong></span> <span class='ocrx_word' id='word_1_659' title='bbox 3257 2799 3360 2853; x_wconf 85' lang='lat' dir='ltr'><strong>Par</strong></span> <span class='ocrx_word' id='word_1_660' title='bbox 3387 2801 3498 2869; x_wconf 87' lang='lat' dir='ltr'><strong>pari</strong></span> 
     </span>
    </p>
   </div>
   <div class='ocr_carea' id='block_1_92' title="bbox 1930 2882 3225 2946">
    <p class='ocr_par' dir='ltr' id='par_1_92' title="bbox 1930 2882 3225 2946">
     <span class='ocr_line' id='line_1_93' title="bbox 1930 2882 3225 2946; baseline 0.005 -11"><span class='ocrx_word' id='word_1_661' title='bbox 1930 2882 2176 2946; x_wconf 82' lang='lat' dir='ltr'><strong>refertur,</strong></span> <span class='ocrx_word' id='word_1_662' title='bbox 2206 2893 2258 2936; x_wconf 90' lang='lat' dir='ltr'><strong>et</strong></span> <span class='ocrx_word' id='word_1_663' title='bbox 2287 2884 2509 2937; x_wconf 81' lang='lat' dir='ltr'><strong>invicem</strong></span> <span class='ocrx_word' id='word_1_664' title='bbox 2534 2883 2685 2938; x_wconf 91' lang='lat' dir='ltr'><strong>nobis</strong></span> <span class='ocrx_word' id='word_1_665' title='bbox 2708 2884 2950 2940; x_wconf 88' lang='lat' dir='ltr'><strong>videmur</strong></span> <span class='ocrx_word' id='word_1_666' title='bbox 2976 2886 3225 2941; x_wconf 91' lang='lat' dir='ltr'><strong>insanire.</strong></span> 
     </span>
    </p>
   </div>
   <div class='ocr_carea' id='block_1_93' title="bbox 2001 2968 3501 3044">
    <p class='ocr_par' dir='ltr' id='par_1_93' title="bbox 2001 2968 3501 3044">
     <span class='ocr_line' id='line_1_94' title="bbox 2001 2968 3501 3044; baseline 0.005 -19"><span class='ocrx_word' id='word_1_667' title='bbox 2001 2971 2054 3025; x_wconf 87' lang='lat'><strong>6.</strong></span> <span class='ocrx_word' id='word_1_668' title='bbox 2089 2968 2232 3035; x_wconf 83' lang='lat' dir='ltr'><strong>li:cc,</strong></span> <span class='ocrx_word' id='word_1_669' title='bbox 2265 2973 2332 3026; x_wconf 92' lang='lat' dir='ltr'><strong>mi</strong></span> <span class='ocrx_word' id='word_1_670' title='bbox 2361 2972 2572 3026; x_wconf 88' lang='lat' dir='ltr'><strong>domina</strong></span> <span class='ocrx_word' id='word_1_671' title='bbox 2602 2973 2776 3026; x_wconf 87' lang='lat' dir='ltr'><strong>Asella</strong></span> <span class='ocrx_word' id='word_1_672' title='bbox 2813 3014 2828 3039; x_wconf 90' lang='lat'><strong>,</strong></span> <span class='ocrx_word' id='word_1_673' title='bbox 2853 2990 2972 3027; x_wconf 89' lang='lat' dir='ltr'><strong>eum</strong></span> <span class='ocrx_word' id='word_1_674' title='bbox 2999 2975 3107 3044; x_wconf 89' lang='lat' dir='ltr'><strong>jam</strong></span> <span class='ocrx_word' id='word_1_675' title='bbox 3142 2992 3326 3032; x_wconf 82' lang='lat' dir='ltr'><strong>navent</strong></span> <span class='ocrx_word' id='word_1_676' title='bbox 3372 2995 3501 3033; x_wconf 81' lang='lat' dir='ltr'><strong>con-</strong></span> 
     </span>
    </p>
   </div>
   <div class='ocr_carea' id='block_1_94' title="bbox 1930 3062 3501 3138">
    <p class='ocr_par' dir='ltr' id='par_1_94' title="bbox 1930 3062 3501 3138">
     <span class='ocr_line' id='line_1_95' title="bbox 1930 3062 3501 3138; baseline 0.006 -23"><span class='ocrx_word' id='word_1_677' title='bbox 1930 3062 2262 3128; x_wconf 86' lang='lat' dir='ltr'><strong>scenderem,</strong></span> <span class='ocrx_word' id='word_1_678' title='bbox 2294 3064 2485 3132; x_wconf 87' lang='lat' dir='ltr'><strong>raptim</strong></span> <span class='ocrx_word' id='word_1_679' title='bbox 2518 3063 2648 3117; x_wconf 75' lang='lat' dir='ltr'><strong>flens</strong></span> <span class='ocrx_word' id='word_1_680' title='bbox 2668 3062 2960 3133; x_wconf 89' lang='lat' dir='ltr'><strong>dolensque</strong></span> <span class='ocrx_word' id='word_1_681' title='bbox 3038 3066 3198 3138; x_wconf 74' lang='lat'><strong>198</strong></span> <span class='ocrx_word' id='word_1_682' title='bbox 3266 3072 3501 3125; x_wconf 87' lang='lat' dir='ltr'><strong>conseri-</strong></span> 
     </span>
    </p>
   </div>
   <div class='ocr_carea' id='block_1_95' title="bbox 1930 3150 3498 3228">
    <p class='ocr_par' dir='ltr' id='par_1_95' title="bbox 1930 3150 3498 3228">
     <span class='ocr_line' id='line_1_96' title="bbox 1930 3150 3498 3228; baseline 0.004 -23"><span class='ocrx_word' id='word_1_683' title='bbox 1930 3150 2033 3220; x_wconf 90' lang='lat' dir='ltr'><strong>psi,</strong></span> <span class='ocrx_word' id='word_1_684' title='bbox 2065 3160 2117 3205; x_wconf 91' lang='lat' dir='ltr'><strong>et</strong></span> <span class='ocrx_word' id='word_1_685' title='bbox 2137 3153 2331 3221; x_wconf 87' lang='lat' dir='ltr'><strong>gratias</strong></span> <span class='ocrx_word' id='word_1_686' title='bbox 2358 3167 2456 3221; x_wconf 89' lang='lat' dir='ltr'><strong>ago</strong></span> <span class='ocrx_word' id='word_1_687' title='bbox 2497 3152 2604 3206; x_wconf 92' lang='lat' dir='ltr'><strong>Deo</strong></span> <span class='ocrx_word' id='word_1_688' title='bbox 2632 3168 2774 3217; x_wconf 92' lang='lat' dir='ltr'><strong>meo,</strong></span> <span class='ocrx_word' id='word_1_689' title='bbox 2814 3154 2953 3223; x_wconf 90' lang='lat' dir='ltr'><strong>quod</strong></span> <span class='ocrx_word' id='word_1_690' title='bbox 2983 3155 3172 3224; x_wconf 85' lang='lat' dir='ltr'><strong>dignus</strong></span> <span class='ocrx_word' id='word_1_691' title='bbox 3200 3157 3321 3223; x_wconf 89' lang='lat' dir='ltr'><strong>sim,</strong></span> <span class='ocrx_word' id='word_1_692' title='bbox 3343 3174 3498 3228; x_wconf 76' lang='lat' dir='ltr'><strong>quem</strong></span> 
     </span>
    </p>
   </div>
   <div class='ocr_carea' id='block_1_96' title="bbox 1929 3242 3501 3322">
    <p class='ocr_par' dir='ltr' id='par_1_96' title="bbox 1929 3242 3501 3322">
     <span class='ocr_line' id='line_1_97' title="bbox 1929 3242 3501 3322; baseline 0.002 -23"><span class='ocrx_word' id='word_1_693' title='bbox 1929 3243 2160 3299; x_wconf 88' lang='lat' dir='ltr'><strong>mundus</strong></span> <span class='ocrx_word' id='word_1_694' title='bbox 2189 3242 2379 3298; x_wconf 89' lang='lat' dir='ltr'><strong>oderit.</strong></span> <span class='ocrx_word' id='word_1_695' title='bbox 2409 3242 2511 3298; x_wconf 85' lang='lat' dir='ltr'><strong>Ora</strong></span> <span class='ocrx_word' id='word_1_696' title='bbox 2538 3254 2712 3299; x_wconf 91' lang='lat' dir='ltr'><strong>autem</strong></span> <span class='ocrx_word' id='word_1_697' title='bbox 2758 3253 2814 3298; x_wconf 94' lang='lat' dir='ltr'><strong>ut</strong></span> <span class='ocrx_word' id='word_1_698' title='bbox 2840 3246 2904 3298; x_wconf 90' lang='lat' dir='ltr'><strong>de</strong></span> <span class='ocrx_word' id='word_1_699' title='bbox 2932 3246 3201 3318; x_wconf 80' lang='lat' dir='ltr'><strong>Babylone</strong></span> <span class='ocrx_word' id='word_1_700' title='bbox 3228 3246 3501 3322; x_wconf 82' lang='lat' dir='ltr'><strong>Jerosoly-</strong></span> 
     </span>
    </p>
   </div>
   <div class='ocr_carea' id='block_1_97' title="bbox 1930 3333 3496 3408">
    <p class='ocr_par' dir='ltr' id='par_1_97' title="bbox 1930 3333 3496 3408">
     <span class='ocr_line' id='line_1_98' title="bbox 1930 3333 3496 3408; baseline 0.005 -21"><span class='ocrx_word' id='word_1_701' title='bbox 1930 3349 2072 3388; x_wconf 89' lang='lat' dir='ltr'><strong>mam</strong></span> <span class='ocrx_word' id='word_1_702' title='bbox 2096 3333 2385 3405; x_wconf 74' lang='lat' dir='ltr'><strong>regrediar,</strong></span> <span class='ocrx_word' id='word_1_703' title='bbox 2415 3350 2480 3389; x_wconf 90' lang='lat' dir='ltr'><strong>ne</strong></span> <span class='ocrx_word' id='word_1_704' title='bbox 2505 3335 2632 3389; x_wconf 89' lang='lat' dir='ltr'><strong>mihi</strong></span> <span class='ocrx_word' id='word_1_705' title='bbox 2653 3334 2958 3391; x_wconf 89' lang='lat' dir='ltr'><strong>dominetur</strong></span> <span class='ocrx_word' id='word_1_706' title='bbox 2985 3335 3496 3408; x_wconf 79' lang='lat' dir='ltr'><strong>Nabuchodonosor,</strong></span> 
     </span>
    </p>
   </div>
   <div class='ocr_carea' id='block_1_98' title="bbox 1930 3425 3500 3502">
    <p class='ocr_par' dir='ltr' id='par_1_98' title="bbox 1930 3425 3500 3502">
     <span class='ocr_line' id='line_1_99' title="bbox 1930 3425 3500 3502; baseline 0.003 -19"><span class='ocrx_word' id='word_1_707' title='bbox 1930 3428 2024 3483; x_wconf 87' lang='lat' dir='ltr'><strong>sed</strong></span> <span class='ocrx_word' id='word_1_708' title='bbox 2046 3427 2201 3483; x_wconf 84' lang='lat' dir='ltr'><strong>Jesus</strong></span> <span class='ocrx_word' id='word_1_709' title='bbox 2239 3427 2377 3483; x_wconf 84' lang='lat' dir='ltr'><strong>filius</strong></span> <span class='ocrx_word' id='word_1_710' title='bbox 2392 3425 2654 3495; x_wconf 74' lang='lat' dir='ltr'><strong>,fosedec:</strong></span> <span class='ocrx_word' id='word_1_711' title='bbox 2687 3431 2861 3481; x_wconf 88' lang='lat' dir='ltr'><strong>veniat</strong></span> <span class='ocrx_word' id='word_1_712' title='bbox 2890 3428 2965 3500; x_wconf 85' lang='lat' dir='ltr'><strong>(e)</strong></span> <span class='ocrx_word' id='word_1_713' title='bbox 3005 3429 3305 3502; x_wconf 72' lang='lat' dir='ltr'><strong>Ezras,.qui</strong></span> <span class='ocrx_word' id='word_1_714' title='bbox 3338 3434 3500 3488; x_wconf 87' lang='lat' dir='ltr'><strong>inter-</strong></span> 
     </span>
    </p>
   </div>
   <div class='ocr_carea' id='block_1_99' title="bbox 1930 3516 3497 3590">
    <p class='ocr_par' dir='ltr' id='par_1_99' title="bbox 1930 3516 3497 3590">
     <span class='ocr_line' id='line_1_100' title="bbox 1930 3516 3497 3590; baseline 0.006 -19"><span class='ocrx_word' id='word_1_715' title='bbox 1930 3527 2172 3588; x_wconf 90' lang='lat' dir='ltr'><strong>pretatur</strong></span> <span class='ocrx_word' id='word_1_716' title='bbox 2194 3516 2432 3587; x_wconf 82' lang='lat' dir='ltr'><strong>adjutor,</strong></span> <span class='ocrx_word' id='word_1_717' title='bbox 2461 3526 2515 3572; x_wconf 91' lang='lat' dir='ltr'><strong>et</strong></span> <span class='ocrx_word' id='word_1_718' title='bbox 2559 3517 2778 3572; x_wconf 89' lang='lat' dir='ltr'><strong>redueat</strong></span> <span class='ocrx_word' id='word_1_719' title='bbox 2827 3534 2911 3572; x_wconf 91' lang='lat' dir='ltr'><strong>me</strong></span> <span class='ocrx_word' id='word_1_720' title='bbox 2949 3520 3000 3573; x_wconf 92' lang='lat' dir='ltr'><strong>in</strong></span> <span class='ocrx_word' id='word_1_721' title='bbox 3024 3521 3244 3590; x_wconf 87' lang='lat' dir='ltr'><strong>patriam</strong></span> <span class='ocrx_word' id='word_1_722' title='bbox 3301 3539 3497 3580; x_wconf 80' lang='lat' dir='ltr'><strong>meam.</strong></span> 
     </span>
    </p>
   </div>
   <div class='ocr_carea' id='block_1_100' title="bbox 1934 3600 3498 3680">
    <p class='ocr_par' dir='ltr' id='par_1_100' title="bbox 1934 3600 3498 3680">
     <span class='ocr_line' id='line_1_101' title="bbox 1934 3600 3498 3680; baseline 0.004 -16"><span class='ocrx_word' id='word_1_723' title='bbox 1934 3600 2137 3665; x_wconf 74' lang='lat' dir='ltr'><strong>Stultus</strong></span> <span class='ocrx_word' id='word_1_724' title='bbox 2164 3624 2265 3680; x_wconf 81' lang='lat' dir='ltr'><strong>ego</strong></span> <span class='ocrx_word' id='word_1_725' title='bbox 2290 3609 2377 3680; x_wconf 89' lang='lat' dir='ltr'><strong>qui</strong></span> <span class='ocrx_word' id='word_1_726' title='bbox 2407 3609 2647 3664; x_wconf 84' lang='lat' dir='ltr'><strong>volebam</strong></span> <span class='ocrx_word' id='word_1_727' title='bbox 2670 3619 2888 3665; x_wconf 90' lang='lat' dir='ltr'><strong>cantare</strong></span> <span class='ocrx_word' id='word_1_728' title='bbox 2914 3611 3188 3668; x_wconf 83' lang='lat' dir='ltr'><strong>Canticum</strong></span> <span class='ocrx_word' id='word_1_729' title='bbox 3220 3616 3423 3670; x_wconf 82' lang='lat' dir='ltr'><strong>Domini</strong></span> <span class='ocrx_word' id='word_1_730' title='bbox 3448 3618 3498 3672; x_wconf 88' lang='lat' dir='ltr'><strong>in</strong></span> 
     </span>
    </p>
   </div>
   <div class='ocr_carea' id='block_1_101' title="bbox 1933 3700 3500 3776">
    <p class='ocr_par' dir='ltr' id='par_1_101' title="bbox 1933 3700 3500 3776">
     <span class='ocr_line' id='line_1_102' title="bbox 1933 3700 3500 3776; baseline 0.004 -20"><span class='ocrx_word' id='word_1_731' title='bbox 1933 3711 2072 3756; x_wconf 90' lang='lat' dir='ltr'><strong>terra</strong></span> <span class='ocrx_word' id='word_1_732' title='bbox 2097 3703 2288 3767; x_wconf 89' lang='lat' dir='ltr'><strong>aliena,</strong></span> <span class='ocrx_word' id='word_1_733' title='bbox 2318 3710 2371 3754; x_wconf 89' lang='lat' dir='ltr'><strong>et</strong></span> <span class='ocrx_word' id='word_1_734' title='bbox 2395 3700 2604 3755; x_wconf 89' lang='lat' dir='ltr'><strong>deserto</strong></span> <span class='ocrx_word' id='word_1_735' title='bbox 2626 3712 2805 3755; x_wconf 87' lang='lat' dir='ltr'><strong>monte</strong></span> <span class='ocrx_word' id='word_1_736' title='bbox 2834 3701 2981 3768; x_wconf 91' lang='lat' dir='ltr'><strong>Sina,</strong></span> <span class='ocrx_word' id='word_1_737' title='bbox 3008 3703 3220 3776; x_wconf 63' lang='lat' dir='ltr'><strong>Egypti</strong></span> <span class='ocrx_word' id='word_1_738' title='bbox 3240 3708 3500 3764; x_wconf 80' lang='lat' dir='ltr'><strong>auxilium</strong></span> 
     </span>
    </p>
   </div>
   <div class='ocr_carea' id='block_1_102' title="bbox 1930 3789 3491 3866">
    <p class='ocr_par' dir='ltr' id='par_1_102' title="bbox 1930 3789 3491 3866">
     <span class='ocr_line' id='line_1_103' title="bbox 1930 3789 3491 3866; baseline 0.005 -22"><span class='ocrx_word' id='word_1_739' title='bbox 1930 3791 2228 3861; x_wconf 84' lang='lat' dir='ltr'><strong>flagitabam</strong></span> <span class='ocrx_word' id='word_1_740' title='bbox 2261 3790 2392 3862; x_wconf 82' lang='lat' dir='ltr'><strong>(Jer.</strong></span> <span class='ocrx_word' id='word_1_741' title='bbox 2418 3790 2530 3861; x_wconf 69' lang='grc'><strong>42).</strong></span> <span class='ocrx_word' id='word_1_742' title='bbox 2558 3789 2673 3844; x_wconf 85' lang='grc' dir='ltr'><strong>Νοη</strong></span> <span class='ocrx_word' id='word_1_743' title='bbox 2712 3792 3032 3845; x_wconf 85' lang='lat' dir='ltr'><strong>recordabar</strong></span> <span class='ocrx_word' id='word_1_744' title='bbox 3052 3793 3345 3863; x_wconf 84' lang='lat' dir='ltr'><strong>Evangelii,</strong></span> <span class='ocrx_word' id='word_1_745' title='bbox 3370 3800 3491 3866; x_wconf 89' lang='lat' dir='ltr'><strong>quia</strong></span> 
     </span>
    </p>
   </div>
   <div class='ocr_carea' id='block_1_103' title="bbox 1929 3879 3499 3952">
    <p class='ocr_par' dir='ltr' id='par_1_103' title="bbox 1929 3879 3499 3952">
     <span class='ocr_line' id='line_1_104' title="bbox 1929 3879 3499 3952; baseline 0.004 -17"><span class='ocrx_word' id='word_1_746' title='bbox 1929 3883 2017 3950; x_wconf 91' lang='lat' dir='ltr'><strong>qui</strong></span> <span class='ocrx_word' id='word_1_747' title='bbox 2040 3882 2105 3935; x_wconf 90' lang='lat' dir='ltr'><strong>de</strong></span> <span class='ocrx_word' id='word_1_748' title='bbox 2125 3880 2419 3935; x_wconf 85' lang='lat' dir='ltr'><strong>Jerusalem</strong></span> <span class='ocrx_word' id='word_1_749' title='bbox 2443 3879 2730 3949; x_wconf 88' lang='lat' dir='ltr'><strong>egreditur,</strong></span> <span class='ocrx_word' id='word_1_750' title='bbox 2754 3879 2932 3934; x_wconf 83' lang='lat' dir='ltr'><strong>statim</strong></span> <span class='ocrx_word' id='word_1_751' title='bbox 2961 3880 3144 3934; x_wconf 89' lang='lat' dir='ltr'><strong>incidit</strong></span> <span class='ocrx_word' id='word_1_752' title='bbox 3168 3882 3219 3935; x_wconf 89' lang='lat' dir='ltr'><strong>in</strong></span> <span class='ocrx_word' id='word_1_753' title='bbox 3248 3883 3499 3952; x_wconf 90' lang='lat' dir='ltr'><strong>latrones,</strong></span> 
     </span>
    </p>
   </div>
   <div class='ocr_carea' id='block_1_104' title="bbox 1932 3968 3501 4039">
    <p class='ocr_par' dir='ltr' id='par_1_104' title="bbox 1932 3968 3501 4039">
     <span class='ocr_line' id='line_1_105' title="bbox 1932 3968 3501 4039; baseline 0.005 -15"><span class='ocrx_word' id='word_1_754' title='bbox 1932 3970 2223 4039; x_wconf 87' lang='lat' dir='ltr'><strong>spoliatur,</strong></span> <span class='ocrx_word' id='word_1_755' title='bbox 2254 3970 2581 4031; x_wconf 85' lang='lat' dir='ltr'><strong>vulneratur.</strong></span> <span class='ocrx_word' id='word_1_756' title='bbox 2620 3969 2900 4023; x_wconf 86' lang='lat' dir='ltr'><strong>occiditur.</strong></span> <span class='ocrx_word' id='word_1_757' title='bbox 2944 3968 3045 4025; x_wconf 88' lang='lat' dir='ltr'><strong>Sed</strong></span> <span class='ocrx_word' id='word_1_758' title='bbox 3077 3969 3203 4025; x_wconf 88' lang='lat' dir='ltr'><strong>licet</strong></span> <span class='ocrx_word' id='word_1_759' title='bbox 3239 3970 3501 4033; x_wconf 86' lang='lat' dir='ltr'><strong>Sacerdos</strong></span> 
     </span>
    </p>
   </div>
   <div class='ocr_carea' id='block_1_105' title="bbox 1930 4058 3499 4127">
    <p class='ocr_par' dir='ltr' id='par_1_105' title="bbox 1930 4058 3499 4127">
     <span class='ocr_line' id='line_1_106' title="bbox 1930 4058 3499 4127; baseline 0.006 -14"><span class='ocrx_word' id='word_1_760' title='bbox 1930 4058 2188 4127; x_wconf 87' lang='lat' dir='ltr'><strong>despiciat</strong></span> <span class='ocrx_word' id='word_1_761' title='bbox 2210 4068 2367 4127; x_wconf 83' lang='lat' dir='ltr'><strong>atque</strong></span> <span class='ocrx_word' id='word_1_762' title='bbox 2391 4059 2602 4113; x_wconf 79' lang='lat' dir='ltr'><strong>Levites</strong></span> <span class='ocrx_word' id='word_1_763' title='bbox 2621 4098 2637 4125; x_wconf 94' lang='lat'><strong>,</strong></span> <span class='ocrx_word' id='word_1_764' title='bbox 2682 4058 3043 4114; x_wconf 71' lang='lat' dir='ltr'><strong>Samaritanus</strong></span> <span class='ocrx_word' id='word_1_765' title='bbox 3070 4061 3158 4116; x_wconf 89' lang='lat' dir='ltr'><strong>ille</strong></span> <span class='ocrx_word' id='word_1_766' title='bbox 3196 4064 3499 4122; x_wconf 86' lang='lat' dir='ltr'><strong>misericors</strong></span> 
     </span>
    </p>
   </div>
   <div class='ocr_carea' id='block_1_106' title="bbox 1933 4145 3503 4225">
    <p class='ocr_par' dir='ltr' id='par_1_106' title="bbox 1933 4145 3503 4225">
     <span class='ocr_line' id='line_1_107' title="bbox 1933 4145 3503 4225; baseline 0.005 -24"><span class='ocrx_word' id='word_1_767' title='bbox 1933 4156 2015 4201; x_wconf 87' lang='lat' dir='ltr'><strong>est</strong></span> <span class='ocrx_word' id='word_1_768' title='bbox 2049 4145 2199 4215; x_wconf 86' lang='lat' dir='ltr'><strong>(Luc.</strong></span> <span class='ocrx_word' id='word_1_769' title='bbox 2233 4146 2360 4215; x_wconf 85' lang='grc'>10),</span> <span class='ocrx_word' id='word_1_770' title='bbox 2390 4146 2480 4216; x_wconf 88' lang='lat' dir='ltr'><strong>qui</strong></span> <span class='ocrx_word' id='word_1_771' title='bbox 2522 4162 2642 4201; x_wconf 88' lang='lat' dir='ltr'><strong>cum</strong></span> <span class='ocrx_word' id='word_1_772' title='bbox 2673 4148 2939 4225; x_wconf 84' lang='lat' dir='ltr'><strong>diceretur</strong></span> <span class='ocrx_word' id='word_1_773' title='bbox 2967 4168 2981 4204; x_wconf 90' lang='lat'>:</span> <span class='ocrx_word' id='word_1_774' title='bbox 3026 4150 3413 4217; x_wconf 71' lang='lat' dir='ltr'><strong>Samaritanus,</strong></span> <span class='ocrx_word' id='word_1_775' title='bbox 3451 4172 3503 4209; x_wconf 72' lang='lat' dir='ltr'><strong>es</strong></span> 
     </span>
    </p>
   </div>
   <div class='ocr_carea' id='block_1_107' title="bbox 1937 4298 3502 4366">
    <p class='ocr_par' dir='ltr' id='par_1_107' title="bbox 1937 4298 3502 4366">
     <span class='ocr_line' id='line_1_108' title="bbox 1937 4298 3502 4366; baseline 0.006 -17"><span class='ocrx_word' id='word_1_776' title='bbox 1937 4298 2385 4366; x_wconf 55' lang='lat' dir='ltr'><strong>renuentibusyss.</strong></span> <span class='ocrx_word' id='word_1_777' title='bbox 2406 4310 2503 4366; x_wconf 83' lang='lat' dir='ltr'><strong>non</strong></span> <span class='ocrx_word' id='word_1_778' title='bbox 2526 4299 2763 4366; x_wconf 77' lang='lat' dir='ltr'><strong>improbo,</strong></span> <span class='ocrx_word' id='word_1_779' title='bbox 2775 4300 2846 4348; x_wconf 90' lang='lat' dir='ltr'><strong>sic</strong></span> <span class='ocrx_word' id='word_1_780' title='bbox 2855 4312 3076 4366; x_wconf 30' lang='lat' dir='ltr'><strong>_ernm‘ex</strong></span> <span class='ocrx_word' id='word_1_781' title='bbox 3101 4308 3430 4366; x_wconf 67' lang='lat' dir='ltr'><strong>amwnissimi,</strong></span> <span class='ocrx_word' id='word_1_782' title='bbox 3444 4322 3502 4359; x_wconf 90' lang='lat' dir='ltr'><strong>ac</strong></span> 
     </span>
    </p>
   </div>
   <div class='ocr_carea' id='block_1_108' title="bbox 1934 4358 3499 4429">
    <p class='ocr_par' dir='ltr' id='par_1_108' title="bbox 1934 4358 3499 4429">
     <span class='ocr_line' id='line_1_109' title="bbox 1934 4358 3499 4429; baseline 0.006 -19"><span class='ocrx_word' id='word_1_783' title='bbox 1934 4359 2247 4429; x_wconf 76' lang='lat' dir='ltr'><strong>celeberrimi</strong></span> <span class='ocrx_word' id='word_1_784' title='bbox 2271 4358 2538 4429; x_wconf 55' lang='lat' dir='ltr'><strong>Campania:</strong></span> <span class='ocrx_word' id='word_1_785' title='bbox 2556 4358 2722 4429; x_wconf 84' lang='lat' dir='ltr'><strong>oppidi</strong></span> <span class='ocrx_word' id='word_1_786' title='bbox 2738 4361 2953 4419; x_wconf 88' lang='lat' dir='ltr'><strong>nomine,</strong></span> <span class='ocrx_word' id='word_1_787' title='bbox 2967 4362 3056 4429; x_wconf 64' lang='lat' dir='ltr'><strong>alia</strong></span> <span class='ocrx_word' id='word_1_788' title='bbox 3071 4369 3361 4429; x_wconf 71' lang='lat' dir='ltr'><strong>ammuitatis</strong></span> 
     </span>
    </p>
   </div>
   <div class='ocr_carea' id='block_1_109' title="bbox 1936 4419 3502 4534">
    <p class='ocr_par' dir='ltr' id='par_1_109' title="bbox 1936 4419 3502 4534">
     <span class='ocr_line' id='line_1_110' title="bbox 1936 4419 3502 4528; baseline 0.006 -58"><span class='ocrx_word' id='word_1_789' title='bbox 1936 4435 1989 4470; x_wconf 85' lang='lat' dir='ltr'><strong>et</strong></span> <span class='ocrx_word' id='word_1_790' title='bbox 2008 4421 2185 4528; x_wconf 56' lang='lat' dir='ltr'><strong>praedia</strong></span> <span class='ocrx_word' id='word_1_791' title='bbox 2211 4419 2355 4477; x_wconf 78' lang='lat' dir='ltr'><strong>Baias</strong></span> <span class='ocrx_word' id='word_1_792' title='bbox 2395 4419 2632 4490; x_wconf 78' lang='lat' dir='ltr'><strong>vocabant</strong></span> <span class='ocrx_word' id='word_1_793' title='bbox 2648 4428 2878 4471; x_wconf 87' lang='lat' dir='ltr'><strong>veteres:</strong></span> <span class='ocrx_word' id='word_1_794' title='bbox 2906 4428 2958 4472; x_wconf 88' lang='lat' dir='ltr'><strong>et</strong></span> <span class='ocrx_word' id='word_1_795' title='bbox 2993 4421 3160 4474; x_wconf 88' lang='lat' dir='ltr'><strong>Cicero</strong></span> <span class='ocrx_word' id='word_1_796' title='bbox 3183 4429 3232 4475; x_wconf 91' lang='lat' dir='ltr'><strong>in</strong></span> <span class='ocrx_word' id='word_1_797' title='bbox 3256 4428 3387 4479; x_wconf 89' lang='lat' dir='ltr'><strong>Orat.</strong></span> <span class='ocrx_word' id='word_1_798' title='bbox 3414 4419 3502 4493; x_wconf 67' lang='lat' dir='ltr'><strong>pro</strong></span> 
     </span>
     <span class='ocr_line' id='line_1_111' title="bbox 1936 4480 3501 4534; baseline 0.003 -5"><span class='ocrx_word' id='word_1_799' title='bbox 1936 4482 2013 4532; x_wconf 71' lang='lat' dir='ltr'><strong>Cze</strong></span> <span class='ocrx_word' id='word_1_800' title='bbox 2035 4484 2098 4534; x_wconf 89' lang='lat' dir='ltr'><strong>io.</strong></span> <span class='ocrx_word' id='word_1_801' title='bbox 2130 4497 2153 4526; x_wconf 74' lang='grc' dir='ltr'>ι</span> <span class='ocrx_word' id='word_1_802' title='bbox 2172 4482 2324 4534; x_wconf 79' lang='lat' dir='ltr'><strong>cuius,</strong></span> <span class='ocrx_word' id='word_1_803' title='bbox 2352 4480 2533 4534; x_wconf 81' lang='lat' dir='ltr'><strong>inquit.</strong></span> <span class='ocrx_word' id='word_1_804' title='bbox 2556 4481 2606 4528; x_wconf 88' lang='lat' dir='ltr'><strong>iu</strong></span> <span class='ocrx_word' id='word_1_805' title='bbox 2629 4480 2795 4530; x_wconf 83' lang='lat' dir='ltr'><strong>hortos</strong></span> <span class='ocrx_word' id='word_1_806' title='bbox 2814 4519 2826 4534; x_wconf 90' lang='lat'><strong>.</strong></span> <span class='ocrx_word' id='word_1_807' title='bbox 2850 4482 3042 4532; x_wconf 89' lang='lat' dir='ltr'><strong>domum</strong></span> <span class='ocrx_word' id='word_1_808' title='bbox 3063 4520 3078 4534; x_wconf 91' lang='lat'><strong>.</strong></span> <span class='ocrx_word' id='word_1_809' title='bbox 3101 4485 3242 4534; x_wconf 83' lang='lat' dir='ltr'><strong>Baias</strong></span> <span class='ocrx_word' id='word_1_810' title='bbox 3282 4490 3387 4534; x_wconf 79' lang='lat' dir='ltr'><strong>iure</strong></span> <span class='ocrx_word' id='word_1_811' title='bbox 3409 4509 3501 4534; x_wconf 71' lang='lat' dir='ltr'><strong>sun</strong></span> 
     </span>
    </p>
   </div>
   <div class='ocr_carea' id='block_1_110' title="bbox 1934 4482 3501 4619">
    <p class='ocr_par' dir='ltr' id='par_1_110' title="bbox 1934 4482 3501 4619">
     <span class='ocr_line' id='line_1_112' title="bbox 1934 4482 3501 4552; baseline 0.007 -21"><span class='ocrx_word' id='word_1_812' title='bbox 1934 4482 2098 4540; x_wconf 63' lang='lat' dir='ltr'><strong>Caelio,</strong></span> <span class='ocrx_word' id='word_1_813' title='bbox 2130 4497 2153 4526; x_wconf 74' lang='grc' dir='ltr'>ι</span> <span class='ocrx_word' id='word_1_814' title='bbox 2172 4482 2324 4542; x_wconf 87' lang='lat' dir='ltr'><strong>cujus,</strong></span> <span class='ocrx_word' id='word_1_815' title='bbox 2352 4482 2533 4542; x_wconf 80' lang='lat' dir='ltr'><strong>inquit,</strong></span> <span class='ocrx_word' id='word_1_816' title='bbox 2556 4482 2606 4528; x_wconf 88' lang='lat' dir='ltr'><strong>iu</strong></span> <span class='ocrx_word' id='word_1_817' title='bbox 2629 4482 2795 4530; x_wconf 83' lang='lat' dir='ltr'><strong>hortos</strong></span> <span class='ocrx_word' id='word_1_818' title='bbox 2814 4519 2826 4539; x_wconf 90' lang='lat'><strong>,</strong></span> <span class='ocrx_word' id='word_1_819' title='bbox 2850 4482 3042 4532; x_wconf 90' lang='lat' dir='ltr'><strong>domum</strong></span> <span class='ocrx_word' id='word_1_820' title='bbox 3063 4520 3078 4544; x_wconf 93' lang='lat'><strong>,</strong></span> <span class='ocrx_word' id='word_1_821' title='bbox 3101 4485 3242 4550; x_wconf 88' lang='lat' dir='ltr'><strong>Bajas</strong></span> <span class='ocrx_word' id='word_1_822' title='bbox 3274 4490 3387 4552; x_wconf 87' lang='lat' dir='ltr'><strong>jure</strong></span> <span class='ocrx_word' id='word_1_823' title='bbox 3409 4482 3501 4543; x_wconf 64' lang='lat' dir='ltr'><strong>Suo</strong></span> 
     </span>
     <span class='ocr_line' id='line_1_113' title="bbox 1934 4542 3501 4619; baseline 0.001 -1"><span class='ocrx_word' id='word_1_824' title='bbox 1934 4542 2840 4619; x_wconf 38' lang='lat' dir='ltr'><strong>libidi9€§-_9&quot;.&#39;9§‘_‘_&#39;2-‘E‘im&#39;Bfi&#39;ZSﬁi-t</strong></span> <span class='ocrx_word' id='word_1_825' title='bbox 2881 4543 2980 4619; x_wconf 52' lang='lat' dir='ltr'><strong>se?!</strong></span> <span class='ocrx_word' id='word_1_826' title='bbox 3002 4544 3187 4619; x_wconf 50' lang='lat' dir='ltr'><strong>aliqua</strong></span> <span class='ocrx_word' id='word_1_827' title='bbox 3209 4552 3350 4619; x_wconf 68' lang='lat' dir='ltr'><strong>melo</strong></span> <span class='ocrx_word' id='word_1_828' title='bbox 3392 4564 3501 4619; x_wconf 59' lang='grc' dir='ltr'><strong>1ὀ⁵ξι</strong></span> 
     </span>
    </p>
   </div>
   <div class='ocr_carea' id='block_1_111' title="bbox 1942 4599 3500 4667">
    <p class='ocr_par' dir='ltr' id='par_1_111' title="bbox 1942 4599 3500 4667">
     <span class='ocr_line' id='line_1_114' title="bbox 1942 4599 3500 4667; baseline 0.009 -17"><span class='ocrx_word' id='word_1_829' title='bbox 1942 4621 1964 4667; x_wconf 59' lang='grc' dir='ltr'><em>ᾳ</em></span> <span class='ocrx_word' id='word_1_830' title='bbox 1989 4604 2240 4667; x_wconf 83' lang='lat' dir='ltr'><strong>materiem</strong></span> <span class='ocrx_word' id='word_1_831' title='bbox 2262 4601 2525 4651; x_wconf 67' lang='lat' dir='ltr'><strong>luxuriosae</strong></span> <span class='ocrx_word' id='word_1_832' title='bbox 2570 4599 2811 4652; x_wconf 84' lang='lat' dir='ltr'><strong>libertatis</strong></span> <span class='ocrx_word' id='word_1_833' title='bbox 2835 4618 2921 4667; x_wconf 83' lang='lat' dir='ltr'><strong>pro</strong></span> <span class='ocrx_word' id='word_1_834' title='bbox 2944 4599 3148 4658; x_wconf 62' lang='lat' dir='ltr'><strong>luxurie</strong></span> <span class='ocrx_word' id='word_1_835' title='bbox 3179 4599 3231 4659; x_wconf 68' lang='lat' dir='ltr'><strong>e&#39;t</strong></span> <span class='ocrx_word' id='word_1_836' title='bbox 3262 4599 3500 4664; x_wconf 64' lang='lat' dir='ltr'><strong>liberiatis</strong></span> 
     </span>
    </p>
   </div>
   <div class='ocr_carea' id='block_1_112' title="bbox 1932 4663 3482 4792">
    <p class='ocr_par' dir='ltr' id='par_1_112' title="bbox 1932 4663 3482 4792">
     <span class='ocr_line' id='line_1_115' title="bbox 1932 4663 3482 4792; baseline 0.006 -21"><span class='ocrx_word' id='word_1_837' title='bbox 1932 4663 2407 4792; x_wconf 50' lang='grc' dir='ltr'><strong>Μῗιῖἶηλῖωεᾳηθω</strong></span> <span class='ocrx_word' id='word_1_838' title='bbox 2439 4737 2579 4792; x_wconf 26' lang='lat' dir='ltr'><strong>agnem</strong></span> <span class='ocrx_word' id='word_1_839' title='bbox 2608 4723 2771 4792; x_wconf 63' lang='lat' dir='ltr'><strong>laudat</strong></span> <span class='ocrx_word' id='word_1_840' title='bbox 2790 4727 2989 4792; x_wconf 71' lang='lat' dir='ltr'><strong>Apicius</strong></span> <span class='ocrx_word' id='word_1_841' title='bbox 3012 4727 3095 4792; x_wconf 86' lang='lat' dir='ltr'><strong>lib.</strong></span> <span class='ocrx_word' id='word_1_842' title='bbox 3117 4729 3164 4778; x_wconf 88' lang='grc'><strong>6.</strong></span> <span class='ocrx_word' id='word_1_843' title='bbox 3187 4731 3365 4792; x_wconf 16' lang='grc' dir='ltr'><strong>ωρεγδ.</strong></span> <span class='ocrx_word' id='word_1_844' title='bbox 3396 4732 3482 4783; x_wconf 79' lang='lat' dir='ltr'><strong>Aci</strong></span> 
     </span>
    </p>
   </div>
   <div class='ocr_carea' id='block_1_113' title="bbox 1933 4784 3497 4853">
    <p class='ocr_par' dir='ltr' id='par_1_113' title="bbox 1933 4784 3497 4853">
     <span class='ocr_line' id='line_1_116' title="bbox 1933 4784 3497 4853; baseline 0.004 -18"><span class='ocrx_word' id='word_1_845' title='bbox 1933 4784 2416 4853; x_wconf 56' lang='lat' dir='ltr'><strong>penseremjiscem</strong></span> <span class='ocrx_word' id='word_1_846' title='bbox 2435 4784 2637 4853; x_wconf 85' lang='lat' dir='ltr'><strong>_Plinius</strong></span> <span class='ocrx_word' id='word_1_847' title='bbox 2668 4784 2701 4834; x_wconf 92' lang='grc' dir='ltr'><strong>Ι.</strong></span> <span class='ocrx_word' id='word_1_848' title='bbox 2721 4787 2785 4853; x_wconf 89' lang='lat'><strong>_9.</strong></span> <span class='ocrx_word' id='word_1_849' title='bbox 2821 4784 2865 4853; x_wconf 74' lang='grc' dir='ltr'><strong>(ξ.</strong></span> <span class='ocrx_word' id='word_1_850' title='bbox 2892 4789 2969 4838; x_wconf 87' lang='grc'><strong>17.</strong></span> <span class='ocrx_word' id='word_1_851' title='bbox 2988 4784 3261 4853; x_wconf 58' lang='grc' dir='ltr'><strong>Λυκωπερέ</strong></span> <span class='ocrx_word' id='word_1_852' title='bbox 3283 4789 3497 4853; x_wconf 78' lang='lat' dir='ltr'><strong>Deipno—</strong></span> 
     </span>
    </p>
   </div>
   <div class='ocr_carea' id='block_1_114' title="bbox 1932 4845 3498 4914">
    <p class='ocr_par' dir='ltr' id='par_1_114' title="bbox 1932 4845 3498 4914">
     <span class='ocr_line' id='line_1_117' title="bbox 1932 4845 3498 4914; baseline 0.003 -19"><span class='ocrx_word' id='word_1_853' title='bbox 1932 4845 2069 4914; x_wconf 75' lang='lat' dir='ltr'><strong>soph.</strong></span> <span class='ocrx_word' id='word_1_854' title='bbox 2094 4845 2265 4914; x_wconf 40' lang='lat' dir='ltr'><strong>lib.n72_</strong></span> <span class='ocrx_word' id='word_1_855' title='bbox 2286 4863 2309 4892; x_wconf 74' lang='grc' dir='ltr'>ι</span> <span class='ocrx_word' id='word_1_856' title='bbox 2338 4847 2692 4914; x_wconf 56' lang='grc' dir='ltr'><strong>ᾼεοιιςειιιηῑυε,</strong></span> <span class='ocrx_word' id='word_1_857' title='bbox 2719 4847 2899 4914; x_wconf 84' lang='lat' dir='ltr'><strong>inquit,</strong></span> <span class='ocrx_word' id='word_1_858' title='bbox 2917 4851 2999 4910; x_wconf 91' lang='lat' dir='ltr'><strong>qui</strong></span> <span class='ocrx_word' id='word_1_859' title='bbox 3025 4852 3167 4897; x_wconf 89' lang='lat' dir='ltr'><strong>vitam</strong></span> <span class='ocrx_word' id='word_1_860' title='bbox 3191 4845 3498 4914; x_wconf 79' lang='lat' dir='ltr'><strong>Sardanapali</strong></span> 
     </span>
    </p>
   </div>
   <div class='ocr_carea' id='block_1_115' title="bbox 1932 4906 3493 4982">
    <p class='ocr_par' dir='ltr' id='par_1_115' title="bbox 1932 4906 3493 4982">
     <span class='ocr_line' id='line_1_118' title="bbox 1932 4906 3493 4982; baseline 0.004 -26"><span class='ocrx_word' id='word_1_861' title='bbox 1932 4906 2071 4966; x_wconf 68' lang='lat' dir='ltr'><strong>vittit,</strong></span> <span class='ocrx_word' id='word_1_862' title='bbox 2093 4906 2332 4982; x_wconf 33' lang='lat' dir='ltr'><strong>deOGaleo</strong></span> <span class='ocrx_word' id='word_1_863' title='bbox 2350 4906 2538 4982; x_wconf 63' lang='lat' dir='ltr'><strong>Rhedig</strong></span> <span class='ocrx_word' id='word_1_864' title='bbox 2560 4920 2669 4982; x_wconf 86' lang='lat' dir='ltr'><strong>cum</strong></span> <span class='ocrx_word' id='word_1_865' title='bbox 2692 4906 2843 4982; x_wconf 76' lang='lat' dir='ltr'><strong>verba</strong></span> <span class='ocrx_word' id='word_1_866' title='bbox 2879 4906 2988 4982; x_wconf 67' lang='lat' dir='ltr'><strong>lactt</strong></span> <span class='ocrx_word' id='word_1_867' title='bbox 3003 4948 3018 4968; x_wconf 85' lang='lat'><strong>,</strong></span> <span class='ocrx_word' id='word_1_868' title='bbox 3056 4922 3307 4982; x_wconf 74' lang='lat' dir='ltr'><strong>eum_esse</strong></span> <span class='ocrx_word' id='word_1_869' title='bbox 3331 4906 3493 4982; x_wconf 71' lang='lat' dir='ltr'><strong>putat,</strong></span> 
     </span>
    </p>
   </div>
   <div class='ocr_carea' id='block_1_116' title="bbox 1931 4965 3497 5101">
    <p class='ocr_par' dir='ltr' id='par_1_116' title="bbox 1931 4965 3497 5101">
     <span class='ocr_line' id='line_1_119' title="bbox 1931 4965 3497 5040; baseline 0.001 -23"><span class='ocrx_word' id='word_1_870' title='bbox 1931 4965 2079 5031; x_wconf 87' lang='lat' dir='ltr'><strong>quem</strong></span> <span class='ocrx_word' id='word_1_871' title='bbox 2103 4970 2441 5040; x_wconf 77' lang='lat' dir='ltr'><strong>Acipenserem</strong></span> <span class='ocrx_word' id='word_1_872' title='bbox 2472 4965 2651 5039; x_wconf 55' lang='lat' dir='ltr'><strong>(Graec.</strong></span> <span class='ocrx_word' id='word_1_873' title='bbox 2680 4979 2888 5027; x_wconf 65' lang='grc' dir='ltr'><strong>ἀκκιπήσιον</strong></span> <span class='ocrx_word' id='word_1_874' title='bbox 2915 4968 2927 5032; x_wconf 84' lang='lat'><strong>)</strong></span> <span class='ocrx_word' id='word_1_875' title='bbox 2960 4965 3129 5018; x_wconf 85' lang='lat' dir='ltr'><strong>vocant</strong></span> <span class='ocrx_word' id='word_1_876' title='bbox 3160 4965 3366 5040; x_wconf 75' lang='lat' dir='ltr'><strong>_Romatii</strong></span> <span class='ocrx_word' id='word_1_877' title='bbox 3387 5008 3402 5031; x_wconf 94' lang='lat'><strong>,</strong></span> <span class='ocrx_word' id='word_1_878' title='bbox 3444 4965 3497 5025; x_wconf 76' lang='lat' dir='ltr'><strong>ei</strong></span> 
     </span>
     <span class='ocr_line' id='line_1_120' title="bbox 1931 5027 3497 5101; baseline 0.003 -23"><span class='ocrx_word' id='word_1_879' title='bbox 1931 5043 2042 5101; x_wconf 70' lang='lat' dir='ltr'><strong>eum</strong></span> <span class='ocrx_word' id='word_1_880' title='bbox 2083 5029 2235 5101; x_wconf 57' lang='lat' dir='ltr'><strong>tibits,</strong></span> <span class='ocrx_word' id='word_1_881' title='bbox 2260 5035 2313 5098; x_wconf 82' lang='lat' dir='ltr'><strong>et</strong></span> <span class='ocrx_word' id='word_1_882' title='bbox 2348 5039 2537 5101; x_wconf 67' lang='lat' dir='ltr'><strong>coronis</strong></span> <span class='ocrx_word' id='word_1_883' title='bbox 2552 5027 2921 5101; x_wconf 54' lang='lat' dir='ltr'><strong>‘ctmumferunt</strong></span> <span class='ocrx_word' id='word_1_884' title='bbox 2961 5030 3010 5077; x_wconf 86' lang='lat' dir='ltr'><strong>iu</strong></span> <span class='ocrx_word' id='word_1_885' title='bbox 3048 5042 3215 5101; x_wconf 66' lang='lat' dir='ltr'><strong>omnis,</strong></span> <span class='ocrx_word' id='word_1_886' title='bbox 3251 5038 3497 5101; x_wconf 80' lang='lat' dir='ltr'><strong>coronatis</strong></span> 
     </span>
    </p>
   </div>
   <div class='ocr_carea' id='block_1_117' title="bbox 1930 5086 3498 5199">
    <p class='ocr_par' dir='ltr' id='par_1_117' title="bbox 1930 5086 3498 5199">
     <span class='ocr_line' id='line_1_121' title="bbox 1930 5086 3498 5199; baseline 0.006 -64"><span class='ocrx_word' id='word_1_887' title='bbox 1930 5088 2195 5199; x_wconf 77' lang='lat' dir='ltr'><strong>letiamjllis</strong></span> <span class='ocrx_word' id='word_1_888' title='bbox 2214 5091 2296 5196; x_wconf 54' lang='lat' dir='ltr'><strong>quli</strong></span> <span class='ocrx_word' id='word_1_889' title='bbox 2321 5095 2527 5150; x_wconf 80' lang='lat' dir='ltr'><strong>portant.</strong></span> <span class='ocrx_word' id='word_1_890' title='bbox 2552 5086 2734 5136; x_wconf 82' lang='lat' dir='ltr'><strong>Verum</strong></span> <span class='ocrx_word' id='word_1_891' title='bbox 2756 5087 3024 5149; x_wconf 76' lang='lat' dir='ltr'><strong>Aeipenser</strong></span> <span class='ocrx_word' id='word_1_892' title='bbox 3045 5086 3210 5140; x_wconf 77' lang='lat' dir='ltr'><strong>minor</strong></span> <span class='ocrx_word' id='word_1_893' title='bbox 3221 5098 3316 5153; x_wconf 86' lang='lat' dir='ltr'><strong>est,</strong></span> <span class='ocrx_word' id='word_1_894' title='bbox 3337 5103 3498 5144; x_wconf 85' lang='lat' dir='ltr'><strong>rostro</strong></span> 
     </span>
     <span class='ocr_line' id='line_1_122' title="bbox 1948 5161 2333 5199; baseline -0.008 0"><span class='ocrx_word' id='word_1_895' title='bbox 1948 5162 2166 5199; x_wconf 77' lang='lat' dir='ltr'><strong>onmore.</strong></span> <span class='ocrx_word' id='word_1_896' title='bbox 2183 5165 2206 5193; x_wconf 72' lang='grc' dir='ltr'><strong>ι</strong></span> <span class='ocrx_word' id='word_1_897' title='bbox 2236 5162 2266 5196; x_wconf 92' lang='lat' dir='ltr'><strong>e</strong></span> <span class='ocrx_word' id='word_1_898' title='bbox 2287 5161 2333 5196; x_wconf 93' lang='lat' dir='ltr'><strong>c.</strong></span> 
     </span>
    </p>
   </div>
   <div class='ocr_carea' id='block_1_118' title="bbox 2048 5151 2333 5197">
    <p class='ocr_par' dir='ltr' id='par_1_118' title="bbox 2048 5151 2333 5197">
     <span class='ocr_line' id='line_1_123' title="bbox 2048 5151 2333 5197; baseline -0.004 0"><span class='ocrx_word' id='word_1_899' title='bbox 2048 5151 2166 5197; x_wconf 88' lang='lat' dir='ltr'><strong>iore.</strong></span> <span class='ocrx_word' id='word_1_900' title='bbox 2183 5165 2206 5193; x_wconf 73' lang='grc' dir='ltr'><strong>ι</strong></span> <span class='ocrx_word' id='word_1_901' title='bbox 2236 5158 2333 5196; x_wconf 89' lang='lat' dir='ltr'><strong>etc.</strong></span> 
     </span>
    </p>
   </div>
   <div class='ocr_carea' id='block_1_119' title="bbox 1948 5162 3494 5278">
    <p class='ocr_par' dir='ltr' id='par_1_119' title="bbox 1948 5162 3494 5278">
     <span class='ocr_line' id='line_1_124' title="bbox 1948 5162 3494 5278; baseline 0.007 -23"><span class='ocrx_word' id='word_1_902' title='bbox 1948 5162 2405 5278; x_wconf 46' lang='lat' dir='ltr'><strong>oigjmféibgl?</strong></span> <span class='ocrx_word' id='word_1_903' title='bbox 2439 5205 2778 5278; x_wconf 68' lang='lat' dir='ltr'><strong>interpretatur</strong></span> <span class='ocrx_word' id='word_1_904' title='bbox 2808 5206 3035 5278; x_wconf 70' lang='lat' dir='ltr'><strong>adfatur,</strong></span> <span class='ocrx_word' id='word_1_905' title='bbox 3068 5222 3178 5271; x_wconf 66' lang='lat' dir='ltr'><strong>qua:</strong></span> <span class='ocrx_word' id='word_1_906' title='bbox 3211 5212 3494 5278; x_wconf 57' lang='lat' dir='ltr'><strong>Hieronymi</strong></span> 
     </span>
    </p>
   </div>
   <div class='ocr_carea' id='block_1_120' title="bbox 1930 5267 3496 5339">
    <p class='ocr_par' dir='ltr' id='par_1_120' title="bbox 1930 5267 3496 5339">
     <span class='ocr_line' id='line_1_125' title="bbox 1930 5267 3496 5339; baseline -0.009 -18"><span class='ocrx_word' id='word_1_907' title='bbox 1930 5267 2224 5339; x_wconf 55' lang='lat' dir='ltr'><strong>propositum</strong></span> <span class='ocrx_word' id='word_1_908' title='bbox 2261 5267 2465 5317; x_wconf 83' lang='lat' dir='ltr'><strong>multum</strong></span> <span class='ocrx_word' id='word_1_909' title='bbox 2503 5267 2702 5339; x_wconf 59' lang='lat' dir='ltr'><strong>juvant,</strong></span> <span class='ocrx_word' id='word_1_910' title='bbox 2735 5267 2941 5339; x_wconf 76' lang='lat' dir='ltr'><strong>deerant</strong></span> <span class='ocrx_word' id='word_1_911' title='bbox 2962 5267 3125 5339; x_wconf 80' lang='lat' dir='ltr'><strong>autem</strong></span> <span class='ocrx_word' id='word_1_912' title='bbox 3156 5267 3496 5339; x_wconf 41' lang='lat' dir='ltr'><strong>apqul-ggm.</strong></span> 
     </span>
    </p>
   </div>
   <div class='ocr_carea' id='block_1_121' title="bbox 1934 5286 3496 5390">
    <p class='ocr_par' dir='ltr' id='par_1_121' title="bbox 1934 5286 3496 5390">
     <span class='ocr_line' id='line_1_126' title="bbox 1934 5286 3496 5335; baseline 0.003 -16"><span class='ocrx_word' id='word_1_913' title='bbox 1934 5286 2018 5333; x_wconf 86' lang='lat' dir='ltr'><strong>pro</strong></span> <span class='ocrx_word' id='word_1_914' title='bbox 2038 5286 2224 5319; x_wconf 79' lang='lat' dir='ltr'><strong>)OSIuIIII</strong></span> <span class='ocrx_word' id='word_1_915' title='bbox 2261 5286 2465 5317; x_wconf 81' lang='lat' dir='ltr'><strong>multum</strong></span> <span class='ocrx_word' id='word_1_916' title='bbox 2503 5286 2702 5329; x_wconf 74' lang='lat' dir='ltr'><strong>juvant,</strong></span> <span class='ocrx_word' id='word_1_917' title='bbox 2735 5286 2941 5318; x_wconf 68' lang='lat' dir='ltr'><strong>auertant</strong></span> <span class='ocrx_word' id='word_1_918' title='bbox 2962 5286 3125 5318; x_wconf 78' lang='lat' dir='ltr'><strong>antem</strong></span> <span class='ocrx_word' id='word_1_919' title='bbox 3156 5286 3280 5335; x_wconf 83' lang='lat' dir='ltr'><strong>apud</strong></span> <span class='ocrx_word' id='word_1_920' title='bbox 3305 5286 3496 5327; x_wconf 58' lang='lat' dir='ltr'><strong>tantum.</strong></span> 
     </span>
     <span class='ocr_line' id='line_1_127' title="bbox 1934 5286 3496 5390; baseline 0.004 -11"><span class='ocrx_word' id='word_1_921' title='bbox 1934 5340 1986 5379; x_wconf 88' lang='lat' dir='ltr'><strong>et</strong></span> <span class='ocrx_word' id='word_1_922' title='bbox 2009 5286 2352 5383; x_wconf 61' lang='lat' dir='ltr'><strong>ilartianzeum,</strong></span> <span class='ocrx_word' id='word_1_923' title='bbox 2378 5341 2468 5377; x_wconf 88' lang='lat' dir='ltr'><strong>nos</strong></span> <span class='ocrx_word' id='word_1_924' title='bbox 2492 5341 2521 5376; x_wconf 90' lang='lat' dir='ltr'><strong>e</strong></span> <span class='ocrx_word' id='word_1_925' title='bbox 2544 5327 2658 5390; x_wconf 80' lang='lat' dir='ltr'><strong>Mss.</strong></span> <span class='ocrx_word' id='word_1_926' title='bbox 2683 5328 2941 5390; x_wconf 87' lang='lat' dir='ltr'><strong>codicibus,</strong></span> <span class='ocrx_word' id='word_1_927' title='bbox 2969 5337 3022 5379; x_wconf 91' lang='lat' dir='ltr'><strong>et</strong></span> <span class='ocrx_word' id='word_1_928' title='bbox 3046 5335 3293 5384; x_wconf 83' lang='lat' dir='ltr'><strong>vetustiori</strong></span> <span class='ocrx_word' id='word_1_929' title='bbox 3321 5336 3496 5386; x_wconf 76' lang='lat' dir='ltr'><strong>editio-</strong></span> 
     </span>
    </p>
   </div>
   <div class='ocr_carea' id='block_1_122' title="bbox 1931 5389 2695 5440">
    <p class='ocr_par' dir='ltr' id='par_1_122' title="bbox 1931 5389 2695 5440">
     <span class='ocr_line' id='line_1_128' title="bbox 1931 5389 2695 5440; baseline -0.005 0"><span class='ocrx_word' id='word_1_930' title='bbox 1931 5404 1997 5440; x_wconf 89' lang='lat' dir='ltr'><strong>ne</strong></span> <span class='ocrx_word' id='word_1_931' title='bbox 2017 5404 2125 5439; x_wconf 89' lang='lat' dir='ltr'><strong>eum</strong></span> <span class='ocrx_word' id='word_1_932' title='bbox 2145 5389 2358 5439; x_wconf 78' lang='lat' dir='ltr'><strong>Victoria</strong></span> <span class='ocrx_word' id='word_1_933' title='bbox 2377 5389 2695 5439; x_wconf 87' lang='lat' dir='ltr'><strong>restituimus.</strong></span> 
     </span>
    </p>
   </div>
   <div class='ocr_carea' id='block_1_123' title="bbox 1995 5449 3495 5559">
    <p class='ocr_par' dir='ltr' id='par_1_123' title="bbox 1995 5449 3495 5559">
     <span class='ocr_line' id='line_1_129' title="bbox 1995 5449 3495 5559; baseline -0.003 -58"><span class='ocrx_word' id='word_1_934' title='bbox 1995 5450 2068 5559; x_wconf 71' lang='lat' dir='ltr'><strong>(is)</strong></span> <span class='ocrx_word' id='word_1_935' title='bbox 2109 5449 2314 5501; x_wconf 85' lang='lat' dir='ltr'><strong>Gravius</strong></span> <span class='ocrx_word' id='word_1_936' title='bbox 2339 5450 2459 5500; x_wconf 87' lang='lat' dir='ltr'><strong>alias</strong></span> <span class='ocrx_word' id='word_1_937' title='bbox 2483 5450 2601 5524; x_wconf 64' lang='lat' dir='ltr'><strong>ltiaa</strong></span> <span class='ocrx_word' id='word_1_938' title='bbox 2631 5449 2733 5559; x_wconf 56' lang='lat' dir='ltr'><strong>legi</strong></span> <span class='ocrx_word' id='word_1_939' title='bbox 2756 5450 2978 5512; x_wconf 88' lang='lat' dir='ltr'><strong>adnotat;</strong></span> <span class='ocrx_word' id='word_1_940' title='bbox 3003 5464 3090 5513; x_wconf 92' lang='lat' dir='ltr'><strong>pro</strong></span> <span class='ocrx_word' id='word_1_941' title='bbox 3231 5469 3352 5506; x_wconf 78' lang='lat' dir='ltr'><strong>voce</strong></span> <span class='ocrx_word' id='word_1_942' title='bbox 3375 5456 3495 5506; x_wconf 58' lang='grc' dir='ltr'><strong>ωλι-</strong></span> 
     </span>
     <span class='ocr_line' id='line_1_130' title="bbox 1995 5510 3369 5559; baseline 0 0"><span class='ocrx_word' id='word_1_943' title='bbox 1995 5522 2005 5559; x_wconf 74' lang='lat' dir='ltr'><strong>t</strong></span> <span class='ocrx_word' id='word_1_944' title='bbox 2062 5514 2223 5559; x_wconf 76' lang='lat' dir='ltr'><strong>mena.</strong></span> <span class='ocrx_word' id='word_1_945' title='bbox 2244 5513 2310 5559; x_wconf 88' lang='lat' dir='ltr'><strong>de</strong></span> <span class='ocrx_word' id='word_1_946' title='bbox 2329 5525 2427 5559; x_wconf 88' lang='lat' dir='ltr'><strong>ana</strong></span> <span class='ocrx_word' id='word_1_947' title='bbox 2445 5511 2630 5559; x_wconf 81' lang='lat' dir='ltr'><strong>Plinius</strong></span> <span class='ocrx_word' id='word_1_948' title='bbox 2654 5510 2686 5559; x_wconf 90' lang='lat' dir='ltr'><strong>h</strong></span> <span class='ocrx_word' id='word_1_949' title='bbox 2726 5545 2742 5559; x_wconf 91' lang='lat'><strong>.</strong></span> <span class='ocrx_word' id='word_1_950' title='bbox 2763 5511 2853 5559; x_wconf 76' lang='lat'><strong>21..</strong></span> <span class='ocrx_word' id='word_1_951' title='bbox 2869 5524 2914 5559; x_wconf 91' lang='lat' dir='ltr'><strong>e.</strong></span> <span class='ocrx_word' id='word_1_952' title='bbox 2943 5514 3019 5559; x_wconf 82' lang='grc'><strong>15.</strong></span> <span class='ocrx_word' id='word_1_953' title='bbox 3043 5519 3097 5559; x_wconf 86' lang='lat' dir='ltr'><strong>et</strong></span> <span class='ocrx_word' id='word_1_954' title='bbox 3149 5519 3197 5559; x_wconf 59' lang='grc' dir='ltr'><strong>θ-</strong></span> <span class='ocrx_word' id='word_1_955' title='bbox 3223 5531 3267 5559; x_wconf 78' lang='lat' dir='ltr'><strong>c-</strong></span> <span class='ocrx_word' id='word_1_956' title='bbox 3293 5519 3369 5559; x_wconf 80' lang='grc'>11-</span> 
     </span>
    </p>
   </div>
   <div class='ocr_carea' id='block_1_124' title="bbox 1932 5510 3370 5576">
    <p class='ocr_par' dir='ltr' id='par_1_124' title="bbox 1932 5510 3370 5576">
     <span class='ocr_line' id='line_1_131' title="bbox 1932 5510 3370 5576; baseline 0.004 -17"><span class='ocrx_word' id='word_1_957' title='bbox 1932 5510 2223 5576; x_wconf 62' lang='grc' dir='ltr'><strong>Ιθιςξυοβιιει,</strong></span> <span class='ocrx_word' id='word_1_958' title='bbox 2244 5513 2310 5563; x_wconf 90' lang='lat' dir='ltr'><strong>de</strong></span> <span class='ocrx_word' id='word_1_959' title='bbox 2329 5525 2427 5576; x_wconf 89' lang='lat' dir='ltr'><strong>qua</strong></span> <span class='ocrx_word' id='word_1_960' title='bbox 2445 5511 2630 5576; x_wconf 81' lang='lat' dir='ltr'><strong>Plinius</strong></span> <span class='ocrx_word' id='word_1_961' title='bbox 2654 5510 2742 5561; x_wconf 82' lang='lat' dir='ltr'><strong>lib.</strong></span> <span class='ocrx_word' id='word_1_962' title='bbox 2763 5511 2853 5576; x_wconf 56' lang='grc' dir='ltr'><strong>ξι..</strong></span> <span class='ocrx_word' id='word_1_963' title='bbox 2869 5524 2921 5576; x_wconf 46' lang='grc' dir='ltr'><strong>ετ</strong></span> <span class='ocrx_word' id='word_1_964' title='bbox 2943 5510 3019 5562; x_wconf 73' lang='lat' dir='ltr'><strong>f5.</strong></span> <span class='ocrx_word' id='word_1_965' title='bbox 3043 5519 3097 5563; x_wconf 89' lang='lat' dir='ltr'><strong>et</strong></span> <span class='ocrx_word' id='word_1_966' title='bbox 3119 5510 3197 5565; x_wconf 66' lang='lat'><strong>22.</strong></span> <span class='ocrx_word' id='word_1_967' title='bbox 3223 5531 3267 5568; x_wconf 91' lang='lat' dir='ltr'><strong>c.</strong></span> <span class='ocrx_word' id='word_1_968' title='bbox 3293 5519 3370 5568; x_wconf 91' lang='grc'><strong>11.</strong></span> 
     </span>
    </p>
   </div>
   <div class='ocr_carea' id='block_1_125' title="bbox 2000 5570 3497 5645">
    <p class='ocr_par' dir='ltr' id='par_1_125' title="bbox 2000 5570 3497 5645">
     <span class='ocr_line' id='line_1_132' title="bbox 2000 5570 3497 5645; baseline 0.007 -24"><span class='ocrx_word' id='word_1_969' title='bbox 2000 5570 2063 5645; x_wconf 66' lang='grc'><strong>(2]</strong></span> <span class='ocrx_word' id='word_1_970' title='bbox 2106 5570 2389 5645; x_wconf 42' lang='lat' dir='ltr'><strong>anteacta]</strong></span> <span class='ocrx_word' id='word_1_971' title='bbox 2404 5572 2753 5645; x_wconf 48' lang='grc' dir='ltr'><strong>μειῳξριεᾳιεεε</strong></span> <span class='ocrx_word' id='word_1_972' title='bbox 2771 5571 2957 5645; x_wconf 52' lang='lat' dir='ltr'><strong>hecoba</strong></span> <span class='ocrx_word' id='word_1_973' title='bbox 2996 5580 3300 5645; x_wconf 38' lang='lat' dir='ltr'><strong>sw‘tct‘iorem</strong></span> <span class='ocrx_word' id='word_1_974' title='bbox 3334 5588 3497 5632; x_wconf 79' lang='lat' dir='ltr'><strong>notam</strong></span> 
     </span>
    </p>
   </div>
   <div class='ocr_carea' id='block_1_126' title="bbox 1934 5634 3398 5701">
    <p class='ocr_par' dir='ltr' id='par_1_126' title="bbox 1934 5634 3398 5701">
     <span class='ocr_line' id='line_1_133' title="bbox 1934 5634 3398 5701; baseline 0.004 -18"><span class='ocrx_word' id='word_1_975' title='bbox 1934 5634 2088 5696; x_wconf 77' lang='lat' dir='ltr'><strong>Epist.</strong></span> <span class='ocrx_word' id='word_1_976' title='bbox 2107 5636 2156 5682; x_wconf 84' lang='lat'><strong>5.</strong></span> <span class='ocrx_word' id='word_1_977' title='bbox 2184 5641 2235 5683; x_wconf 90' lang='lat' dir='ltr'><strong>et</strong></span> <span class='ocrx_word' id='word_1_978' title='bbox 2262 5635 2309 5683; x_wconf 92' lang='lat' dir='ltr'><strong>in</strong></span> <span class='ocrx_word' id='word_1_979' title='bbox 2330 5634 2482 5698; x_wconf 83' lang='lat' dir='ltr'><strong>Epist.</strong></span> <span class='ocrx_word' id='word_1_980' title='bbox 2514 5635 2618 5684; x_wconf 80' lang='lat' dir='ltr'><strong>H5.</strong></span> <span class='ocrx_word' id='word_1_981' title='bbox 2647 5634 2703 5685; x_wconf 79' lang='lat' dir='ltr'><strong>ad</strong></span> <span class='ocrx_word' id='word_1_982' title='bbox 2727 5634 2952 5700; x_wconf 77' lang='lat' dir='ltr'><strong>Alypium</strong></span> <span class='ocrx_word' id='word_1_983' title='bbox 2977 5645 3029 5686; x_wconf 91' lang='lat' dir='ltr'><strong>et</strong></span> <span class='ocrx_word' id='word_1_984' title='bbox 3053 5634 3398 5701; x_wconf 74' lang='lat' dir='ltr'><strong>Augustinum.</strong></span> 
     </span>
    </p>
   </div>
  </div>
