4078 6198
610 267 720 322 685

613 398 656 440 et
688 385 994 438 damaonlum
1024 382 1173 435 habes
1202 375 1378 445 (Joan.
1412 373 1505 444 8),
1550 371 1872 426 dsemonium
1915 383 2145 423 renuens
2166 409 2181 433 ,

610 475 931 530 Samariteni
967 489 1024 527 se
1055 485 1156 523 non
1185 469 1426 535 negavit;
1459 463 1581 533 quia
1605 477 1762 532 quem
1789 475 1885 515 nos
1906 459 2181 521 custodem,

614 565 824 620 Ilehrmi
849 561 1130 620 samariten:
1159 565 1370 611 vocant.
1397 554 1692 608 Maleficum
1718 551 1929 621 quidam
1958 564 2042 602 me
2068 564 2187 616 gar-

614 662 758 714 riunt
783 677 797 716 :
823 658 1025 713 titulum
1059 653 1202 715 fidei,
1227 665 1413 706 servus
1452 661 1704 716 agnosco.
1737 644 1941 714 Magum
1973 650 2184 704 vocant,

613 761 662 806 et
684 749 849 803 Judaei
888 745 1169 799 Dominum
1203 756 1398 796 meum.
1427 737 1688 793 Seductor
1715 745 1770 790 et
1799 733 2082 804 Apostolus
2107 730 2190 784 di-

611 853 728 895 ctus
747 847 845 891 cst.
875 837 1122 891 Teutatio
1145 849 1228 886 me
1258 849 1363 887 non
1388 828 1788 899 apprehendat,
1819 827 1922 880 nisi
1958 826 2188 878 humana

610 931 683 999 (I.
715 927 832 983 Cor.
860 927 968 996 10).
997 926 1223 991 Quotam
1268 931 1469 991 partem
1513 919 1874 986 angustiarum
1906 928 2190 984 perpessus

608 1035 746 1080 sunt,
774 1017 862 1087 qui
891 1016 1037 1070 cruci
1069 1014 1278 1068 milito?
1299 1010 1576 1066 Infamiam
1607 1007 1725 1061 falsi
1752 1007 1990 1059 criminis
2017 1007 2189 1071 impn-

611 1119 790 1163 tarunt
810 1125 822 1136 ·
853 1107 946 1161 sed
975 1107 1086 1158 scio
1115 1120 1211 1174 per
1239 1103 1432 1157 bonam
1463 1110 1517 1156 et
1553 1099 1746 1154 malam
1776 1096 1968 1150 famam
1997 1108 2186 1164 perve-

611 1201 714 1255 niri
741 1200 808 1254 ad
837 1213 1000 1268 regna
1025 1195 1311 1251 caelorum.

1895 251 2134 309 SANCTI
2177 249 2426 306 IIIERON
2437 250 2549 304 YMI

3773 255 3878 314 48$

2361 369 2416 422 7.
2441 368 2620 422 Saluta
2649 364 2865 422 Paulam
2907 375 2960 420 et
2997 364 3378 432 Eustochium,
3409 365 3535 420 velit
3556 365 3690 420 nolit
3714 382 3873 424 mune

2290 461 2412 526 dus,
2446 462 2498 514 in
2529 459 2741 514 Christo
2771 472 2939 513 meas.
2968 457 3150 512 Saluta
3173 466 3395 512 matrem
3423 457 3690 522 Albinam,
3725 474 3875 516 soro-

2292 568 2512 622 remque
2538 551 2836 605 Marcellam
2859 589 2875 614 ,
2905 549 3266 603 Mareellinam
3293 564 3527 617 quoque,
3556 559 3611 603 et
3635 561 3872 607 sanctam

2294 644 2620 699 Felicitatem
2643 684 2658 708 ,
2698 650 2752 697 et
2780 642 2865 695 die
2890 641 2969 694 eis
2994 657 3007 692 :
3053 643 3192 694 Ante
3237 639 3465 694 tribunal
3493 639 3689 694 Christi
3718 643 3872 696 simul

2292 733 2551 788 stabimus
2569 772 2586 799 ,
2614 733 2685 786 ibi
2714 730 2994 801 apparebit
3032 744 3136 800 qua
3161 738 3344 784 mente
3370 731 3489 798 quis
3519 731 3732 786 vixerit.
3760 732 3871 788 Me-

2294 834 2476 880 mento
2513 825 2652 890 mei,
2683 824 2984 892 exemplum
3013 822 3318 893 pudicitizc,
3361 831 3417 876 et
3449 823 3766 890 virginitatis
3794 826 3872 880 in-

2293 918 2476 987 signo;
2505 917 2800 984 fluctusque
2827 915 2990 970 maris
3013 915 3117 968 tuis
3143 913 3388 983 precibus
3418 913 3622 984 mitiga.

616 1299 3855 1345 ______________________.____.___.____._.....

1307 1399 1464 1471 199

1590 1392 1886 1498 TER
1905 1386 2182 1494 ΤΙΑ
2260 1382 2900 1490 CLASSIS.
2991 1454 2996 1461 ε

608 1603 1048 1650 COMPLECTENS
1092 1597 1420 1644 spts'rous
1466 1595 1544 1638 Αιι
1588 1591 1754 1635 anno
1797 1570 1933 1630 386.
1968 1587 2004 1628 E
2047 1583 2412 1626 nsrnmeur
2479 1580 2883 1624 MONASTERIO
2927 1579 3217 1621 SCRlPTAS
3259 1576 3460 1629 usque
3505 1579 3588 1619 an
3630 1577 3864 1622 samum

872 1704 1106 1759 QUARTt
1150 1700 1375 1754 visast,
1422 1691 1912 1744 DAMNATUMQUE
1959 1689 2021 1730 IN
2066 1685 2515 1729 nauseam
2564 1682 2809 1726 διηπουο
2853 1681 3186 1726 oathNEM
3228 1680 3398 1723 anno
3441 1661 3582 1723 ιιοο.

2100 1807 2414 1862 W

1087 1936 1414 1993 EPISTOLA
1438 1932 1601 1988 XLVI
1641 1930 1742 2001 (a).

893 2047 1075 2087 PAULE
1104 2046 1172 2084 Ετ
1202 2041 1469 2082 EUSTOCIIII
1493 2040 1558 2078 AD
1579 2033 1915 2077 ιιΑιιοειιΑιί.

1154 2119 1230 2171 De
1261 2115 1467 2172 Sanctis
1493 2114 1636 2166 locis.

610 2216 808 2278 Paula,
843 2213 1048 2282 [iliaque
1074 2210 1182 2280 ejus
1211 2205 1576 2267 Eustochium,
1608 2217 1723 2254 cum
1764 2200 1829 2253 ad
1855 2198 2046 2253 Sancta
2075 2195 2185 2248 loca

679 2306 1010 2364 deuenissent,
1053 2298 1355 2352 Marcellam
1386 2299 1675 2355 hortantur,
1706 2299 1758 2342 ut
1793 2290 1968 2342 relicta
1998 2287 2182 2350 Roma,

677 2396 745 2448 ad
767 2411 849 2449 eas
870 2392 1124 2446 Bethleem
1162 2388 1472 2456 commigret,
1498 2384 1720 2454 [ruitura
1744 2380 1972 2433 omnibus
1998 2375 2186 2430 Christi

681 2482 1016 2537 monumentis
1061 2481 1114 2532 in
1157 2477 1299 2540 locis,
1330 2477 1383 2528 in
1420 2473 1596 2544 quibus
1643 2471 1880 2540 pleraque
1927 2465 2185 2537 religionis

680 2584 868 2628 nostra:
888 2571 1126 2642 mysteria
1157 2576 1359 2639 peracta
1383 2573 1519 2619 sunt.

683 2666 738 2719 1.
784 2663 1089 2718 Mensuram
1132 2660 1326 2714 caritas
1373 2671 1478 2710 nou
1521 2654 1710 2716 habet,
1756 2660 1812 2706 et
1857 2645 2184 2718 impatientia

613 2755 784 2811 nescit
811 2751 1028 2809 modum
1049 2794 1064 2814 ,
1105 2761 1160 2806 et
1195 2747 1518 2803 desiderium
1546 2760 1652 2798 non
1682 2741 1926 2797 sustinet.
1960 2738 2111 2794 Unde
2131 2746 2187 2791 et

609 2863 712 2905 nos
738 2845 919 2902 oblita:
944 2843 1134 2898 virium
1172 2850 1496 2904 nostrarum,
1525 2847 1580 2890 et
1610 2851 1714 2890 non
1745 2833 1869 2903 quid
1899 2832 2180 2902 possimus,

609 2937 704 2993 sed
729 2936 856 3007 quid
887 2934 1110 2990 velimus
1137 2941 1340 2986 tantum
1369 2931 1665 2998 cogitantes
1689 2965 1704 2990 ,
1752 2924 2058 2992 magistram
2093 2937 2185 2976 cu-

609 3031 782 3098 pimus
830 3026 1026 3082 docere
1067 3023 1372 3093 discipulae;
1405 3031 1459 3074 et
1498 3027 1554 3072 ut
1595 3025 1678 3071 est
1704 3016 1918 3085 vulgare
1963 3026 2184 3082 prover-

608 3120 752 3172 bium
787 3135 800 3170 :
833 3116 934 3170 Sus
963 3115 1154 3169 artium
1199 3110 1542 3182 repertricem
1566 3107 1693 3176 (Sus
1735 3101 2059 3173 Mineruam).
2103 3099 2185 3156 Tu

605 3224 722 3276 qtae
776 3207 945 3276 prima
995 3204 1091 3277 [al.
1149 3199 1384 3272 primam]
1447 3198 1728 3254 scintillam
1783 3206 1967 3250 nostro
2015 3190 2187 3245 fomiti

603 3297 897 3366 subjeeisti,
922 3283 1042 3366 qua:
1067 3295 1133 3348 ad
1163 3294 1266 3348 hoc
1301 3291 1533 3347 studium
1561 3305 1659 3344 nos
1687 3297 1742 3342 et
1770 3298 2017 3341 sermone
2057 3282 2184 3338 hor-

606 3396 712 3440 tata
736 3401 816 3450 es,
839 3394 895 3440 et
920 3385 1199 3453 exemplo;
1236 3392 1289 3436 et
1317 3383 1465 3450 quasi
1507 3381 1698 3449 gallina
1730 3375 2060 3446 congregasti
2086 3372 2186 3426 sub

604 3478 716 3531 alas
747 3476 920 3546 pullos
951 3485 1068 3528 tuos
1091 3472 1304 3544 (Matth.
1331 3471 1424 3542 25)
1454 3489 1466 3523 :
1497 3484 1635 3522 nunc
1661 3483 1757 3521 nos
1784 3467 1952 3520 libere
1981 3464 2182 3532 absque

605 3578 773 3622 matre
818 3566 1037 3619 volitare
1066 3565 1285 3634 patieris
1315 3562 1386 3634 [al
1418 3558 1627 3632 pateris]
1655 3601 1668 3624 ,
1713 3569 1767 3613 et
1789 3557 2055 3626 accipitris
2087 3571 2183 3625 pa-

608 3673 732 3712 vere
765 3654 1141 3717 formidinem,
1181 3661 1235 3706 et
1258 3653 1323 3706 ad
1365 3659 1577 3704 omnem
1621 3648 1860 3702 umbram
1897 3657 2185 3716 praetervo-

606 3751 829 3804 lantium
860 3749 1034 3802 avium
1068 3743 1388 3800 formidare?
1410 3742 1591 3812 Igitur,
1626 3738 1764 3809 quod
1794 3738 1964 3792 solum
1991 3736 2184 3790 absen-

606 3853 685 3894 tes
715 3840 887 3894 faeere
931 3850 1214 3908 pessumus
1234 3875 1248 3896 ,
1291 3831 1542 3903 querulas
1588 3829 1854 3884 fundimus
1885 3842 2097 3896 preces;
2130 3835 2186 3880 et

603 3932 924 3985 desiderium
955 3941 1193 3983 nostrum
1225 3942 1330 3980 non
1359 3935 1464 3980 tam
1491 3923 1562 3993 (b)
1590 3923 1821 3984 ﬂetibus,
1841 3935 1996 3989 quam
2021 3919 2187 3986 ejula-

604 4024 744 4077 tibus
767 4030 1130 4076 contestamur
1149 4060 1164 4084 ,
1193 4028 1248 4073 ut
1279 4017 1577 4072 Marcellam
1605 4026 1839 4070 nostram
1883 4013 2036 4067 nobis
2062 4011 2184 4066 red-

603 4114 721 4178 das,
744 4122 799 4168 et
819 4112 965 4166 illam
994 4111 1197 4175 mitem,
1235 4110 1380 4163 illam
1415 4123 1654 4173 suavem,
1689 4107 1830 4160 illam
1856 4106 2000 4159 omni
2023 4105 2182 4158 melle

603 4213 658 4257 et
687 4201 970 4257 dulcedine
1005 4199 1302 4254 dulciorem
1351 4214 1454 4252 non
1489 4197 1707 4268 patiaris
1753 4195 1894 4266 apud
1941 4210 2033 4250 eas
2064 4209 2182 4248 esse

603 4291 848 4361 rigidam,
878 4299 933 4344 et
961 4289 1164 4344 tristem
1196 4303 1387 4357 rogare
1412 4286 1642 4342 frontem
1665 4325 1681 4352 ,
1710 4300 1844 4356 quas
1872 4283 2182 4338 all'abilitale

604 4396 700 4435 sua
721 4380 786 4434 ad
813 4379 990 4434 simile
1014 4379 1136 4434 vita:
1161 4378 1394 4432 studium
1419 4379 1744 4446 provocavit.

672 4473 728 4529 2.
760 4472 917 4528 Certe
961 4472 1004 4525 si
1051 4480 1176 4524 sunt
1219 4471 1441 4525 meliora
1470 4486 1588 4538 qum
1632 4469 1921 4538 poscimus,
1954 4482 2058 4522 non
2100 4476 2184 4521 est

603 4563 883 4636 impudens
908 4561 1255 4616 desiderium.
1286 4561 1342 4615 Si
1369 4569 1576 4614 etimne
1597 4559 1992 4628 Seripturarum
2022 4573 2181 4610 voces

604 4664 802 4710 nostra:
841 4653 1122 4707 sententia:
1148 4660 1478 4720 congruunt,
1513 4665 1616 4703 non
1656 4648 1878 4702 facimus
1906 4647 2177 4711 audacter,

599 4747 664 4801 ad
691 4762 752 4801 ea
784 4756 834 4799 te
864 4754 1215 4816 provocantes
1237 4784 1251 4806 ,
1287 4741 1352 4794 ad
1385 4755 1504 4808 qure
1543 4748 1596 4792 tu
1645 4753 1742 4791 nos
1771 4739 2067 4806 saepissime
2093 4753 2184 4790 eo-

600 4837 809 4892 bortata
835 4851 915 4891 es.
950 4835 1126 4890 Prima
1154 4848 1257 4887 vox
1300 4832 1394 4886 Dei
1441 4831 1507 4884 ad
1535 4829 1842 4884 Abraham:
1890 4848 1909 4882 ι
1949 4829 2066 4892 Exi,
2098 4830 2174 4882 iu-

598 4931 741 5000 quit,
789 4927 856 4983 de
887 4937 1026 4983 terra
1067 4936 1152 4980 tua
1177 4965 1192 4990 ,
1237 4931 1291 4976 et
1317 4923 1382 4977 de
1407 4922 1721 4991 cognatione
1751 4931 1860 4985 tua,
1889 4931 1943 4975 et
1968 4921 2099 4974 vade
2129 4921 2178 4974 in

599 5031 797 5084 terram
843 5034 1000 5089 quam
1027 5025 1394 5072 monstravero
1417 5014 1507 5068 tibi
1544 5033 1562 5066 ι
1601 5013 1750 5085 (Cen.
1786 5013 1872 5068 12.
1908 5013 1981 5083 l).
2021 5011 2182 5068 Jube—

598 5119 684 5163 tur
713 5107 1053 5167 Patriarchte,
1077 5105 1142 5159 ad
1172 5120 1329 5175 quem
1355 5105 1583 5172 primum
1605 5103 1673 5158 de
1695 5103 1908 5158 Christo
1935 5102 2070 5157 facta
2099 5112 2182 5157 est

600 5198 962 5269 repromissio,
985 5207 1043 5251 ut
1070 5197 1334 5266 relinquat
1359 5195 1661 5261 Chaldazos,
1684 5195 1951 5266 relinquat
2023 5195 2183 5265 200

601 5287 928 5344 confusionis
957 5287 1139 5342 urbem
1159 5329 1173 5352 ,
1206 5299 1259 5341 ct
1285 5287 1553 5350 Rooboth,
1579 5287 1630 5341 id
1660 5297 1742 5342 est
1767 5288 1862 5359 (ο),
1893 5289 2182 5342 latitudines

680 5402 731 5462 τι)
773 5397 900 5462 {tias
942 5399 1016 5462 t7.
1041 5398 1230 5462 scripta
1252 5399 1373 5448 circ.
1397 5411 1478 5447 an.
1505 5400 1620 5450 586.

684 5458 735 5517 b')
772 5458 1105 5524 _Cis_t_ercieus.
1133 5458 1337 5524 fortasse
1380 5462 1548 5508 verius
1587 5479 1609 5507 ι
1645 5475 1739 5510 ιιοιι
1778 5469 1874 5512 tam
1911 5461 2177 5524 precibus,

598 5532 743 5580 quam
767 5518 963 5580 fletibus
987 5525 1038 5580 et
1059 5518 1324 5580 ululatibus
1346 5527 1693 5580 contestamur,
1711 5539 1732 5566 ι
1763 5531 1863 5572 etc.

667 5577 730 5638 (ε)
751 5575 851 5644 dua
876 5578 1065 5644 rectius
1086 5576 1252 5638 plurali
1278 5592 1481 5630 numero
1519 5575 1714 5644 quidam
1740 5583 1850 5632 Mss.
1889 5583 2063 5644 legunt
2095 5596 2180 5643 Iro

599 5634 843 5698 singulari
870 5634 1191 5696 militudinem,
1217 5644 1271 5685 ut
1313 5646 1456 5686 antea
1481 5634 1617 5688 editi.

2289 1920 2405 1988 ejus
2434 1936 2448 1975 :
2487 1921 2749 1989 relinquat
2792 1936 3036 1991 campum
3079 1922 3318 1979 Sennaar
3339 1966 3354 1990 ,
3386 1925 3440 1980 in
3471 1942 3576 1997 quo
3603 1931 3863 1998 superbiae

2289 2027 2460 2082 usque
2499 2012 2564 2066 ad
2616 2013 2809 2067 caelum
2849 2024 3026 2068 erecta
3059 2016 3219 2070 turris
3260 2026 3385 2071 est:
3435 2026 3489 2072 et
3518 2029 3634 2087 post
3677 2021 3865 2076 ﬂuetus

2290 2103 2444 2158 istius
2459 2103 2660 2167 surculi,
2678 2113 2796 2172 post
2820 2104 3057 2169 flumina,
3081 2121 3242 2175 super
3257 2123 3376 2175 qua:
3401 2109 3654 2165 sederunt
3673 2114 3860 2179 sancti,

2288 2201 2344 2246 et
2384 2194 2641 2246 lleveruut
2679 2210 2798 2246 cum
2850 2196 3260 2250 recordarentur
3288 2198 3451 2264 Sion,
3493 2211 3613 2270 post
3648 2217 3862 2270 gravem

2289 2286 2548 2354 gurgitem
2593 2283 2840 2348 Cltohar,
2886 2286 2953 2340 de
2999 2303 3104 2356 quo
3152 2288 3402 2344 Ezechiel
3431 2293 3622 2361 capillo
3653 2296 3865 2350 verticis

2289 2377 2595 2429 sublevatus
2617 2417 2631 2441 ,
2655 2376 2954 2432 Jerus.»letn
2997 2395 3165 2448 usque
3196 2381 3544 2450 transfertur;
3573 2395 3629 2439 ut
3668 2385 3865 2442 habitet

2290 2472 2487 2518 terram
2514 2468 2946 2534 repromissionis
2967 2509 2982 2534 ,
3023 2485 3140 2539 qua:
3165 2485 3271 2524 non
3301 2473 3502 2542 rigatur
3529 2486 3584 2528 ut
3604 2475 3863 2547 Egyptus

2289 2555 2358 2609 de
2382 2555 2654 2621 deorsum,
2678 2557 2771 2611 sed
2793 2559 2862 2613 de
2887 2574 3098 2614 sursum
3129 2579 3142 2614 :
3171 2577 3271 2616 nec
3297 2565 3422 2617 facit
3446 2565 3590 2620 olera
3618 2570 3864 2638 languen-

2291 2648 2418 2701 tium
2441 2649 2625 2713 cibos;
2655 2650 2749 2704 sed
2777 2659 3177 2718 tcmporaneum
3209 2663 3263 2708 et
3287 2657 3582 2710 serotinum
3627 2657 3697 2712 de
3725 2660 3861 2714 caelo

2289 2750 2564 2809 exspectat
2591 2742 2836 2797 imbrem.
2866 2743 2990 2798 llaze
3018 2753 3155 2798 terra
3179 2758 3477 2814 montuosa,
3497 2761 3551 2804 et
3577 2752 3626 2805 in
3653 2754 3861 2808 sublimi

2289 2837 2388 2889 sita
2416 2853 2429 2889 :
2463 2847 2718 2905 quantum
2749 2851 2779 2890 a
2807 2836 3012 2891 deliciis
3037 2839 3219 2893 saeculi
3251 2850 3436 2906 vacat,
3468 2852 3670 2900 tantum
3693 2847 3862 2917 majo-

2289 2941 2378 2981 res
2410 2926 2569 2982 habet
2610 2927 2827 2982 delicias
2863 2929 3103 2998 Spiritus.
3143 2930 3379 3001 Denique
3417 2942 3470 2988 et
3495 2933 3656 2989 Maria
3696 2949 3864 2994 mater

2292 3019 2522 3084 Domini,
2548 3030 2826 3090 postquam
2850 3021 2918 3076 ad
2938 3037 3054 3077 eam
3078 3024 3265 3095 Angeli
3293 3035 3376 3080 est
3395 3026 3529 3080 facta
3557 3031 3859 3098 promiSsio,

2291 3118 2346 3164 et
2375 3119 2580 3164 uterum
2608 3125 2765 3165 suum
2796 3112 3058 3166 intellexit
3101 3127 3222 3169 esse
3247 3115 3464 3170 domum
3494 3117 3585 3172 lilii
3624 3117 3739 3186 Dei,
3767 3122 3860 3176 de-

2290 3199 2490 3254 relictis
2526 3201 2912 3268 campestribus
2938 3202 3005 3255 ad
3044 3213 3298 3259 montana
3346 3207 3599 3274 perrexit.
3647 3210 3722 3264 De
3767 3211 3862 3265 hac

2292 3291 2422 3345 urbe
2445 3332 2460 3357 ,
2493 3290 2761 3361 all0pbylo
2798 3293 3064 3362 quondam
3094 3293 3249 3350 hoste
3274 3308 3550 3366 superato,
3579 3309 3632 3354 et
3653 3300 3864 3355 diaboli-

2290 3397 2368 3437 ca:
2399 3398 2648 3452 percussa
2677 3385 2865 3439 frontis
2901 3387 3143 3454 audacia,
3174 3401 3450 3459 postquam
3482 3392 3571 3447 ille
3599 3393 3651 3446 in
3681 3395 3859 3450 faciem

2289 3475 2523 3540 corruit,
2565 3475 2914 3530 exultantium
2961 3480 3258 3534 animarum
3297 3481 3447 3536 turba
3479 3485 3738 3552 processit
3767 3504 3780 3540 :
3811 3496 3864 3542 et

2289 3566 2576 3620 concinens
2595 3566 2793 3622 chorus
2820 3567 3003 3622 decem
3036 3571 3279 3636 millium,
3312 3573 3470 3626 David
3495 3577 3660 3628 nostri
3690 3577 3858 3631 victo-

2290 3656 2421 3708 riam
2461 3656 2791 3722 przedicavit.
2824 3657 2877 3710 In
2910 3657 3009 3712 hac
3035 3659 3272 3728 Angelus
3296 3662 3528 3730 gladium
3563 3674 3780 3730 tenens,
3811 3677 3862 3720 et

2289 3755 2452 3798 totam
2497 3746 2780 3814 impietatis
2806 3749 3089 3804 devastaus
3126 3753 3346 3819 urbem,
3379 3755 3431 3808 in
3471 3755 3666 3811 Ornam
3705 3757 3863 3814 Jebu—

2289 3849 2516 3888 samrum
2547 3837 2684 3905 regis
2709 3853 2834 3892 area
2865 3840 3120 3908 templum
3151 3842 3357 3897 Domini
3387 3843 3682 3914 designavit
3713 3865 3725 3901 :
3753 3848 3858 3918 jam

2291 3935 2413 3980 tunc
2434 3927 2737 3995 significans
2767 3929 3058 3985 Ecclesium
3088 3933 3310 3998 Christi,
3344 3950 3449 3988 non
3481 3936 3531 3990 iu
3562 3938 3744 4003 Israel,
3769 3941 3858 3993 sed

2289 4017 2340 4069 in
2369 4019 2614 4086 gentibus
2647 4029 3077 4090 consurgentem.
3125 4022 3362 4078 Rccurre
3404 4026 3470 4079 ad
3500 4025 3780 4093 Genesim,
3807 4040 3860 4083 et

2288 4107 2674 4164 Melchisedech
2720 4127 2897 4181 regem
2937 4113 3110 4167 Salem
3147 4114 3226 4185 (tl)
3261 4114 3416 4185 hujus
3443 4119 3737 4189 principem
3779 4122 3857 4173 in-

2288 4201 2470 4253 venies
2497 4198 2727 4255 civitatis
2760 4217 2772 4253 :
2807 4201 2897 4268 qui
2921 4202 3030 4272 jam
3057 4215 3180 4258 tunc
3204 4205 3259 4258 in
3291 4214 3414 4277 typo
3443 4208 3639 4263 Christi
3673 4225 3854 4279 panem

2287 4300 2341 4343 et
2368 4291 2548 4344 viuum
2580 4291 2804 4356 obtulit,
2832 4302 2887 4347 et
2928 4295 3243 4365 mysterium
3283 4296 3639 4372 Christianum
3670 4300 3720 4353 iu
3748 4299 3859 4354 Sal-

2288 4384 2485 4437 vatoris
2508 4385 2764 4454 sanguine
2789 4393 2844 4440 et
2869 4401 3096 4456 corpore
3125 4386 3412 4444 dedicavit.

2359 4475 2411 4528 3.
2464 4475 2646 4530 Tacita
2692 4476 2912 4532 forsitan
2961 4487 3137 4534 mente
3169 4481 3568 4551 reprehendes,
3617 4498 3713 4538 cur
3756 4499 3856 4537 non

2287 4583 2573 4637 sequamur
2596 4568 2838 4624 ordinem
2867 4570 3298 4640 Scripturarnm;
3343 4573 3438 4628 sed
3467 4576 3665 4642 passim
3686 4616 3700 4637 ,
3731 4585 3784 4629 et
3807 4585 3861 4629 ut

2286 4659 2541 4728 quidquid
2568 4661 2778 4714 obviam
2807 4665 3034 4728 venerit,
3058 4664 3297 4719 turbidus
3322 4681 3499 4720 sermo
3521 4669 3858 4736 perstringat.

2289 4751 2354 4804 Et
2381 4752 2432 4805 in
2475 4752 2730 4822 principio
2759 4761 2967 4808 testatae
2992 4769 3208 4822 sumus,
3240 4755 3577 4813 dilectionem
3618 4760 3858 4812 ordinem

2289 4856 2392 4893 non
2452 4840 2690 4906 habere,
2743 4851 2798 4896 et
2850 4844 3231 4912 impatientiam
3277 4848 3483 4902 nescire
3529 4862 3857 4901 mensuram.

2291 4931 2440 4986 Unde
2469 4941 2523 4986 et
2545 4933 2594 4985 in
2624 4933 2842 4989 Cautico
2868 4934 3210 4992 Canticorum
3249 4940 3399 5008 quasi
3427 4936 3643 4992 difficile
3674 4940 3856 5008 praeei-

2288 5025 2456 5092 pitur:
2484 5023 2730 5080 Ordinatc
2755 5028 2809 5080 in
2833 5044 2910 5081 me
2933 5029 3196 5084 caritatem
3239 5032 3396 5103 201
3442 5028 3614 5104 (Cant.
3632 5031 3689 5084 2.
3709 5032 3786 5099 4):
3807 5040 3859 5083 et

2289 5130 2429 5170 nunc
2451 5116 2636 5170 eadem
2660 5116 2886 5172 dicimus
2917 5133 3036 5185 nos,
3056 5134 3161 5174 non
3186 5119 3535 5190 ignoratione,
3553 5122 3648 5174 sed
3672 5119 3859 5174 an‘ectu

2343 5335 2426 5447 (ςά)
2469 5337 2578 5410 Non
2601 5337 2709 5446 eius
2729 5336 2913 5412 Salem,
2937 5352 3048 5412 quae
3070 5346 3238 5412 postea
3261 5337 3538 5388 Jerusalem
3575 5339 3704 5412 dicta
3747 5344 3820 5387 est
3843 5371 3857 5393 .

2287 5411 2350 5471 se.
2397 5399 2602 5471 alterius
2627 5461 2638 5471 .
2659 5401 2767 5471 ejus
2789 5412 2996 5471 nominis
3013 5399 3178 5471 oppidi
3191 5407 3330 5461 Juxta
3347 5399 3859 5471 Seytopol‘tm,ABegent

2287 5460 2438 5532 fuisse
2461 5457 2827 5532 Melchisedech
2849 5457 3100 5532 contendit
3118 5457 3446 5532 μίξει-ορμηυέ
3535 5457 3697 5532 ξιιίᾲι.
3713 5457 3860 5532 paulo

2289 5521 2492 5570 inferius
2513 5521 2817 5570 recensenda
2837 5521 2896 5568 ad
2916 5519 3236 5581 Evangelum.
3268 5519 3436 5582 Paula,
3459 5530 3512 5571 et
3531 5519 3858 5582 Eustochium,

2289 5595 2398 5644 qua
2416 5584 2801 5644 communiorem
2819 5583 3115 5644 sententiam
3129 5583 3237 5644 beic
3261 5582 3532 5643 proferunt,
3551 5597 3600 5633 In
3622 5582 3731 5631 aliis
3743 5593 3860 5641 qut»

2293 5641 2387 5704 que
2412 5643 2532 5691 inf'ra
2555 5655 2580 5692 a
2605 5641 2657 5690 s.
2684 5641 2908 5692 Doctoris
2932 5643 3120 5703 placitis
3140 5641 3429 5690 discordant.
