4078 6198
251 266 354 328 διδ

253 383 376 440 labi.
416 381 655 453 Denique
680 389 736 435 ut
761 378 838 454 (α)
881 376 1048 434 ιιιιιΙιο
1077 374 1430 445 inordinatius
1460 373 1660 444 aliquid
1700 389 1822 442 pro-

195 533 204 538 ,
251 477 517 540 feramus,
547 472 843 542 antiquiora
891 470 1177 542 repetenda
1218 477 1362 524 sunt.
1412 466 1469 522 ln
1515 465 1619 520 hac
1658 465 1825 530 urbe,

250 567 358 620 imo
387 566 439 620 in
467 565 569 619 hoc
597 574 720 618 tunc
762 565 898 628 loco,
944 571 999 616 et
1039 561 1307 615 habitasse
1336 558 1551 620 dicitur.
1581 565 1636 611 et
1677 571 1822 610 mor-

248 667 372 712 tuus
396 671 518 711 esse
541 655 730 710 Adam.
761 653 914 710 Unde
937 664 992 707 et
1019 653 1169 707 locus
1205 654 1257 705 in
1293 667 1399 720 quo
1426 650 1712 705 cruciﬁxus
1742 658 1826 703 est

247 748 500 803 Dominus
538 759 756 812 noster,
797 744 1033 801 Calvaria
1064 744 1400 814 appellatur,
1451 743 1655 795 scilicet
1686 739 1826 809 quod

245 839 318 894 ibi
361 840 432 894 si:
471 840 670 909 antiqui
713 837 947 892 hominis
973 836 1205 894 calvaria
1253 834 1504 893 condita.
1554 841 1611 886 ut
1637 846 1827 885 secun-

243 932 342 987 dus
365 931 442 1001 (b)
464 930 655 994 Adam,
675 929 725 984 id
743 938 826 984 est
845 929 1061 998 sanguis
1088 925 1284 981 Christi
1309 925 1374 980 de
1399 937 1561 978 cruce
1593 923 1822 988 stillans,

241 1022 400 1092 primi
423 1021 589 1076 Adam
617 1030 672 1076 et
695 1020 926 1089 jacentis
960 1017 1272 1088 protOplasti
1299 1026 1516 1087 peccata
1543 1015 1772 1069 dilueret
1806 1030 1822 1066 :

238 1122 293 1167 et
323 1122 453 1168 tunc
478 1128 658 1169 sermo
687 1113 778 1167 ille
807 1111 1049 1182 Apostoli
1078 1111 1437 1180 compleretur
1470 1127 1483 1162 :
1522 1127 1540 1160 ι
1576 1107 1826 1162 Excitare

236 1204 330 1274 qui
359 1204 586 1270 dormis,
625 1213 681 1258 et
707 1218 938 1272 exsurge
975 1218 1004 1256 a
1039 1202 1283 1266 mortuis,
1330 1211 1382 1254 et
1424 1198 1745 1254 illuminabit
1774 1207 1826 1253 te

235 1293 490 1348 Christus
525 1313 544 1346 ι
581 1293 793 1365 (Epltes.
840 1294 893 1352 5,
937 1292 1049 1362 14).
1097 1292 1332 1359 Quantos
1371 1291 1484 1344 haec
1533 1289 1660 1342 urbs
1699 1287 1827 1341 Pro-

233 1384 448 1453 phetas,
483 1393 715 1454 quantos
742 1383 984 1439 emiserit
1029 1394 1241 1437 sanctos
1271 1383 1443 1446 viros,
1477 1381 1694 1451 longum
1743 1387 1828 1434 est

232 1491 548 1530 recensere.
576 1475 772 1530 Totum
803 1476 1114 1546 mysterium
1137 1484 1399 1535 nostrum,
1433 1472 1585 1526 istius
1611 1471 1826 1541 provin-

231 1566 337 1620 cia:
359 1605 376 1630 ,
417 1566 673 1636 urbisque
703 1567 1045 1621 vernaculum
1089 1575 1190 1619 est.
1223 1564 1281 1617 ln
1313 1565 1480 1618 tribus
1521 1561 1823 1616 nominibus

238 1655 520 1710 Trinitatis
546 1657 878 1711 demonstrat
906 1657 1084 1709 tidem.
1112 1653 1300 1718 Jebas,
1332 1663 1385 1708 et
1423 1653 1619 1717 Solem,
1650 1661 1704 1706 et
1730 1649 1824 1704 Je-

238 1747 458 1800 rusalem
483 1746 807 1816 appellatur.
841 1746 1078 1801 Primum
1108 1760 1322 1808 nomen,
1350 1743 1546 1795 calcata
1577 1757 1596 1796 :
1627 1755 1820 1794 secun-

230 1835 398 1898 dum,
446 1851 598 1905 pax:
627 1835 877 1901 tertium,
927 1834 1054 1887 cisio
1106 1833 1270 1902 pacis.
1320 1831 1576 1885 Paulatim
1623 1830 1819 1898 quippe

233 1928 576 1996 pervenimus
603 1927 669 1980 ad
697 1925 880 1990 ﬁnem,
907 1933 962 1978 et
994 1933 1111 1993 post
1134 1922 1594 1978 conculcationem
1625 1921 1690 1973 ad
1719 1935 1816 1990 pa-

230 2019 312 2073 cis
336 2020 593 2074 visionem
623 2017 878 2087 erigimur
910 2033 925 2070 :
959 2013 1030 2085 (c)
1061 2029 1126 2071 ex
1157 2028 1257 2085 qua
1286 2027 1417 2084 pace
1453 2011 1732 2076 Salomon,
1762 2009 1813 2064 id

229 2120 319 2166 est
341 2152 358 2176 ,
402 2112 680 2182 paciﬁcus,
712 2110 763 2164 in
789 2125 852 2164 ea
885 2118 1039 2163 natus
1063 2117 1180 2171 est,
1210 2117 1256 2159 et
1298 2107 1462 2174 [actus
1490 2114 1563 2158 est
1604 2105 1658 2157 in
1695 2118 1819 2173 pace

232 2204 376 2258 locus
401 2205 511 2275 ejus
539 2203 709 2276 (Psal.
739 2203 854 2273 75).
890 2201 960 2256 Et
1003 2201 1057 2255 in
1095 2200 1260 2270 ﬁgura
1291 2198 1518 2261 Christi,
1563 2196 1662 2250 sub
1702 2206 1819 2266 cty-

230 2295 465 2365 mologia
493 2294 657 2356 urbis,
690 2293 947 2348 Dominus
969 2291 1376 2352 dominantium,
1402 2297 1456 2342 et
1485 2287 1597 2342 Rex
1628 2301 1814 2356 regum

229 2400 432 2440 nomen
479 2386 700 2455 accepit.
748 2384 888 2450 Quid
937 2383 1232 2438 releremus
1275 2381 1341 2434 de
1392 2378 1554 2432 David
1599 2386 1655 2432 et
1705 2384 1815 2431 tota

231 2478 487 2548 progenie
511 2478 648 2546 ejus,
681 2493 800 2547 qua:
843 2477 896 2530 in
925 2477 1022 2530 hac
1059 2475 1274 2530 civitate
1309 2471 1579 2540 regnavit?
1601 2471 1811 2538 Quanto

227 2568 413 2624 Judaaa
438 2569 654 2624 czeteris
684 2569 991 2639 provinciis,
1030 2576 1176 2620 tanto
1207 2565 1320 2620 hzec
1350 2563 1478 2618 urbs
1505 2572 1693 2618 cuncta
1720 2577 1812 2617 su-

231 2662 445 2716 blimior
468 2673 552 2716 est
572 2661 781 2716 Judaea.
809 2652 875 2715 Εἰ
904 2662 986 2729 (ιιι
1013 2659 1249 2714 coactius
1273 2656 1623 2726 disseramus)
1653 2655 1814 2709 totius

229 2753 517 2822 provincia:
541 2752 708 2822 gloria
738 2750 1017 2820 metropoli
1040 2747 1374 2803 vindicatur:
1405 2757 1455 2800 et
1478 2744 1732 2815 quidquid
1758 2745 1811 2799 in

228 2843 485 2898 membris
517 2842 692 2896 laudis
719 2851 820 2907 est,
850 2857 1009 2896 omne
1033 2839 1263 2896 refertur
1289 2839 1354 2892 ad
1382 2846 1560 2909 caput.

297 2937 353 2990 4.
392 2935 717 2990 Jamdudum
749 2943 800 2988 te
821 2934 1123 3005 cupientem
1153 2931 1206 2985 in
1237 2930 1398 2985 verba
1430 2943 1807 2999 prorumpere,

229 3025 330 3096 ipsi
363 3027 669 3081 litterarum
699 3025 880 3094 apices
918 3024 1253 3089 sentiunt,et
1283 3021 1590 3076 venientem
1621 3030 1808 3075 contra

225 3117 413 3173 charta
436 3117 686 3186 intelligit
713 3115 1091 3186 quaestionem.
1119 3111 1488 3181 Respondebis
1513 3111 1732 3182 quippe,
1755 3120 1812 3165 et

226 3209 400 3274 dices,
451 3209 553 3262 hoc
601 3207 731 3262 olim
783 3205 974 3272 fuisse,
1005 3203 1221 3275 quando
1252 3220 1274 3254 ί
1313 3202 1504 3257 dilexit
1551 3202 1810 3256 Dominus

225 3311 412 3371 portas
439 3297 568 3356 Sion
594 3314 759 3370 super
787 3297 966 3352 onmia
998 3294 1342 3350 tabernacula
1373 3291 1540 3347 Jacob
1570 3310 1589 3342 ι
1636 3291 1805 3362 (Psul.

226 3393 321 3463 86)
355 3409 368 3446 :
401 3400 456 3446 et
501 3391 718 3446 fuerunt
761 3389 1110 3446 fundamenta
1148 3388 1264 3458 ejus
1296 3386 1349 3440 in
1385 3384 1656 3440 montibus
1680 3398 1805 3438 san-

225 3486 330 3542 ctis
361 3502 375 3540 :
410 3487 534 3541 licet
577 3495 632 3540 et
663 3484 778 3539 hzec
807 3485 1014 3554 possint
1041 3481 1203 3536 altius
1254 3478 1619 3550 interpretari.
1648 3477 1806 3534 Post-

226 3594 390 3650 quam
418 3593 551 3634 vero
579 3576 952 3647 consurgentis
979 3571 1189 3629 Domini
1218 3587 1322 3627 vos
1365 3571 1455 3626 illa
1497 3569 1804 3641 pertenuit:

232 3690 252 3722 ι
301 3670 653 3740 Relinquetur
679 3668 832 3724 vobis
849 3667 1042 3723 domus
1071 3676 1250 3721 vestra
1286 3663 1502 3719 deserta
1540 3681 1560 3714 ι
1588 3659 1804 3732 (Matth.

224 3764 314 3821 9.9.
332 3764 425 3834 '59)
444 3778 461 3828 ;
482 3774 536 3819 et
559 3761 808 3816 ﬂebiliter
831 3761 1041 3814 ruinam
1061 3757 1181 3826 ejus
1213 3754 1572 3826 prephetavit,
1649 3752 1808 3826 202

223 3855 452 3910 dicens:
487 3871 506 3904 ‹
543 3851 841 3907 Jerusalem
868 3891 884 3915 ,
912 3848 1236 3910 Jerusalem,
1267 3861 1386 3916 qua:
1429 3843 1630 3899 occidis
1676 3843 1808 3897 l’ro-

224 3930 440 4016 phetas,
471 3953 527 3997 et
557 3941 761 4010 lapidas
789 3952 883 3993 eos
912 3940 1002 4008 qui
1029 3937 1095 3992 ad
1126 3946 1178 3991 te
1221 3937 1370 3991 missi
1400 3943 1524 3989 sunt
1553 3951 1568 3988 :
1597 3935 1808 4004 quoties

225 4038 370 4091 volui
402 4045 732 4102 congregare
781 4029 918 4082 ﬁlios
948 4037 1088 4092 tuos,
1121 4027 1259 4081 sicut
1295 4027 1487 4096 gallina
1519 4033 1810 4093 congregat

223 4127 408 4199 pullos
440 4138 569 4178 suos
595 4121 696 4176 sub
721 4121 845 4187 alis,
879 4130 933 4175 et
962 4119 1200 4173 noluisti.
1231 4117 1368 4171 Ecce
1394 4115 1690 4170 dimittetur
1712 4129 1809 4169 vo-

225 4222 308 4277 bis
354 4218 552 4274 domus
594 4223 775 4271 vestra
823 4212 1041 4267 deserta
1071 4230 1090 4263 ι
1132 4209 1284 4280 (Luc.
1327 4211 1416 4264 13.
1441 4209 1530 4263 54.
1569 4207 1662 4278 55)
1697 4225 1711 4261 :
1755 4215 1812 4262 et

225 4321 509 4382 postquam
559 4307 735 4361 velum
770 4302 954 4373 templi
1000 4301 1229 4382 scissum
1277 4308 1378 4365 est,
1405 4308 1459 4354 et
1485 4297 1809 4352 circumdata

229 4404 296 4454 ab
325 4399 562 4455 exercitu
593 4396 917 4456 Jerusalem,
944 4400 999 4447 et
1046 4391 1324 4446 Dominico
1351 4403 1546 4446 cruore
1590 4389 1807 4455 violata,

229 4501 357 4544 tunc
400 4491 468 4545 ab
509 4504 572 4543 ea
621 4489 783 4543 etiam
835 4483 1169 4554 Angelorum
1224 4481 1490 4551 praesidia,
1521 4489 1576 4535 et
1613 4479 1808 4535 Christi

229 4583 451 4653 gratiam
495 4580 809 4636 recessisse.
861 4575 1104 4647 Denique
1157 4575 1318 4628 etiam
1373 4572 1686 4643 Joseplmm,
1718 4573 1806 4642 qui

293 4716 364 4778 ((ι)
404 4715 560 4766 Antea
593 4721 697 4764 erat
719 4713 964 4765 contrario
984 4725 1137 4778 sensu
1160 4712 1310 4778 multo
1345 4710 1618 4760 ordinatius
1638 4747 1651 4769 ,
1694 4724 1803 4778 cum

229 4773 370 4826 aliter
395 4784 446 4826 et
468 4783 724 4827 contextus
745 4782 881 4832 petat
898 4810 912 4832 ,
940 4779 993 4824 et
1030 4773 1145 4823 Mss.
1174 4773 1277 4822 fere
1300 4785 1474 4822 omnes
1507 4779 1606 4822 tum
1632 4774 1803 4832 nostri,

228 4845 331 4889 tum
353 4851 474 4899 quos
495 4838 572 4886 alii
596 4832 960 4892 consuluerunt,
983 4833 1305 4899 inordinatius
1323 4835 1563 4899 (habeant.
1595 4832 1672 4882 De
1701 4833 1808 4899 gat-

228 4894 384 4958 varia!
396 4906 556 4948 autem
587 4899 988 4958 interpretatione
1007 4931 1027 4958 ,ί
1045 4907 1191 4958 quam
1211 4895 1424 4958 subdunt
1446 4894 1595 4958 Paula
1620 4901 1670 4943 et
1705 4894 1804 4944 Eu-

229 4914 374 4946 γει-ιω
396 4914 556 4948 autem
587 4914 711 4947 inter
731 4914 988 4947 iretauone
1007 4931 1022 4949 .
1045 4914 1191 4958 quam
1211 4914 1424 4946 sunuum
1446 4914 1595 4943 rauia
1620 4914 1670 4943 et
1705 4914 1804 4944 Lu-

229 4956 700 5018 stochium,_eonsuie
715 4914 855 5008 ilier.
874 4959 923 5006 in
943 4956 1126 5018 Ephes.
1150 4957 1256 5018 c.75.
1279 4970 1324 5004 v.
1349 4956 1428 5004 14.
1445 4957 1528 5004 ubi
1552 4964 1808 5018 postquam

230 5018 358 5068 hanc
375 5015 578 5085 fabulam
594 5029 622 5063 a
644 5019 848 5085 quodam
865 5019 915 5066 in
935 5015 1156 5085 Ecclesia
1176 5017 1452 5079 disputante
1469 5029 1501 5085 Va
1515 5015 1571 5085 se
1593 5015 1804 5085 auditam

231 5077 675 5147 tiarrasset,_‘!1tpc’
695 5084 857 5147 utrum
893 5078 1141 5147 vera_sittt,
1169 5077 1368 5147 _necue,_
1387 5077 1806 5147 wgtomgrﬁtﬁo

230 5138 486 5208 relinquit.
505 5137 752 5208 tia-terum
785 5139 930 5208 etiam
951 5154 977 5188 a
1001 5138 1054 5188 S.
1078 5140 1334 5208 ambrosio
1356 5140 1406 5208 in
1437 5137 1559 5208 _Luc_.
1583 5137 1679 5208 33..
1696 5151 1805 5208 pro-

230 5197 411 5257 batur';
428 5197 516 5246 sed
541 5199 728 5254 mirum,
753 5198 880 5259 quod
902 5201 1189 5250 sententiam
1213 5201 1335 5250 hanc
1356 5198 1584 5250 Hebraris
1607 5197 1801 5259 tribuat,

229 5262 490 5332 abesses
510 5259 799 5332 disputem"
828 5259 974 5332 sitm.-

296 5319 689 5386 (b)j1te§p_iciunt
713 5319 1585 5386 nominis_Adam_interpretationetn,
1615 5333 1726 5386 quae
1752 5321 1801 5369 in

230 5381 433 5445 Graecis,
455 5381 776 5445 Hebraeorum
813 5383 1060 5445 nominum
1091 5381 1374 5445 fragmentis
1405 5381 1649 5445 invenitur
1692 5384 1804 5445 ιδεμ

196 5450 198 5454 '
227 5452 336 5506 ἀμ,
362 5444 515 5495 Adam
536 5441 784 5506 sanguinis
814 5441 1040 5504 (mallem
1065 5445 1112 5495 in
1136 5441 1272 5493 recto
1291 5480 1306 5498 ,
1328 5441 1559 5505 Sanguis)
1600 5441 1802 5492 exclusa

228 5527 408 5578 nempe
434 5515 577 5576 priori
602 5513 786 5578 littera,
806 5526 854 5570 a,
881 5519 932 5562 et
951 5511 1155 5578 reliquis
1176 5515 1382 5578 damg'iD
1403 5523 1585 5578 tantum
1604 5515 1799 5578 esposit

230 5577 310 5627 tis.
334 5575 460 5626 Hinc
484 5588 576 5639 nou
599 5575 718 5623 satis
743 5581 878 5639 recte
901 5582 1046 5639 antea
1064 5575 1300 5639 "inuressi
1317 5609 1330 5630 ,
1357 5589 1456 5626 tum
1479 5575 1562 5639 qui
1599 5575 1800 5624 secundi

228 5650 318 5702 pro
339 5636 596 5702 secundus,
621 5643 723 5687 tum
746 5636 892 5702 qu_i_el
917 5647 1004 5696 pro
1025 5633 1079 5685 id
1101 5633 1170 5684 est
1203 5635 1392 5702 legunt.

293 5699 366 5760 (ε)
390 5697 708 5747 Restituimus
733 5695 776 5744 e'
810 5695 926 5744 Mss.
953 5703 1005 5743 et
1028 5703 1219 5746 vetusta
1242 5695 1474 5760 editione,
1505 5710 1615 5747 cum
1650 5703 1795 5747 antea

515 5779 578 5840 S.
623 5781 994 5839 litenosvut
1042 5779 1090 5839 l.

1601 257 1926 316 EPISTOLA
1969 256 2152 315 XLVI.

3412 259 3520 318 486

1938 373 2255 428 vernaculus
2283 371 2513 442 scriptor
2553 381 2634 427 est
2659 371 2988 440 Judtcorum,
3018 372 3101 445 (ά)
3128 387 3393 441 asserere,
3419 375 3512 430 illo

1939 471 2180 529 tempore
2204 477 2310 532 quo
2335 462 2619 518 cruciﬁxus
2646 473 2730 517 est
2759 462 3034 528 Dominus,
3064 479 3128 518 ex
3159 464 3334 535 adytis
3361 464 3516 519 Tem-

1937 552 2008 622 pii
2040 551 2304 606 Virtutum
2337 552 2634 608 caelestium
2680 553 2922 622 erupisse
2969 568 3149 619 voces,
3181 555 3512 610 dicentium:

1937 643 2399 714 Transmigremus
2445 660 2510 698 ex
2557 645 2642 698 his
2689 644 2906 698 sedibus
2946 641 3225 714 (Iosephus
3279 645 3344 700 de
3386 648 3515 702 bella

1933 732 2064 787 Jul.
2093 735 2180 787 lib.
2211 736 2263 790 6.
2295 751 2343 788 c.
2371 733 2450 806 5).
2496 735 2572 789 Ex
2617 735 2812 805 quibus
2859 744 2913 788 et
2956 735 3076 788 aliis
3120 751 3399 805 apparere,
3427 737 3515 791 ubi

1933 826 2226 882 abundavit
2265 828 2457 898 gratia,
2490 828 2560 882 ibi
2605 826 3073 897 superabundnsse
3119 837 3414 895 peccatum.
3451 827 3518 881 Et

1934 926 2216 989 postquam
2246 920 2538 974 audierunt
2573 921 2849 990 Apostoli:
2884 937 2903 970 ι
2944 919 3148 974 Euntes
3178 919 3370 973 docete
3401 933 3516 972 om~

1934 1025 2029 1065 nes
2058 1021 2246 1081 gentes
2273 1031 2293 1064 ι
2325 1012 2542 1082 (Jlattlt.
2574 1013 2666 1068 28.
2702 1010 2829 1084 l9):
2867 1012 2932 1067 Et
2956 1011 3054 1081 ipsi
3082 1012 3326 1081 Apostoli
3360 1011 3515 1067 dixe-

1933 1112 2077 1157 runt.
2114 1123 2133 1156 t
2169 1103 2462 1174 Oportebat
2489 1105 2704 1175 quidem
2737 1105 2887 1158 vobis
2925 1105 3154 1172 primum
3197 1105 3514 1159 annnnliaro

1934 1193 2152 1247 verbum
2176 1195 2298 1248 Dei:
2319 1197 2571 1266 quoniam
2594 1205 2770 1250 autem
2791 1194 3055 1260 noluistis,
3072 1209 3198 1249 ecce
3223 1195 3513 1249 transimus

1932 1283 1998 1337 ad
2029 1295 2217 1352 gentes
2254 1305 2273 1338 ι
2301 1287 2440 1354 (Act.
2469 1287 2556 1341 l3.
2588 1285 2718 1356 46);
2771 1298 2896 1340 tunc
2925 1301 3086 1340 omne
3111 1295 3511 1341 sacramentum

1930 1370 2150 1438 Judanr,
2177 1383 2234 1429 et
2275 1377 2548 1446 antiquam
2604 1376 2696 1430 Dei
2745 1375 3183 1441 familiaritatem,
3219 1390 3314 1445 per
3361 1375 3512 1445 Apoc

1930 1465 2100 1518 stolos
2127 1464 2179 1518 in
2213 1468 2458 1522 nationes
2487 1466 2653 1522 fuisse
2683 1467 3019 1521 translatam.

2001 1556 2056 1612 5.
2082 1557 2268 1612 Valida
2290 1559 2505 1628 quidem
2529 1560 2776 1628 quzestio,
2798 1568 2850 1613 et
2870 1575 2990 1629 qua:
3016 1559 3184 1629 possit
3204 1560 3364 1615 etiam
3393 1573 3508 1625 eos,

1929 1645 2020 1714 qui
2052 1646 2450 1715 Scripturarum
2482 1649 2683 1718 aliquid
2715 1650 3026 1718 attigerunt,
3055 1660 3380 1705 concutere:
3414 1649 3511 1709 sed

1927 1734 2178 1803 perfacile
2203 1738 2449 1790 solvitur.
2500 1737 2778 1808 Nunquam
2805 1740 2948 1793 enim
2977 1755 3095 1795 eam
3141 1739 3297 1796 llcret
3329 1741 3511 1798 Denti-

1926 1837 2026 1878 nus
2051 1834 2418 1894 corruentem,
2452 1828 2552 1882 nisi
2579 1828 2848 1897 diligeret.
2895 1828 3069 1884 Flevit
3113 1840 3168 1885 et
3215 1830 3503 1898 Lazarum,

1923 1915 2046 1984 quia
2099 1916 2312 1971 amabat
2342 1932 2487 1972 eum.
2529 1919 2598 1973 Et
2647 1918 2750 1973 hoc
2781 1931 2956 1980 tamen
2989 1920 3159 1990 prima
3187 1922 3365 1978 fronte
3411 1937 3508 1978 co-

1921 2007 2186 2075 gnoscito,
2216 2022 2323 2061 non
2356 2009 2479 2080 loci,
2524 2009 2618 2064 sed
2666 2009 2944 2065 hominum
2992 2011 3161 2067 fuisse
3205 2022 3504 2082 peccatum.

1926 2095 2121 2150 Verum
2167 2099 2289 2167 quia
2342 2099 2644 2156 interfectio
2694 2103 2908 2171 populi,
2937 2103 3220 2172 captivitas
3269 2105 3506 2162 civitatis

1922 2198 2026 2252 est,
2058 2200 2343 2258 propterea
2370 2192 2553 2246 urbem
2571 2191 2824 2256 deletam.
2846 2203 2903 2247 ut
2930 2195 3158 2263 populus
3182 2197 3497 2264 puniretur:

1923 2277 2045 2333 ideo
2069 2278 2350 2350 Templum
2383 2281 2687 2346 subrutum,
2723 2292 2780 2337 ut
2807 2285 2999 2354 typica:
3028 2284 3218 2340 hostia:
3246 2286 3500 2341 tolleren-

1922 2379 2026 2424 tur.
2061 2371 2326 2427 Czcterum
2357 2383 2611 2445 quantum
2641 2374 2708 2430 ad
2748 2377 2923 2430 locum
2967 2377 3218 2445 pertinet,
3248 2395 3345 2449 per
3374 2395 3503 2448 pro.

1922 2461 2088 2515 fectus
2131 2471 2433 2533 temporum
2491 2466 2660 2520 multo
2703 2481 2845 2520 nunc
2889 2467 3165 2536 augustior
3195 2466 3302 2540 [:Il.
3335 2485 3503 2540 angu-

1918 2548 2074 2622 stior]
2114 2562 2219 2618 est,
2251 2569 2408 2623 quam
2455 2564 2580 2610 ante
2625 2554 2747 2609 fuit.
2779 2555 3187 2611 Venerabautur
3229 2560 3498 2628 quondam

1918 2639 2088 2696 Juda:i
2119 2641 2314 2698 Sancta
2361 2655 2692 2712 sanctorum,
2724 2647 2847 2716 quia
2881 2646 2951 2702 ibi
2999 2657 3154 2703 erant
3178 2647 3496 2716 Cherubim,

1917 2741 1973 2786 et
2018 2733 2470 2803 propitiatorium,
2521 2745 2576 2792 et
2623 2738 2757 2792 Area
2806 2739 3132 2803 testamenti,
3177 2755 3392 2806 manna,
3443 2755 3500 2797 ct

1916 2823 2064 2894 virga
2109 2827 2310 2893 Aaron,
2339 2838 2392 2882 et
2445 2829 2617 2884 altare
2665 2845 2908 2886 aureum.
2953 2831 3141 2886 Nonne
3185 2833 3279 2888 tibi
3329 2849 3496 2888 vene-

1917 2916 2142 2972 rabilius
2192 2919 2405 2974 videtur
2447 2921 2756 2990 sepulcrum
2787 2921 3041 2976 Domini?
3067 2923 3210 2991 quod
3255 2921 3495 2992 quoties-

1915 3021 2143 3078 cumque
2192 3010 2541 3079 ingredimur,
2572 3013 2732 3066 toties
2753 3011 2936 3080 jacere
2965 3013 3016 3066 in
3045 3013 3272 3072 sindone
3313 3017 3495 3072 cerni-

1915 3111 2038 3152 mus
2067 3098 2400 3155 Salvatoretn
2424 3119 2438 3155 ε
2466 3111 2520 3155 et
2551 3103 2823 3170 paululum
2848 3101 3045 3156 ibidem
3075 3117 3495 3168 commorantes.

1915 3204 2127 3244 rursum
2159 3190 2402 3246 videmus
2473 3192 2632 3263 203
2706 3192 2970 3262 Angelum
2995 3193 3186 3249 sedere
3225 3195 3291 3250 ad
3329 3197 3492 3264 pedes

1915 3280 2052 3350 ejus,
2081 3291 2135 3336 et
2155 3281 2221 3336 ad
2249 3294 2408 3352 caput
2439 3285 2712 3338 sudarium
2739 3286 3287 3358 convolutum.Cujus
3311 3291 3494 3360 sepulo

1914 3372 1991 3426 eri
2035 3373 2284 3442 gloriam,
2330 3373 2499 3429 multo
2526 3385 2811 3447 antequam
2841 3377 3184 3434 excideretur
3209 3395 3237 3433 a
3265 3379 3488 3453 Just-ph,

1913 3463 2115 3518 scimus
2167 3464 2318 3520 Isaia:
2344 3466 2599 3522 vaticinio
2635 3467 3027 3538 prophetatam,
3055 3470 3283 3525 dicentis
3315 3490 3329 3526 :
3369 3492 3388 3526 ο
3429 3474 3494 3530 Et

1913 3554 2016 3610 erit
2042 3556 2255 3626 requies
2283 3556 2400 3626 ejus
2427 3556 2601 3614 honor
2623 3577 2647 3612 ι
2670 3557 2827 3629 (Isai.
2856 3560 2944 3616 li.
2975 3576 3078 3616 sec.
3110 3560 3282 3632 LXX)
3313 3568 3490 3635 :quod

1912 3647 2118 3703 scilicet
2166 3649 2456 3720 sepultura:
2485 3650 2696 3706 Domini
2742 3650 2895 3707 locus
2943 3661 3089 3709 esset
3144 3655 3213 3711 ab
3241 3658 3491 3716 omnibus

1913 3739 2280 3798 honorandus.

1985 3833 2035 3888 6.
2078 3831 2187 3888 Sed
2215 3831 2384 3897 dices,
2413 3833 2688 3903 quomodo
2715 3834 2767 3888 in
2811 3835 3132 3905 Apocalypsi
3169 3836 3390 3894 Joannis
3415 3840 3492 3895 le-

1911 3923 2088 3994 gimus
2116 3941 2131 3977 :
2167 3940 2188 3975 ι
2238 3922 2308 3977 Ει
2335 3923 2547 3978 occidet
2575 3923 2698 3977 illos
2741 3922 2765 3996 (
2781 3923 2920 3976 haud
2947 3923 3155 3978 dubium
3200 3929 3324 3996 quin
3355 3928 3492 3984 Pro-

1914 4013 2128 4085 phetas)
2161 4013 2330 4069 bestia
2359 4031 2482 4086 qua:
2529 4015 2773 4071 ascendit
2800 4031 2868 4071 ex
2897 4016 3117 4087 abysso,
3162 4029 3219 4075 et
3261 4035 3490 4092 corpora

1915 4120 2102 4161 eorum
2127 4104 2384 4175 jacehunt
2415 4107 2464 4159 in
2498 4107 2691 4176 plateis
2714 4109 2948 4164 civitatis
2984 4124 3211 4180 magnae,
3241 4129 3361 4183 qua:
3391 4132 3495 4170 vir--

1915 4204 2068 4251 catur
2112 4195 2463 4264 spiritualiter
2502 4197 2729 4253 Sodoma
2759 4209 2814 4254 et
2843 4198 3132 4270 Egyptus,
3161 4203 3248 4258 ubi
3281 4213 3337 4261 et
3388 4207 3492 4263 Do-

1916 4287 2092 4340 minus
2139 4299 2325 4341 eorum
2353 4288 2640 4342 crucifixus
2666 4299 2748 4344 est
2790 4309 2810 4342 ι
2838 4289 3023 4362 (Apoc.
3069 4293 3157 4348 Η.
3191 4295 3245 4350 7.
3293 4296 3348 4352 8.
3398 4299 3487 4355 15.

1914 4385 1962 4430 et
1989 4377 2173 4447 seqq.).
2206 4377 2276 4446 (ε)
2307 4376 2362 4432 Si
2407 4381 2572 4444 enim,
2619 4379 2700 4434 ais
2739 4399 2753 4434 :
2801 4379 3002 4436 Civitas
3041 4398 3256 4454 magna,
3286 4386 3338 4441 in
3385 4405 3490 4458 qua

1914 4467 2202 4522 cruciﬁxus
2227 4477 2312 4523 est
2336 4469 2591 4524 Dominus
2614 4471 2760 4524 nulla
2782 4482 2866 4526 est
2893 4472 2997 4526 alia
3023 4475 3123 4528 nisi
3153 4475 3489 4546 Jerusalem;

1915 4558 2003 4612 ubi
2018 4569 2194 4613 autem
2210 4559 2498 4614 cruciﬁxus
2511 4570 2590 4615 cst
2608 4561 2883 4629 Dominus,
2899 4565 3244 4633 spiritualiter
3258 4567 3491 4626 Sodoma

1912 4651 2211 4720 appellatur
2236 4659 2289 4706 et
2316 4650 2581 4722 JEgypms
2607 4669 2622 4717 ;
2651 4669 2780 4724 ergo
2805 4654 3104 4712 Jerusalem
3131 4658 3362 4716 Sodoma
3403 4672 3491 4716 est

1915 4752 1971 4796 et
1997 4741 2285 4813 Egyptus,
2313 4745 2364 4796 in
2394 4759 2498 4811 qua
2523 4744 2808 4800 cruciﬁxus
2833 4759 2918 4801 est
2941 4747 3217 4806 Dominus.
3249 4748 3486 4807 Primum

1913 4837 1965 4888 te
2005 4836 2146 4889 scire
2174 4833 2444 4902 volumus,
2477 4851 2694 4890 omnem
2737 4845 2978 4891 sanctam
3004 4837 3331 4904 Scripturam
3379 4856 3486 4899 non

1912 4943 2070 4997 posse
2099 4927 2200 4982 sibi
2232 4942 2357 4982 eSse
2400 4928 2764 4990 contrariam;
2814 4937 2869 4981 et
2918 4928 3151 4982 maxime
3193 4943 3356 4985 unum
3387 4933 3484 4991 ad.

1915 5033 2126 5077 versum
2155 5033 2213 5074 se
2244 5032 2350 5076 non
2380 5017 2690 5091 discrepare
2741 5016 2940 5073 librum
2976 5031 2990 5070 :
3016 5025 3074 5072 et
3111 5027 3168 5073 ut
3194 5021 3314 5092 plus
3341 5022 3480 5094 adji.

1908 5269 2176 5333 Victorius,
2213 5278 2278 5316 ea:
2305 5277 2400 5329 quo
2420 5263 2678 5333 glomus,
2706 5272 2760 5318 et
2801 5268 2957 5328 magis
2986 5269 3159 5321 vitiose
3183 5271 3488 5330 Martianmm

1907 5329 2046 5393 ραὲιε
2072 5341 2158 5393 pro
2197 5326 2332 5393 ραςεὲ
2373 5326 2624 5393 edidisset.-

1971 5391 2051 5460 (ρ)
2072 5387 2374 5460 Ῥιφῃψ
2395 5389 2574 5460 iterum
2597 5387 2983 5460 hallucinationis
3005 5404 3244 5460 arguere,
3270 5409 3382 5460 qua:
3405 5413 3490 5451 no.

1908 5447 2118 5522 tavimtts
2149 5447 2198 5498 in
2218 5447 2459 5522 Epist'zad
2481 5448 2742 5522 Damasum
2761 5447 3136 5522 deSerapbiin,
3162 5447 3311 5521 atque
3336 5447 3489 5522 alibi,

1908 5513 1994 5574 ubi
2022 5509 2331 5574 Hieronymo
2352 5509 2617 5574 Eusebium
2644 5512 2928 5574 imposuisse
2951 5509 3270 5572 ostendimus.

1971 5573 2055 5683 ((21
2085 5571 2350 5634 Perperam
2377 5581 2482 5634 post
2503 5572 2687 5622 Erasm.
2712 5571 3022 5624 Benedictin.
3050 5577 3238 5639 Editor,
3274 5581 3350 5632 sic
3363 5583 3490 5634 enim

1944 5632 1995 5683 is.
2059 5646 2124 5682 ss.
2138 5646 2309 5682 omnes
2325 5641 2376 5683 et
2399 5632 2576 5683 vulgati
2596 5633 2819 5683 nlerioue
2837 5641 2892 5683 ut
2909 5635 3159 5683 edidimus-
3174 5643 3376 5683 nmvtug
3391 5644 3490 5683 Inui

1907 5632 1995 5708 ais.
2009 5632 2124 5708 Mss.
2138 5632 2309 5703 omnes
2325 5632 2582 5708 et'vulgati
2596 5633 2819 5708 plerique
2837 5641 2892 5684 ut
2909 5632 3160 5697 edidimus.
3174 5632 3376 5698 Gravius
3391 5632 3490 5708 legi

1903 5697 2062 5760 jubet,
2079 5696 2122 5747 si
2137 5696 2282 5758 enim,
2304 5704 2350 5746 ttl
2376 5696 2461 5758 ttil,
2475 5696 2656 5756 Ctt‘ilJS,
2685 5696 2786 5747 etc.

2840 5783 3086 5867 (ςεεςιι.)
