4078 6198
619 214 732 270 487

621 333 853 395 ciamus,
893 329 1142 385 eumdem
1188 324 1535 394 ejusdemque
1594 321 1718 375 libri
1758 321 1954 375 locu.n.
2008 321 2090 389 (1)
2141 317 2197 371 lu

622 423 949 495 Apocalypsi
972 422 1192 490 quippe,
1221 415 1291 469 de
1314 429 1418 483 qua
1447 428 1589 468 nunc
1616 412 1982 467 testimonium
2011 419 2203 480 protu-

624 512 759 576 listi,
775 521 901 566 ante
919 509 1102 563 decem
1121 505 1340 558 circiter
1367 502 1663 558 versiculos
1680 502 1964 556 scribitur:
1983 520 2004 552 ι
2027 499 2199 569 Surge

623 614 681 658 et
705 602 895 657 metire
935 597 1210 665 Templum
1246 596 1361 658 Dei,
1389 603 1447 651 et
1487 596 1678 660 altare,
1703 600 1759 650 ei
1803 594 2093 648 adorantes
2141 593 2195 646 in

620 708 707 746 eo.
739 690 948 745 Atrium
973 695 1151 741 autem
1177 686 1322 755 quod
1360 695 1446 741 est
1472 686 1604 740 foris
1638 686 1919 756 templum,
1944 685 2081 753 ejice
2110 684 2195 738 fo-

619 795 728 846 ras,
750 788 808 835 et
851 792 919 832 ne
965 778 1206 832 metiaris
1234 776 1387 842 illud,
1414 777 1669 847 quoniam
1699 776 1880 831 datum
1912 785 1998 831 est
2022 775 2197 846 genti-

616 875 738 939 bus,
767 881 819 928 et
849 870 1126 926 civitatem
1150 879 1395 925 sanctam
1433 870 1719 925 ealeabunt
1758 869 2032 924 mensibus
2059 883 2196 937 qna-

616 964 860 1035 dragiata
889 961 1102 1018 duobus
1138 980 1160 1014 ι
1189 964 1378 1031 (Apoc.
1407 963 1495 1017 ll.
1526 963 1582 1017 l.
1610 961 1689 1032 2).
1723 961 1780 1016 Si
1810 963 1954 1016 enim
1985 962 2191 1028 Apoeao

614 1056 783 1126 lypsis
811 1054 985 1109 multo
1033 1063 1153 1123 post
1200 1053 1509 1122 passionem
1540 1052 1753 1107 Domini
1805 1053 2005 1119 scripta
2034 1059 2120 1104 est
2161 1063 2194 1103 a

612 1146 844 1211 Joanne,
868 1156 921 1200 et
955 1145 1008 1198 in
1035 1159 1100 1199 ca
1148 1142 1449 1199 Jerusalem
1480 1153 1667 1198 saneta
1713 1142 1902 1197 civitas
1947 1140 2193 1209 appella-

618 1249 726 1304 tur,
757 1238 1028 1308 quomodo
1076 1251 1288 1292 rursum
1331 1235 1681 1305 spiritualiter
1707 1234 1943 1289 Sodoma
1972 1242 2194 1285 vocatur

609 1340 666 1385 rt
704 1329 968 1403 Egyptus
989 1332 1017 1383 ἲ
1042 1330 1152 1384 Nec
1178 1329 1359 1384 statim
1387 1338 1539 1397 potes
1566 1327 1771 1390 dicere,
1800 1335 2041 1380 sanetam
2083 1322 2192 1377 diri

610 1421 908 1478 Jerusalem
954 1420 1255 1482 cmlestem,
1292 1433 1415 1488 qua:
1449 1416 1626 1473 futura
1671 1424 1778 1479 est,
1817 1425 1873 1470 et
1899 1414 2190 1471 Sodomam

609 1528 732 1581 gnte
757 1511 965 1567 corruit
994 1510 1279 1581 appellari,
1310 1510 1437 1579 quia
1478 1507 1548 1563 de
1577 1506 1752 1562 futura
1778 1505 1998 1569 dicitur,
2043 1504 2189 1573 quod

613 1601 785 1657 bestia
812 1618 933 1671 qua:
972 1610 1264 1656 ascensura
1293 1609 1376 1654 est
1403 1600 1474 1654 de
1497 1600 1714 1668 abysso,
1746 1597 1907 1652 faciet
1931 1598 2190 1652 adversus

610 1693 749 1748 duos
776 1693 1067 1763 prophetas
1110 1692 1331 1757 bellum,
1358 1701 1414 1745 et
1439 1690 1619 1745 vincet
1646 1690 1766 1743 illos
1794 1698 1849 1743 et
1881 1688 2112 1753 occidet,
2134 1696 2192 1743 et

611 1800 840 1856 corpora
864 1800 1053 1840 eorum
1091 1783 1349 1853 jacebunt
1389 1782 1443 1836 in
1467 1782 1641 1850 platea
1683 1780 1914 1835 civitatis
1960 1794 2187 1848 magnas.

613 1880 686 1932 De
711 1893 815 1948 qua
855 1877 1076 1931 civitate
1115 1883 1172 1931 et
1213 1874 1268 1929 in
1318 1874 1427 1929 fine
1460 1873 1700 1943 ejusdem
1748 1872 1868 1926 libri
1898 1872 2186 1927 scribitur:

615 1990 635 2022 ο
683 1971 747 2025 Et
776 1969 968 2024 civitas
994 1968 1047 2022 in
1077 1966 1286 2039 quadro
1313 1968 1486 2037 posita
1515 1976 1632 2030 est,
1663 1974 1718 2020 et
1769 1965 2046 2035 longitudo
2071 1964 2189 2033 ejus

604 2072 659 2115 ct
687 2060 915 2115 latitudo
957 2067 1105 2113 tanta
1143 2067 1229 2113 est
1265 2067 1462 2126 quanta
1492 2067 1547 2112 et
1586 2055 1854 2111 altitudo:
1887 2066 1938 2111 et
1970 2069 2188 2109 mensus

604 2163 689 2208 est
717 2151 989 2207 civitatem
1012 2150 1083 2206 de
1108 2148 1372 2204 arundine
1405 2146 1483 2220 (α)
1512 2163 1697 2213 aurea,
1731 2164 1823 2217 per
1849 2146 2021 2202 stadia
2048 2146 2188 2201 duo-

602 2245 776 2301 decim
827 2241 1017 2298 millia.
1056 2240 1359 2312 Longitudo
1398 2251 1453 2295 et
1479 2239 1707 2294 latitudo
1733 2248 1788 2292 et
1812 2238 2040 2293 altitudo
2069 2238 2188 2307 ejus

602 2337 826 2407 aequalia
844 2345 989 2391 sunt.
1007 2334 1076 2389 Et
1097 2346 1317 2388 mensus
1332 2342 1415 2385 est
1438 2346 1619 2386 muros
1693 2328 1855 2401 20E
1923 2330 2041 2398 ejus
2061 2345 2188 2383 ceu-

604 2439 715 2483 tum
730 2426 1079 2498 quadraginta
1096 2433 1328 2493 quatuor
1342 2422 1644 2478 cubitorum
1660 2435 1908 2475 mensura
1927 2419 2184 2482 hominis,

604 2534 723 2589 ane
748 2526 833 2573 est
861 2516 1077 2586 Angeli.
1128 2516 1192 2570 Et
1231 2524 1350 2570 crat
1378 2524 1647 2569 structura
1686 2514 1824 2567 muri
1851 2513 1969 2582 ejus
1992 2528 2058 2566 ex
2102 2512 2183 2566 la-

605 2609 728 2678 pide
762 2606 995 2678 jaSpide.
1030 2606 1147 2673 Ipsa
1174 2621 1304 2660 vero
1333 2604 1526 2661 civitas
1550 2620 1616 2659 ex
1645 2618 1777 2657 auro
1822 2603 2043 2667 mundo,
2080 2621 2100 2653 ι
2130 2611 2187 2658 ct

602 2708 821 2755 mttere.
863 2698 966 2755 Ubi
991 2698 1255 2768 quadrum
1287 2708 1391 2761 cst,
1424 2696 1495 2751 ibi
1522 2711 1621 2749 nec
1653 2693 1951 2764 longitudo,
1983 2708 2081 2747 nec
2110 2692 2188 2747 la-

605 2790 777 2845 titudo
804 2789 1065 2860 appellari
1094 2798 1292 2859 potest.
1343 2788 1410 2843 Et
1435 2803 1555 2859 qztre
1585 2796 1668 2841 est
1694 2785 1793 2841 ista
1828 2799 2099 2847 mensura,
2128 2792 2186 2838 ut

603 2892 747 2937 tanta
789 2882 862 2935 sit
888 2880 1168 2950 longitudo
1192 2889 1250 2935 et
1276 2880 1523 2941 latitudo,
1552 2888 1751 2948 quanta
1791 2875 2019 2929 altitudo
2043 2876 2182 2944 ejus,

602 2982 659 3028 et
720 2972 859 3027 muri
919 2971 991 3027 de
1049 2971 1229 3040 lapide
1286 2970 1539 3041 jaspide,
1593 2977 1650 3024 et
1711 2977 1821 3024 tota
1873 2967 2063 3022 civitas
2115 2965 2186 3021 de

602 3080 735 3119 auro
763 3064 986 3129 mundo,
1014 3074 1071 3118 et
1099 3061 1448 3117 fundamenta
1490 3071 1546 3117 et
1589 3062 1782 3132 platea:
1809 3061 1928 3130 ejus
1953 3060 2020 3115 de
2047 3058 2183 3128 lapi-

601 3157 761 3211 dibus
781 3155 1057 3227 pretiosis,
1078 3163 1136 3209 et
1159 3154 1443 3211 duodecim
1474 3164 1639 3225 porto:
1670 3153 1937 3224 fulgentes
1974 3168 2186 3222 marga-

602 3245 723 3302 ritis
741 3246 771 3299 7
982 3262 989 3267 ’

673 3338 729 3392 '1.
770 3334 903 3391 Cum
943 3350 1074 3405 ergo
1121 3335 1237 3390 htee
1280 3350 1386 3390 non
1425 3334 1632 3405 possint
1676 3336 1969 3393 carnaliter
2008 3339 2182 3408 accipi

604 3425 933 3496 (absurdum
960 3427 1158 3497 quippe
1185 3436 1287 3492 est,
1322 3443 1418 3497 per
1445 3426 1735 3483 duodecim
1777 3430 1942 3484 millia
1983 3430 2184 3485 stadio-

606 3532 727 3571 rum
768 3523 969 3570 tantam
1011 3516 1244 3571 civitatis
1287 3517 1675 3587 longitudinem
1720 3531 1775 3575 et
1824 3520 2180 3586 latitudinem,

604 3616 861 3677 quantam
878 3616 931 3662 et
951 3605 1287 3663 altitudinem
1312 3608 1629 3682 prtedicari)
1657 3611 2004 3678 spiritualiter
2029 3613 2186 3667 intelo

608 3698 819 3769 ligenda
871 3707 999 3754 sunt
1039 3697 1250 3769 singula
1278 3716 1293 3754 :
1323 3708 1380 3754 et
1426 3700 1617 3755 civitas
1660 3715 1875 3771 magna,
1907 3699 1982 3775 (ὁ)
2024 3718 2183 3772 quam

606 3790 859 3848 videlicet
887 3789 1037 3859 prius
1064 3790 1354 3846 :edilicavit
1380 3791 1534 3856 Cain,
1566 3802 1621 3847 et
1646 3794 1943 3849 nominavit
1969 3808 2087 3849 eam
2117 3810 2185 3851 ex

605 3882 869 3939 vocabulo
887 3882 978 3937 lilii
1000 3882 1109 3947 sui,
1126 3881 1215 3938 hic
1236 3882 1469 3938 mundus
1494 3884 1875 3955 intelligendus
1902 3894 2006 3950 est,
2022 3902 2183 3958 quem

606 3982 892 4029 accusator
940 3972 1167 4028 fratrum
1213 3988 1432 4029 suorum
1479 3974 1762 4043 diabolus,
1808 3985 1863 4032 et
1910 3976 2185 4034 fratricida

604 4064 878 4135 periturus
918 4064 1190 4119 exstruxit
1236 4065 1418 4132 vitiis,
1448 4065 1746 4122 sceleribus
1773 4067 2053 4132 condidit,
2079 4069 2184 4125 ini-

602 4153 815 4223 quitate
853 4153 1142 4223 complevit
1170 4173 1185 4209 :
1216 4170 1336 4225 qua:
1377 4154 1730 4225 spiritualiter
1754 4158 2056 4229 appellatur
2081 4160 2183 4216 So-

607 4244 767 4299 doma
796 4253 855 4300 et
897 4243 1182 4318 Egyptus.
1213 4247 1290 4303 De
1315 4263 1420 4319 qua
1456 4248 1690 4306 Sodoma
1719 4252 1979 4309 scribitur
2013 4270 2028 4307 :
2078 4253 2187 4309 Re-

610 4334 844 4389 stiluslur
867 4333 1099 4391 Sodoma
1126 4338 1181 4391 in
1198 4341 1504 4407 antiquum;
1531 4341 1673 4409 quod
1695 4341 1902 4398 scilicet
1927 4344 1998 4398 ita
2025 4344 2188 4400 resti-
2230 4366 2240 4375 ε

612 4425 845 4482 tuendus
870 4428 941 4482 sit
964 4427 1217 4492 mundus,
1248 4437 1309 4483 ut
1349 4438 1475 4485 ante
1505 4431 1623 4487 fuit.
1654 4431 1841 4504 Neque
1868 4434 2014 4491 enim
2057 4451 2187 4506 pos—

610 4530 800 4572 sumus
844 4516 1069 4574 credere
1116 4533 1331 4574 rursum
1380 4520 1753 4577 aediﬁcandam
1797 4524 2090 4582 Sodomae:
2135 4538 2191 4585 et

608 4617 860 4679 exteras,
890 4608 1208 4666 Gomorram
1250 4611 1459 4668 scilicet
1485 4622 1541 4669 et
1573 4614 1832 4670 Adamam
1861 4627 1918 4673 et
1944 4617 2188 4687 Seboim,

610 4701 710 4760 sed
759 4702 815 4759 in
860 4712 1151 4774 perpetuos
1190 4703 1404 4760 cineres
1450 4705 1851 4774 relinquendas.
1893 4708 2186 4782 Egyptum

607 4804 791 4851 autem
837 4808 1108 4863 nunquam
1142 4809 1238 4864 pro
1261 4794 1559 4852 Jerusalem
1587 4796 1828 4868 legimus,
1854 4800 1955 4857 sed
1977 4812 2192 4873 semper

618 4899 721 4956 pro
758 4883 865 4940 hoc
907 4883 1129 4941 mundo.
1158 4886 1227 4941 Et
1266 4885 1390 4956 quia
1434 4886 1651 4959 longam
1680 4898 1765 4947 est
1791 4890 1859 4948 de
1900 4892 2191 4966 Scripturis

695 5076 762 5157 μὶ
776 5075 1140 5157 Ῑοξξιξιριιτςᾳ
1172 5079 1515 5157 Cistercieusls
1531 5086 1642 5138 cod.
1667 5086 1849 5153 alilrpe
1871 5104 1967 5142 non
1991 5093 2193 5157 habent,

736 5150 830 5206 nec
850 5139 1018 5206 Greca
1040 5142 1361 5206 exemplaria.

646 5197 754 5309 (Et:
784 5199 1111 5309 Scripseram,
1133 5197 1302 5275 credo,
1326 5204 1479 5258 Paula
1501 5213 1555 5279 et
1575 5207 1894 5261 Eustochium
1916 5250 1931 5274 ,
1956 5227 2102 5272 quam
2123 5217 2194 5266 ri-

825 5273 1007 5309 nemue
1037 5263 1093 5309 8.
1127 5263 1361 5309 Joanmsl
1395 5273 1443 5309 nt
1467 5281 1631 5309 mum-
1663 5278 1755 5309 mp,
1784 5287 1895 5309 mm
1924 5275 2021 5309 rlnn
2043 5278 2192 5309 vnpho

612 5259 754 5328 debet
790 5259 1008 5375 (nemp:
1037 5259 1108 5313 Β(
1127 5259 1443 5380 Joannis”
1466 5267 1634 5342 prius,
1663 5259 1895 5336 acidius
1916 5259 2194 5328 duo—vter'ba

613 5319 800 5380 adstat
834 5328 916 5380 et,
1040 5337 1191 5376 unum
1220 5327 1331 5378 unde
1423 5334 1444 5379 ι
1482 5329 1627 5380 facile
1664 5341 1846 5380 mutata
1886 5343 2017 5380 sunt.
2046 5336 2194 5380 Certa

578 5378 583 5383 l
613 5328 800 5371 παίσαι
834 5328 916 5383 et,
953 5328 1008 5375 in
1040 5337 1191 5376 unum
1220 5328 1444 5380 uidelicet
1466 5328 1629 5381 facile
1664 5328 1846 5384 unitaia
1886 5343 2017 5385 sunt.
2046 5336 2195 5389 Certe

613 5379 806 5472 ἓῗέΞὲ
830 5381 1170 5472 tamur.
1184 5386 1384 5472 vita“.
1391 5404 1638 5472 1.99331“
1650 5394 2055 5472 ,θέρὲθεὲίοιιςψ
2075 5413 2197 5472 vte-

616 5434 795 5491 ferrem
808 5477 825 5505 ,
862 5444 906 5493 sl
938 5434 1089 5496 etiam
1098 5434 1170 5498 ~et
1188 5434 2197 5520 'ébﬁazéti'atiéii"aiiaéééiiiﬁiifiéiiié

618 5496 789 5568 maluit
806 5502 1031 5568 primum
1068 5506 1175 5558 loco
1211 5521 1366 5568 prius.

682 5555 953 5645 9.31393:-
963 5555 1178 5645 gravius
1194 5555 1397 5645 ιξξιῐῐο
1416 5572 1690 5639 distinguit,
1717 5593 1739 5626 ι
1755 5575 1915 5630 locum
1939 5584 1987 5631 in
2008 5581 2195 5645 Apoca-

625 5620 732 5676 Jtlai
751 5620 815 5672 tle
836 5634 938 5686 qua
963 5636 1114 5691 nunc,
1130 5645 1153 5673 s
1186 5620 1281 5680 eté'.

1912 204 2155 261 SANCTI
2193 204 2563 261 lllEliONYlll

2311 320 2716 374 innumerabilia
2766 324 3012 391 exempla
3064 340 3375 395 congerere,
3425 344 3587 383 unum
3637 334 3882 390 testium-

2312 411 2457 463 nium
2503 411 2860 479 proferamus,
2899 416 2986 467 ubi
3033 416 3472 474 manifestissime
3520 422 3751 475 mundus
3780 422 3886 481 ‘hic

2315 498 2576 570 Egyptus
2601 504 2922 572 appellatur.
2956 504 3011 557 lu
3041 505 3280 575 Epistula
3306 508 3380 577 (ι)
3407 508 3687 567 Catholica
3724 512 3887 570 Judas

2309 592 2620 659 Apostolus,
2649 596 2815 647 frater
2837 595 3048 661 Jacobi,
3077 599 3285 660 scribit,
3316 600 3541 654 dicens:
3571 621 3592 655 s
3627 601 3883 658 Comum-

2306 698 2438 737 nere
2461 692 2640 738 autem
2669 700 2764 738 vos
2795 687 2940 751 volo,
2958 688 3194 741 scientes
3220 690 3390 744 semel
3416 692 3884 763 omnia,qunniam

2305 771 2462 827 Jesus
2503 774 2759 842 populum
2801 775 2867 829 de
2916 786 3056 831 terra
3104 777 3323 849 Egypti
3370 782 3604 847 salvans,
3649 788 3886 840 secundo

2303 879 2396 919 eos
2422 867 2513 935 qui
2555 883 2660 920 non
2699 867 3068 933 crediderunt,
3103 870 3335 937 perdidit
3369 890 3392 924 ι
3433 871 3583 943 (Iud.
3619 875 3669 929 l.
3702 877 3783 944 5).
3814 877 3877 932 Et

2304 971 2371 1008 ne
2418 966 2636 1023 putares
2663 956 2731 1010 de
2760 957 2890 1011 Jesu
2918 959 3026 1012 dici
3059 959 3168 1013 filio
3195 960 3362 1026 Nave,
3393 964 3574 1017 statim
3605 968 3877 1036 sequitur:

2308 1064 2328 1098 ι
2376 1049 2610 1118 Angelos
2647 1066 2782 1105 vero
2804 1052 2894 1121 qui
2923 1067 3028 1106 non
3058 1065 3409 1109 servaverunt
3432 1072 3587 1110 suum
3616 1061 3885 1131 principa-

2302 1148 2436 1204 tum,
2452 1140 2547 1194 sed
2576 1141 2979 1209 dereliquerunt
3002 1159 3157 1198 suum
3180 1145 3530 1212 domicilium,
3552 1150 3605 1203 in
3623 1151 3880 1219 judicium

2301 1231 2477 1298 magni
2501 1230 2606 1284 diei
2633 1233 2859 1288 vinculis
2889 1235 3108 1289 :ctcrnis
3134 1236 3235 1290 sub
3255 1238 3485 1307 caligine
3514 1244 3826 1296 reservavit.
3856 1262 3876 1296 ι

2303 1319 2369 1373 Et
2400 1330 2459 1373 ut
2487 1322 2678 1374 credas
2704 1323 3031 1393 ubicumque
3066 1327 3229 1379 simul
3260 1325 3528 1400 Egyptns
3565 1342 3616 1385 et
3647 1329 3879 1388 Sodoma

2299 1420 2353 1465 et
2372 1409 2635 1465 Gomorra
2652 1413 3021 1478 nominantur,
3044 1432 3151 1471 non
3175 1418 3316 1486 loca,
3340 1419 3434 1473 sed
3464 1422 3722 1477 mundum
3745 1426 3881 1480 hunc

2299 1500 2865 1569 interpretari,statim
2925 1505 3085 1576 205
3132 1506 3306 1578 jungit
3324 1512 3627 1580 exemplum
3650 1531 3665 1566 :
3690 1534 3707 1564 ι
3733 1514 3879 1569 Sicut

2254 1588 2263 1589 ί
2295 1590 2527 1645 Sodoma
2551 1602 2607 1646 et
2625 1593 2885 1649 Gomorra
2911 1607 2966 1651 et
2993 1599 3277 1654 tinititima:
3293 1602 3561 1666 civitates,
3587 1606 3748 1660 simili
3768 1623 3879 1661 mu.

2296 1679 2365 1732 dn
2384 1680 2679 1747 fornicatzc,
2701 1694 2757 1737 et
2778 1685 3040 1742 abeuntes
3056 1699 3179 1759 post
3207 1705 3424 1746 carnem
3449 1693 3695 1761 alteram,
3727 1697 3877 1754 facta:

2295 1784 2421 1828 sunt
2444 1779 2778 1846 exemplum,
2822 1780 2961 1849 ignis
2987 1782 3175 1837 :cterni
3217 1799 3430 1853 pcenam
3457 1789 3809 1846 sustinentes.
3848 1811 3871 1845 ι

2297 1863 2363 1917 Ει
2407 1865 2536 1935 quid
2583 1883 2809 1923 necesse
2848 1880 2936 1925 est
2984 1872 3138 1941 plura
3181 1876 3535 1945 conquirere,
3585 1894 3706 1934 cum
3757 1892 3873 1952 post

2296 1956 2597 2039 passionem
2618 1968 2669 2010 et
2700 1961 3155 2017 resurrectionem
3174 1963 3383 2020 Domini
3406 1966 3685 2024 Matthmus
3704 1971 3872 2027 Evan-

2293 2044 2481 2112 gelista
2509 2059 2898 2104 commemoret
2927 2068 2941 2103 :
2980 2069 3001 2103 ι
3041 2052 3109 2107 Et
3135 2062 3304 2124 petra:
3330 2056 3512 2112 scissae
3540 2069 3685 2124 sunt,
3708 2070 3764 2115 et
3789 2077 3872 2117 se-

2295 2138 2475 2204 pulcra
2505 2150 2783 2208 aperta,et
2814 2142 3045 2211 plurima
3078 2162 3305 2215 corpora
3337 2148 3723 2208 dormientium
3752 2169 3872 2209 san-

2293 2238 2502 2282 ctorum
2552 2244 2951 2289 surrexerunt:
2996 2244 3053 2290 et
3096 2237 3440 2307 egredientes
3493 2241 3562 2296 de
3608 2244 3870 2313 sepulcris

2297 2330 2416 2388 post
2442 2324 2892 2378 resurrectionem
2920 2341 3070 2380 suam
3113 2329 3338 2399 ingressi
3381 2340 3505 2386 sunt
3533 2342 3771 2388 sanctam
3797 2337 3870 2391 ci-

2292 2411 2540 2479 vitatem,
2568 2422 2620 2468 et
2650 2428 3010 2485 apparuerunt
3044 2421 3227 2475 multis
3256 2441 3275 2474 ι
3306 2422 3523 2491 (.llalth.
3568 2425 3659 2481 27.
3709 2429 3795 2483 51.
3823 2440 3867 2483 ιι

2290 2504 2474 2577 εεᾳφ).
2493 2506 2601 2561 Nec
2627 2509 2805 2562 statim
2822 2510 3160 2583 Jerosolyma
3179 2515 3435 2582 caelestis,
3460 2516 3538 2588 (ό)
3558 2519 3694 2574 sicut
3716 2522 3869 2591 pleri-

2290 2612 2397 2665 que
2448 2598 2670 2653 ridicule
2718 2602 3069 2669 arbitrantur,
3101 2603 3153 2657 in
3212 2604 3318 2660 hoc
3362 2607 3482 2662 loco
3534 2609 3866 2682 intelligitur,

2289 2700 2409 2742 cum
2476 2691 2685 2758 signum
2731 2694 2939 2747 nullum
2992 2711 3114 2751 esse
3171 2699 3400 2766 potuerit
3439 2701 3578 2769 apud
3627 2701 3870 2758 homines

2292 2778 2502 2833 Domini
2534 2784 2880 2852 resurgentis,
2906 2784 2950 2838 si
2980 2800 3205 2855 corpora
3233 2788 3552 2845 Sanctorum
3580 2795 3632 2845 in
3663 2794 3867 2848 caelesti

2287 2869 2587 2926 Jerusalem
2619 2874 2733 2926 visa
2784 2882 2933 2928 sunt.
2966 2874 3099 2931 Cum
3150 2894 3282 2950 ergo
3309 2890 3363 2934 et
3391 2881 3768 2953 Evangelistze,
3816 2896 3870 2940 et

2289 2978 2477 3018 omnes
2518 2965 2816 3034 Scriptura:
2865 2967 3259 3041 Jerosolymam
3308 2984 3545 3028 Sanctam
3595 2978 3868 3033 nominent

2290 3056 2603 3122 civitatem;
2644 3069 2698 3112 et
2725 3058 3010 3115 Psalmista
3053 3063 3350 3135 praecipiat,
3383 3076 3441 3119 ut
3482 3066 3769 3124 adoremus
3816 3071 3867 3124 in

2290 3147 2409 3201 loco
2437 3147 2520 3200 ubi
2542 3158 2782 3203 sicterum
2803 3152 2956 3221 pedes
2981 3154 3093 3223 ejus
3125 3153 3244 3225 (Ps.
3274 3157 3426 3223 l'5l),
3450 3174 3518 3213 nc
3550 3159 3622 3231 (ε)
3654 3161 3869 3231 patiaris

2289 3252 2407 3292 eam
2459 3240 2719 3309 appellari
2760 3242 3049 3298 Sodomam
3098 3254 3152 3300 et
3202 3246 3515 3319 Egyptum,
3568 3266 3667 3322 per
3712 3269 3866 3324 quam

2293 3331 2548 3385 Dominus
2583 3332 2770 3401 jurare
2808 3345 2974 3401 vetat,
2999 3338 3120 3406 quia
3151 3339 3221 3393 sit
3262 3342 3450 3396 civitas
3479 3345 3655 3414 magni
3706 3348 3864 3415 regis.

2358 3420 2412 3474 8.
2455 3420 2784 3477 Maledictum
2831 3433 3026 3481 terram
3073 3431 3386 3497 nominant,
3429 3434 3572 3503 quod
3620 3450 3864 3492 cruorem

2291 3509 2495 3564 Domini
2528 3512 2785 3569 hauserit.
2819 3516 2882 3570 Et
2908 3518 3174 3586 quomodo
3200 3520 3473 3579 benedicta
3505 3525 3617 3579 loca
3646 3535 3829 3598 putant
3850 3569 3866 3592 ,

2291 3601 2341 3654 in
2363 3603 2553 3672 quibus
2574 3603 2763 3660 Petrus
2782 3617 2835 3661 ot
2856 3607 3072 3676 Paulus,
3093 3611 3378 3668 Christiani
3400 3618 3664 3672 exercitus
3683 3617 3863 3685 duces,

2288 3693 2597 3762 sanguinem
2630 3695 2810 3752 fudere
2836 3712 2932 3767 pro
2955 3697 3204 3757 Christo?
3232 3704 3286 3759 Si
3317 3721 3592 3762 servorum
3616 3718 3669 3765 et
3695 3709 3865 3764 homi-

2291 3799 2415 3837 num
2454 3784 2719 3841 confe~sio
2759 3788 2988 3859 gloriosa
3025 3802 3142 3857 est,
3173 3810 3270 3849 cur
3309 3797 3512 3851 Domini
3542 3809 3600 3854 et
3636 3800 3729 3856 Dei
3765 3818 3867 3858 non

2289 3878 2356 3931 sit
2385 3877 2614 3948 gloriosa
2641 3881 2949 3937 confessio?
2993 3885 3056 3938 Et
3089 3885 3377 3958 Martyrum
3409 3891 3601 3960 ubique
3626 3894 3865 3963 sepulcra

2290 3983 2628 4038 veneramur,
2650 3980 2704 4025 et
2722 3971 2799 4042 (l)
2816 3982 3050 4028 sanctam
3080 3974 3308 4031 favillam
3331 3979 3499 4034 oculis
3520 3991 3862 4052 apponentes,

2291 4059 2335 4113 si
2376 4059 2535 4115 liceat
2568 4061 2727 4116 etiam
2757 4077 2850 4118 ore
2881 4065 3236 4136 contingimus
3267 4086 3280 4122 :
3306 4077 3361 4124 et
3390 4082 3786 4127 monumentum
3814 4071 3867 4126 in

2292 4166 2398 4221 quo
2439 4151 2695 4206 Dominus
2730 4153 2975 4209 conditus
3018 4165 3099 4210 est
3122 4198 3137 4221 ,
3167 4158 3380 4227 quidam
3411 4162 3677 4216 mstimant
3702 4162 3866 4232 negli-

2292 4244 2560 4312 gendum?
2595 4245 2650 4301 Si
2690 4247 2842 4302 nobis
2879 4263 2983 4301 non
3022 4249 3323 4315 credimus,
3367 4252 3648 4310 credamus
3680 4255 3868 4309 saltem

2294 4332 2505 4388 diabolo
2528 4342 2581 4390 et
2606 4336 2804 4406 angelis
2828 4336 2966 4407 ejus,
3009 4340 3099 4409 qui
3141 4342 3575 4414 quotiescumque
3598 4354 3723 4400 ante
3743 4344 3868 4399 illud

2357 4486 2430 4549 (ε)
2466 4486 2706 4555 Legimus
2719 4500 2790 4555 ex
2816 4488 3153 4555 Cisterciensi.
3167 4498 3313 4544 antea
3334 4495 3467 4545 enim
3490 4501 3599 4547 erat
3615 4496 3866 4555 (marica,

2294 4561 2392 4620 quo
2408 4550 2612 4620 nomine
2633 4550 2790 4620 multo
2806 4560 2935 4614 post,
2959 4560 3014 4620 et
3034 4554 3327 4607 Cassiodorii
3351 4565 3502 4620 aetate
3538 4564 3733 4620 septem
3773 4550 3871 4609 illae

2297 4610 2517 4681 epistolae
2539 4611 2795 4681 appellatae
2808 4610 2947 4663 sunt.
2972 4612 3129 4681 Certe
3152 4630 3396 4681 nunquam
3418 4610 3750 4681 Hieronymus
3783 4630 3873 4669 Ci.-

2505 4705 2521 4729 ,
2544 4669 2855 4743 semper
2889 4674 3165 4743 catholicos
3202 4669 3351 4739 dixit,
3391 4680 3523 4743 quod
3557 4669 3682 4730 item
3721 4681 3870 4731 hasce

2298 4732 2416 4795 ejus,
2436 4730 2702 4795 discipulas
2722 4730 2902 4786 fecisse
2923 4749 3021 4786 non
3048 4730 3345 4789 dubitamus:

2360 4792 2445 4861 (ᾳ)
2475 4792 2746 4861 Sic'tamen
2770 4796 2880 4861 ipse
2900 4810 3071 4861 earum
3088 4802 3324 4861 magister
3345 4799 3545 4852 Hieron.
3566 4802 3738 4861 sentit,
3764 4807 3872 4853 tura

2297 4853 2538 4921 alibi'tum
2562 4853 2809 4921 praecipue
2841 4856 2997 4921 Epist.
3015 4858 3099 4921 βο.
3125 4853 3198 4910 ad
3206 4861 3519 4911 Heliodorum
3561 4875 3695 4911 num.
3725 4853 3780 4914 ’5.
3821 4865 3871 4913 in

2368 4928 2447 4986 em
2469 4914 2629 4986 locum
2655 4914 2780 4986 alios
2797 4914 2994 4981 quoque
3014 4919 3193 4986 Patres
3211 4922 3503 4986 adducemus
3516 4958 3530 4980 ,
3554 4921 3828 4986 Origenetu
3853 4959 3870 4982 ,

2368 4930 2447 4964 em
2469 4930 2629 4965 iocum
2655 4930 2780 4967 auos
2797 4931 2994 4981 quoque
3014 4930 3193 4972 Patres
3211 4930 3503 4973 adducemus
3516 4958 3530 4980 ,
3554 4930 3828 4986 Urigenem
3853 4959 3869 4982 ,

2297 4930 2553 5045 gini-ium,
2575 4974 2817 5045 Rullinum
2832 5015 2846 5038 ,
2873 4987 2970 5030 etc.
2985 5015 3005 5040 ,
3024 4983 3108 5045 qui
3129 4996 3227 5033 non
3244 4985 3296 5033 in
3315 4990 3512 5034 terrena
3533 4983 3623 5033 sed
3657 5002 3682 5031 ι
3703 4985 3752 5034 in
3769 5000 3869 5035 ea:-

2300 5037 2413 5110 lesti
2446 5036 2754 5110 Jerusalem,
2794 5036 2906 5110 qua:
2938 5036 3261 5096 surrexerat
3300 5045 3649 5096 dormientis:
3669 5059 3870 5110 corpora

2298 5102 2401 5148 visa
2424 5110 2553 5157 esse,
2572 5114 2597 5143 ι
2625 5100 2915 5153 docuerunt.

2361 5158 2432 5222 (ε)
2457 5159 2609 5233 idem
2648 5159 2737 5233 his.
2786 5174 2848 5225 ex
2880 5175 2988 5233 quo
3023 5164 3170 5233 modo
3211 5163 3547 5230 supplevimus
3581 5169 3778 5221 voculas
3819 5168 3871 5222 in

2300 5218 2438 5285 loco}
2456 5220 2705 5285 ιρι-,ιρθῇι
2724 5233 2785 5271 ne
2810 5218 3011 5285 pultm-is
3031 5225 3206 5276 audire
3225 5218 3350 5283 εὰἡι.
3376 5237 3477 5280 etc.

2362 5281 2435 5342 (ι)
2468 5281 2522 5331 S.
2548 5281 2852 5333 Gaudentius
2883 5285 3045 5336 Serm.
3081 5289 3132 5336 in
3167 5288 3251 5338 die
3283 5281 3616 5341 Dedicationis
3646 5290 3867 5342 Basilica:

2298 5342 2363 5391 de
2384 5342 2699 5415 quadraginta
2720 5348 3041 5415 martyribus:
3073 5365 3096 5394 ι
3117 5348 3414 5415 Ρρι-ιίοιιεω,
3427 5351 3620 5415 inquit,
3638 5352 3868 5415 reliquia-

2300 5417 2407 5452 rum
2428 5405 2748 5465 sumpsimus;
2772 5413 2824 5457 et
2841 5405 2958 5456 nihil
2982 5420 3079 5458 non
3102 5409 3262 5459 minus
3283 5405 3534 5472 possidere
3557 5405 3867 5472 confidimus,

2298 5465 2414 5512 dum
2438 5471 2564 5515 totos
2594 5466 2907 5523 quadraginta
2944 5470 2994 5520 in
3030 5473 3134 5520 suis
3170 5470 3346 5522 favillis
3370 5473 3666 5523 honorantes
3688 5475 3870 5523 amnle-

2300 5471 2414 5512 dum
2438 5471 2564 5515 totos
2594 5471 2907 5531 quadraginta
2944 5471 2994 5520 in
3030 5473 3146 5545 suis.
3170 5471 3346 5543 favillis
3370 5473 3666 5526 honorantes
3688 5475 3869 5548 ample-

2300 5526 3000 5609 εὲππξξξτιξὲῑοςιαωηεξδριεςει
3021 5531 3209 5609 [laetas
3231 5531 3488 5609 “9:19-5-
3512 5536 3558 5609 1.-
3589 5536 3657 5587 (ιθ
3679 5534 3869 5609 Imm

2305 5600 2363 5636 vo
2398 5594 2455 5637 ut
2476 5597 2663 5656 vorat:
2694 5608 2717 5637 ι
2752 5589 2942 5656 [legum
2965 5629 2979 5652 ,
3027 5595 3212 5656 inquit,
3259 5594 3374 5643 inde
3417 5595 3655 5649 ﬁtnebres
3693 5599 3869 5649 tunica

2302 5649 2515 5711 corporis
2538 5650 2744 5701 favillam
2766 5649 3039 5717 ah'reliquo
3060 5649 3288 5718 separant
3318 5657 3503 5708 cinere.
3530 5675 3558 5704 ν
