4078 6198
259 383 330 437 de
358 383 592 438 obsessis
620 383 928 453 corporibus
955 382 1292 453 expelluntur
1311 426 1326 449 ,
1354 385 1502 455 quasi
1533 384 1583 438 in
1611 400 1840 455 conspe-

259 485 351 528 ctu
383 475 660 530 tribunalis
682 475 878 529 Christi
905 484 1104 529 stantes
1124 478 1558 542 contremiscunt,
1587 480 1803 548 rugiuut
1821 521 1838 545 ,

267 574 319 624 et
353 583 476 623 sero
516 568 698 622 dolent
739 568 1101 632 erucitixisse,
1138 584 1294 638 quem
1336 571 1574 624 timeant.
1621 571 1674 626 Si
1719 580 1842 641 post

266 661 564 728 passionem
608 660 814 713 Domini
845 660 863 728 (
892 669 945 712 ut
975 661 1228 714 scelerata
1259 675 1359 714 vox
1391 670 1676 731 concrepat
1701 661 1720 732 )
1753 661 1838 716 hic

261 751 588 805 detestabilis
618 751 764 805 locus
788 764 869 806 est
887 792 900 814 ,
929 752 1052 819 quid
1083 751 1181 806 sibi
1209 753 1374 806 voluit
1401 753 1594 808 Paulus
1617 753 1835 808 Jeroso-

261 839 455 908 lymam
484 839 732 894 festinare
757 881 771 903 ,
802 850 858 893 ut
887 841 957 893 ibi
992 839 1188 895 faceret
1217 841 1603 896 Pentecosteu?
1626 843 1714 912 qui
1747 858 1833 897 re-

259 930 546 984 nitentibus
571 946 628 984 se
655 930 904 999 loquutus
925 940 1028 997 est,
1057 931 1258 985 dicens.
1297 950 1313 982 t
1343 932 1476 998 Quid
1510 931 1678 986 fat-his
1704 932 1836 987 ﬂeu-

257 1029 340 1073 tes
380 1029 434 1074 et
478 1021 858 1075 conturbantes
883 1034 976 1074 cor
1030 1023 1244 1075 meum?
1319 1023 1478 1094 206
1552 1024 1661 1093 Ego
1691 1024 1831 1078 enim

253 1128 360 1165 non
403 1112 575 1166 solum
607 1111 778 1182 ligari,
809 1111 900 1166 sed
945 1119 1000 1167 et
1046 1115 1180 1168 mori
1213 1115 1262 1167 in
1289 1114 1583 1169 Jerusalem
1617 1127 1834 1184 paratus

250 1217 370 1258 sum
390 1220 486 1273 pro
503 1205 717 1259 nomine
737 1205 939 1258 Domini
957 1205 1080 1260 Jesu
1112 1225 1128 1257 ι
1161 1207 1296 1274 (Act.
1322 1207 1411 1261 2i.
1441 1209 1550 1276 i5).
1575 1208 1709 1275 Quid
1727 1225 1831 1263 cm-

249 1292 351 1345 teri
381 1292 560 1347 Sancti
579 1301 630 1346 et
655 1293 884 1347 illustres
909 1294 1027 1356 viri,
1056 1309 1278 1363 quorum
1305 1305 1424 1350 vota
1451 1308 1504 1351 et
1530 1298 1830 1353 oblationes

244 1390 373 1451 ροει
403 1383 829 1451 przmiicationem
849 1385 1041 1440 Christi
1055 1387 1120 1441 ad
1151 1387 1356 1453 fratres,
1387 1389 1474 1458 qui
1501 1401 1653 1444 erant
1673 1390 1829 1446 Jero-

243 1473 508 1542 solymis,
540 1473 934 1528 deferebantur.

319 1564 374 1617 9.
416 1563 656 1633 Longum
695 1575 778 1621 est
816 1582 952 1620 nunc
980 1568 1047 1621 ab
1076 1583 1297 1624 ascensu
1329 1569 1536 1625 Domini
1567 1587 1732 1641 usque
1759 1572 1825 1626 ad

245 1663 566 1723 przesentem
611 1656 751 1710 diem
801 1672 894 1726 per
933 1659 1166 1728 singulas
1212 1671 1395 1714 tetales
1438 1676 1692 1727 currere,
1736 1665 1824 1732 qui

246 1739 653 1812 Episcoporum,
681 1746 770 1814 qui
801 1747 1106 1817 Martyrum,
1135 1749 1222 1818 qui
1251 1750 1613 1819 eloquentium
1641 1752 1692 1806 in
1723 1753 1823 1807 do-

245 1834 412 1888 etrina
454 1834 823 1890 EcclesiaStica
853 1837 1084 1891 virorum
1122 1839 1362 1893 venerint
1393 1839 1778 1913 Jcrosolymam
1800 1884 1815 1907 ,

245 1934 488 1992 putantes
513 1927 689 1979 minus
717 1940 775 1980 se
804 1927 1092 1998 religionis,
1122 1930 1295 1984 minus
1326 1931 1520 1986 habere
1546 1933 1816 1998 scientize;

245 2026 345 2070 nec
368 2031 650 2080 summam,
676 2028 732 2071 ut
759 2017 969 2083 dicitur,
995 2035 1207 2074 manum
1234 2023 1505 2091 accepisse
1531 2027 1778 2078 virtutum
1800 2064 1814 2087 ,

243 2106 343 2160 nisi
376 2106 425 2159 in
453 2106 557 2160 illis
585 2106 851 2162 Christum
878 2109 1188 2164 adorassent
1217 2112 1368 2176 locis,
1399 2114 1465 2168 de
1487 2114 1676 2184 quibus
1707 2117 1816 2185 pri-

239 2211 388 2248 mum
426 2195 768 2266 Evangelium
806 2198 873 2252 de
913 2200 1146 2268 patibulo
1171 2213 1558 2257 coruscaverat.
1586 2205 1744 2261 Certe
1772 2207 1816 2261 si

237 2285 404 2338 etiam
445 2286 727 2353 praeclarus
769 2286 960 2342 Orator
1000 2290 1495 2358 reprehendendum
1525 2294 1600 2364 (η)
1638 2297 1816 2350 nescio

235 2390 396 2442 quem
439 2384 617 2444 putat,
645 2377 780 2446 quod
823 2379 1023 2433 litteras
1063 2380 1275 2435 Grzncas
1305 2397 1407 2436 non
1449 2382 1690 2450 Athenis,
1719 2387 1811 2440 sed

234 2463 477 2534 Lilybmi,
505 2463 716 2521 Latinas
747 2484 851 2522 non
881 2469 1094 2534 Romae,
1126 2471 1217 2526 sed
1251 2473 1300 2524 iu
1331 2473 1505 2527 Sicilia
1532 2474 1766 2530 didicerit
1798 2495 1810 2530 :

235 2554 376 2622 quod
421 2554 664 2611 videlicet
711 2573 1036 2628 unaqmeque
1074 2561 1342 2628 provincia
1385 2561 1574 2617 habeat
1615 2565 1812 2635 aliquid

233 2644 525 2712 preprium,
552 2645 691 2715 quod
718 2647 818 2700 alia
845 2663 994 2714 teque
1021 2649 1215 2703 habere
1239 2667 1341 2704 non
1371 2653 1567 2720 possit;
1594 2668 1689 2708 cur
1716 2671 1811 2710 nos

233 2743 476 2802 putamus
500 2734 700 2804 absque
722 2737 943 2791 Athenis
965 2739 1161 2792 nostris
1183 2743 1499 2812 quemquam
1525 2743 1589 2797 ad
1612 2744 1811 2799 studio-

231 2837 346 2877 rum
378 2825 579 2895 fastigia
610 2828 952 2896 pervenisse?

300 2915 388 2968 i0.
429 2915 538 2971 Nec
566 2917 665 2971 hoc
692 2917 952 2976 dicimus.
985 2921 1125 2989 quod
1159 2937 1442 2980 renuamus
1469 2942 1686 2997 regnum
1713 2929 1804 2984 Dei

229 3005 365 3059 Intra
395 3021 492 3059 nos
520 3023 663 3074 esse,
691 3018 746 3063 et
773 3020 986 3065 sanctos
1013 3015 1152 3068 viros
1181 3015 1338 3068 etiam
1370 3018 1420 3069 in
1453 3019 1659 3072 cmtcris
1687 3035 1805 3074 esse

226 3098 560 3165 regionibus;
589 3099 681 3154 sed
709 3101 848 3170 quod
875 3101 976 3156 hoc
998 3117 1301 3160 asseramus
1323 3106 1408 3160 vel
1436 3109 1684 3172 maxime,
1711 3125 1803 3165 eos

224 3188 312 3256 qui
345 3189 396 3242 in
437 3197 547 3242 toto
573 3189 702 3244 orbe
738 3200 858 3244 sunt
889 3191 1043 3260 primi
1069 3232 1084 3256 ,
1115 3193 1217 3248 huc
1243 3195 1442 3264 pariter
1468 3200 1798 3266 congregari.

223 3279 302 3332 Ad
342 3295 461 3348 qum
500 3296 596 3334 nos
613 3280 726 3335 loca
765 3295 868 3334 non
907 3291 963 3334 ιιι
1004 3283 1184 3350 primm
1209 3283 1308 3354 (b),
1336 3284 1430 3338 sed
1462 3297 1517 3339 ut
1545 3293 1801 3343 extrema:

221 3369 496 3436 venimus;
529 3381 586 3424 ut
610 3372 811 3440 primos
842 3371 892 3424 in
920 3371 998 3425 eis
1025 3373 1259 3426 omnium
1290 3374 1522 3443 gentium
1548 3389 1798 3430 cernerc-

219 3475 360 3513 mus.
406 3459 561 3515 Certe
597 3459 694 3514 ilos
727 3460 938 3530 quidam
969 3471 1022 3516 et
1051 3464 1462 3531 pretiosissimus
1492 3465 1624 3533 lapis
1660 3466 1798 3520 inter

222 3549 586 3604 Ecclesiastica
620 3562 928 3605 ornamenta
954 3594 970 3617 ,
1013 3552 1387 3608 Monachorum
1425 3564 1479 3610 et
1521 3554 1792 3625 Virginum

219 3639 416 3694 chorus
440 3650 542 3694 est.
566 3640 893 3710 Quicumque
923 3642 973 3695 iu
999 3642 1166 3698 Gallia
1215 3643 1373 3698 fuerit
1420 3639 1621 3713 primus
1645 3685 1660 3709 ,
1692 3647 1794 3702 huc

219 3740 485 3798 properat.
517 3731 722 3784 Divisus
751 3731 818 3784 ab
845 3734 975 3787 orbe
1003 3742 1182 3787 nostro
1210 3735 1523 3802 Britannus,
1552 3735 1598 3791 si
1630 3737 1679 3790 in
1709 3754 1795 3792 re-

217 3822 404 3891 ligione
432 3823 790 3890 processerit,
821 3825 1043 3879 occiduo
1069 3828 1181 3880 sole
1208 3827 1428 3882 dimisso
1449 3869 1465 3894 ,
1492 3831 1682 3898 quierit
1710 3831 1792 3884 10-

214 3925 331 3966 Cum
368 3911 507 3965 fama
537 3911 638 3965 sibi
671 3921 872 3966 tantum
902 3925 955 3967 ct
988 3915 1374 3983 Scripturarum
1410 3919 1666 3975 relatione
1695 3937 1790 3975 co-

211 4005 439 4072 gnitum.
467 4003 603 4068 Quid
632 4003 928 4057 referamus
952 4005 1253 4072 Armenios,
1278 4010 1399 4076 quid
1427 4009 1636 4075 Persas,
1666 4013 1790 4080 quid

211 4091 375 4146 india:
399 4133 414 4157 ,
441 4099 498 4146 et
526 4091 813 4159 Ethiopite
852 4093 1075 4163 populos
1098 4137 1112 4159 ,
1142 4096 1412 4165 ipsamque
1446 4099 1594 4166 juxta
1621 4098 1791 4172 Δεω-

211 4191 377 4252 ptum,
401 4181 628 4236 fertilem
650 4181 1049 4246 Mouachorum,
1072 4183 1293 4236 Pontum
1311 4196 1364 4238 et
1383 4184 1788 4255 Cappadociam,

212 4275 417 4346 Syriam
446 4272 628 4329 Coelen
653 4283 706 4329 et
732 4274 1168 4344 Mesopotamiam
1189 4317 1202 4338 ,
1236 4285 1528 4346 cunctaque
1556 4276 1790 4336 Orientis

212 4366 450 4420 examina
466 4366 490 4419 ?
508 4381 628 4436 quae
640 4365 789 4435 juxta
808 4366 1096 4421 Salvatoris
1159 4366 1316 4438 207
1383 4367 1676 4437 eloquium,
1698 4370 1788 4424 di-

211 4458 393 4512 centis.
417 4457 776 4527 tUbicumqne
793 4459 1170 4528 fueritcorpus,
1191 4459 1315 4514 illuc
1329 4461 1791 4530 congregabuntur

211 4551 394 4618 aquila:
419 4568 438 4602 ι
466 4549 690 4620 (Matth.
721 4550 811 4604 24.
843 4549 935 4620 2).
956 4549 1293 4605 Concurrunt
1316 4553 1379 4606 ad
1411 4552 1526 4607 hate
1555 4554 1668 4609 loca
1689 4597 1704 4619 ,
1733 4565 1788 4611 et

212 4639 535 4694 diversarum
567 4642 721 4695 nobis
752 4641 1006 4695 virtutum
1029 4643 1297 4710 Specimeu
1328 4645 1634 4700 ostendunt.
1663 4647 1782 4703 Vox

211 4731 417 4798 quidem
437 4731 671 4796 dissona,
695 4731 788 4786 sed
813 4747 913 4785 una
937 4733 1139 4802 religio.
1163 4724 1266 4788 Tot
1289 4749 1424 4802 pene
1444 4737 1780 4805 psallentium

209 4821 355 4874 chori
380 4860 395 4884 ,
422 4829 549 4890 quot
575 4823 810 4891 gentium
838 4822 1190 4879 diversitates.
1222 4823 1366 4880 Inter
1393 4825 1508 4882 htcc
1533 4827 1672 4898 (qua:
1699 4831 1781 4884 vel

210 4912 379 4980 prima
421 4911 475 4964 in
514 4911 826 4969 Christianis
866 4917 1032 4971 virtus
1071 4916 1193 4988 est)
1227 4917 1358 4972 nihil
1386 4917 1462 4990 (ε)
1484 4933 1739 4990 arrogans
1763 4961 1776 4987 ,

231 5181 244 5191 -
270 5119 365 5206 (ἔθη
387 5119 624 5206 θῗῖῖξὲῗὲ
644 5119 934 5206 κίὲίέθέὶίέπὲ,
947 5130 1029 5206 ‘1‘“
1299 5131 1780 5206 §i°“'°'“m..°991"3

205 5182 416 5252 Verrem
438 5183 624 5252 agitare
644 5183 854 5252 volebat,
867 5182 1278 5252 si_c_t'-epreheudit
1297 5182 1493 5252 Cicero,
1525 5211 1549 5240 ιι
1569 5182 1628 5244 Si
1648 5182 1782 5245 litte:

205 5240 499 5315 gestirem?»
516 5240 879 5315 .Athenis,_non
897 5240 1129 5312 Lilybaei,
1154 5240 1556 5315 Latinas—liotore,
1569 5240 1780 5306 "neuio

205 5301 366 5364 Sicilia
387 5303 655 5364 didicisses,
678 5321 701 5351 ι
729 5301 825 5356 etc.
975 5301 993 5311 ’
1114 5301 1129 5312 ⁷
1170 5341 1174 5345 .

266 5363 338 5428 (ὸ)
364 5365 540 5430 _Verha
563 5363 650 5416 sed
674 5373 724 5416 ut
753 5376 1012 5430 extrema,
1038 5372 1222 5424 omittit
1254 5375 1567 5428 Cisterciens.
1602 5389 1776 5427 exem-

205 5422 596 5502 Plét-Lﬁems
619 5441 768 5490 vero.
795 5422 1010 5496 eumque
1040 5422 1243 5487 secutus
1262 5422 1778 5502 senarium

203 5487 402 5537 extremi
422 5487 615 5550 legunt.
755 5487 762 5490 ’
924 5487 942 5496 ⁸
1382 5487 1435 5488 "
1762 5487 1774 5490 '

204 5547 355 5632 sic)-
367 5549 676 5632 lictores:
692 5551 813 5632 alii}!
826 5558 1177 5632 emanethi.
1191 5558 1258 5608 de
1278 5561 1580 5632 φηιιηοιιιία
1599 5573 1775 5622 super-

203 5607 358 5680 οίιιιςξ
383 5609 488 5680 aut
509 5629 531 5680 ς
553 5607 688 5680 ιιἱῂἰῇ
709 5607 1017 5680 ιιιτοςηιιῑή,
1057 5607 1251 5679 nunt”;
1274 5607 1719 5673 éici'b'nié’itn'ein
1734 5607 1775 5670 ’e

207 5672 380 5721 nostris
401 5671 540 5721 codd.
566 5671 688 5723 nihil
708 5675 769 5724 de
792 5671 1034 5736 jéctantio
1056 5671 1320 5744 supercilii,
1340 5671 1434 5733 etc.

1615 269 1939 327 EPISTOLA
1983 272 2160 328 XLVI.

3424 300 3530 360 49.0

1953 386 2082 440 nihil
2106 387 2173 443 de
2192 391 2514 448 continentia
2534 399 2799 466 supercilii
2821 418 2833 452 :
2854 399 3162 463 humilitatis
3187 409 3323 464 inter
3341 426 3530 471 omnes

1948 480 2211 534 contetttic
2240 490 2342 538 est.
2368 483 2695 558 Quicumque
2743 492 3060 550 novissimus
3082 497 3260 568 fuerit,
3305 501 3390 558 hic
3416 507 3529 575 pri~

1950 583 2069 622 mus
2095 578 2322 639 putatur.
2354 573 2408 626 lu
2441 584 2586 631 veste
2608 578 2748 632 nulla
2771 580 3038 650 discretio,
3063 587 3198 641 nulla
3222 573 3521 651 admiratio.

1947 657 2241 731 Utcumque
2293 665 2549 733 placuerit
2592 669 2870 739 incedere,
2903 689 3000 728 nec
3028 677 3369 737 detractionis
3401 696 3481 742 est
3505 729 3522 753 ,

1945 763 2042 804 uec
2079 749 2268 805 laudis.
2298 753 2504 824 Jejuuia
2533 773 2744 828 quoque
2779 763 3046 820 neminem
3081 767 3392 840 sublevaut;
3425 749 3524 832 nec

1944 837 2180 895 defertur
2205 843 2412 908 inedia},
2437 861 2534 902 nee
2556 849 2824 905 moderata
2844 854 3093 912 saturitas
3113 837 3520 919 condemnatur.

1945 927 2055 983 Suo
2083 931 2304 988 Domino
2325 943 2431 990 stat
2455 940 2812 1010 unusquisque
2833 952 2925 997 aut
2946 944 3104 1000 cadit.
3131 946 3299 1004 Nemo
3324 951 3525 1020 judicat

1941 1018 2192 1086 alterum,
2217 1038 2282 1077 ne
2307 1039 2337 1078 a
2365 1026 2587 1082 Domino
2607 1028 2894 1097 judicetur.
2923 1033 2990 1088 Et
3013 1035 3152 1105 quod
3176 1037 3228 1091 iu
3255 1018 3524 1112 plerisque

1941 1111 2227 1178 provinciis
2256 1112 2515 1173 familiare
2539 1129 2642 1186 cst,
2668 1131 2724 1175 ut
2748 1126 2979 1192 genuino
2999 1127 3156 1184 dente
3181 1146 3238 1186 se
3263 1111 3518 1199 lacerent.

1941 1199 2028 1253 hic
2054 1201 2260 1270 penitus
2286 1220 2392 1259 non
2421 1207 2662 1264 habetur.
2690 1211 2876 1268 Procul
2901 1215 3130 1284 luxuria,
3151 1223 3338 1290 procul
3367 1227 3520 1280 volu-

1941 1299 2078 1358 ptas.
2113 1290 2194 1364 (d)
2223 1293 2386 1348 Tanta
2419 1298 2469 1352 in
2501 1301 2613 1370 ipsa
2646 1303 2773 1359 urbe
2797 1307 3096 1365 orationum
3143 1312 3254 1368 loca
3280 1353 3295 1380 ,
3350 1324 3412 1370 ut
3451 1319 3518 1373 ad

1937 1393 1998 1433 ea
2030 1384 2358 1451 peragranda
2385 1386 2498 1443 dies
2524 1390 2769 1448 suilicerc
2794 1410 2898 1450 non
2930 1401 3117 1468 possit.

2007 1468 2096 1525 10.
2143 1470 2334 1527 Verum
2363 1485 2419 1530 ut
2446 1478 2512 1531 ad
2541 1480 2774 1538 villulam
2802 1484 3023 1557 Christi,
3056 1499 3112 1546 et
3138 1493 3315 1551 Maria:
3341 1498 3517 1554 diven-

1933 1560 2136 1615 sorium
2164 1566 2440 1622 veniamus
2461 1569 2604 1639 (pltts
2625 1575 2764 1629 enim
2794 1577 2971 1634 laudat
2997 1587 3356 1658 unusquisque
3377 1595 3517 1661 quod

1934 1649 2193 1726 possidet)
2221 1670 2325 1724 quo
2350 1671 2628 1727 sermone,
2657 1680 2758 1733 qua
2787 1682 2917 1724 voce
2943 1673 3246 1740 speluncam
3270 1649 3363 1733 tibi
3395 1649 3517 1750 pns-

1929 1752 2114 1795 sumus
2142 1742 2431 1802 Salvatoris
2460 1755 2768 1818 exponere?
2798 1757 2863 1810 Et
2890 1759 3016 1814 illud
3042 1778 3300 1836 pra'sepe,
3330 1742 3516 1840 in'qtm

1929 1826 2220 1886 infantulus
2257 1836 2449 1904 vagiit,
2482 1840 2695 1896 silentio
2734 1847 2902 1916 magis
2926 1889 2940 1913 ,
2971 1826 3128 1919 quam
3166 1826 3375 1912 iniiriuo
3399 1826 3513 1932 [ἐιι.

1926 1919 2146 1993 inﬁmo]
2194 1939 2439 1983 sermone
2484 1929 2850 1991 honorandum
2895 1949 2997 1994 est.
3048 1941 3147 1998 Ubi
3205 1957 3328 2002 sunt
3389 1919 3509 2006 iam:

1929 2015 2199 2080 porticus?
2225 2017 2311 2072 ubi
2334 2030 2516 2075 aurata
2541 2022 2847 2094 laquearia?
2874 2031 2959 2086 ubi
2984 2032 3172 2091 domus
3194 2039 3510 2099 miscrorum

1924 2105 2095 2170 [uenis
2118 2145 2132 2170 ,
2158 2115 2210 2160 et
2236 2107 2604 2166 damnatorum
2633 2114 2814 2172 labore
2839 2121 3077 2177 vestita}?
3105 2125 3191 2180 ubi
3220 2128 3386 2184 instar
3411 2147 3506 2201 pa-

1925 2195 2034 2248 latii
2060 2237 2074 2258 ,
2106 2199 2290 2266 opibus
2331 2203 2656 2271 privatorum
2694 2217 2978 2266 exstructa:
3017 2215 3250 2273 basilica;
3273 2259 3288 2284 ,
3320 2229 3379 2276 ut
3406 2195 3508 2279 vile

1925 2287 2294 2352 corpusculum
2326 2288 2558 2347 hominis
2599 2296 2880 2362 pretiosius
2920 2300 3208 2359 iuambulct
3231 2349 3246 2373 ,
3275 2318 3327 2364 et
3355 2315 3508 2380 quasi

1887 2421 1890 2424 .
1922 2377 2116 2432 mundo
2137 2380 2423 2452 quidquam
2451 2386 2618 2453 possit
2638 2402 2754 2442 esse
2775 2391 3034 2460 ornatius,
3059 2406 3201 2450 recta
3223 2377 3389 2471 magis
3409 2417 3504 2458 sua

1919 2471 2045 2526 velit
2069 2475 2327 2542 aspicere,
2353 2491 2507 2547 quam
2535 2481 2727 2535 ccelum
2748 2481 2771 2534 ?
2793 2484 2929 2540 Ecce
2956 2485 3007 2541 in
3036 2485 3135 2544 hoc
3161 2505 3320 2559 parvo
3347 2503 3504 2550 terra:

1918 2558 2174 2617 foramine
2195 2604 2211 2630 ,
2244 2566 2498 2622 etnlorum
2526 2571 2769 2626 conditor
2793 2584 2946 2630 natus
2971 2587 3054 2632 est
3080 2595 3094 2632 :
3124 2558 3209 2637 hic
3239 2584 3503 2642 involutus

1917 2655 2104 2720 pannis
2127 2696 2141 2719 ,
2174 2655 2258 2711 hic
2286 2659 2431 2714 visus
2471 2676 2498 2714 a
2548 2665 2846 2730 pastoribus
2871 2709 2884 2730 ,
2921 2667 3005 2724 hic
3039 2670 3432 2733 demonstratus
3468 2695 3500 2734 a

1914 2747 2085 2813 stella,
2113 2747 2197 2802 hic
2216 2749 2464 2806 adoratus
2486 2769 2516 2806 a
2540 2753 2730 2824 Magis.
2755 2757 2823 2810 Et
2845 2757 2930 2813 hic
2951 2769 3076 2830 puto
3099 2763 3246 2821 locus
3267 2769 3501 2823 sanctior

1913 2845 1993 2889 est
2013 2852 2144 2907 rupe
2165 2838 2408 2909 Tarpeia,
2430 2858 2545 2912 qua:
2565 2843 2632 2898 de
2651 2847 2788 2900 cmlo
2809 2850 3002 2919 smpius
3025 2851 3295 2910 fulminata
3317 2867 3498 2914 osten-

1911 2923 2006 2988 dit,
2037 2927 2176 2995 quod
2209 2928 2428 2983 Domino
2457 2931 2783 3001 displiceret.

1983 3017 2070 3069 ii.
2113 3016 2251 3087 Lege
2277 3021 2647 3092 Apocalypsim
2674 3023 2923 3093 Joannis,
2947 3037 3002 3082 et
3028 3030 3152 3098 quid
3178 3031 3243 3087 de
3271 3035 3495 3093 muliere

1911 3115 2196 3174 purpurata
2223 3147 2238 3172 ,
2271 3117 2324 3162 et
2353 3112 2546 3179 scripta
2583 3112 2632 3165 in
2659 3114 2774 3182 ejus
2804 3115 2978 3172 fronte
3013 3118 3335 3190 blasphemia
3360 3167 3375 3192 ,
3405 3141 3493 3183 se-

1908 3203 2049 3262 ptem
2070 3197 2354 3264 tuoutibus,
2379 3201 2528 3268 aquis
2546 3203 2748 3268 multis,
2769 3213 2822 3259 et
2837 3206 3121 3277 Babylonis
3137 3223 3379 3272 cantetur
3393 3233 3458 3274 cx
3473 3249 3489 3262 -

1907 3284 2001 3350 itu,
2021 3295 2295 3341 coutucre.
2330 3307 2348 3340 t
2374 3289 2545 3356 Exite,
2574 3293 2745 3363 inquit
2773 3296 3046 3365 Dominus,
3066 3301 3132 3355 de
3153 3303 3490 3376 illapopulus

1905 3389 2074 3439 meus,
2102 3387 2154 3430 et
2173 3392 2238 3432 ue
2264 3379 2548 3450 participes
2622 3385 2782 3457 208
2853 3387 2972 3442 sitis
2999 3391 3316 3450 delictorum
3347 3397 3486 3468 ejus,

1902 3475 1956 3518 et
1979 3465 2045 3518 de
2073 3467 2241 3538 plagis
2264 3467 2379 3540 ejus
2407 3487 2512 3525 non
2537 3475 2808 3544 accipiatis
2828 3494 2848 3528 ι
2875 3476 3060 3550 (Apoc.
3088 3481 3173 3538 18.
3202 3485 3278 3555 4).
3303 3465 3482 3558 (ε)Ἀι1

1899 3556 2184 3614 Jeretuiam
2210 3577 2420 3632 quoque
2449 3565 2774 3633 regrediens,
2808 3570 3060 3639 scriptum
3091 3575 3286 3642 pariter
3309 3556 3483 3635 atten-

1898 3649 1985 3714 de,
2016 3667 2035 3701 t
2065 3649 2251 3721 Fugite
2275 3651 2344 3708 de
2371 3653 2547 3709 medio
2567 3655 2874 3728 Babylonis,
2898 3671 2949 3714 et
2975 3664 3173 3720 salvatc
3195 3671 3483 3738 unusquis-

1898 3755 2003 3810 que
2045 3742 2273 3796 auimam
2322 3759 2495 3800 suam.
2544 3747 2750 3802 Cecidit
2793 3751 2932 3804 enim
2960 3792 2975 3815 ,
3016 3756 3206 3810 cecidit
3245 3758 3480 3832 Babylon

1898 3846 2086 3901 magna
2107 3873 2123 3898 ,
2151 3843 2204 3887 et
2240 3832 2374 3889 facta
2401 3843 2481 3888 est
2518 3833 2771 3891 habitatio
2796 3839 3094 3896 daemonum
3119 3884 3134 3909 ,
3161 3855 3213 3899 et
3239 3851 3480 3908 custodia

1897 3923 2069 3975 omnis
2082 3923 2560 3990 spiritusimmundi
2600 3944 2620 3977 ι
2645 3926 2872 3995 (Jerem.
2903 3930 2991 3985 5i.
3019 3933 3116 4003 8).
3139 3934 3234 3989 Est
3261 3938 3474 4007 quidem

1898 4009 1968 4063 ibi
2013 4021 2193 4066 sancta
2236 4011 2468 4067 Ecclesia
2495 4055 2510 4078 ,
2539 4024 2660 4069 sunt
2702 4017 2934 4085 trophma
2977 4021 3348 4090 Apostolorum
3373 4069 3388 4094 ,
3422 4041 3478 4084 et

1897 4097 2219 4169 Martyrum;
2250 4109 2304 4155 et
2327 4103 2525 4157 Christi
2553 4119 2676 4159 vera
2701 4107 2998 4176 confessio;
3025 4120 3108 4166 est
3130 4113 3198 4169 ab
3222 4115 3478 4186 Apostolo

1898 4191 2178 4259 prmdicata
2217 4192 2348 4247 ﬁdes
2373 4234 2386 4258 ,
2418 4204 2470 4248 et
2497 4196 2788 4264 gentilitate
2811 4199 3007 4256 calcata
3029 4243 3045 4268 ,
3078 4205 3129 4258 in
3160 4206 3387 4264 sublime
3415 4228 3475 4269 se

1896 4281 2131 4350 quotidie
2173 4283 2384 4353 erigens
2429 4287 2740 4342 vocabulum
2784 4288 3139 4351 Christianum
3176 4315 3190 4351 :
3225 4301 3318 4355 sed
3362 4303 3474 4372 ipsa

1895 4369 2134 4436 ambitio,
2165 4374 2420 4440 potentia,
2453 4378 2757 4444 magnitudo
2788 4381 2947 4448 urbis,
2979 4385 3144 4442 videri
3172 4397 3227 4444 ct
3257 4369 3469 4460 videre,

1894 4459 2109 4513 salutari
2139 4471 2194 4515 et
2221 4461 2451 4519 salutare
2472 4506 2488 4532 ,
2518 4466 2732 4523 laudare
2758 4480 2811 4524 ct
2836 4471 3150 4544 detrahere,
3179 4481 3262 4536 vel
3289 4459 3473 4542 audire

1894 4548 1979 4602 vel
2010 4550 2275 4621 proloqui,
2305 4563 2357 4608 et
2383 4564 2577 4610 tantam
2607 4556 2956 4630 frequentiam
2985 4565 3256 4626 hominum
3283 4575 3469 4632 saltem

1894 4638 2114 4694 invitum
2152 4641 2369 4707 videre,
2414 4661 2443 4699 a
2489 4651 2758 4719 proposito
2798 4653 3173 4714 Monacborum
3203 4672 3258 4717 et
3290 4665 3472 4732 quiete

1843 4755 1849 4761 -
1889 4729 2060 4784 aliena
2089 4741 2233 4786 sunt.
2278 4736 2383 4789 Aut
2413 4738 2554 4792 enim
2582 4739 2819 4797 videmus
2845 4747 3119 4804 venientes
3155 4749 3222 4804 ad
3249 4729 3347 4806 nos
3367 4794 3381 4818 ,
3415 4765 3473 4809 et

1888 4820 2156 4876 silentium
2198 4825 2466 4893 perdimus
2494 4847 2508 4882 :
2537 4841 2628 4884 aut
2669 4847 2773 4887 non
2804 4836 3044 4892 videmus
3065 4877 3081 4905 ,
3113 4847 3168 4894 et
3203 4845 3469 4910 superbia:

1887 4913 2176 4982 arguimur.
2225 4915 2598 4990 Interdumque
2627 4932 2682 4976 ut
2711 4924 3044 4982 visitantibus
3073 4929 3357 4988 reddamus
3379 4937 3466 4990 vi-

1885 5017 2001 5057 cem
2046 5004 2113 5059 ad
2159 5007 2416 5076 superbas
2461 5008 2602 5065 fores
2644 5014 2948 5084 pergimus,
2977 5024 3035 5072 et
3075 5017 3216 5075 inter
3262 5023 3466 5095 linguas

1947 5197 2026 5268 (d)
2066 5198 2175 5268 ljon
2212 5199 2332 5268 satis
2351 5200 2458 5251 hate
2479 5213 2587 5268 cum
2611 5203 2948 5267 superioribus
2991 5216 3198 5261 nectere
3234 5213 3466 5268 videntur

1882 5259 2041 5331 nobis.
2076 5259 2318 5331 Luxatum
2357 5274 2474 5331 vero
2710 5271 2767 5314 ut
2798 5259 3129 5331 suapicemur,
3170 5259 3466 5328 facit—etiam

1882 5322 2160 5398 ευρηεευπι
2177 5319 2616 5398 argenteae»
2633 5324 2843 5398 91"?ch
2861 5319 2974 5398 «sum
2997 5319 3146 5382 Βοιώ
3163 5319 3462 5398 sapias;

1881 5383 1976 5448 sub
2010 5380 2248 5448 numeris
2265 5380 2345 5432 10.
2371 5388 2424 5448 et
2449 5383 2538 5448 ii._
2558 5380 3464 5448 qudpliintotldemiverbis—Febete:

1881 5412 1975 5428 aut:
2011 5412 2230 5429 μυιιιυιω
2273 5412 2345 5432 ιν·
2371 5412 2424 5432 σι-
2450 5412 2468 5434 Ι
2485 5412 2523 5434 Io
2558 5412 2670 5448 qua:
2691 5412 2809 5436 υΙυΙΙ
2832 5412 3037 5440 ιυιιυυιιι
3073 5412 3238 5445 vernis

1881 5441 2059 5490 bantur
2083 5441 2133 5488 in
2155 5438 2290 5492 calce
2313 5444 2461 5506 epist.
2479 5443 2554 5494 43.
2572 5444 2632 5495 ad
2656 5445 2952 5512 Marcellam,
2962 5451 3093 5504 unde
3110 5412 3333 5518 expunxi

1881 5501 2012 5561 quod
2048 5510 2340 5561 argumento
2376 5511 2482 5561 est.
2513 5507 2748 5559 mobilem
2787 5511 2931 5561 istam
2967 5517 3230 5561 nerioonen
3263 5532 3333 5561 ml.

1880 5513 2012 5562 quoa
2048 5513 2100 5548 ar

1874 5562 2164 5632 jampridem
2181 5564 2386 5632 sedibus
2404 5562 2502 5632 uo'n
2523 5579 2684 5632 usque
2705 5568 2830 5623 adeo
2851 5562 2988 5624 bene;
3005 5562 3112 5627 suis

2967 5473 3093 5504 uuuc
3110 5473 3461 5518 expunxrmus,

2967 5517 3249 5594 ΡὲἓῖίὲοΡΕθ-
3263 5526 3464 5594 ωυμιιξε

1949 5589 2164 5623 upuucm
2182 5589 2386 5617 wuwus
2407 5589 2502 5638 ιιψ
2524 5589 2684 5632 usque
2705 5589 2830 5623 aueo
2851 5589 2982 5624 nene
3005 5589 3112 5627 suns
3133 5589 3254 5629 locis
3281 5589 3457 5655 aptari.

1949 5621 2548 5704 Brennum
2571 5642 2773 5696 quoque,
2799 5647 2955 5700 usque
2973 5674 2987 5698 ,
3008 5640 3202 5692 attende
3223 5644 3350 5704 apud
3373 5643 3455 5695 Vt-

2171 5510 2340 5568 mento
2376 5511 2482 5568 est,
2513 5507 2748 5559 mobilem
2787 5511 2931 5562 istam

1879 5685 2084 5734 ctori'um
2105 5685 2461 5742 desiderantur.

3097 5861 3122 5886 α
