4078 6198
316 283 426 340 ωδ

315 399 546 452 amicum
587 395 706 462 Dei,
762 395 884 464 quia
916 393 1164 466 mysteria
1202 392 1320 464 ejus
1368 392 1506 448 Scire
1535 391 1881 446 desideravit.

314 491 495 558 Itaque
515 488 658 558 quod
687 486 1010 541 venerabilis
1047 485 1205 539 Paula
1242 501 1328 539 me
1356 494 1438 538 est
1464 484 1771 552 deprecata,
1825 493 1883 536 ut

314 586 580 648 facerem,
658 585 816 655 2n
890 591 1081 648 sponte
1136 578 1638 654 faciozhortorque
1689 591 1789 630 vos
1833 583 1890 630 et

315 689 504 745 precor
522 689 619 743 per
639 672 842 726 Domini
856 672 1156 738 caritatem,
1177 681 1233 726 ut
1250 670 1402 725 nobis
1420 677 1627 724 vestros
1645 669 1888 725 tribuatis

315 772 582 833 aspectus,
634 772 689 817 et
736 779 830 830 per
874 762 1207 816 occasionem
1253 770 1555 814 sanctorum
1585 759 1890 826 Locorum,

317 863 461 907 tanto
491 868 588 907 nos
616 853 798 906 ditetis
825 867 1071 907 munere.
1103 850 1262 906 Certe
1307 851 1351 906 si
1396 851 1662 904 consortia
1708 859 1889 905 nostra

312 943 718 1012 displicuerint;
745 941 998 996 adorasse
1041 941 1128 995 ubi
1156 950 1418 995 steterunt
1451 939 1611 1009 pedes
1641 939 1888 1005 Domini,

313 1050 436 1104 pars
467 1034 590 1090 fidei
614 1045 737 1100 est;
779 1043 834 1089 et
861 1033 1010 1104 quasi
1044 1035 1279 1088 recentia
1311 1031 1598 1088 nativitatis
1627 1041 1682 1087 et
1711 1033 1888 1087 crucis

311 1141 376 1180 ac
408 1126 670 1195 passionis
697 1124 898 1180 vidisse
925 1125 1168 1194 vestigia.

385 1217 438 1272 3.
470 1216 862 1285 Opusculorum
915 1229 1182 1280 meorum,
1208 1214 1330 1285 quia
1377 1214 1600 1284 plurima
1643 1213 1893 1268 evolave—

310 1317 438 1361 runt
468 1307 534 1360 de
565 1305 751 1360 nidulo
792 1320 913 1371 suo,
965 1313 1018 1358 et
1064 1305 1350 1359 temerario
1392 1304 1645 1358 editionis
1685 1301 1890 1356 honore

311 1398 526 1468 vulgata
555 1408 697 1460 sunt,
723 1397 850 1451 nihil
875 1396 995 1450 misi
1020 1412 1036 1460 ;
1066 1412 1135 1451 ne
1159 1396 1344 1452 eadem
1375 1396 1593 1450 forsitan
1616 1395 1886 1450 mitterem

311 1505 435 1558 qua:
461 1489 720 1545 habebas.
751 1489 903 1556 Quod
927 1489 971 1543 si
1001 1489 1327 1559 exemplaria
1354 1489 1569 1544 libuerit
1605 1486 1836 1541 mutuari
1869 1527 1886 1554 ,

310 1580 395 1633 vel
435 1595 464 1633 a
492 1589 676 1634 sancta
723 1579 996 1646 Marcella,
1048 1595 1169 1647 quae
1199 1588 1376 1634 manet
1405 1577 1480 1650 (α)
1515 1579 1568 1632 in
1598 1576 1884 1642 Aventino,

310 1670 390 1724 vel
421 1685 451 1724 a
480 1669 581 1725 Lot
611 1671 866 1739 temporis
897 1670 1091 1736 nostri,
1134 1667 1450 1734 Domnione,
1483 1668 1601 1723 viro
1650 1667 1884 1722 sanctis-

310 1763 444 1816 simo
467 1761 712 1830 accipere
740 1761 961 1830 poteris.
997 1759 1112 1829 Ego
1151 1767 1330 1812 autem
1361 1758 1615 1826 Operiens
1644 1772 1883 1826 praxscn-

311 1855 434 1908 tiam
491 1864 653 1918 tuam,
684 1861 776 1906 aut
819 1860 986 1906 totum
1043 1849 1139 1905 tibi
1191 1849 1333 1904 dabo
1356 1864 1480 1903 cum
1521 1846 1761 1914 affueris,
1794 1855 1886 1901 aut

309 1944 354 1996 si
384 1942 484 1997 hoc
509 1942 699 2011 aliqua:
749 1940 1092 2010 impedierint
1124 1937 1485 2005 difficultates,
1534 1951 1884 2008 quascumque

309 2034 648 2105 praeceperis,
677 2033 848 2087 libens
891 2033 1120 2086 mittam.
1169 2029 1371 2100 Scripsi
1409 2029 1604 2084 librum
1631 2028 1700 2084 de
1745 2027 1878 2083 Illu-

306 2128 508 2182 sIribus
537 2125 700 2189 Viris,
735 2125 801 2179 ab
841 2123 1114 2194 Apostolis
1141 2137 1308 2192 usque
1361 2119 1425 2175 ad
1458 2130 1696 2175 nostram
1748 2129 1880 2174 Inta-

308 2228 438 2278 tem,
463 2217 692 2270 imitatus
715 2214 1104 2285 Tranquillum,
1127 2213 1477 2282 Grrecnmqnc
1509 2211 1878 2281 Apollonium:

304 2319 361 2362 et
391 2317 507 2376 post
533 2307 826 2376 catalogum
849 2306 1222 2375 plurimorum,
1263 2319 1347 2358 me
1389 2309 1599 2374 quoque
1631 2303 1684 2358 in
1732 2303 1880 2358 ealce

304 2396 594 2450 voluminis
645 2397 796 2466 quasi
849 2397 1149 2452 abortivum
1203 2403 1257 2449 et
1301 2394 1578 2448 minimum
1634 2395 1872 2448 omnium

301 2485 727 2539 Christianorum
767 2486 963 2555 posui;
996 2485 1084 2539 ubi
1127 2484 1256 2537 mihi
1307 2498 1530 2539 necesse
1577 2482 1676 2538 fuit
1707 2499 1878 2554 usque

299 2575 372 2629 ad
417 2576 683 2630 decimum
726 2565 972 2645 quartum
1024 2591 1222 2630 annum
1273 2573 1564 2630 Theodosii
1614 2574 1876 2644 Principis

301 2666 409 2741 [aL
460 2667 796 2735 Imperatoris
845 2677 892 2720 et
941 2665 1222 2739 Principis]
1253 2681 1372 2736 qua:
1402 2666 1708 2736 scripserim
1749 2665 1876 2723 bre-

301 2758 437 2810 viter
476 2766 736 2810 aunotare
785 2773 800 2810 :
852 2771 1008 2825 quem
1066 2756 1260 2810 librum
1303 2771 1424 2810 cum
1478 2770 1509 2808 a
1553 2755 1876 2824 supradictis

297 2847 614 2916 sumpseris,
645 2847 900 2917 quidquid
921 2847 988 2902 de
1019 2846 1189 2902 indice
1206 2847 1382 2901 minus
1403 2845 1671 2911 habueris,
1689 2847 1877 2917 paula-

299 2940 392 2994 tim
423 2939 584 2995 scribi
609 2942 814 3006 faciam,
850 2941 894 2994 si
917 2940 1165 2996 volueris.

712 3058 1035 3115 EPISTOLA
1077 3057 1287 3114 XLVIII
1344 3059 1448 3127 (ι),

297 3171 403 3227 8η]
427 3187 582 3226 LIBER
618 3186 1033 3234 APOLOGE'I'ICUS,
1079 3187 1145 3225 AD
1180 3186 1546 3235 ΡΑιιιιΑςιιιυιί,
1577 3184 1678 3225 PRO
1708 3184 1870 3224 (ΑΒΜὸ

794 3276 1001 3316 CONTRA
1039 3275 1379 3316 JOV'INIANUM.

298 3373 536 3446 Defendit
565 3390 681 3428 suos
705 3383 878 3426 contra
905 3370 1232 3425 Iovinianum
1278 3370 1431 3424 libros
1452 3412 1466 3434 ,
1507 3387 1633 3442 quos
1659 3387 1873 3442 accepe-

368 3477 448 3518 rat
477 3481 508 3518 a
553 3463 888 3518 Pammachio
913 3503 927 3526 ,
972 3479 1029 3517 eo
1075 3462 1277 3516 nomine
1314 3463 1556 3516 invidiose
1587 3463 1784 3516 traduci
1808 3462 1868 3516 ab

369 3555 783 3609 obtrectatoribus
811 3554 939 3618 suis,
984 3553 1121 3623 quod
1163 3553 1349 3606 nimius
1393 3553 1446 3606 in
1485 3541 1868 3624 Iaudemvirgi-

367 3647 540 3700 uitatis
566 3645 837 3712 videretur,
866 3653 1015 3709 atque
1041 3661 1068 3700 ε
1088 3655 1262 3699 contra
1285 3645 1502 3715 iniquior
1530 3646 1582 3698 in
1611 3646 1870 3699 matrimo-

367 3756 529 3793 θιιιιηι.

375 3851 430 3904 1.
457 3849 612 3917 Quod
644 3849 711 3904 ad
771 3859 822 3904 te
858 3848 1135 3918 hucusque
1171 3863 1276 3903 non
1311 3848 1519 3919 scripsi,
1564 3865 1725 3906 causa
1775 3852 1872 3908 fuit

295 3942 566 3996 silentium
607 3949 776 3992 tuum.
807 3939 1046 3994 Verebar
1075 3939 1238 4002 enim,
1264 3955 1330 3994 ne
1357 3942 1400 3994 si
1439 3944 1632 3997 tacenti
1662 3944 1872 3999 scribe-

295 4048 411 4086 rem
437 4071 453 4096 ,
483 4031 766 4084 molestum
841 4032 1000 4100 212
1072 4043 1158 4082 me
1185 4030 1354 4098 magis
1379 4045 1536 4098 quam
1567 4033 1864 4087 officiosum

295 4129 539 4190 putares.
569 4117 722 4172 Nunc
746 4126 920 4172 autem
955 4126 1272 4185 provocatus
1309 4117 1633 4174 dulcissimis
1682 4121 1872 4177 litteris

297 4211 422 4274 tuis,
442 4216 498 4264 et
522 4208 888 4278 hujuscemodi
921 4206 1129 4274 litteris,
1149 4223 1266 4277 qua:
1293 4223 1377 4262 me
1396 4207 1461 4262 ad
1482 4207 1869 4287 philosophiam

275 4303 461 4359 nostri
490 4301 754 4371 dogmatis
786 4308 1156 4370 provocarent,
1184 4308 1238 4355 et
1256 4299 1680 4369 condiscipulum
1701 4315 1874 4370 quon-

271 4377 414 4449 ~dam
443 4403 495 4449 et
527 4392 763 4447 sodalem
788 4400 842 4446 et
867 4391 1094 4445 amicum
1125 4390 1316 4454 obviis,
1343 4400 1400 4445 ut
1423 4392 1591 4456 aiunt,
1625 4393 1871 4447 manibus

279 4483 538 4556 excipio;
586 4484 1030 4552 defensoremque
1057 4480 1204 4554 [fort.
1233 4481 1595 4554 defensionem]
1627 4497 1870 4537 meorum

297 4572 678 4650 Opusculorum
726 4591 895 4646 paro:
927 4575 998 4628 ita
1035 4582 1213 4628 tamen
1253 4573 1300 4626 si
1335 4583 1460 4626 ante
1503 4583 1554 4628 te
1604 4573 1868 4643 placatum

293 4668 526 4738 judicem
579 4665 815 4720 habuero
862 4681 879 4720 ;
929 4665 1038 4718 imo
1082 4662 1129 4717 si
1171 4673 1440 4717 oratorem
1489 4677 1667 4718 meum
1707 4679 1871 4734 super

296 4758 542 4812 omnibus
571 4771 688 4826 quas
713 4755 766 4810 in
794 4770 879 4810 me
898 4761 1215 4824 arguuntur,
1236 4754 1562 4808 instruxero.
1595 4753 1707 4808 Hoc
1725 4754 1868 4809 enim

293 4861 348 4905 et
373 4848 448 4919 (c)
499 4847 705 4902 Tullius
749 4857 906 4909 tuus;
937 4853 992 4900 et
1023 4853 1149 4900 ante
1179 4844 1327 4899 illum
1361 4843 1414 4898 in
1468 4843 1622 4899 brevi
1669 4855 1722 4900 et
1751 4844 1869 4900 solo

367 4957 433 5066 la}
473 4958 698 5008 Eruditos
717 4960 847 5008 viros
866 4958 946 5007 hic
975 4955 1112 5007 locus
1145 4958 1196 5006 in
1220 4969 1329 5006 eam
1364 4957 1664 5006 sententiam
1689 4958 1871 5016 traxit,

295 5028 368 5089 ut_
384 5033 413 5069 a
435 5021 532 5089 ium
549 5020 610 5066 ab
629 5018 864 5089 Aquitgno
885 5019 1212 5089 Presbytero,
1228 5018 1367 5089 cujus
1389 5017 1580 5089 hortatu
1601 5027 1770 5066 contra
1789 5017 1872 5066 Vi-

335 5081 561 5130 ilantium
586 5078 910 5138 posteajiier.
932 5078 1147 5138 scripsit,
1173 5078 1492 5128 Desiderium'
1511 5078 1643 5127 hunc
1664 5091 1775 5127 esse
1797 5091 1874 5127 ar-

335 5097 561 5130 "annum
586 5097 750 5138 μυδωιι
773 5097 910 5126 nter.
932 5097 1147 5138 εει-ινδιι,
1173 5097 1492 5128 υθδιυεῑιιιῐη
1511 5097 1643 5127 nunc
1664 5097 1775 5127 €550
1797 5097 1872 5127 ar-

294 5097 698 5200 ﬁitrareptur,__et
732 5136 1001 5200 humanum
1032 5138 1265 5189 facerent.
1305 5139 1487 5188 Verum
1522 5151 1586 5187 ex
1626 5139 1719 5200 hqe
1749 5140 1872 5200 ipso,

295 5200 431 5266 quod
452 5197 694 5266 Marcellae
715 5197 976 5266 domusilli
998 5207 1288 5266 monstratur
1312 5200 1364 5248 in
1385 5200 1649 5266 Aventino,
1675 5197 1874 5266 Romam

297 5258 780 5328 hospesradvenisse
801 5294 815 5320 ,
850 5258 1058 5328 ejusque
1079 5262 1319 5328 civitatis,
1354 5275 1411 5311 ae
1434 5262 1656 5328 locorum
1681 5261 1876 5328 nescius

295 5319 611 5382 ostenditur;
638 5319 806 5383 neque
834 5319 959 5368 adeo
976 5319 1370 5384 'distinguendus
1402 5323 1594 5384 videtur
1631 5321 1788 5384 nobis
1814 5321 1876 5369 ab

292 5382 730 5448 AquitanoLquem
746 5395 894 5448 unum
916 5382 1164 5448 praetegea'
1177 5382 1376 5432 facimus
1391 5396 1500 5448 cum
1525 5382 1625 5448 illo,
1645 5383 1721 5430 cui
1746 5382 1876 5431 idem

293 5441 500 5497 Hieron.
540 5441 1260 5506 Penateuchum_ex__liebraee
1283 5447 1430 5494 vertit
1454 5452 1507 5494 et
1528 5443 1759 5506 adqusgn
1784 5455 1876 5506 ex:

296 5515 370 5558 tet
390 5507 446 5556 S.
468 5507 659 5569 Paulini
691 5504 909 5567 Epistola
932 5503 1103 5569 XLIII.
1130 5515 1183 5557 et
1201 5507 1281 5556 cui
1323 5507 1541 5569 denique
1585 5503 1644 5554 SI
1682 5503 1875 5553 Martini

293 5571 440 5630 vitam
461 5567 705 5630 Sulpicius
726 5567 987 5630 inscripsit.

384 5629 430 5692 li)
476 5625 1325 5692 4t.'80._scripta'circ.ﬁnemmmi
1359 5629 1469 5678 395.

379 5688 426 5743 cl
444 5690 634 5742 Tullius
653 5690 719 5741 de
740 5689 968 5752 Oratore,
1003 5688 1223 5742 diarcus
1243 5692 1526 5754 Antonius,»
1555 5690 1728 5754 inquit,
1762 5688 1872 5738 «cui

1649 277 1974 334 EPISTOLA
2018 278 2250 334 XLVIII.

3471 293 3579 348 ‘95

2002 392 2268 448 volumine
2310 392 2524 464 scripsit
2575 395 2876 464 Antonius,
2927 399 3157 458 Primam
3201 419 3417 461 causam
3459 423 3580 464 esse

2002 483 2257 550 victoriae,
2291 483 2572 554 diligenter
2601 501 2850 556 causam,
2895 505 2994 561 pro
3035 509 3138 563 qua
3179 495 3419 553 dicturus
3471 477 3531 554 es
3559 541 3575 568 ,

2001 571 2232 629 discere.

2071 663 2125 716 2.
2153 663 2576 735 Reprehendunt
2606 683 2694 724 me
2722 670 2964 746 quidam,
3002 673 3144 743 quod
3177 676 3228 729 in
3260 677 3411 734 libris
3440 681 3577 751 quos

2001 751 2258 808 adversus
2284 754 2628 813 Iovinianum
2652 761 2868 829 scripsi.
2899 763 3096 818 nimius
3147 764 3336 820 fuerim
3364 810 3378 832 ,
3412 773 3495 826 vel
3525 776 3576 828 in

2001 841 2156 899 laude
2179 847 2466 916 virginum,
2501 850 2582 903 vel
2634 851 2686 904 in
2738 839 3081 922 sugillatione
3128 866 3417 925 nuptarum
3450 861 3567 934 [ιιι.

2000 937 2364 1011 nuptiarum];
2407 950 2460 994 et
2482 941 2631 995 aiunt
2653 945 3157 1000 condemnationem
3179 948 3576 1017 quodammodo

2007 1039 2127 1080 esse
2154 1029 2501 1095 matrimonii,
2532 1031 2583 1084 in
2616 1041 2818 1086 tantum
2843 1034 3145 1103 pudicitiam
3178 1021 3490 1107 prmdicare,
3513 1053 3581 1102 ,ιιι

2004 1117 2148 1170 nulla
2180 1119 2426 1175 videatur
2447 1122 2584 1176 inter
2613 1139 2833 1180 uxorem
2861 1134 2916 1180 et
2947 1128 3208 1198 virginem
3241 1134 3574 1202 comparatio

1999 1205 2320 1280 derelinqui.
2358 1212 2472 1282 Ego
2504 1215 2546 1268 si
2579 1214 2715 1270 bene
2748 1217 3092 1285 problematis
3135 1223 3385 1291 memini,
3434 1225 3576 1280 inter

1998 1297 2338 1356 Iovinianum
2360 1314 2415 1357 et
2443 1319 2540 1358 nos
2568 1305 2666 1359 ista
2693 1309 2968 1364 contentio
2994 1320 3074 1366 est
3099 1353 3116 1377 ,
3148 1314 3289 1383 quod
3314 1316 3400 1371 ille
3428 1332 3575 1371 exan-

1999 1399 2126 1458 quet
2169 1390 2456 1461 virginitati
2496 1396 2709 1463 nuptias
2740 1437 2754 1460 ,
2785 1412 2885 1452 nos
2931 1400 3281 1470 subjiciamus
3313 1422 3326 1458 :
3361 1404 3456 1460 ille
3485 1407 3573 1460 vel

1998 1494 2186 1548 parum
2203 1522 2228 1548 ,,
2263 1483 2346 1537 vel
2380 1485 2552 1540 nihil:
2583 1501 2684 1542 nos
2716 1489 2944 1545 multum
2994 1493 3256 1550 interesse
3301 1496 3566 1553 dicamus.

1998 1567 2237 1640 Denique
2265 1572 2465 1628 idcirco
2499 1583 2549 1630 te
2575 1586 2693 1646 post
2715 1579 2994 1637 Dominum
3017 1584 3265 1653 faciente,
3288 1587 3571 1644 damnatus

1993 1667 2097 1721 est,
2128 1659 2266 1754 quod
2283 1677 2451 1754 ausus
2477 1664 2546 1717 sit
2573 1677 2844 1736 perpetua:
2871 1673 3096 1728 castitati
3121 1673 3215 1746 [aL
3262 1677 3561 1754 virginitati]

1993 1750 2387 1806 matrimonium
2415 1769 2752 1825 comparare.
2783 1763 2887 1814 Aut
2913 1763 2957 1816 si
2985 1764 3214 1834 idipsum
3237 1769 3389 1838 virgo
3417 1750 3565 1837 puta:

1993 1844 2098 1902 tur,
2132 1848 2184 1894 et
2232 1851 2418 1912 nupta,
2466 1859 2565 1900 cur
2601 1847 2866 1915 piacultun
2907 1854 3053 1908 vocis
3097 1855 3255 1926 hujus
3279 1859 3356 1929 (ά)
3389 1860 3561 1917 Roma

1989 1929 2174 1984 audire
2199 1948 2305 1987 non
2334 1936 2548 2004 potuit?
2588 1937 2749 2010 Virgo
2798 1957 2828 1996 a
2860 1944 2998 2012 viro,
3031 1962 3137 2002 non
3178 1950 3257 2004 vir
3299 1967 3329 2006 a
3356 1955 3561 2024 virgine

1989 2033 2295 2090 generatur.
2341 2028 2570 2085 Medium
2612 2047 2732 2088 esse
2762 2035 2892 2090 nihil
2936 2047 3268 2106 potest:aut
3296 2061 3411 2100 mea
3437 2061 3563 2102 seu.

1992 2115 2153 2170 tentia
2179 2120 2448 2188 sequenda
2499 2130 2614 2190 est,
2664 2133 2753 2178 aut
2779 2125 3065 2183 Joviaiani.
3105 2131 3160 2186 Si
3191 2135 3558 2202 reprehendor

1988 2207 2129 2275 quod
2162 2211 2372 2277 nuptias
2394 2211 2678 2279 virginitati
2731 2216 2979 2286 subjicio,
3012 2220 3260 2277 laudetur
3300 2225 3413 2293 ipse
3461 2227 3553 2296 qui

1987 2310 2284 2367 comparat.
2334 2300 2390 2356 Si
2438 2310 2615 2357 autem
2643 2303 2929 2362 damnatus
2955 2317 3036 2364 est
3064 2311 3425 2383 quimquales
3453 2330 3557 2385 pu-

1987 2387 2151 2454 tabat,
2184 2388 2455 2445 damnatio
2479 2391 2594 2462 ejus
2619 2393 2721 2448 mei
2750 2397 2928 2464 operis
2957 2399 3322 2456 testimonium
3365 2405 3460 2459 sit.
3487 2403 3544 2458 Si

1984 2480 2164 2534 Satculi
2197 2481 2439 2538 homines
2460 2483 2797 2555 indignantur
2827 2488 2883 2543 in
2922 2490 3116 2546 minmi
3142 2493 3305 2562 gradu
3352 2509 3412 2550 se
3433 2511 3555 2552 esse

1982 2587 2140 2642 quam
2170 2573 2437 2643 virgines,
2468 2577 2632 2632 miror
2657 2577 2899 2634 Clericos
2929 2589 2983 2635 et
3033 2581 3321 2639 Monachos
3350 2595 3402 2641 et
3427 2601 3560 2642 con-

1984 2661 2218 2719 tinentes
2249 2664 2298 2718 id
2322 2679 2425 2719 non
2450 2665 2669 2724 laudare
2695 2667 2838 2739 quod
2880 2669 3098 2728 faciunt.
3127 2674 3374 2731 Castrant
3406 2691 3464 2732 se
3491 2679 3561 2733 ab

1983 2753 2238 2809 uxoribus
2262 2755 2397 2820 suis,
2433 2765 2490 2810 ut
2517 2757 2792 2814 imitentur
2818 2760 3083 2832 virginum
3136 2766 3472 2832 castitatem;
3504 2779 3560 2822 et

1983 2841 2035 2896 id
2065 2843 2237 2912 ipsum
2270 2846 2456 2900 Volunt
2481 2861 2601 2902 esse
2651 2851 2950 2919 maritatas,
2985 2853 3126 2923 quod
3159 2855 3425 2924 virgines?
3454 2859 3559 2911 Aut

1976 2930 2266 3003 jnngantur
2311 2934 2488 3004 itaque
2518 2938 2772 2993 uxoribus
2816 2941 2958 3005 suis,
2989 2943 3184 3010 quibus
3213 2945 3556 3005 renuntiave-

1981 3033 2100 3076 rant
2125 3041 2136 3075 :
2161 3033 2253 3078 aut
2291 3026 2334 3080 si
2361 3040 2421 3081 se
2448 3027 2822 3096 abstinuerint,
2898 3033 3057 3104 213
3133 3032 3290 3087 etiam
3320 3043 3558 3092 tacentes

1977 3113 2371 3168 confitebuntur
2391 3116 2583 3172 melius
2601 3133 2741 3184 esse,
2761 3120 2904 3189 quod
2933 3123 3237 3190 nuptiarum
3252 3126 3397 3192 Operi
3417 3141 3555 3194 pra:-

1982 3204 2232 3258 tulerunt.
2265 3207 2346 3259 An
2371 3222 2467 3276 ego
2494 3207 2641 3261 rudis
2665 3209 2720 3263 in
2748 3211 3059 3280 Scripturis,
3085 3221 3136 3267 et
3165 3229 3303 3269 nunc
3323 3215 3552 3285 primum

1979 3314 2130 3354 sacra
2185 3300 2454 3355 volumina
2495 3302 2678 3372 legens
2704 3345 2719 3368 ,
2755 3303 2972 3370 lineam,
3003 3313 3058 3361 et
3107 3307 3193 3375 (ut
3231 3308 3302 3362 ita
3352 3308 3553 3380 dicam)

1981 3397 2138 3444 tenue
2177 3388 2388 3445 dicendi
2446 3391 2594 3446 ﬁlum
2639 3392 2776 3448 inter
2823 3393 3181 3466 virginitatem
3231 3405 3286 3453 et
3341 3401 3552 3468 nuptias

1977 3495 2195 3535 servare
2242 3497 2346 3535 non
2397 3483 2586 3551 potui?
2641 3482 2901 3562 Videlicet
2953 3487 3256 3542 nesciebam
3306 3488 3550 3545 dictum:

1978 3569 2106 3626 Noli
2142 3589 2249 3626 esse
2277 3567 2442 3639 iustus
2465 3559 2677 3628 multum
2707 3559 2876 3642 (Eccl.
2901 3568 3073 3649 7:17)
3106 3596 3119 3632 :
3153 3587 3205 3633 et
3234 3579 3358 3633 dum
3389 3595 3552 3635 unum

1976 3663 2116 3720 latus
2149 3676 2391 3737 protego,
2426 3667 2480 3722 in
2528 3667 2699 3722 altero
2729 3667 3043 3724 vulneratus
3093 3687 3210 3726 sum
3238 3687 3251 3724 :
3282 3680 3464 3742 atque,
3493 3682 3553 3728 ιιι

1948 3759 2307 3839 manifestius
2353 3760 2542 3829 loquar
2567 3799 2586 3826 ,
2617 3759 2744 3814 dum
2774 3769 2959 3839 contra
2998 3760 3333 3816 Iovinianum
3367 3773 3553 3832 presso

1975 3851 2141 3921 gradu
2172 3838 2370 3920 pugno,
2399 3864 2429 3902 a
2457 3848 2748 3902 Manichmo
2787 3838 2931 3916 terga
2960 3865 3077 3903 mea
3115 3850 3368 3904 confossa
3399 3863 3548 3908 sunt.

1982 3959 2004 3994 ι
2040 3940 2245 4003 Nonne,
2277 3953 2482 4008 qumso,
2513 3937 2692 3993 statim
2727 3937 2777 3990 in
2807 3937 3067 4004 principio
3089 3937 3270 4007 cperis
3298 3940 3404 3994 mei
3454 3941 3554 3996 ista

1979 4027 2228 4100 prznfatus
2270 4017 2387 4081 sum
2413 4028 2436 4080 ?
2476 4025 2660 4094 Neque
2689 4025 2828 4079 enim
2858 4041 2955 4080 nos
2987 4026 3267 4082 Marcionis
3297 4037 3352 4083 et
3380 4028 3548 4086 Mani-

1976 4119 2110 4176 chasi
2162 4119 2354 4188 dogma
2411 4125 2722 4182 sectantes,
2776 4117 2976 4185 nuptiis
3031 4117 3383 4176 detrahimus.
3442 4121 3553 4178 Nec

1977 4208 2181 4263 Tatiani
2203 4205 2451 4276 principis
2465 4205 2855 4261 Eucratitarum
2879 4222 3061 4262 errore
3085 4207 3316 4278 decepti,
3335 4226 3550 4266 omnem

1977 4299 2175 4354 coitum
2223 4312 2474 4367 spurcum
2529 4307 2812 4366 putamus;
2845 4298 2934 4368 qui
2962 4314 3067 4353 non
3094 4300 3266 4354 solum
3299 4303 3551 4371 nuptias,

1977 4387 2071 4444 sed
2115 4390 2264 4443 cibos
2313 4403 2548 4457 quoque,
2579 4381 2714 4458 quiis
2745 4389 2886 4443 Deus
2923 4390 3128 4444 creavit
3155 4391 3220 4446 ad
3253 4392 3506 4448 utendum
3536 4437 3552 4460 ,

1978 4478 2195 4533 damnat
2222 4485 2276 4533 et
2305 4478 2570 4547 reprobat.
2625 4478 2833 4534 Scimus
2884 4480 2935 4534 in
2980 4480 3140 4535 domo
3183 4498 3411 4552 magna,
3445 4500 3550 4540 non

1978 4571 2151 4626 solum
2195 4585 2320 4624 vasa
2346 4586 2505 4625 aurea
2535 4579 2589 4625 et
2611 4580 2866 4642 argentea
2900 4587 3043 4634 esse,
3075 4573 3167 4629 sed
3191 4586 3245 4628 et
3275 4575 3446 4644 lignea
3495 4588 3551 4629 et

1980 4663 2157 4719 fictilia
2179 4678 2204 4726 ;,
2227 4669 2282 4718 et
2308 4677 2469 4731 super
2489 4660 2906 4718 fundamentum
2937 4664 3154 4728 Christi,
3185 4665 3333 4732 quod.
3350 4665 3549 4718 Paulus

1976 4751 2308 4806 architectus
2340 4751 2515 4820 posuit
2541 4751 2610 4821 (ε)
2631 4792 2647 4818 ,
2678 4753 2812 4807 alios
2842 4753 3275 4822 supermdilicare
3320 4766 3506 4805 aurum
3529 4793 3546 4819 ,

1977 4851 2274 4912 argentum,
2307 4839 2510 4911 lapides
2561 4842 2828 4911 pretiosos
2858 4858 2872 4894 :
2904 4842 3040 4896 alios
3067 4855 3099 4896 e
3142 4841 3415 4895 contrario
3445 4840 3545 4895 [ω-

1978 5017 2058 5066 vel
2083 5019 2260 5080 primas
2283 5014 2576 5078 eloquentia:
2599 5022 2787 5080 patrum
2812 5021 3084 5080 nostrorum
3123 5014 3370 5062 tribuebat
3393 5022 3512 5062 tetas
3535 5050 3551 5074 ,

1979 5081 2053 5127 vir
2076 5075 2248 5127 natura
2271 5075 2527 5138 peracutus
2551 5075 2609 5124 et
2633 5078 2852 5138 prudens
2871 5077 2918 5138 in
2943 5087 3004 5138 eo
3025 5075 3149 5124 libro
3168 5111 3182 5135 ,
3216 5088 3387 5138 quem,
3403 5088 3552 5124 unum

1979 5138 2198 5200 reliquit,
2216 5154 2239 5181 ι
2271 5135 2370 5200 etc.
2396 5137 2623 5200 Ejusdem
2635 5135 2762 5200 libri
2777 5135 2892 5200 alibi
2910 5135 3306 5200 etiam‘mcmiuit
3341 5135 3512 5200 Cicero
3537 5171 3552 5195 ,

1980 5207 2056 5253 et.
2085 5193 2319 5260 quicum
2343 5193 2680 5260 imperfectum
2718 5197 2858 5260 dicit,
2902 5193 3222 5260 Quintilianus
3263 5193 3551 5260 saepissime.

1980 5255 2132 5308 Porto
2157 5272 2185 5306 e
2210 5257 2326 5305 Mss.
2367 5255 2611 5306 codicibus
2645 5255 2854 5317 legimus
2875 5255 3084 5317 primam
3119 5269 3313 5306 causam
3336 5255 3451 5306 esse
3488 5257 3558 5312 vs?-

1979 5319 2164 5388 ctoriw,
2186 5331 2276 5380 pro
2295 5330 2392 5380 quo
2416 5317 2534 5365 editi
2565 5316 2728 5365 minus
2769 5322 2908 5366 recte
2941 5316 3154 5380 primam
3171 5328 3334 5368 causis
3357 5330 3459 5369 esse
3481 5319 3554 5370 oi-

1980 5389 2198 5430 (ιοηαηι.

2049 5438 2116 5504 (τι)
2144 5436 2286 5504 Haud
2310 5435 2627 5504 intelligimus
2644 5451 2730 5504 cur
2741 5451 2912 5488 omnes
2933 5446 3046 5488 ante
3067 5438 3395 5504 Ennianasum
3413 5440 3552 5504 editi,

1980 5499 2078 5551 imo
2106 5499 2167 5550 et
2199 5499 2317 5560 Mss.
2354 5511 2450 5546 non
2483 5501 2620 5560 pauci
2659 5500 2860 5560 legant,
2888 5509 3044 5551 nomn:
3074 5501 3343 5553 Victorinus
3376 5502 3524 5554 aurtir

1979 5561 2260 5629 non-potuit:
2300 5559 2950 5629 Placuit’tamenmonuisse
2994 5561 3260 5629 lectorem,
3291 5564 3488 5629 quando

1981 5621 2123 5684 nobis
2145 5621 2263 5684 nihil
2287 5627 2395 5684 post
2415 5621 2724 5671 Benedictio.
2752 5621 3014 5684 editionem
3038 5632 3116 5675 est
3137 5621 3464 5684 immutatum.

2049 5683 2110 5752 (θ)
2151 5682 2308 5735 Antea
2331 5690 2438 5734 erat
2461 5684 2506 5732 in
2532 5684 2732 5734 instanti
2750 5682 2873 5735 alius
2902 5683 3274 5749 supcrwdiﬁcat.
