4078 6198
563 308 663 363 ωδ

562 438 709 487 num,
762 423 924 492 ligna,
953 420 1219 488 stipulam.
1272 414 1386 470 Non
1441 416 1745 484 ignoramus
1788 409 2133 464 honorabiles

563 513 800 584 nuptias,
847 521 901 567 et
927 510 1103 565 cubile
1142 505 1565 561 immaculatum.
1624 503 1875 572 Legimus
1906 500 2131 570 primam

563 605 657 660 Dei
687 603 1000 659 sententiam
1037 617 1051 654 :
1084 597 1301 652 Crescite
1327 606 1374 653 et
1400 595 1831 664 multiplicamini,
1860 605 1907 646 et
1947 591 2136 662 replete

561 705 743 750 terram
774 691 923 764 (Gen.
959 691 1009 746 i.
1039 689 1155 760 28).
1203 689 1310 745 Sed
1360 688 1429 743 ita
1483 687 1696 756 nuptias
1726 686 2035 754 recipimus,
2077 692 2136 736 ut

561 783 936 854 virginitatem,
968 795 1088 850 qum
1129 779 1196 834 dc
1231 778 1432 848 nuptiis
1478 776 1734 842 nascitur,
1766 773 2132 844 prmfcramus.

558 871 823 942 Numquid
855 880 1134 940 argenturm
1176 883 1282 922 non
1314 867 1417 921 crit
1437 875 1736 936 argentum,
1767 866 1810 919 si
1834 878 2022 918 aurum
2050 879 2136 916 ar-

554 975 713 1033 gento
746 964 1036 1034 pretiosius
1083 961 1199 1016 est?
1229 970 1322 1015 aut
1361 959 1572 1014 arboris
1614 968 1668 1013 et
1711 957 1908 1026 segetis
1947 965 2136 1010 contu-

555 1055 710 1110 melia
736 1062 840 1118 est,
876 1053 922 1108 si
955 1051 1122 1107 radici
1156 1061 1210 1104 et
1237 1049 1402 1115 foliis,
1432 1049 1610 1102 culmo
1651 1056 1706 1102 et
1745 1048 1944 1111 aristis,
1978 1059 2134 1114 poma

553 1145 910 1214 prieferantur
935 1153 991 1198 et
1016 1142 1261 1198 fructus?
1288 1139 1358 1196 Ut
1385 1155 1542 1212 poma
1567 1155 1630 1195 cx
1654 1140 1867 1203 arbore,
1905 1138 2136 1192 frumen-

556 1249 670 1292 tum
709 1251 774 1293 ex
802 1235 1016 1306 stipula,
1045 1235 1115 1289 ita
1143 1233 1420 1303 virginitas
1446 1248 1511 1286 ex
1552 1231 1770 1300 nuptiis.
1799 1229 2137 1284 Ceutesimus

555 1337 610 1382 et
636 1327 1006 1397 sexagesimus
1050 1335 1102 1378 et
1131 1323 1433 1379 tricesimus
1465 1321 1690 1385 fructus,
1721 1336 2026 1390 quanquam
2067 1319 2135 1373 de

557 1433 660 1473 una
693 1428 858 1482 terra,
881 1426 936 1470 et
961 1415 1028 1470 de
1057 1430 1157 1469 una
1189 1425 1429 1469 semente
1461 1420 1733 1477 nascatur,
1772 1419 1948 1464 tamen
1993 1409 2136 1463 mul-

557 1521 672 1565 tum
705 1508 887 1563 differt
937 1507 988 1560 in
1020 1521 1262 1560 numero.
1301 1505 1540 1572 Triginta
1588 1503 1893 1556 referuntur
1928 1500 1994 1554 ad
2039 1516 2138 1555 nu-

557 1602 725 1671 ptias,
754 1601 876 1671 quia
925 1607 978 1653 et
1007 1598 1085 1669 (α)
1133 1599 1246 1666 ipsa
1284 1595 1569 1665 digitorum
1602 1593 1934 1662 conjunctio,
1980 1591 2131 1661 quasi

560 1691 704 1748 tnoili
745 1689 929 1744 osculo
973 1703 1032 1742 se
1083 1686 1426 1755 compiexans
1456 1694 1506 1739 et
1539 1684 1807 1738 fmderans
1833 1725 1847 1748 ,
1882 1683 2133 1737 maritum

562 1779 732 1854 pingit
760 1787 814 1832 et
842 1777 1146 1846 conjugem.
1182 1775 1468 1844 Sexaginta
1514 1789 1642 1829 vero
1689 1774 1756 1827 ad
1807 1773 2015 1838 viduas,
2067 1787 2134 1828 eo

561 1869 702 1942 quod
726 1869 777 1922 in
801 1870 1044 1938 angustia
1064 1875 1116 1920 et
1139 1865 1480 1920 tribulatione
1511 1865 1620 1922 sint
1662 1865 1867 1933 positae.
1897 1863 2049 1919 Unde
2085 1872 2137 1917 et

562 1960 827 2029 superiori
856 1957 1022 2027 digito
1051 1957 1424 2026 deprimuntur
1446 1974 1459 2010 :
1479 1956 1600 2024 quia
1637 1965 1834 2024 quanto
1861 1955 2030 2025 major
2056 1965 2138 2010 est

551 2047 843 2104 difﬁcultas
869 2055 1106 2116 experta:
1135 2045 1402 2115 quondam
1434 2045 1720 2114 voluptatis
1749 2045 2013 2099 illecebris
2041 2045 2136 2099 ab-

561 2141 802 2205 stinere,
850 2148 996 2193 tanto
1041 2138 1211 2208 majus
1286 2135 1446 2210 214
1519 2147 1601 2191 est
1641 2137 1939 2206 prmmium.
1973 2138 2138 2191 Porro

569 2243 825 2282 numerus
840 2231 1168 2284 centesimus
1196 2228 1400 2298 (qua-so
1413 2226 1696 2296 diligenter
1709 2227 1876 2282 lector
1895 2227 2136 2296 attende)

559 2321 627 2376 de
649 2319 866 2375 sinistra
891 2318 1211 2373 transfertur
1227 2317 1291 2371 ad
1309 2317 1584 2373 dexteram
1613 2335 1625 2369 :
1651 2328 1704 2372 et
1722 2318 1908 2372 iisdem
1924 2319 2135 2388 quidem

562 2411 778 2481 digitis;
808 2411 901 2466 sed
931 2427 1035 2465 non
1059 2410 1248 2466 eadem
1272 2426 1455 2476 manu,
1484 2411 1675 2480 quibus
1701 2411 1752 2464 in
1781 2411 1936 2476 laeva,
1961 2421 2138 2481 nuptae

568 2503 932 2572 signiﬁcantur
966 2513 1020 2557 et
1069 2503 1276 2569 vidum,
1306 2502 1564 2556 circulum
1621 2501 1841 2567 faciens,
1890 2504 2140 2572 exprimit

563 2594 881 2663 virginitatis
907 2609 1185 2648 coronam.
1231 2611 1250 2644 ι

635 2687 686 2739 5.
729 2687 836 2741 Oro
861 2696 929 2750 te,
962 2687 1050 2756 qui
1079 2687 1192 2740 lucc
1214 2685 1465 2755 iOquitnr,
1492 2686 1708 2740 damnat
1739 2689 1993 2757 nuptias?
2028 2689 2137 2740 Au-

562 2792 680 2838 rum
729 2777 1104 2846 virginitatem,
1159 2785 1435 2848 argentum
1465 2777 1694 2834 diximus
1721 2779 2138 2831 matrimonium.

560 2867 922 2922 Ceutesimum
961 2875 1015 2922 et
1051 2867 1439 2936 sexagesimum
1471 2875 1525 2919 et
1555 2867 1880 2921 tricesimum
1914 2866 2138 2922 fructum

561 2957 629 3012 de
653 2967 752 3010 una
775 2966 912 3011 terra
931 2957 1294 3024 exposuimus,
1314 2965 1367 3010 et
1390 2956 1456 3011 de
1480 2973 1581 3010 una
1605 2967 1846 3011 semente
1871 2959 2138 3027 generari,

562 3048 685 3102 licet
712 3047 937 3101 multum
985 3045 1197 3104 differat
1245 3047 1297 3100 in
1333 3062 1576 3102 numero.
1610 3048 1675 3102 Et
1724 3049 2002 3118 quisquam
2034 3057 2138 3102 tam

563 3135 772 3204 iniquus
794 3136 962 3192 lector
987 3136 1110 3202 erit,
1141 3145 1198 3190 ut
1228 3152 1335 3190 non
1362 3153 1425 3191 ex
1455 3137 1588 3192 meis
1607 3137 1793 3204 dictis,
1828 3139 1921 3192 sed
1949 3154 2012 3193 ex
2043 3154 2140 3193 suo

562 3243 646 3281 me
672 3243 831 3284 sensu
853 3228 1095 3298 judicet?
1126 3229 1195 3284 Et
1221 3239 1368 3285 certe
1392 3231 1560 3285 multo
1595 3231 1972 3288 clementiores
2014 3248 2138 3304 erga

559 3320 804 3388 cnnjngia
834 3320 1026 3375 fuimus
1052 3362 1065 3383 ,
1112 3322 1358 3376 omnibus
1379 3321 1450 3393 (ὑ)
1478 3337 1611 3391 pene
1635 3323 1836 3378 Latinis
1861 3334 1914 3379 ct
1939 3323 2141 3380 Grzecis

562 3410 981 3473 Tractatoribus,
1012 3411 1102 3479 qui
1125 3412 1474 3465 centesimum
1499 3429 1775 3468 numerum
1794 3414 1856 3467 ad
1885 3415 2141 3486 Martyres

565 3500 826 3566 referunt,
852 3502 1244 3571 sexagesimum
1287 3501 1352 3556 ad
1396 3502 1679 3573 Virgines,
1724 3507 2049 3560 tricesimum
2073 3508 2138 3561 ad

563 3591 766 3644 Viduas
798 3607 812 3647 :
843 3601 1002 3661 atque
1026 3592 1093 3645 ita
1117 3592 1174 3646 fit
1197 3592 1348 3661 juxta
1372 3593 1583 3647 illorum
1614 3597 1954 3661 sententiam,
1986 3608 2040 3650 ut
2073 3598 2140 3652 de

567 3683 703 3736 bona
739 3693 904 3748 terra,
937 3692 992 3737 et
1021 3682 1088 3738 de
1115 3683 1508 3751 patrisfamilias
1546 3685 1750 3739 semine
1793 3686 2141 3742 excludantur

567 3775 762 3828 mariti.
795 3773 989 3828 Verum
1022 3773 1093 3844 (e)
1127 3789 1194 3828 ne
1226 3774 1276 3828 in
1301 3774 1562 3844 principio
1589 3785 1808 3842 cautus,
1843 3778 1893 3830 in
1921 3778 2140 3847 reliquis

562 3864 783 3919 forsitan
810 3862 1142 3934 improvidus
1169 3863 1360 3920 fuerim
1396 3880 1410 3918 :
1443 3880 1621 3920 nonne
1652 3874 1772 3936 po-t
1799 3867 2138 3936 partitionem

558 3954 822 4022 opusculi,
871 3970 990 4012 cum
1018 3954 1085 4009 ad
1115 3956 1438 4025 quaestiones
1481 3956 1740 4024 venirem,
1765 3959 1942 4012 statim
1963 3959 2136 4028 intuli,

568 4066 587 4095 ι
629 4043 736 4098 Vos
763 4059 944 4112 quaeso
964 4044 1238 4115 utriusque
1261 4060 1423 4101 sexus
1446 4046 1678 4116 virgines
1704 4056 1758 4102 et
1779 4051 2136 4117 continentes,

559 4133 734 4185 mariti
763 4146 973 4202 quoque
999 4141 1054 4187 et
1078 4133 1295 4202 digami,
1353 4143 1411 4187 ut
1441 4144 1664 4190 conatus
1703 4151 1853 4193 meos
1880 4139 2138 4196 orationi-

564 4224 663 4275 bus
693 4221 978 4289 adjuvetis.
1017 4241 1036 4274 ι
1065 4223 1385 4278 Cunctorum
1427 4225 1478 4279 in
1519 4240 1804 4283 commune
1823 4227 2140 4304 Jovinianus

569 4310 738 4364 hostis
763 4319 867 4365 est.
901 4310 1135 4378 Quorum
1157 4328 1256 4383 ego
1281 4315 1613 4371 orationibus
1636 4318 1844 4388 indigeo
1870 4361 1884 4386 ,
1924 4330 1978 4376 et
2004 4337 2139 4391 quos

495 4404 505 4440 ι’
559 4402 837 4470 adjutores
865 4403 970 4458 mei
1019 4405 1198 4474 aperis
1230 4421 1441 4475 precor,
1486 4423 1580 4462 eos
1613 4423 1827 4478 possum
1862 4411 2136 4473 lilanichati

560 4508 745 4548 errore
767 4492 1041 4551 damnare.

635 4587 690 4640 4.
733 4586 1022 4641 Curramus
1061 4587 1128 4641 ad
1182 4588 1407 4658 reliqua.
1462 4590 1642 4659 Neque
1693 4595 1835 4648 enim
1887 4595 2137 4665 Epistolas

565 4678 798 4736 brevitas
829 4680 1027 4750 patitur
1063 4683 1263 4738 diutius
1304 4685 1356 4737 in
1387 4685 1608 4753 singulis
1639 4687 1931 4742 immorari.
1965 4690 2135 4745 Inter-

564 4779 833 4838 pretantes
855 4770 981 4825 iilttd
1017 4771 1256 4842 Apostoli
1285 4773 1645 4827 testimonium
1680 4793 1692 4828 :
1723 4793 1740 4825 ι
1769 4773 1915 4830 Uxor
1937 4780 2135 4847 proprii

558 4861 800 4930 corporis
821 4860 904 4917 sui
935 4877 1040 4917 non
1058 4861 1218 4917 habet
1247 4871 1590 4932 potestatem,
1617 4864 1708 4918 sed
1741 4864 1820 4918 vir
1847 4879 1861 4916 :
1890 4864 2136 4922 similiter

561 4961 614 5007 et
643 4953 722 5006 vir
750 4953 991 5022 corporis
1012 4954 1092 5008 sui
1122 4970 1228 5008 non
1256 4953 1416 5008 ιιὼρι
1445 4963 1785 5024 potestatem,
1819 4957 1910 5011 sed
1940 4974 2126 5018 uxor.»

625 5163 691 5232 (α)
729 5165 849 5235 Ilaec
870 5167 919 5218 in
943 5167 1047 5235 ipso
1058 5176 1234 5235 contra
1255 5169 1491 5235 Joviniau.
1519 5167 1664 5229 libro,
1690 5178 1741 5220 et
1765 5173 1812 5221 in
1835 5171 2049 5235 Epistola
2074 5174 2133 5223 ad

557 5226 931 5291 Agerughiama
957 5226 1228 5291 nobisit'use
1261 5232 1578 5291 explicantur.

626 5287 692 5397 (ὁ.)
732 5287 814 5337 Sic
831 5303 862 5338 e
885 5289 1072 5360 Latinis
1092 5290 1144 5339 S.
1172 5287 1433 5363 Cyprianus
1451 5292 1515 5340 de
1539 5291 1719 5363 liabitu
1744 5291 1993 5363 Virginum
2023 5308 2131 5356 pro-

693 5361 806 5397 nem
826 5384 842 5397 .
873 5367 896 5395 ι
918 5350 1114 5397 Primus
1137 5365 1265 5397 ennu
1306 5362 1616 5397 centenarms
1653 5354 1909 5397 Martvrnm
1951 5362 2131 5397 inmitis:

562 5350 639 5412 pe'
661 5350 806 5399 linem
826 5384 856 5415 ,_
873 5367 896 5395 ι
918 5350 1114 5400 Primus
1137 5350 1265 5415 enim
1306 5357 1616 5404 centenarius
1652 5350 1910 5415 Martyrum
1949 5350 2134 5406 fructus

562 5409 656 5474 est,
675 5409 919 5474 secundus
937 5414 1290 5474 sexagenarius
1312 5421 1477 5462 vester
1501 5421 1594 5469 est,
1616 5431 1638 5460 ι
1670 5424 1762 5464 etc.
1775 5409 1916 5464 'ltem
1943 5425 1994 5465 et
2015 5416 2134 5465 Pru-

559 5469 756 5540 dentius
777 5468 832 5540 in_
851 5468 1150 5540 memine'de
1172 5473 1226 5522 S.
1250 5472 1464 5535 Agnete,
1484 5480 1536 5522 et
1555 5468 1639 5526 lib.
1666 5475 1714 5533 2.
1739 5477 1973 5526 adversus
1995 5477 2129 5540 Sym-

561 5529 781 5591 machum
803 5529 868 5591 de
891 5530 1096 5591 virgine.

687 5587 778 5657 git:
801 5587 1083 5657 deciestseni
1101 5592 1384 5657 rediguntur
1408 5593 1463 5657 in
1477 5594 1650 5646 Iwrrea
1680 5598 1882 5657 fructus.

619 5648 660 5711 β
685 5647 873 5711 Crgjcis
895 5648 1143 5711 adducitur
1166 5647 1407 5711 Urigenes
1428 5655 1603 5702 llomil.
1634 5647 1751 5709 ἰδία
1775 5657 1942 5708 Josuc.

641 5706 704 5783 (ej
746 5705 983 5758 Victorius
1002 5721 1058 5755 ne
1076 5705 1352 5772 particulzuu
1378 5728 1436 5762 ex
1445 5717 1631 5779 pungit.

1830 294 2069 350 S.\NCTI
2113 294 2482 353 ΙΙΙΕΠΟΝΥΜΙ

3724 311 3834 367 496

2251 409 2326 478 (Ι.
2352 409 2466 464 Cor.
2495 409 2574 484 7),
2605 407 2706 465 hoc
2735 411 3106 482 subjunximus
3137 415 3339 486 (Lib.i.
3361 433 3408 472 ε.
3439 419 3496 488 4)
3528 436 3541 472 ;
3579 439 3598 472 ι
3637 421 3832 480 Omnis

2244 501 2360 556 haec
2397 503 2622 571 qumstio
2664 503 2732 559 de
2770 504 2853 559 his
2879 514 2958 560 est
3000 506 3169 576 quiin
3200 509 3546 566 matrimonio
3575 524 3726 580 sunt,
3757 533 3829 571 an

2243 591 2321 645 eis
2362 591 2520 647 liceat
2568 609 2762 649 uxores
2800 594 3070 652 dimittere
3099 637 3114 662 ,
3171 599 3313 668 quod
3367 609 3422 655 et
3461 602 3722 658 Dominus
3771 607 3827 661 in

2243 680 2531 750 Evangelio
2558 684 2842 752 prohibuit.
2879 685 3030 742 Unde
3059 695 3114 742 et
3140 690 3425 758 Apostolus
3455 708 3468 744 :
3500 691 3706 748 Bonum
3731 707 3826 762 est,

2242 773 2350 837 ait,
2416 774 2606 830 homini
2651 793 2860 832 uxorem
2905 777 2984 850 (tl)
3036 781 3114 834 vel
3161 781 3420 838 mulierem
3470 800 3572 838 non
3618 794 3829 856 tangere

2243 863 2564 933 (Matt/1.5):
2591 867 2741 935 quasi
2771 868 2823 921 in
2848 877 2990 923 tactu
3015 870 3133 936 ejus
3178 871 3472 939 periculum
3521 874 3628 940 sit,
3672 877 3826 945 quasi

2242 955 2331 1022 qni
2362 970 2479 1009 eam
2511 957 2743 1026 tetigerit
2791 972 2895 1012 non
2921 960 3130 1013 evadat.
3160 960 3314 1017 Unde
3341 973 3394 1017 et
3421 961 3624 1034 Joscph
3651 1007 3668 1031 ,
3699 967 3826 1036 quia

2243 1043 2390 1096 illum
2417 1055 2634 1114 tangere
2681 1046 2891 1100 volebat
2918 1047 3200 1119 A3gyptia,
3249 1051 3454 1120 fugiens
3481 1053 3548 1109 de
3575 1055 3828 1113 manibus

2243 1132 2358 1200 ejus
2377 1135 2597 1203 pallium
2612 1136 2824 1204 abiecit.
2841 1137 2946 1192 Sed
2969 1142 3090 1208 quia
3108 1141 3196 1209 qui
3212 1143 3381 1196 semel
3398 1142 3550 1198 duxit
3570 1160 3820 1213 uxorem,

2245 1225 2344 1282 nisi
2359 1241 2421 1279 ex
2445 1242 2710 1282 consensu
2737 1243 2796 1284 se
2821 1243 2926 1284 non
2953 1231 3094 1285 valet
3119 1231 3408 1297 abstinere,
3488 1236 3647 1308 215
3723 1253 3825 1292 nec

2241 1313 2370 1370 dare
2398 1317 2678 1385 repudium
2709 1335 2812 1372 non
2837 1321 3095 1388 peccauti,
3119 1323 3306 1377 reddat
3327 1325 3536 1395 conjugi
3556 1327 3820 1392 debitum,

2241 1407 2362 1474 quia
2395 1416 2585 1476 sponte
2612 1424 2671 1463 se
2703 1410 2956 1480 alligavit,
2990 1421 3046 1465 ut
3085 1413 3312 1468 reddere
3337 1428 3673 1486 cogeretur.»
3717 1420 3820 1487 Qui

2243 1497 2452 1552 Domini
2483 1499 2609 1553 dicit
2637 1515 2758 1554 esse
2783 1510 3126 1568 prazceptum.
3155 1520 3220 1557 ne
3241 1505 3575 1562 dimittantur
3601 1525 3815 1575 uxores,

2241 1599 2294 1642 et
2332 1589 2533 1658 absque
2563 1605 2850 1655 consensu,
2883 1611 2901 1644 ι
2926 1593 3076 1658 Quod
3115 1595 3252 1649 Deus
3283 1598 3557 1666 conjunxit
3589 1640 3604 1664 ,
3658 1601 3820 1656 homo

2241 1696 2346 1733 non
2377 1692 2586 1748 separet
2615 1700 2634 1732 ι
2671 1681 2884 1747 (Matth.
2915 1683 2999 1738 19.
3025 1687 3108 1753 6),
3144 1685 3231 1740 hic
3265 1696 3441 1755 potest
3469 1689 3573 1743 dici
3607 1693 3820 1761 nuptias

2241 1769 2640 1826 condemnare?
2674 1772 2902 1827 Rursum
2938 1775 2988 1828 in
3031 1779 3377 1844 sequentibus
3406 1797 3418 1832 :
3457 1799 3476 1832 ι
3504 1780 3608 1836 Sed
3651 1799 3817 1837 unus-.-

2241 1862 2465 1929 quisque
2491 1902 2504 1925 ,
2539 1864 2632 1930 ait,
2677 1863 2833 1918 habet
2867 1867 3140 1934 proprium
3177 1867 3376 1922 donum
3417 1885 3481 1924 ex
3514 1872 3642 1929 Deo.
3669 1875 3819 1930 Alius

2241 1952 2454 2021 quidem
2502 1953 2577 2006 sic
2598 1994 2612 2018 ,
2645 1953 2782 2008 alius
2812 1965 2988 2009 autem
3018 1957 3093 2010 sic
3129 1975 3147 2008 ι
3186 1958 3263 2027 (ι.
3295 1959 3411 2014 Cor.
3433 1962 3486 2014 7.
3521 1962 3596 2032 7).
3647 1962 3819 2030 Quam

2241 2044 2560 2097 sententiam
2582 2059 2679 2098 nos
2705 2055 3038 2113 exponentes
3069 2047 3206 2116 (Lib.
3241 2050 3290 2103 1.
3321 2066 3365 2102 c.
3393 2052 3470 2120 8),
3495 2052 3817 2107 hmcintuli-

2243 2147 2362 2186 mus
2392 2151 2404 2186 :
2441 2151 2461 2184 ι
2497 2132 2655 2200 Quid,
2685 2134 2874 2204 inquit,
2923 2137 3078 2190 velim
3104 2178 3119 2202 ,
3167 2142 3498 2208 perspicuum
3551 2152 3652 2196 est.
3711 2144 3817 2199 Sed

2241 2222 2493 2290 quoniam
2524 2222 2575 2276 in
2621 2224 2856 2279 Ecclesia
2888 2225 3094 2281 diversa
3125 2238 3250 2282 sunt
3276 2231 3411 2284 dona
3434 2273 3448 2297 ,
3481 2234 3716 2288 concedo
3765 2245 3820 2290 et

2244 2312 2476 2381 nuptias,
2510 2328 2577 2368 ne
2607 2313 2790 2370 videar
2809 2315 3065 2372 damnare
3087 2329 3353 2374 naturam.
3389 2320 3664 2391 Simulque
3684 2340 3817 2378 con-

2241 2402 2438 2470 sidera,
2467 2404 2606 2472 quod
2635 2404 2778 2458 aliud
2809 2405 3008 2461 donum
3039 2409 3352 2479 virginitatis
3379 2411 3442 2464 sit
3470 2453 3485 2477 ,
3531 2414 3677 2468 aliud
3721 2432 3818 2470 ειυς

2244 2495 2491 2563 ptiarum.
2539 2497 2594 2550 Si
2640 2497 2782 2551 enim
2811 2498 2996 2553 eadem
3024 2510 3168 2555 esset
3209 2517 3413 2557 merces
3454 2515 3734 2573 nuptarum
3764 2520 3818 2565 et

2243 2587 2526 2656 virginum,
2557 2603 2887 2659 nequaquam
2911 2590 3132 2646 dixisset
3159 2604 3277 2662 post
3300 2607 3616 2666 prrcceptum
3642 2603 3816 2654 conti-.

2245 2679 2439 2732 nentize
2472 2695 2486 2731 :
2519 2679 2624 2734 Sed
2653 2682 2992 2753 unusquisque
3033 2675 3295 2754 proprium
3342 2687 3486 2741 habet
3532 2690 3720 2743 donmn
3758 2708 3820 2746 ex

2245 2770 2386 2825 Deo:
2420 2773 2563 2826 Alius
2583 2774 2783 2841 quidem
2813 2775 2904 2839 sic,
2929 2777 3065 2832 alius
3094 2788 3257 2832 autem
3275 2780 3366 2834 sic.
3397 2779 3496 2836 Ubi
3522 2784 3819 2850 proprietas

2243 2861 2573 2931 singulorum
2595 2873 2695 2928 est,
2721 2865 2792 2920 ibi
2823 2866 3138 2922 altrinsecus
3157 2869 3454 2925 diversitas.
3486 2871 3733 2928 Concedo
3763 2885 3820 2932 ot

2246 2954 2455 3021 nuptias
2485 2969 2606 3008 esse
2633 2954 2834 3012 donum
2869 2957 2981 3024 Dei,
3025 2958 3117 3014 sed
3148 2960 3286 3014 inter
3311 2961 3508 3015 donum
3540 2973 3594 3017 et
3618 2963 3814 3020 donmn

2245 3058 2432 3112 magna
2463 3044 2744 3100 diversitas
2767 3055 2870 3101 est.
2904 3048 3140 3118 Denique
3169 3059 3221 3104 et
3246 3051 3532 3120 Apostolus
3573 3054 3642 3110 de
3680 3071 3816 3125 quo-

2243 3134 2365 3188 dam
2410 3144 2528 3204 post
2570 3136 2831 3192 incestum
2860 3139 3152 3208 pmnitente
3185 3161 3198 3196 :
3228 3141 3277 3195 E
3299 3148 3572 3210 contrario,
3623 3149 3810 3216 inquit,

2243 3223 2429 3278 donate
2455 3227 2500 3278 ei
2524 3235 2569 3278 et
2600 3229 2932 3282 consolamini
2953 3247 2970 3294 ;
2999 3231 3102 3285 etsi
3123 3233 3206 3285 cui
3229 3234 3352 3303 quid
3382 3236 3629 3303 donastis,
3657 3249 3704 3291 et
3729 3256 3817 3310 ego

2245 3315 2320 3383 (:2.
2351 3314 2466 3368 Cor.
2499 3315 2553 3369 2.
2579 3318 2656 3386 7).
2692 3321 2766 3372 Ac
2793 3333 2858 3372 ne
2877 3328 3184 3387 putaremus
3211 3323 3405 3378 donum
3437 3323 3665 3380 hominis
3691 3343 3818 3382 con-

2246 3407 2611 3473 temnendum,
2668 3407 2911 3462 addidit:
2944 3409 3080 3463 Nam
3110 3420 3156 3464 et
3185 3429 3276 3483 ego
3321 3417 3458 3483 quod
3504 3417 3725 3483 donavi,
3772 3419 3818 3472 si

2243 3496 2363 3562 quid
2388 3497 2570 3549 donavi
2590 3537 2604 3560 ,
2631 3509 2835 3568 prapter
2861 3516 2947 3553 vos
2977 3517 3144 3555 eorum
3176 3502 3374 3558 Christo
3397 3503 3498 3579 [aL
3530 3507 3580 3560 in
3603 3525 3818 3577 persona

2243 3585 2490 3661 Christi].
2524 3590 2735 3643 Diversa
2780 3602 2903 3646 sunt
2933 3593 3071 3648 dona
3102 3593 3316 3650 Christi.
3349 3597 3501 3653 Unde
3526 3609 3580 3652 et
3620 3600 3817 3670 .ioseph

2245 3677 2296 3730 in
2324 3685 2452 3748 typo
2482 3679 2596 3749 ejus
2624 3683 2826 3736 variam
2859 3684 3087 3738 habebat
3135 3687 3388 3742 tunicam.
3423 3689 3490 3744 Et
3531 3691 3582 3744 in
3607 3692 3818 3753 Pssimo

2243 3769 2652 3838 quadragesimo
2688 3781 2879 3841 quarto
2927 3774 3149 3843 legimus
3181 3795 3192 3829 :
3235 3779 3405 3832 Astitit
3431 3784 3605 3852 regina
3630 3800 3661 3836 a
3692 3783 3817 3838 dea:-

2244 3859 2333 3913 tris
2367 3860 2466 3912 tnis
2506 3861 2557 3914 in
2587 3863 2763 3916 uestitu
2793 3864 3057 3932 deaurato,
3084 3869 3395 3924 circumdata
3446 3875 3700 3928 varietate.
3753 3876 3817 3942 Et

2244 3949 2432 4004 Petrus
2459 3951 2750 4020 Apostolus
2777 3971 2789 4005 :
2820 3954 2966 4008 Sicut
3015 3957 3087 4026 (ε)
3119 3959 3422 4028 colueredes,
3452 3963 3546 4030 ait,
3575 3965 3818 4035 multipli-

2243 4043 2312 4096 cis
2356 4046 2535 4114 gratia:
2583 4042 2680 4098 Dei
2719 4044 2738 4117 (
2761 4047 2810 4100 i.
2839 4045 3054 4102 Petr.5.
3092 4049 3184 4117 7).
3231 4049 3382 4116 Quod
3433 4053 3812 4123 significantius

2242 4133 2426 4194 (ἔπιεςο
2446 4135 2640 4190 dicitur
2666 4147 2902 4202 ποικίλης,
2935 4137 2986 4194 id
3013 4147 3115 4206 est,
3138 4141 3309 4196 uarice.
3351 4160 3371 4194 ι

2313 4228 2368 4284 5.
2412 4228 2582 4300 Rogo,
2615 4244 2734 4298 quae
2762 4238 2845 4285 est
2893 4231 2992 4286 ista
3022 4234 3294 4287 contentio
3337 4234 3586 4292 claudere
3611 4237 3813 4305 oculos,

2243 4333 2341 4374 nec
2370 4319 2766 4389 apertissimum
2813 4321 2994 4378 lumen
3023 4324 3304 4392 aspicere?
3333 4325 3388 4380 In
3421 4327 3659 4385 Ecclesia
3684 4330 3818 4390 dixi-

2243 4423 2362 4465 mus
2386 4426 2505 4466 esse
2531 4412 2670 4466 dona
2699 4413 2909 4473 diversa
2939 4431 2952 4466 :
2982 4425 3036 4470 et
3061 4415 3205 4470 aliud
3243 4416 3441 4473 donum
3475 4421 3814 4490 virginitatis,

2240 4509 2296 4553 et
2332 4500 2475 4555 aliud
2506 4502 2827 4574 nuptiarum.
2862 4504 2926 4558 Et
2958 4514 3077 4582 post
3095 4505 3365 4574 paululum
3391 4524 3405 4561 :
3443 4526 3462 4561 ‹
3485 4509 3738 4565 Concedo
3765 4519 3819 4565 et

2244 4591 2455 4660 nuptias
2477 4606 2598 4646 esse
2621 4593 2818 4648 donum
2850 4595 2966 4651 Dei.
2999 4596 3104 4651 Sed
3133 4599 3273 4653 inter
3300 4599 3498 4654 donum
3540 4613 3591 4656 et
3620 4603 3817 4664 donum

2243 4695 2433 4749 magna
2459 4681 2737 4736 diversitas
2766 4694 2867 4739 cst.
2883 4704 2901 4737 ι
2921 4685 2989 4740 Ει
3015 4687 3156 4757 mind
3179 4689 3268 4743 Dci
3288 4688 3482 4745 donum
3503 4705 3634 4744 voce
3659 4707 3818 4761 aper-

2242 4770 2442 4824 tissizna
2471 4774 2910 4841 pronuntiamus,
2957 4776 3211 4832 damnare
3250 4777 3509 4833 dicimur?
3559 4780 3726 4833 Porro
3771 4783 3818 4838 si

2240 4859 2438 4930 Joseph
2470 4862 2520 4915 in
2552 4869 2676 4933 typo
2707 4863 2913 4919 Domini
2935 4867 3213 4938 accipitur,
3246 4870 3418 4926 tunica
3440 4868 3553 4936 ejus
3575 4869 3720 4923 varia
3743 4881 3820 4926 at-

2240 4968 2343 5023 quc
2363 4954 2611 5010 distincta
2640 4957 2692 5012 in
2724 4959 3038 5027 virginibus,
3082 4962 3277 5031 viduis,
3305 4965 3726 5029 continentibus,
3755 4982 3819 5027 ac

2241 5047 2505 5104 maritalis
2526 5058 2630 5104 est.
2659 5049 2730 5104 Et
2759 5062 2935 5119 potest
2961 5053 3129 5110 videri
3159 5058 3308 5126 quasi
3353 5057 3582 5125 alienus,
3659 5060 3820 5139 216

2239 5137 2327 5206 qui
2343 5137 2410 5192 de
2427 5138 2604 5194 tunica
2620 5138 2818 5196 Christi
2845 5153 2927 5198 est
2959 5159 2973 5197 :
3004 5161 3126 5200 cum
3154 5147 3391 5216 etipsam
3415 5149 3678 5219 reginam,
3717 5137 3816 5205 hoc

2239 5237 2321 5284 est
2366 5229 2658 5286 Ecolcsiam
2685 5231 2976 5290 Salvatoris
3001 5236 3057 5291 in
3087 5239 3282 5299 vestitu
3307 5239 3598 5310 deaurato,
3630 5243 3816 5298 eadem

2305 5358 2375 5425 (tl)
2423 5360 2530 5411 Duo
2553 5363 2702 5414 verba
2725 5364 2799 5414 vel
2819 5366 3070 5418 mulierem
3091 5383 3187 5420 non
3211 5372 3478 5421 recitantur
3502 5375 3552 5424 in
3570 5387 3632 5425 eo
3653 5382 3816 5425 contra

2235 5421 2398 5497 tuna:
2415 5430 2627 5497 tractatu
2647 5434 2736 5497 ,_et
2757 5427 3084 5497 Crwpusjpse
3105 5438 3288 5497 tantum
3308 5433 3462 5497 habet
3489 5421 3677 5497 5.4.2,:
3687 5421 3815 5485 ilium

2239 5496 2352 5558 quae
2377 5484 2836 5558 hicisubueetuutur
2855 5489 2920 5558 de
2941 5484 3163 5558 Ai'gyptia
3202 5491 3382 5542 femina
3397 5528 3412 5554 ,
3447 5484 3778 5557 paulo—aliter
3799 5535 3812 5558 ,

2236 5556 2292 5590 ac
2315 5545 2406 5592 sub
2426 5545 2520 5593 alia
2543 5549 2774 5597 orationis
2796 5551 2929 5598 serie
2953 5545 3266 5601 exhibentur.
3398 5545 3409 5554 ⁷
3447 5545 3462 5557 “
3641 5545 3742 5552 ”““
3775 5591 3778 5594 ,

2305 5600 2380 5674 (ei.
2403 5604 2649 5674 Victorius
2672 5621 2735 5656 ex
2771 5610 2969 5674 ingenio
3007 5613 3123 5660 l'ecit
3157 5600 3282 5663 sicut
3311 5613 3686 5674 dispensatores.
3726 5619 3817 5666 1.0-.

2235 5665 2612 5772 ctilonijnostrzc
2635 5665 3008 5730 germaditatcm
3033 5675 3078 5720 in
3106 5675 3208 5736 ipso
3227 5665 3402 5724 contra'
3419 5665 3817 5736 Jovinianjvliiml

2239 5737 2292 5772 os
2316 5737 2375 5772 en
2414 5738 2548 5772 imus.

2239 5737 2548 5778 οδιοιιαιιηυδ.
