4078 6198
279 313 381 370 497

281 428 536 482 varietate
568 418 937 480 3ircumdatam
959 414 1285 472 dixerimus?
1313 429 1335 466 ι
1365 410 1469 467 Sed
1494 417 1550 464 et
1582 409 1637 464 in
1655 422 1850 463 conse-

279 516 568 588 quentibus
588 513 656 569 de
677 508 925 580 coniugio
957 507 1323 578 disputantes,
1354 499 1601 556 eumdem
1631 512 1849 553 sensum

279 609 454 666 secuti
497 618 699 663 sumus.
739 603 836 658 llic
861 598 937 673 (a)
953 600 1101 656 locus
1116 597 1185 653 ad
1202 602 1519 667 praesentem
1543 599 1853 646 controver-

282 703 414 757 siam
427 715 528 756 non
543 698 785 768 pertinet.
798 696 965 750 Docet
974 693 1117 749 enim
1127 689 1279 762 juxta
1290 685 1606 743 sententiam
1618 681 1848 746 Domini,

280 805 499 846 uxorem
525 794 745 856 excepta
766 799 922 842 causa
943 780 1305 839 fornicationis
1320 792 1425 833 non
1441 772 1848 844 repudiandum,

277 889 329 936 ct
343 879 691 948 repudiatam,
708 877 830 930 vivo
842 874 1051 936 marito,
1066 872 1217 926 alteri
1231 884 1338 924 non
1354 866 1558 922 nubere
1573 882 1587 917 :
1602 873 1694 918 aut
1705 870 1853 917 certe

278 971 393 1024 viro
418 983 519 1024 suo
545 967 743 1023 debere
774 961 1123 1020 reconciliari.
1155 960 1373 1015 Necnon
1403 965 1457 1011 et
1481 957 1537 1010 in
1560 955 1667 1008 alio
1691 953 1848 1007 loco:

278 1059 477 1114 Mulier
520 1060 732 1130 alligata
766 1066 859 1122 est,
891 1055 969 1125 (b)
994 1063 1180 1125 quanto
1214 1062 1436 1122 tempore
1470 1049 1545 1104 vir
1573 1049 1684 1118 ejus
1710 1046 1849 1100 vivit.

278 1151 431 1215 Quod
453 1152 498 1204 si
522 1149 780 1203 dormierit
805 1148 881 1201 vir
908 1148 1038 1215 ejus,
1074 1144 1282 1201 liberata
1325 1150 1398 1196 est
1416 1156 1449 1194 a
1482 1140 1590 1208 lege
1608 1137 1701 1192 viri
1729 1152 1751 1191 :
1770 1136 1854 1189 cui

273 1240 379 1294 vult
405 1241 581 1305 nubat,
610 1246 805 1291 tantum
830 1236 884 1290 in
923 1234 1143 1289 Domino
1180 1232 1259 1297 (1.
1288 1229 1410 1286 Cor.
1433 1230 1487 1283 7.
1520 1226 1635 1296 59),
1670 1224 1723 1280 id
1748 1233 1851 1291 cst,

270 1331 603 1385 Christiano.
634 1348 654 1381 ι
682 1328 781 1394 Qui
809 1326 1072 1384 secundas
1100 1322 1309 1392 nuptias
1334 1320 1624 1389 tertiasque
1659 1330 1856 1371 conce-

272 1420 355 1472 dit
375 1420 426 1471 in
451 1418 695 1482 Domino,
721 1417 919 1486 primas
934 1430 1053 1469 cum
1080 1412 1308 1467 Ethnico
1339 1408 1605 1479 prohibet.

346 1509 400 1562 ϐ.
445 1507 724 1576 Aperiant,
775 1520 983 1575 quzeso,
1029 1517 1188 1558 aures
1236 1501 1624 1556 obtrectatores
1650 1496 1775 1560 mei,
1801 1503 1857 1549 et

276 1598 490 1652 videant
514 1612 602 1653 me
631 1596 891 1650 secundas
917 1606 971 1649 et
995 1594 1179 1648 tertias
1205 1592 1414 1660 nuptias
1443 1588 1780 1644 concessisse
1799 1587 1853 1640 in

280 1691 529 1745 Domino.
557 1688 659 1754 Qui
678 1686 942 1742 secundas
969 1694 1023 1740 et
1058 1685 1243 1739 tertias
1269 1696 1374 1736 non
1421 1677 1693 1742 damnavi,
1740 1678 1853 1747 pri-

278 1797 422 1835 nmm
472 1779 616 1850 potui
672 1777 928 1831 damnare
968 1769 1405 1829 matrimonium?
1449 1769 1506 1823 In
1536 1782 1602 1823 eo
1640 1780 1853 1836 quoque

278 1874 397 1924 loco
417 1911 433 1935 ,
463 1869 552 1924 ubi
596 1869 1011 1936 interpretamur
1046 1860 1338 1931 capitulu'n
1368 1857 1612 1928 Apostoli
1637 1872 1652 1909 :
1688 1873 1708 1908 ι
1736 1856 1854 1908 Cir-

275 1963 543 2017 cumcisus
559 1958 749 2029 aliquis
766 1967 985 2012 vocatus
998 1963 1103 2017 est,
1123 1968 1227 2007 non
1255 1950 1485 2006 adducat
1512 1948 1853 2019 prarputium.

274 2050 335 2105 Ιι
367 2052 624 2122 przeputio
650 2058 867 2102 vocatus
889 2053 991 2110 est,
1039 2061 1145 2098 non
1175 2039 1591 2097 circumcidatur
1618 2058 1639 2092 ι
1674 2037 1850 2109 (Ibid.

275 2160 326 2197 υ.
383 2144 502 2214 18)
575 2141 733 2215 (licet
809 2139 1024 2210 quidam
1079 2134 1476 2206 prudentissimi
1530 2131 1855 2201 Interpretes

275 2235 669 2303 Scripturarum
694 2233 795 2285 boc
815 2230 883 2285 de
907 2228 1315 2283 circumcisione
1335 2234 1391 2280 et
1416 2224 1671 2279 servitute
1700 2221 1855 2291 ngis

275 2325 480 2381 dictum
506 2337 623 2378 esse
663 2319 1024 2387 contendant)
1066 2333 1242 2373 nonne
1274 2314 1611 2385 apertissime
1655 2312 1853 2369 foedera

273 2429 553 2471 servamus
578 2411 915 2483 nuptiarum?
954 2409 1193 2464 Diximus
1221 2408 1362 2462 enim
1394 2404 1413 2477 (
1443 2404 1558 2458 Lib.
1584 2406 1632 2458 ι.
1664 2420 1711 2457 c.
1740 2403 1773 2457 6
1804 2404 1852 2469 ):

282 2527 302 2560 ι
333 2507 387 2563 Si
409 2508 462 2561 in
491 2506 750 2575 prteputio
772 2504 891 2573 quis
918 2510 1137 2557 vocatus
1160 2511 1262 2563 est,
1285 2514 1390 2553 non
1416 2494 1851 2552 circmneidatur.

278 2598 558 2662 llabcbas,
602 2596 804 2664 inquit,
836 2608 1057 2648 uxorem
1079 2632 1095 2658 ,
1152 2607 1272 2646 cum
1314 2588 1586 2644 crcdtlisti
1617 2602 1631 2641 :
1662 2586 1768 2640 noli
1796 2585 1860 2638 fi-

276 2690 400 2744 dem
426 2688 620 2753 Christi
671 2700 890 2742 causam
945 2695 1133 2753 putare
1173 2680 1421 2743 dissidii;
1461 2679 1584 2749 quia
1637 2677 1691 2731 in
1722 2690 1853 2745 pace

280 2794 380 2834 nos
408 2778 624 2832 vocavit
654 2777 814 2830 Deus.
837 2772 1165 2830 Circumcisio
1195 2770 1323 2824 ηἱΙιὲι
1346 2780 1440 2832 est,
1468 2778 1516 2823 et
1556 2766 1857 2837 prwpulium

278 2869 409 2924 nihil
433 2878 503 2922 est
528 2884 547 2922 :
579 2867 670 2920 sed
696 2866 976 2920 observatio
1005 2863 1363 2916 mandatorum
1405 2858 1498 2913 Dei
1540 2859 1617 2930 (l.
1648 2856 1767 2912 Cor.
1800 2858 1852 2911 7.

279 2960 369 3023 l9;
397 2969 442 3012 et
462 2957 633 3012 Galat.
662 2956 716 3011 5.
746 2955 820 3026 6).
851 2954 987 3011 Nihil
1016 2952 1157 3007 cnim
1194 2950 1410 3020 prodest
1439 2949 1640 3018 absque
1673 2945 1855 3017 Operi-

279 3052 381 3111 bus
418 3050 696 3106 cmlibatus
744 3056 800 3102 et
852 3045 1051 3115 nuptiae
1093 3062 1108 3097 :
1155 3058 1277 3098 cum
1319 3042 1482 3095 etiam
1526 3040 1689 3102 ﬁdes,
1737 3050 1856 3106 qua:

281 3141 498 3212 proprie
540 3138 965 3192 Christianorum
992 3142 1075 3189 est
1098 3174 1111 3195 ,
1144 3133 1187 3187 si
1219 3146 1378 3201 opera
1436 3145 1541 3184 non
1587 3125 1854 3188 habuerit,

281 3238 489 3284 mortua
515 3242 634 3282 esse
680 3226 924 3291 dicatur,
964 3231 1017 3277 et
1058 3223 1159 3276 ltac
1186 3221 1304 3289 lege
1359 3219 1591 3288 virgines
1646 3229 1858 3285 quoque

282 3319 460 3375 Vestae
501 3327 555 3373 et
581 3317 807 3373 lunonis
833 3314 1053 3370 univirae
1074 3355 1088 3378 ,
1116 3313 1168 3366 in
1197 3320 1503 3365 sanctarum
1546 3315 1743 3378 queant
1770 3321 1859 3361 or-

282 3412 409 3466 dine
430 3409 715 3464 numerari.
754 3408 820 3462 Et
863 3415 984 3476 post
1012 3402 1281 3475 paululum
1304 3419 1317 3454 :
1347 3401 1532 3457 Servus
1555 3408 1760 3453 vocatus
1780 3415 1855 3464 es,

283 3519 384 3558 non
410 3503 474 3556 sit
499 3501 587 3554 tibi
612 3515 747 3553 cura:
773 3515 791 3552 :
816 3497 905 3552 sed
927 3507 972 3550 et
993 3497 1038 3550 si
1058 3504 1197 3564 potes
1220 3492 1334 3563 ﬁeri
1362 3491 1505 3556 liber,
1535 3489 1697 3559 magis
1722 3498 1861 3543 utere

284 3592 361 3666 (l.
396 3593 513 3646 Cor.
540 3592 589 3645 7.
612 3591 726 3661 2]).
758 3590 930 3644 Etiam
953 3588 995 3642 si
1015 3587 1201 3652 babes,
1227 3584 1417 3655 inquit,
1444 3597 1685 3643 uxorem,
1711 3591 1764 3634 et
1782 3579 1860 3636 illi

282 3684 533 3753 alligatus
546 3697 603 3737 es
632 3699 648 3735 :
672 3689 725 3736 et
743 3681 908 3735 solvis
933 3679 1198 3743 debitum,
1226 3684 1282 3730 et
1307 3690 1414 3730 non
1442 3675 1606 3729 babes
1637 3672 1712 3727 tui
1733 3685 1859 3726 cor-

286 3774 430 3844 poris
450 3779 764 3843 potestatem
784 3787 798 3822 :
818 3780 973 3838 atque
988 3765 1412 3838 (utmanifestitts
1427 3765 1639 3835 loquar)
1699 3761 1861 3834 217

283 3874 473 3915 servus
504 3861 685 3913 uxoris
700 3874 779 3924 es,
809 3859 914 3913 noli
945 3866 1159 3926 propter
1190 3856 1290 3909 hoc
1320 3855 1516 3909 habere
1565 3851 1858 3916 tristitiam,

286 3969 388 4009 nee
424 3953 491 4007 de
520 3951 717 4004 amissa
742 3948 1045 4016 virginitate
1074 3947 1332 4014 suspircs.
1363 3944 1469 4000 Sed
1503 3945 1663 3999 etiam
1691 3942 1736 3997 si
1763 3957 1858 4012 po-

287 4053 369 4099 tes
398 4055 591 4097 causas
620 4039 824 4106 aliquas
852 4036 1094 4090 invenire
1123 4034 1351 4099 dissidii,
1382 4041 1441 4087 ut
1478 4033 1722 4086 libertate
1770 4047 1865 4100 pu-

286 4132 488 4188 dicitia:
519 4127 826 4199 perfruaris,
859 4126 965 4180 noli
1015 4124 1245 4178 salutem
1285 4133 1430 4176 tuam
1473 4138 1594 4177 cum
1644 4120 1865 4175 alterius

287 4223 507 4282 interitu
552 4234 813 4291 quaerere.
852 4237 872 4270 ι
931 4216 1137 4272 llabeto
1177 4213 1447 4284 paulisper
1474 4227 1716 4278 uxorem,
1768 4226 1867 4267 nec

289 4328 586 4386 priecurras
606 4317 904 4365 morantem
930 4324 944 4360 :
969 4315 1197 4376 expecta
1222 4304 1347 4359 dum
1373 4304 1634 4373 sequitur.
1657 4301 1715 4357 Si
1743 4315 1867 4371 ege-

291 4409 364 4461 ris
388 4406 670 4475 patienter,
700 4400 898 4470 cnnjux
927 4396 1221 4453 mutabitur
1244 4394 1299 4450 in
1320 4407 1585 4449 sororem.

362 4496 415 4549 7.
454 4494 514 4550 In
535 4507 601 4547 eo
627 4507 837 4561 quoque
862 4488 982 4543 loco
1004 4486 1093 4541 ubi
1122 4484 1463 4539 tractavimus
1480 4523 1496 4547 ,
1527 4495 1625 4536 cur
1647 4480 1872 4536 dixisset

296 4581 532 4637 Paulus:
567 4600 587 4634 ι
618 4580 691 4635 De
731 4577 1025 4649 virginibus
1067 4582 1245 4629 autem
1293 4573 1501 4627 Domini
1546 4579 1867 4642 praeceptum

296 4691 400 4731 non
428 4675 600 4735 habeo
628 4690 642 4727 :
671 4672 954 4728 consilium
984 4676 1160 4723 autem
1205 4666 1311 4732 do,
1359 4673 1610 4733 tanquam
1653 4662 1867 4718 miseri.

297 4766 533 4841 eordiam
562 4776 883 4819 consecutus
922 4777 953 4816 a
998 4759 1244 4824 Domino,
1286 4767 1342 4812 ut
1381 4756 1484 4812 sim
1514 4755 1707 4822 fidelis,
1742 4774 1763 4808 ι
1798 4756 1869 4811 ita

298 4858 649 4927 virginitatem
680 4850 1116 4925 prmtulitnuslal.
1148 4847 1466 4923 extulimus],
1493 4859 1549 4904 ut
1569 4848 1869 4917 nuptiarum

299 4948 543 5003 ordinem
569 4961 923 5002 servaremus.
960 4963 979 4996 ι
1012 4944 1069 5000 Si
1095 4944 1453 5014 virginitatem
1488 4941 1741 4996 Dominus
1771 4940 1872 4994 im-

301 5043 563 5108 perasset,
607 5036 884 5090 videbatur
925 5036 1137 5103 nuptias
1182 5032 1564 5095 condemnare,
1605 5040 1659 5085 et
1695 5030 1870 5085 bomi-

301 5129 507 5186 tuinum
548 5125 758 5181 auferre
792 5127 1155 5189 seminarium,
1200 5124 1340 5180 unde
1366 5132 1421 5179 et
1455 5125 1569 5193 ipsa
1597 5121 1873 5192 virginitas

369 5259 435 5325 ια)
475 5259 563 5310 Est
580 5256 718 5325 Pauli
740 5257 781 5308 Ι.
805 5256 865 5307 ad
888 5255 1099 5308 Corinth.
1123 5257 1172 5307 7.
1202 5256 1276 5310 lo.
1306 5269 1404 5322 quo
1426 5256 1637 5305 maxime
1659 5251 1766 5303 loco
1786 5251 1871 5302 Jo-

298 5322 859 5392 vilii-‘lnlts.=.b“lemll!"-
1243 5379 1255 5392 .
1334 5378 1345 5392 .
1410 5377 1423 5388 .
1516 5384 1528 5392 ,
1593 5377 1603 5388 .
1660 5376 1671 5387 .

365 5383 427 5495 (0)
471 5382 667 5456 Addunt
698 5382 893 5445 quidem
930 5392 1040 5429 cum
1059 5377 1291 5453 ‘Victorio
1327 5377 1457 5450 legi,
1481 5384 1537 5427 ut.
1557 5377 1783 5446 nimirum
1807 5386 1873 5422 es

298 5446 372 5496 νυ
392 5455 506 5507 eam
540 5450 818 5516 laterem.
836 5441 1005 5516 legant
1019 5454 1109 5516 es
1130 5441 1312 5516 Grecis
1333 5453 1488 5516 90.1313-
1509 5435 1876 5516 9§_‘3“1I1'9'.'l.’25

296 5494 353 5570 {si
369 5494 464 5569 .31.,
483 5505 662 5570 saepius
672 5494 1007 5570 desideratur.
1020 5494 1313 5570 'Mqtgvoces
1332 5515 1365 5551 α
1386 5498 1489 5563 lege
1626 5494 1731 5570 nec
1751 5494 1872 5570 γυι-

296 5560 426 5629 g'ata',
445 5560 538 5616 nec
551 5560 767 5629 Graecus,
792 5575 960 5626 neque
978 5563 1085 5624 ipse
1101 5560 1609 5629 Hieronymus'eontra
1621 5560 1868 5610 Jovintan.

302 5622 581 5688 ignoscunt.
605 5622 1370 5698 Sequentemivero‘seutentiam
1391 5622 1510 5672 editi
1516 5628 1678 5698 “antea
1698 5628 1875 5698 omnes

299 5682 551 5752 pitrperam
569 5687 665 5739 sub
686 5682 1018 5749 interrogandi
1043 5691 1156 5735 nota
1179 5683 1272 5735 alio
1297 5697 1447 5736 sensu
1480 5682 1774 5735 ell‘ercbant.

1619 290 1947 350 EPISTULA
1986 290 2215 346 XLVI“.

3423 290 3529 345 498

1960 407 2215 462 nascitur.
2261 407 2321 463 Si
2368 406 2694 477 praecidissct
2737 406 2992 476 radicem,
3041 407 3311 480 quomodo
3354 407 3532 479 fruges

1955 501 2266 570 quaereret?
2289 500 2398 556 Nisi
2416 510 2539 555 ante
2560 498 2905 556 fundamenta
2925 500 3168 569 jecisset,
3190 516 3295 571 qua
3321 502 3531 557 ratione

1955 592 2240 651 :edillcium
2270 602 2600 659 exstrueret,
2631 603 2686 647 et
2709 602 3026 663 opertarum
3067 604 3261 649 cuncta
3298 594 3530 665 desuper

1954 686 2165 741 culmen
2192 683 2534 755 imponeret?
2560 703 2580 737 ι
2623 683 2682 739 Si
2704 683 2939 738 radicem
2968 683 3201 753 nuptias,
3232 683 3279 739 si
3308 686 3530 754 virgini-

1957 789 2121 835 tatem
2156 778 2392 834 diximus
2430 777 2635 832 fructus
2667 794 2683 833 :
2711 776 2757 831 si
2804 775 3206 831 fundamentum
3254 775 3531 830 matrimo-

1956 870 2124 937 nium,
2169 878 2224 925 et
2266 868 2548 925 :edificium
2587 868 2671 924 vel
2714 868 2929 925 culmen
2962 877 3270 939 perpetuam
3316 868 3535 923 castita-

1956 968 2097 1026 tem;
2125 962 2246 1031 quis
2272 960 2355 1016 vel
2377 969 2486 1017 tam
2508 960 2740 1027 invidus,
2757 960 2843 1015 vel
2870 970 2977 1015 tam
3006 974 3181 1016 cmcus
3202 959 3533 1016 obtrectator

1956 1052 2064 1107 mei
2090 1052 2215 1118 erit,
2262 1060 2320 1108 ut
2362 1052 2418 1106 in
2461 1051 2649 1107 eadem
2674 1048 2838 1106 domo
2877 1049 3277 1106 mdilieiumwel
3319 1049 3531 1106 culmen

1956 1139 2154 1207 videat,
2200 1150 2257 1196 et
2294 1140 2695 1196 fundamentum
2723 1139 2867 1211 quod
2909 1139 3196 1196 :edilicium
3226 1148 3283 1197 et
3321 1139 3533 1196 culmen

1959 1238 2154 1298 portat,
2186 1231 2433 1301 ignoret?
2458 1231 2629 1286 Porro
2675 1240 2732 1287 et
2776 1231 2830 1285 in
2878 1230 2986 1286 alio
3010 1230 3131 1287 loco
3173 1239 3534 1302 proponentes

1957 1321 2200 1391 Apostoli
2249 1322 2608 1377 testimonium
2637 1360 2655 1388 ,
2712 1322 2764 1376 in
2811 1335 2917 1392 quo
2964 1321 3086 1377 ait:
3116 1339 3137 1375 ι
3166 1321 3427 1392 Alligatus
3471 1336 3535 1376 es

1958 1412 2136 1477 uxori,
2164 1411 2273 1466 noli
2295 1427 2536 1482 quaerere
2559 1412 2898 1469 solutionem.
2929 1412 3151 1468 Solutus
3167 1428 3229 1468 es
3247 1413 3317 1467 ab
3341 1427 3529 1478 uxore,

1959 1502 2066 1556 noli
2118 1518 2361 1573 qurercre
2404 1519 2627 1559 uxorem
2655 1522 2676 1557 ι
2711 1505 2791 1575 (1.
2830 1505 2947 1560 Cor.
2974 1505 3028 1562 7.
3058 1507 3176 1576 27).
3224 1507 3371 1562 Illico
3418 1506 3534 1562 bare

1957 1592 2284 1662 subiecimus
2312 1593 2449 1666 (Lib.
2482 1597 2532 1650 1.
2560 1612 2606 1649 c.
2632 1595 2730 1667 7):
2766 1613 2786 1647 ι
2817 1596 2989 1652 liabet
3032 1599 3397 1668 .tnusquisque
3436 1613 3535 1652 no-

1956 1692 2124 1735 strum
2154 1683 2408 1737 terminos
2444 1698 2594 1750 suos,
2640 1684 2805 1739 redde
2832 1684 2961 1739 mibi
2990 1701 3189 1751 meutn,
3235 1697 3287 1741 ct
3328 1697 3382 1741 tu
3411 1697 3532 1741 tene

1957 1780 2127 1827 tuum.
2156 1773 2212 1828 Si
2237 1774 2481 1844 alligatus
2501 1789 2562 1829 es
2582 1775 2735 1830 uxori
2758 1784 2882 1843 tum,
2911 1792 2979 1831 ne
3002 1777 3077 1831 illi
3102 1776 3200 1832 des
3224 1776 3529 1846 repudium.

1956 1864 2013 1921 Si
2039 1865 2246 1921 solutus
2287 1879 2404 1920 sum
2436 1867 2505 1921 ab
2532 1881 2719 1931 uxore,
2763 1882 2873 1921 non
2907 1882 3144 1936 quzeram
3187 1881 3431 1924 uxorem.
3464 1867 3535 1924 Ut

1955 1970 2055 2025 ego
2080 1971 2186 2011 non
2214 1956 2364 2011 solvo
2391 1956 2658 2026 coniugia,
2701 1958 2748 2012 si
2777 1959 2946 2013 semel
2985 1957 3146 2028 ligata
3173 1966 3301 2013 sunt
3327 1975 3342 2012 :
3375 1958 3448 2013 ita
3476 1968 3532 2014 tu

1957 2062 2066 2102 non
2109 2049 2265 2119 liges,
2293 2051 2434 2118 quod
2476 2051 2710 2105 solutum
2740 2059 2844 2106 est.
2879 2070 2901 2103 ι
2928 2051 3036 2108 Sed
3076 2059 3134 2106 et
3161 2051 3215 2106 in
3245 2052 3353 2107 alio
3383 2052 3535 2107 testi-

1959 2140 2157 2203 monio,
2207 2140 2335 2209 quid
2381 2140 2452 2196 de
2493 2140 2798 2209 virginitate
2846 2150 2901 2196 et
2943 2140 3143 2210 nuptiis
3181 2142 3529 2206 senserimus,

1957 2230 2391 2286 manifestissime
2429 2232 2733 2287 declaratur
2758 2230 2895 2304 (Lib.
2930 2233 2980 2289 l.
3010 2248 3059 2286 ο.
3091 2229 3166 2303 7).
3223 2249 3245 2284 ι
3277 2230 3394 2287 Non
3427 2232 3531 2286 im-

1959 2320 2109 2390 ponit
2147 2320 2303 2375 nobis
2322 2320 2610 2390 Apostolus
2630 2320 2899 2391 laqueum,
2939 2334 3038 2376 nec
3061 2319 3205 2390 cogit
3232 2334 3353 2375 esse
3388 2320 3532 2390 quod

1959 2412 2229 2478 nolumus,
2255 2411 2349 2467 sed
2378 2412 2565 2468 suadet
2584 2412 2727 2483 quod
2757 2413 3038 2469 honestum
3064 2422 3145 2468 est
3172 2423 3225 2469 et
3252 2412 3530 2477 decorum,

1958 2513 2013 2559 et
2043 2505 2244 2560 intente
2272 2503 2399 2559 facit
2425 2504 2628 2559 servire
2659 2504 2906 2573 Domino,
2935 2513 2991 2560 et
3029 2496 3245 2573 semper
3268 2518 3387 2560 esse
3415 2505 3527 2559 sot-

1959 2595 2151 2659 licitos,
2182 2604 2235 2650 et
2262 2604 2573 2663 exspectare
2590 2591 2663 2665 (c)
2687 2604 2922 2664 paratam
2945 2593 3154 2649 Domini
3181 2593 3526 2658 voluntatem,

1962 2696 2016 2739 ut
2042 2701 2165 2740 cum
2204 2686 2332 2756 quid
2378 2685 2738 2755 imperaverit,
2768 2685 2920 2755 quasi
2948 2695 3198 2753 strenuus
3222 2693 3277 2741 et
3296 2693 3531 2740 armatus

1961 2777 2319 2841 tuiles,statitn
2339 2778 2556 2847 impleat
2576 2776 2716 2847 quod
2735 2776 3056 2846 prmeeptum
3069 2785 3175 2842 est,
3193 2775 3362 2834 etboc
3375 2777 3533 2831 faciat

1959 2866 2074 2921 sine
2089 2866 2194 2921 ulla
2259 2868 2422 2941 218
2474 2867 2819 2932 distentione,
2839 2881 2958 2935 qua:
2986 2865 3111 2920 data
3126 2872 3210 2920 est
3236 2863 3533 2920 secundum

1960 2959 2320 3015 Ecclesiasten
2354 2959 2660 3014 hominibus
2704 2957 2860 3026 hujus
2888 2956 3094 3020 tnundi,
3136 2965 3194 3011 ut
3222 2954 3534 3011 distendan-

1963 3060 2048 3104 tur
2073 3050 2126 3104 in
2157 3064 2242 3105 ea.
2276 3069 2297 3103 ι
2320 3050 2378 3105 Ιιι
2406 3050 2511 3106 line
2538 3062 2749 3120 quoque
2788 3047 3206 3117 comparationis
3247 3055 3531 3117 nuptarum

1961 3150 2018 3197 et
2053 3140 2341 3210 virginum,
2387 3139 2804 3210 disputationem
2852 3148 3090 3195 nostram
3136 3137 3242 3193 bon
3287 3151 3537 3192 sermone

1961 3230 2320 3287 conclusimus
2344 3228 2481 3302 (Lib.
2515 3232 2567 3287 1.
2598 3248 2643 3284 c.
2673 3227 2752 3301 7).
2784 3229 2882 3285 Ubi
2911 3229 3108 3284 bonum
3134 3236 3191 3283 et
3218 3228 3409 3283 melius
3429 3236 3534 3293 est,

1963 3321 2037 3375 ibi
2072 3320 2199 3376 boni
2228 3330 2282 3377 et
2319 3320 2561 3376 melioris
2588 3335 2694 3376 non
2723 3334 2891 3375 unum
2928 3329 3011 3374 est
3039 3318 3339 3389 praemium,
3365 3327 3420 3373 et
3447 3317 3536 3373 ubi

1964 3427 2070 3465 non
2117 3420 2201 3466 est
2235 3426 2397 3465 unum
2441 3410 2737 3480 praemium,
2788 3409 2862 3467 ibi
2908 3409 3092 3479 utique
3133 3408 3272 3463 dona
3302 3406 3537 3463 diversa.

1970 3522 1989 3555 ι
2022 3503 2248 3559 Tantum
2293 3504 2452 3574 igitur
2476 3503 2700 3559 interest
2727 3505 2868 3559 inter
2911 3502 3124 3573 nuptias
3168 3508 3226 3557 et
3260 3498 3538 3570 virginita-

1968 3604 2072 3650 tem
2095 3608 2374 3666 :quantum
2405 3596 2548 3652 inter
2567 3611 2674 3650 non
2696 3609 2922 3665 peccare
2940 3604 2995 3649 et
3020 3592 3338 3650 benefacere
3376 3607 3392 3645 :
3429 3591 3540 3645 imo

1967 3697 2024 3743 ut
2050 3688 2218 3743 levius
2244 3686 2441 3753 dicam,
2481 3697 2739 3756 quantum
2776 3689 2916 3742 inter
2944 3685 3141 3740 bonum
3170 3693 3227 3740 et
3266 3682 3478 3738 melius.
3514 3699 3535 3733 ι

2036 3780 2091 3833 8.
2134 3779 2301 3834 Porro
2321 3782 2372 3833 in
2396 3778 2870 3846 consequentibus,
2909 3790 3031 3831 cum
3053 3774 3281 3828 dicimus
3317 3772 3460 3840 (Lib.
3482 3774 3537 3826 1.

1965 3888 2013 3928 c.
2044 3869 2101 3943 8)
2135 3888 2151 3924 :
2183 3888 2203 3923 ι
2233 3871 2404 3925 Finita
2433 3869 2795 3937 diSputatione
2823 3863 3201 3934 conjugiorum-
3235 3872 3292 3918 et
3330 3863 3543 3932 virgini-

1967 3967 2112 4029 tatis,
2135 3975 2192 4020 ut
2216 3962 2357 4018 inter
2378 3970 2661 4030 utrumque
2683 3969 2842 4014 cauto
2863 3955 3227 4011 moderamine
3248 3962 3542 4024 prteceptow

1972 4074 2111 4122 rum,
2142 4070 2243 4112 nec
2266 4056 2331 4110 ad
2362 4053 2656 4117 sinistram,
2695 4063 2796 4105 nec
2835 4048 2902 4103 ad
2927 4047 3200 4103 dexteram
3229 4043 3542 4107 diverteret,

1969 4151 2065 4209 sed
2098 4151 2180 4205 via
2215 4148 2359 4218 regia
2397 4145 2733 4217 graderetur,
2777 4152 2831 4197 et
2871 4140 2999 4196 illud
3041 4139 3324 4209 impleret:
3354 4133 3439 4189 Ne
3475 4135 3549 4189 sis

1970 4241 2188 4297 malum
2209 4240 2383 4310 justus
2410 4254 2430 4289 ι
2467 4234 2653 4308 (Eccl.
2684 4235 2735 4288 7.
2767 4235 2831 4289 17
2858 4231 2903 4303 ),
2929 4243 3115 4286 rursus
3156 4225 3546 4296 monogamiant

1973 4330 2218 4400 digamire
2255 4335 2555 4396 comparat,
2588 4335 2642 4380 et
2666 4321 2942 4394 quomodo
2981 4319 3195 4390 nuptias
3234 4316 3550 4374 subdiderat

1975 4419 2285 4491 virginitati,
2314 4418 2386 4472 ita
2415 4415 2702 4488 digamiam
2726 4414 2808 4485 (cl)
2844 4412 3042 4481 nuptiis
3080 4409 3336 4479 subiicit:
3369 4420 3553 4463 nonne

1976 4510 2259 4581 perspicue
2296 4507 2653 4572 ostendimus;
2680 4520 2800 4575 qua:
2828 4504 2899 4558 sit
2939 4504 2991 4557 in
3031 4500 3322 4571 Scripturis
3349 4498 3550 4553 sanctis

1972 4601 2213 4667 sinistra,
2235 4615 2354 4671 qua:
2374 4598 2561 4653 dextra
2592 4603 2683 4653 :et
2701 4594 2828 4664 quid
2856 4590 3140 4663 signiticet,
3171 4608 3192 4642 ι
3224 4605 3293 4645 ne
3315 4587 3390 4643 sis
3414 4586 3552 4640 mul-

1977 4703 2086 4749 tum
2109 4690 2327 4763 justus?
2356 4708 2379 4743 ι
2402 4686 2558 4756 Quod
2585 4685 2833 4742 videlicet
2876 4683 3093 4739 sinistra
3131 4681 3223 4746 sit,
3263 4678 3308 4733 si
3337 4674 3555 4731 .Iudato-

1975 4798 2115 4848 rum,
2154 4790 2211 4838 et
2245 4779 2537 4838 Gentilium
2579 4790 2870 4846 sequamur
2894 4772 3196 4833 libidinem,
3241 4775 3298 4822 et
3336 4778 3551 4833 semper

1974 4886 2266 4932 astuemus
2287 4873 2355 4927 ad
2380 4872 2579 4927 coitum
2600 4886 2616 4934 ;
2634 4868 2843 4929 dextra,
2866 4865 2909 4918 si
2930 4860 3341 4918 Manichaeorum
3361 4870 3552 4925 sequa-

1978 4983 2097 5023 tnur
2115 4979 2377 5028 errorem,
2407 4972 2463 5018 ot
2485 4960 2731 5014 simulata
2753 4954 3030 5027 pudicitia,
3054 4947 3403 5019 impudicitia:
3430 4947 3561 5000 reti-.

1976 5056 2077 5113 bus
2111 5054 2464 5125 implieemur.
2509 5048 2604 5103 Via
2651 5057 2829 5101 autem
2870 5042 3015 5110 regia
3049 5040 3141 5106 sit,
3187 5038 3261 5095 ita
3297 5045 3552 5107 appetere

1983 5150 2363 5221 virginitatem,
2420 5156 2493 5197 ne
2537 5140 2735 5208 nuptia:
2783 5133 3227 5192 condemnentur.
3277 5129 3552 5186 Praeterea

1978 5215 2099 5311 quis
2129 5247 2236 5292 tam
2263 5232 2475 5301 iniquus
2523 5242 2769 5283 meorum
2814 5222 3192 5295 opusculorum
3217 5218 3381 5292 iudex
3421 5215 3549 5284 erit,

1981 5306 2037 5384 ut
2061 5329 2227 5399 prima
2259 5318 2595 5377 matrimonia
2639 5318 2893 5376 damnare
2925 5329 3013 5371 me
3036 5314 3199 5380 dicat,
3222 5326 3347 5370 cum
3385 5306 3557 5365 etiam.

2045 5481 2110 5549 σε)
2150 5480 2311 5549 Minus
2329 5476 2463 5526 bene
2489 5471 2582 5549 alii
2616 5470 2738 5522 editi
2772 5469 2854 5521 hic
2883 5476 3032 5534 atque
3056 5468 3108 5518 in
3147 5468 3254 5532 ipso
3285 5469 3454 5518 eoum
3489 5460 3562 5515 lo

1980 5541 2158 5606 vtnian.
2184 5541 2336 5606 ιίῒξιξοο
2360 5542 2604 5606 Ραΐέιιωηο
2731 5593 2752 5606 ,,
2804 5601 2814 5606 ,

2047 5587 2572 5666 ilif's‘éitiéa'mm,
2594 5607 2705 5666 quae
2728 5593 2934 5646 fortasse
2957 5606 3050 5645 vox
3076 5590 3257 5644 excidit
3278 5590 3395 5644 lteic
3416 5587 3517 5643 loci
3533 5599 3556 5641 ἃ

1984 5670 2033 5722 in
2049 5658 2122 5722 'co
2144 5678 2275 5721 enim
2293 5664 2525 5716 ‘l‘t‘actatu
2549 5658 2775 5709 habetur.
