4078 6198
635 257 741 310 490

635 394 706 448 de
733 397 982 451 secundis
1005 397 1200 451 dixisse
1222 411 1306 450 me
1336 396 1561 465 legerit?
1593 415 1613 449 t
1641 394 1899 452 Concedit
1927 396 2210 465 Apostolus

637 487 904 541 secundas
950 487 1189 556 nuptias;
1242 485 1336 540 scd
1368 487 1691 554 volentibus,
1741 487 1834 542 sed
1878 487 1961 541 his
1986 503 2107 556 qum
2148 501 2209 541 se

635 580 914 633 continere
963 591 1068 630 non
1123 587 1392 646 possunt:
1428 593 1494 632 ne
1533 579 1814 633 luxuriata:
1870 581 1922 633 in
1969 578 2204 642 Christo,

636 668 834 722 nubere
877 666 1040 721 velint
1083 683 1096 720 :
1131 667 1390 722 habentes
1433 669 1853 736 damnationem,
1909 669 2050 738 quod
2103 670 2208 738 pri-

633 771 773 811 mam
802 756 956 811 fldem
1005 758 1207 813 irritam
1236 758 1498 826 fecerint;
1544 770 1598 816 et
1644 761 1745 816 hoc
1788 761 2056 827 concedit,
2086 761 2208 831 quia

632 848 813 903 multa:
841 849 1088 904 abierunt
1118 861 1414 907 retrorsum
1439 861 1558 922 post
1587 853 1838 908 Satanam
1864 855 1942 922 (1.
1975 853 2107 907 Tim.
2129 854 2205 916 5).

629 937 894 993 (ἱππεῖ-απ]
925 939 1192 996 beatiores
1219 950 1396 1008 erunt,
1439 945 1482 997 si
1513 945 1590 998 sic
1622 945 2037 1013 permanserint.
2067 943 2210 997 Con-

629 1029 884 1098 tinuoque
910 1030 1181 1102 subiungit
1201 1033 1560 1101 Apostolicam
1583 1035 1955 1089 auctoritati-ni
1986 1053 2000 1086 :
2031 1050 2208 1087 secun-

628 1118 750 1170 dum
790 1121 1056 1174 consilium
1101 1139 1286 1175 meum.
1317 1123 1486 1178 Porro
1517 1137 1584 1178 ne
1630 1126 1922 1179 auctoritas
1966 1125 2205 1194 Aposteli

627 1210 778 1276 quasi
810 1208 1063 1276 hominis,
1092 1211 1261 1267 levior
1283 1212 1572 1279 videretur,
1604 1214 1807 1270 addidit
1835 1233 1848 1270 :
1876 1215 2011 1268 Puto
2037 1225 2208 1268 autem

625 1303 763 1368 quod
783 1313 833 1357 et
853 1319 944 1375 ego
967 1306 1201 1373 spiritum
1224 1304 1318 1361 Dei
1340 1306 1570 1360 habeam.
1602 1305 1700 1362 Ubi
1732 1308 1796 1360 ad
1824 1307 2205 1362 continentiam

629 1407 884 1462 provocat
917 1414 931 1451 :
962 1397 1032 1451 ibi
1062 1413 1168 1451 nou
1201 1398 1454 1460 hominis,
1482 1398 1576 1452 sed
1609 1398 1830 1468 spiritus
1855 1399 1944 1452 Dei
1965 1397 2040 1468 (α)
2071 1413 2206 1451 con-

626 1486 747 1538 sitio
774 1502 906 1541 u~us
934 1497 1037 1543 est.
1067 1488 1169 1544 Ubi
1213 1499 1392 1544 autem
1420 1490 1653 1546 nubendi
1727 1491 1889 1562 219
1959 1488 2208 1544 concedit

627 1577 863 1643 veniam,
886 1579 1132 1648 spiritum
1153 1581 1245 1636 Dei
1274 1595 1380 1636 non
1407 1582 1679 1648 nominat;
1701 1584 1795 1636 sed
1821 1581 2115 1650 prudentia:
2143 1583 2208 1637 li-

630 1670 749 1722 brat
774 1672 1056 1724 consilium
1093 1690 1106 1726 :
1137 1674 1208 1727 ita
1235 1673 1455 1742 singulis
1479 1673 1744 1738 relaxans,
1763 1681 1821 1726 ut
1844 1673 2206 1743 unusquisque

631 1759 772 1814 ferre
803 1761 988 1830 possit.
1026 1779 1046 1813 ι
1083 1762 1376 1833 Propositis
1404 1779 1534 1835 ergo
1565 1763 1902 1830 testimoniis,
1933 1764 1986 1819 in
2015 1765 2207 1834 quibus

628 1851 918 1920 Apostolus
942 1853 1204 1908 secundas
1233 1857 1477 1910 concedit
1507 1856 1740 1926 nuptias,
1764 1857 1943 1911 statim
1971 1856 2202 1925 subjeci-

628 1957 768 1996 mus.
792 1943 1072 2010 Quomodo
1100 1947 1388 2018 virginibus
1413 1949 1483 2003 ob
1505 1947 1871 2003 fornicationis
1888 1949 2201 2019 periculum,

625 2034 873 2089 concedit
927 2037 1186 2106 nuptias;
1247 2048 1300 2092 et
1353 2039 1662 2094 excusabile
1709 2039 1864 2104 facit,
1928 2041 2068 2110 quod
2109 2055 2206 2110 per

622 2137 686 2180 se
733 2139 839 2179 non
887 2128 1196 2195 appetitur:
1227 2129 1293 2182 ita
1351 2129 1422 2181 ob
1471 2129 1715 2183 eamdem
1762 2129 2200 2193 fornicationem,

624 2215 700 2284 (ὁ)
727 2217 973 2272 concedit
1001 2219 1176 2273 viduis
1199 2219 1432 2274 secunda
1457 2220 1818 2274 matrimonia.
1855 2239 1874 2272 ι
1909 2220 2097 2275 Melius
2121 2230 2205 2275 est

622 2308 789 2374 enim,
824 2309 948 2363 licet
975 2310 1202 2364 alterum
1241 2319 1296 2364 et
1331 2311 1567 2374 tertimu,
1599 2326 1762 2364 unum
1803 2312 1976 2365 virum
2010 2326 2191 2377 nosse,

625 2412 782 2465 quam
812 2399 1070 2466 plurimos
1099 2416 1112 2452 :
1144 2399 1196 2453 id
1239 2409 1344 2466 est,
1379 2399 1710 2456 tolerabilius
1757 2409 1842 2456 est
1879 2402 1969 2456 uni
1999 2401 2202 2456 homini

624 2488 963 2554 prostitutam
993 2503 1137 2554 esse,
1159 2505 1318 2560 quam
1349 2491 1548 2543 multis.
1588 2509 1606 2540 ι
1641 2490 1890 2545 Facessat
1913 2491 2200 2546 calumnia.

625 2580 703 2632 De
740 2579 974 2634 secundo
1017 2580 1102 2634 hic
1129 2582 1275 2636 etde
1305 2582 1461 2636 tertio
1501 2591 1555 2636 et
1583 2593 1773 2651 quarto
1801 2583 1866 2654 (si
1897 2583 2046 2654 libet)
2091 2599 2202 2637 ma-

625 2668 876 2723 trimonio
900 2670 1308 2739 disputavimus,
1338 2688 1444 2726 non
1472 2672 1539 2727 de
1569 2675 1759 2742 primo.
1786 2673 1890 2727 Sed
1919 2691 1984 2728 ne
2004 2675 2122 2744 quis
2146 2675 2200 2729 in

620 2775 688 2814 co
717 2761 857 2830 quod
888 2762 1138 2828 diximus,
1173 2763 1503 2818 tolerabilius
1543 2775 1624 2818 est
1654 2765 1744 2817 uni
1773 2765 1972 2818 homini
2003 2769 2199 2835 prosti-

620 2859 787 2907 tutam
829 2866 950 2906 esse
992 2867 1150 2921 quam
1195 2854 1395 2916 multis,
1440 2853 1504 2906 ad
1534 2854 1763 2922 primum
1809 2856 2060 2910 maritum
2103 2854 2194 2927 [aL

617 2938 1034 3014 matrimonium]
1084 2943 1316 3008 referat,
1376 2957 1500 2997 cum
1550 2944 1726 2998 omnis
1768 2944 1922 2998 nobis
1974 2947 2198 3015 qua-stin

616 3032 686 3084 de
728 3029 958 3100 digamia
1008 3040 1062 3086 et
1105 3032 1349 3103 trigamia
1396 3032 1598 3098 fuerit;
1639 3033 1869 3104 denique
1914 3035 2195 3106 digamite,

615 3131 672 3176 et
737 3117 996 3192 trigamite
1045 3122 1459 3192 disputationem
1517 3124 1617 3181 bac
1668 3125 1819 3180 calce
1871 3127 2197 3197 signavimus

620 3234 640 3265 ‹
667 3214 854 3268 Omnia
872 3214 1057 3282 licent,
1081 3215 1174 3270 sed
1193 3231 1298 3270 non
1321 3217 1498 3270 omnia
1515 3217 1809 3286 expediunt
1833 3236 1852 3269 ι
1879 3217 1928 3290 (1
1944 3257 1956 3271 .
1975 3217 2093 3273 Cor.
2114 3218 2193 3289 6‘).

619 3323 639 3354 ε
674 3305 788 3359 Non
835 3305 1034 3360 damno
1081 3306 1358 3378 digamos,
1392 3308 1501 3362 imo
1547 3323 1646 3364 nec
1694 3310 1987 3380 trigamos,
2043 3319 2100 3366 et
2148 3312 2195 3366 si

613 3397 719 3451 dici
749 3404 946 3464 potest,
976 3403 1302 3464 octogamos.
1344 3397 1470 3453 Plus
1497 3398 1698 3469 aliquid
1726 3399 1982 3465 inferam;
2032 3401 2194 3456 etiam

611 3492 963 3539 seortatorem
1006 3485 1206 3554 recipio
1232 3486 1598 3554 pauitentem.
1629 3487 1895 3559 Quidquid
1921 3489 2197 3560 aequaliter

612 3576 760 3643 licet,
799 3575 992 3645 aequali
1019 3577 1171 3632 lance
1205 3578 1541 3647 pensandum
1569 3588 1671 3634 est.
1710 3599 1735 3632 ›

685 3669 740 3724 9.
781 3669 1080 3724 Erubescat
1117 3670 1471 3726 calumniator
1500 3686 1668 3738 meus,
1699 3671 1885 3728 dicens
1911 3689 1996 3730 me
2025 3675 2194 3745 prima

612 3758 870 3815 damnare
920 3760 1282 3827 matrimonia,
1336 3762 1552 3831 quando
1597 3762 1742 3834 legit,
1783 3782 1802 3815 ε
1831 3763 1948 3820 Νοη
1998 3766 2195 3822 damno

610 3851 872 3922 digamos.
897 3861 954 3908 et
981 3853 1256 3922 trigamos,
1281 3862 1336 3908 et
1367 3855 1410 3908 si
1438 3853 1544 3908 diei
1569 3863 1766 3923 potest,
1799 3865 2130 3926 octogamos.
2166 3876 2187 3910 ι

609 3945 768 3999 Aliud
798 3953 882 4001 est
925 3960 1029 3998 non
1070 3945 1349 4012 damnare,
1389 3946 1532 4001 aliud
1562 3948 1895 4017 praedicare:
1924 3949 2068 4004 aliud
2110 3958 2193 4005 est

609 4038 820 4090 veniam
840 4035 1162 4102 concedere,
1187 4037 1328 4091 aliud
1360 4037 1577 4094 laudare
1617 4039 1893 4097 virtutem.
1925 4040 1979 4096 Si
2011 4051 2191 4096 autem

612 4125 776 4178 durus
801 4125 852 4177 in
879 4138 945 4179 eo
970 4125 1173 4193 videor,
1215 4128 1336 4196 quia
1365 4127 1473 4182 dixi
1507 4147 1522 4178 τ
1559 4145 1580 4180 t
1610 4129 1870 4198 quidquid
1910 4132 2192 4200 aequaliter

609 4215 755 4276 licet,
785 4215 973 4284 tequali
1015 4215 1168 4272 lance
1210 4219 1540 4286 pensandum
1585 4229 1705 4286 est;
1746 4239 1765 4272 ι
1803 4229 1932 4290 puto
1961 4237 2065 4276 non
2104 4237 2191 4278 me

609 4301 879 4357 crudelem
900 4302 1159 4371 iudicabit
1196 4314 1252 4360 et
1277 4305 1528 4375 rigidum,
1559 4308 1653 4377 qui
1689 4309 1791 4363 alia
1823 4309 1938 4364 loca
1963 4311 2188 4380 virgini-

610 4395 705 4448 tati
737 4403 793 4448 et
818 4396 1040 4464 nuptiis,
1068 4397 1172 4450 alia
1201 4398 1460 4466 trigamis.
1491 4409 1542 4451 et
1571 4401 1888 4470 octogamis,
1921 4411 1975 4457 et
2013 4402 2189 4472 potni-

613 4484 847 4540 tentibus
878 4485 1064 4554 legerit
1096 4495 1414 4555 praeparata.
1455 4485 1728 4543 Christum
1757 4491 1810 4544 in
1836 4505 2000 4546 carne
2025 4493 2188 4562 virgi-

609 4590 756 4641 nem,
806 4575 859 4629 in
906 4574 1096 4644 spiritu
1145 4589 1540 4644 monogamum,
1578 4578 1719 4647 quod
1763 4595 1921 4634 unatn
1967 4582 2190 4636 haberet

609 4667 928 4732 Ecclesium,
959 4675 1144 4720 noster
1171 4667 1222 4718 in
1265 4666 1486 4735 reliquis
1519 4681 1698 4724 sermo
1729 4679 1954 4724 testatus
1981 4681 2063 4726 est
2088 4689 2101 4724 ς
2133 4681 2190 4726 et

607 4758 796 4814 crediti
831 4771 1018 4812 sumus
1046 4756 1259 4826 nuptias
1295 4756 1686 4812 condemnaret
1734 4758 2000 4815 Damnare
2038 4761 2188 4817 dicor

607 4849 838 4918 nuptias,
862 4847 1016 4918 cujus
1039 4846 1126 4902 hic
1147 4861 1326 4901 sermo
1351 4847 1471 4902 est?
1497 4847 1635 4917 (Lib.
1667 4849 1719 4904 1.
1743 4864 1791 4902 c.
1820 4848 2188 4923 13.)Nullique

603 4939 822 4993 dubium
871 4947 978 5004 est,
1024 4955 1045 4990 ι
1073 4937 1394 4993 Sacerdotes
1427 4937 1496 4994 de
1539 4941 1720 4994 Aaron
1768 4949 1825 4997 et
1869 4941 2092 4997 Eleazar
2132 4952 2188 4998 et

607 5028 839 5084 Pliinees
877 5028 1046 5098 stirpe
1082 5039 1402 5099 generatos;
1449 5030 1537 5100 qui
1576 5046 1698 5085 cum
1736 5041 1792 5088 et
1831 5033 1931 5102 ipsi
1988 5050 2186 5091 uxores

605 5117 912 5185 habuerint,
941 5129 1089 5174 recte
1121 5120 1278 5175 nobis
1299 5131 1722 5189 opponerentur,
1767 5124 1814 5178 si
1858 5139 2044 5181 errore
2069 5126 2184 5181 En-

602 5213 918 5268 cratitarum
945 5212 1020 5283 (c)
1047 5212 1194 5268 ducti
1223 5213 1670 5272 contenderemus
1711 5218 2049 5274 matrimonia
2093 5235 2183 5278 re-

691 5387 738 5447 η)
779 5388 935 5439 Aliter
957 5387 1163 5447 Spiritus
1188 5387 1276 5440 Dei
1297 5387 1547 5440 consilium
1568 5397 1656 5442 est.

694 5448 831 5511 bjuln
853 5463 916 5498 eo
953 5448 1079 5511 libro
1106 5449 1323 5511 additur,
1360 5450 1621 5511 vitandam.
1648 5452 1846 5504 Variant
1887 5460 2053 5505 autem
2090 5457 2184 5509 hoc

603 5499 713 5573 10.60
723 5499 858 5581 fite.
881 5499 1602 5581 Qui.f°t"i€“‘_‘°"i5'ﬂf‘c"“ll
1613 5499 1638 5573 ές
1660 5499 1871 5576 έιῦέιῖιῖιό
1888 5499 2060 5566 ἓᾶδῖίίι
2081 5499 2182 5581 ὧῖί

607 5564 857 5628 nieattoju
880 5564 1021 5628 recte
1044 5567 1229 5628 legunt.

675 5625 738 5698 (e)
781 5625 1023 5698 Voculam.
1045 5625 1184 5698 .dticti
1217 5642 1278 5678 ex
1305 5629 1487 5690 aliquot
1509 5632 1622 5683 Mss.
1647 5633 1782 5696 iuxta
1806 5636 1914 5698 ejus
1933 5636 2184 5690 'l't'actatus

605 5682 868 5737 lec'timtem
914 5684 1200 5734 addidimus.

1937 260 2174 315 SANCTI
2216 261 2584 318 llll‘IllONi’ill

3792 285 3902 342 500

2319 380 2608 446 probanda.
2637 402 2658 436 ι
2735 385 2896 456 220
2967 387 3246 445 Tatianum
3278 391 3671 452 Eucratitarum
3700 401 3904 469 print-i-

2318 483 2460 537 pem,
2493 473 2581 540 qui
2613 474 2795 541 abjicit
2817 479 3176 545 matrimonia,
3208 485 3675 554 reprehendimus,
3711 499 3768 546 et
3799 492 3900 561 ipsi

2317 565 2528 630 nuptias
2543 565 2994 624 condemnamus?
3015 572 3352 645 Rursumque
3373 579 3458 633 ubi
3477 580 3732 651 virgines,
3750 593 3806 638 et
3822 585 3900 638 vi-

2315 651 2448 707 duas
2468 669 2742 722 comparo,
2758 661 2883 726 quid
2903 661 2972 715 de
3000 665 3197 730 nuptiis
3217 670 3479 724 senserim
3501 689 3517 734 ;
3544 681 3598 726 et
3622 676 3899 744 quomodo

2315 749 2425 797 tres
2453 746 2649 813 gradus
2670 749 3011 817 virginitatis,
3029 754 3409 826 viduitatisque
3439 762 3522 816 vel
3548 766 3895 822 continentia:

2313 842 2368 886 et
2409 835 2637 903 conjugii
2670 836 2909 906 fecerim,
2938 841 3210 898 declarant
3237 847 3350 916 ipsa
3373 864 3494 916 qua:
3519 853 3716 922 scripta
3744 866 3893 911 sunt.

2319 939 2338 972 ι
2367 922 2479 977 Non
2517 941 2650 995 nego
2679 928 2860 983 beatas
2890 945 3010 985 esse
3039 933 3244 1001 viduas,
3273 952 3391 1005 qua:
3431 940 3500 993 ita
3531 941 3610 1012 (ά)
3653 953 3776 1013 post
3803 947 3900 1001 ba-

2314 1013 2562 1080 ptismum
2607 1021 3066 1076 manserinttnec
3116 1024 3324 1081 illarum
3369 1029 3596 1084 detraho
3661 1037 3890 1104 merito,

2310 1118 2430 1172 qua:
2458 1120 2578 1159 cum
2619 1108 2748 1163 viris
2775 1111 2825 1163 in
2863 1113 3106 1169 castitate
3132 1118 3420 1184 perdurant
3453 1139 3466 1174 :
3497 1123 3593 1178 sed
3635 1127 3774 1181 sicut
3808 1129 3896 1184 ba:

2311 1197 2528 1264 majoris
2553 1201 2750 1268 praemii
2779 1204 2918 1270 apud
2947 1204 3109 1259 Deum
3133 1218 3275 1274 sunt,
3301 1225 3459 1280 quam
3491 1225 3669 1284 nupta:
3701 1219 3893 1287 conju-

2310 1287 2416 1354 gali
2459 1286 2636 1344 oflicio
2673 1293 2968 1349 servientes
2999 1313 3013 1348 :
3047 1297 3120 1352 ita
3158 1307 3214 1352 et
3250 1301 3377 1370 ipsa:
3420 1319 3574 1373 arquo
3614 1286 3882 1376 patiantur

2310 1381 2512 1444 animo,
2544 1382 2900 1452 virginitatem
2927 1387 3028 1441 sibi
3058 1391 3320 1457 przeferri.
3353 1411 3373 1444 ι

2384 1470 2470 1526 10.
2512 1473 2592 1526 Ad
2619 1473 2832 1529 Galatas
2852 1492 3065 1547 quoque
3094 1481 3459 1539 testimonium
3491 1487 3732 1556 Apostoli
3765 1506 3888 1560 pro-

2313 1571 2570 1630 ponentes
2619 1581 2632 1617 :
2682 1583 2701 1616 (
2753 1566 2828 1620 Ex
2881 1568 3134 1637 operibus
3185 1571 3320 1642 legis
3363 1590 3468 1629 non
3501 1577 3889 1646 justificabitur

2309 1654 2485 1707 omnis
2505 1669 2631 1707 caro
2665 1673 2683 1705 ι
2716 1655 2912 1724 ((ἱιιιιιι.
2939 1657 2994 1710 2.
3026 1660 3138 1729 16),
3162 1661 3522 1731 hujuscemodi
3551 1684 3769 1725 sensum
3796 1674 3886 1726 itt-

2311 1743 2527 1799 tulimus
2555 1743 2690 1814 (Lib.
2722 1748 2772 1800 1.
2797 1762 2842 1800 c.
2865 1747 2982 1818 25).
3013 1768 3030 1801 t
3064 1749 3236 1820 Opera
3263 1755 3396 1824 legis
3423 1765 3477 1811 et
3515 1761 3711 1828 nuptia!
3735 1772 3887 1819 sunt.

2310 1833 2462 1891 Unde
2488 1845 2542 1891 et
2577 1838 2964 1894 maledicuntur
2989 1841 3040 1895 in
3068 1857 3155 1907 ea,
3186 1859 3305 1914 qua:
3331 1861 3436 1901 neu
3467 1849 3664 1906 habent
3701 1854 3840 1910 filios
3869 1872 3889 1911 :

2306 1942 2427 1998 qua:
2457 1931 2501 1983 si
2533 1933 2902 1989 conceduntur
2926 1938 3086 1991 etiam
3113 1938 3166 1992 in
3197 1939 3506 2011 Evangelia,
3538 1945 3678 1999 aliud
3704 1957 3891 2005 tamen

2306 2029 2387 2073 est
2419 2021 2796 2092 indulgentiam
2825 2026 3115 2082 infirmitati
3149 2030 3402 2097 tribuere,
3439 2034 3580 2088 aliud
3616 2047 3696 2089 est
3718 2038 3889 2091 virtu-

2309 2111 2449 2164 tibus
2471 2114 2682 2180 prrcmia
2710 2116 2972 2185 polliceri.
3009 2137 3027 2169 ι
3055 2119 3193 2174 Ecce
3217 2123 3490 2190 perspicue
3513 2126 3723 2193 nuptias
3744 2128 3886 2181 dixi-

2307 2219 2426 2257 mus
2452 2208 2669 2261 concedi
2695 2209 2744 2260 in
2776 2208 3067 2280 Evangelia
3095 2229 3108 2265 :
3140 2211 3234 2267 sed
3255 2223 3430 2269 tamen
3462 2216 3678 2272 easdem
3709 2217 3760 2272 in
3782 2235 3887 2274 suo

2305 2293 2484 2349 officio
2527 2310 2921 2366 permanentes,
2971 2304 3186 2371 prmmia
3226 2305 3490 2360 castitatis
3529 2323 3720 2377 capere
3773 2326 3880 2364 non

2307 2398 2481 2452 posse.
2515 2387 2667 2454 Quod
2707 2389 2751 2442 si
2797 2389 3012 2460 indigne
3041 2393 3312 2463 accipiunt
3353 2397 3550 2461 mariti,
3596 2413 3702 2452 non
3749 2399 3881 2454 mihi

2306 2477 2627 2546 irascantur,
2662 2482 2756 2536 sed
2789 2483 3082 2553 Scripturis
3127 2489 3327 2542 sanctis
3369 2505 3385 2544 :
3431 2489 3538 2543 imo
3579 2491 3878 2561 EpiscOpis,

2303 2577 2355 2621 ει
2381 2567 2737 2639 Presbyteris,
2759 2583 2813 2626 et
2847 2573 3114 2639 Diaconis,
3137 2584 3192 2630 et
3213 2577 3464 2633 universo
3495 2582 3664 2633 choro
3691 2581 3879 2636 Sacer-

2303 2657 2468 2711 dotali
2508 2668 2563 2712 et
2593 2660 2849 2726 Levitico,
2900 2665 2987 2732 qui
3029 2678 3087 2719 se
3131 2678 3392 2721 noverunt
3433 2667 3635 2724 hostias
3680 2672 3879 2726 olli-rre

2305 2763 2408 2802 non
2438 2763 2617 2818 posse,
2655 2753 2698 2805 si
2739 2755 2888 2821 operi
2917 2755 3154 2810 serviant
3181 2758 3466 2829 conjugali.
3507 2761 3613 2816 Sed
3640 2771 3694 2816 et
3725 2762 3778 2816 iit
3811 2781 3878 2819 eo

2303 2839 2426 2894 loco
2452 2841 2538 2895 ubi
2561 2841 2629 2896 de
2653 2845 2967 2916 Apocalypsi
2988 2847 3346 2902 testimonium
3371 2849 3795 2923 posuimus'(Lilr.
3820 2857 3874 2909 1.

2303 2945 2349 2982 c.
2379 2929 2496 3001 25),
2526 2946 2706 2988 nonne
2733 2934 3072 2990 manifestum
3103 2947 3204 3001 est,
3245 2941 3370 3008 qttid
3402 2940 3470 2996 de
3499 2941 3789 3012 virginibus
3819 2954 3876 2999 et

2303 3020 2476 3076 viduis
2501 3032 2555 3078 et
2589 3024 2905 3095 conjugibus
2933 3029 3304 3084 senserimus?
3337 3049 3356 3082 ε
3388 3032 3450 3086 lli
3482 3045 3605 3088 sunt
3627 3035 3712 3103 qui
3740 3050 3871 3090 can-

2307 3129 2326 3161 ι
2365 3120 2477 3165 tant
2503 3115 2770 3168 canticum
2799 3131 3015 3181 novum,
3050 3120 3189 3188 quod
3237 3137 3398 3175 nemo
3425 3133 3598 3192 potest
3630 3137 3869 3190 cantare,

2307 3219 2326 3252 ε
2362 3203 2461 3257 nisi
2488 3205 2576 3272 qui
2606 3206 2754 3275 virgo
2779 3217 2880 3261 est.
2911 3207 2973 3262 Hi
3002 3219 3126 3264 sunt
3153 3212 3401 3280 primitias
3427 3215 3517 3268 Dei
3549 3224 3605 3270 et
3633 3219 3790 3286 Agni,
3821 3229 3872 3275 et

2306 3313 2326 3346 t
2359 3295 2476 3350 sine
2526 3299 2731 3353 macula
2763 3300 2948 3366 (Apoc.
2993 3302 3080 3357 16.
3127 3305 3204 3374 5).
3253 3305 3309 3360 Si
3353 3307 3586 3378 virgines
3625 3311 3871 3380 primitia:

2305 3401 2326 3435 t
2359 3383 2453 3439 Dei
2483 3397 2629 3453 sunt,
2655 3403 2786 3458 ergo
2811 3391 3006 3456 viduze,
3040 3402 3094 3446 et
3124 3394 3179 3448 in
3218 3397 3561 3453 matrimonio
3586 3402 3868 3456 continen-

2304 3493 2324 3527 t
2361 3487 2462 3543 tes,
2520 3490 2677 3536 erunt
2731 3495 2851 3552 post
2886 3486 3170 3554 primitias,
3224 3488 3327 3544 hoc
3388 3500 3492 3558 est,
3535 3493 3586 3547 in
3632 3495 3872 3551 secundo

2303 3585 2323 3619 t
2353 3577 2408 3622 et
2444 3572 2601 3625 tertio
2626 3575 2814 3643 gradu.
2858 3576 2914 3630 lu
2945 3580 3183 3633 secundo
3224 3589 3280 3636 et
3307 3584 3464 3638 tertio
3487 3587 3654 3654 gradu
3687 3586 3873 3644 viduas

2303 3667 2325 3710 t
2359 3661 2608 3730 ponimus
2635 3675 2688 3720 et
2727 3666 3114 3725 maritatas:et
3139 3670 3392 3728 liazretico
3421 3675 3602 3732 furore
3642 3677 3873 3734 dicimur

2303 3767 2325 3800 t
2355 3751 2612 3807 damnare
2641 3758 2893 3826 nuptias?
2923 3777 2944 3812 ›

2368 3843 2458 3897 11.
2498 3843 2659 3899 Multa
2689 3857 2808 3901 sunt
2832 3863 2950 3919 qua:
2981 3866 3076 3921 per
3100 3867 3312 3910 omnem
3348 3856 3543 3913 librum
3571 3869 3730 3915 cauto
3755 3875 3875 3915 mo-

2297 3931 2570 3989 deramine
2599 3935 2666 3990 de
2703 3937 3023 4008 virginitate,
3057 3943 3125 3997 de
3168 3945 3363 4013 viduis,
3397 3947 3464 4002 de
3495 3952 3699 4020 nuptiis
3727 3953 3872 4006 dixi-

2297 4037 2436 4078 mus.
2469 4023 2576 4078 Sed
2601 4025 2878 4082 brevitatis
2923 4031 3103 4086 studio
3149 4050 3312 4090 unum
3357 4039 3532 4094 adhuc
3564 4055 3756 4110 ponam
3789 4053 3870 4098 te-

2295 4115 2625 4182 stimonium,
2657 4118 2739 4172 cui
2771 4135 2875 4173 nou
2903 4137 3028 4176 reor
3054 4126 3534 4195 contradicturum,
3579 4128 3690 4187 nisi
3724 4149 3871 4202 eum,

2294 4205 2384 4275 qui
2423 4215 2515 4261 aut
2551 4222 2612 4262 se
2659 4209 2928 4267 inimicum
2970 4215 3200 4283 probare
3271 4219 3428 4292 221
3503 4223 3752 4292 voluerit,
3780 4239 3871 4282 aut

2295 4296 2598 4352 vecordem.
2624 4297 2756 4352 Nam
2775 4315 2894 4355 cum
2916 4306 3338 4376 preposuissem,
3359 4312 3500 4380 quod
3526 4313 3779 4371 Dominus
3802 4318 3873 4371 is-

2293 4395 2375 4438 set
2405 4387 2470 4440 ad
2503 4391 2713 4459 nuptias
2741 4392 2793 4446 in
2820 4392 2964 4448 Cana
2989 4393 3244 4464 Catilinae,
3273 4408 3396 4468 post
3424 4403 3669 4472 quazdam
3708 4407 3869 4460 etiam

2296 4477 2409 4530 hme
2432 4478 2608 4534 addidi
2637 4481 2772 4552 (Lib.
2803 4483 2853 4537 1.
2882 4501 2928 4538 ε.
2955 4485 3048 4556 25)
3082 4504 3096 4541 :
3134 4505 3154 4538 ι
3192 4488 3292 4556 Qui
3320 4493 3462 4546 enim
3489 4497 3656 4551 semel
3683 4497 3777 4552 ivit
3803 4499 3872 4554 ad

2295 4571 2525 4638 nuptias,
2544 4573 2714 4628 semel
2737 4573 2920 4630 docuit
2943 4593 3066 4632 esse
3105 4581 3436 4650 nubendum,
3465 4595 3520 4640 et
3550 4595 3675 4642 tunc
3704 4590 3871 4658 virgi-

2296 4660 2448 4713 nitati
2475 4672 2657 4730 posset
2694 4665 2931 4732 officere,
2959 4666 3004 4721 si
3033 4671 3246 4739 nuptias
3269 4681 3392 4742 post
3413 4674 3788 4744 virginitatem,
3817 4689 3873 4734 et

2291 4751 2564 4806 viduitatis
2589 4755 2978 4822 castimoniam,
3029 4775 3134 4814 non
3164 4761 3218 4814 in
3247 4765 3410 4833 gradu
3453 4766 3609 4820 tertio
3636 4781 3869 4834 ponere-

2294 4857 2433 4896 mus.
2473 4842 2629 4899 Nunc
2665 4854 2842 4901 autem
2892 4863 3014 4903 cum
3071 4849 3453 4908 Hmretieorum
3494 4854 3564 4908 sit
3603 4854 3870 4913 damnare

2291 4930 2558 5006 conjugia,
2591 4949 2645 4993 et
2671 4939 2764 4994 Dei
2786 4954 3046 5010 spernere
3075 4944 3436 5000 conditionem
3472 4964 3485 5000 :
3518 4947 3775 5018 quidquid
3803 4951 3872 5007 de

2293 5027 2451 5084 laude
2479 5028 2674 5084 dixerit
2699 5032 3027 5100 nuptiarum,
3059 5033 3291 5090 libenter
3333 5036 3600 5092 audimus.
3629 5039 3868 5096 Ecclesia

2289 5120 2432 5174 enim
2455 5135 2558 5175 non
2589 5121 2806 5176 damnat
2829 5125 3193 5190 matrimonia,
3231 5127 3326 5181 sed
3363 5129 3622 5198 subjiclt:
3652 5147 3753 5188 nec
3777 5134 3870 5187 ab-

2284 5209 2423 5278 jicit,
2450 5209 2546 5265 sed
2588 5211 2884 5281 dispensat,
2925 5215 3102 5270 sciens
3143 5213 3306 5285 (sicut
3332 5231 3497 5286 supra
3526 5219 3786 5292 diximus)
3813 5223 3865 5278 itt

2289 5299 2450 5355 domo
2475 5315 2686 5372 magna,
2718 5318 2824 5358 non
2851 5304 3025 5360 solum
3064 5319 3186 5360 esse
3214 5321 3341 5361 vasa
3369 5322 3536 5364 aurea
3579 5319 3635 5367 et
3672 5327 3869 5384 argen-

2356 5518 2426 5586 (α)
2473 5519 2736 5589 obiecerat
2757 5524 2939 5589 quippe
2959 5523 3242 5574 Iovinianus
3260 5559 3278 5589 ,_
3307 5542 3330 5570 α
3354 5525 3408 5575 Si
3446 5529 3604 5589 virgo,
3635 5534 3689 5578 et
3709 5529 3869 5581 vidua

2287 5580 2472 5631 fuerint
2507 5580 2793 5648 baptizata,
2818 5580 2958 5634 e't'ita
2980 5580 3338 5648 permanserint
3364 5622 3378 5645 ,
3405 5580 3718 5640 uullavm'fere
3741 5580 3870 5640 inter

2287 5650 2546 5714 utramque
2562 5644 2916 5715 diversitatem,
2933 5660 2957 5691 ν
2980 5644 3127 5707 ἱιυεηι
3150 5644 3478 5706 objectiouem
3500 5649 3644 5702 Hier.
3663 5663 3773 5715 cap.
3791 5651 3871 5703 18.

2289 5703 2614 5766 ωιιίοεὶεείηιε
2637 5703 2794 5753 diluit.
