4078 6198
252 260 359 320 501

253 389 373 449 tea,
403 380 499 440 sed
517 390 573 438 et
596 381 768 454 lignea
793 390 850 437 et
877 381 1053 438 ﬁctilia
1078 399 1092 438 :
1114 389 1168 438 et
1191 379 1294 436 alia
1320 393 1443 437 esse
1464 381 1516 436 in
1539 380 1828 446 honorem,

256 470 373 526 alia
401 473 454 527 in
484 472 858 529 contumeliam
900 472 976 543 (l.
1006 472 1145 526 Tim.
1180 471 1237 526 2.
1267 472 1383 542 21).
1423 472 1488 526 Et
1514 472 1837 541 quicumque

260 577 329 618 se
357 563 709 628 mundaverit,
742 577 867 617 eum
894 561 1129 622 futurum
1158 577 1279 618 esse
1308 577 1402 617 vas
1428 561 1744 616 honorabile
1782 567 1836 614 et

260 655 648 715 necessarium,
697 653 750 706 in
797 668 956 709 omne
1001 668 1137 723 opus
1177 654 1373 708 bonum
1402 660 1777 722 praeparatum.
1808 667 1829 701 ι

260 743 554 812 Quidquid,
587 744 824 813 inquam,
847 744 916 798 de
942 745 1099 800 laude
1125 745 1319 799 dixerit
1341 743 1435 816 [al.
1463 741 1702 815 dixerint]
1731 758 1833 798 nu-

254 835 512 904 ptiarum,
538 836 769 890 libenter
791 836 1060 890 audimus.
1089 836 1317 890 Laudari
1346 835 1581 905 nuptias,
1606 834 1834 887 libenter

257 924 528 988 audimus,
557 935 612 980 et
643 927 856 994 nuptias
884 926 1334 980 condemnamns?
1369 926 1605 980 Ecclesia
1647 922 1834 977 matri-

260 1016 437 1069 monia
466 1032 571 1070 non
603 1017 842 1081 damnat,
867 1017 962 1072 sed
985 1018 1218 1087 subjicit.
1246 1018 1453 1083 Velitis,
1487 1017 1688 1079 nolitis,
1722 1031 1835 1070 ma-

255 1107 396 1161 ritus
447 1108 728 1177 subjicitur
774 1108 1114 1177 virginitati,
1168 1117 1224 1163 et
1278 1108 1544 1162 viduitati.
1594 1107 1833 1162 Ecclesia

254 1199 497 1268 nuptias,
526 1197 621 1254 sed
653 1198 863 1268 nuptias
893 1199 944 1253 in
969 1214 1068 1254 suo
1093 1214 1255 1269 opere
1277 1209 1673 1269 permanentes,
1707 1198 1846 1252 sub-.

248 1284 396 1357 jicit,
432 1303 541 1342 non
567 1287 805 1354 damnat,
847 1299 946 1343 nec
971 1288 1172 1358 abjicit,
1208 1289 1301 1342 sed
1332 1287 1625 1356 dispensat.
1655 1287 1712 1340 In
1743 1301 1836 1356 po-

251 1389 458 1434 testate
480 1389 655 1435 vestra
686 1389 791 1447 est,
817 1381 862 1434 si
889 1380 1068 1435 velitis
1090 1379 1382 1436 secundum
1421 1377 1688 1448 pudicitire
1715 1394 1836 1448 gra-

252 1469 384 1521 dum
413 1469 691 1523 scandere.
720 1469 857 1536 Quid
884 1467 1253 1539 indignamini,
1277 1469 1324 1524 si
1353 1469 1404 1522 itt
1429 1469 1586 1523 tertio
1609 1476 1829 1533 stantes,

253 1558 441 1614 nolitis
469 1558 534 1612 ad
565 1559 840 1628 superiora
872 1547 1158 1632 properare
1178 1560 1203 1612 Ἰ

327 1648 418 1706 12.
470 1649 630 1722 Igitur
657 1665 777 1704 cum
823 1651 980 1705 toties
1021 1663 1075 1706 et
1117 1650 1308 1706 crebro
1353 1649 1606 1706 lectorem
1649 1649 1836 1703 admo-

254 1741 488 1806 nuerim,
517 1750 576 1795 et
604 1755 698 1810 per
725 1739 930 1810 singula
962 1756 1098 1810 pene
1133 1749 1395 1796 tractuum
1430 1740 1617 1803 millia,
1646 1749 1832 1793 cautus

253 1833 430 1886 viator
467 1830 813 1893 incesserim,
858 1844 945 1884 me
989 1829 1058 1883 ita
1108 1830 1347 1898 recipere
1375 1830 1605 1898 nuptias,
1651 1836 1708 1881 ut
1750 1829 1833 1882 eis

253 1923 609 1987 continentes,
626 1921 832 1988 viduas,
846 1921 1181 1992 virginesque
1210 1921 1514 1990 praeferrem
1532 1937 1548 1986 ;
1575 1920 1832 1975 debuerat

256 2015 489 2084 prudens
513 2023 566 2068 et
603 2012 864 2082 benignus
895 2011 1118 2078 Lector,
1159 2013 1318 2066 etiam
1349 2026 1410 2066 ea
1436 2026 1554 2081 quae
1580 2011 1833 2065 videntur

253 2105 423 2171 dura,
458 2104 722 2159 aestimare
761 2102 830 2157 de
876 2104 1120 2167 caeteris,
1173 2113 1230 2158 et
1270 2118 1376 2156 non
1422 2102 1473 2156 in
1517 2116 1625 2156 uno
1671 2110 1832 2170 atque

251 2196 443 2250 eodem
477 2195 644 2258 libro,
676 2193 978 2256 criminari,
1008 2207 1095 2246 me
1123 2192 1360 2247 diversas
1388 2191 1682 2246 sententias
1711 2207 1826 2260 pro~

253 2288 464 2341 tulisse.
492 2286 620 2353 Quis
647 2285 788 2339 enim
822 2284 898 2354 (α)
928 2293 1033 2337 tam
1062 2283 1250 2347 hebes,
1278 2292 1334 2337 et
1356 2282 1434 2336 sic
1469 2283 1521 2335 in
1548 2281 1833 2336 scribendo

253 2378 408 2434 rudis
448 2386 562 2441 est,
611 2385 668 2430 ut
695 2376 833 2431 idem
864 2375 1042 2430 laudet
1089 2384 1143 2430 et
1171 2374 1426 2428 damnet?
1451 2372 1708 2427 aedificata
1740 2372 1834 2426 de-

251 2477 462 2532 struat,
502 2477 558 2523 et
603 2468 873 2522 destructa
908 2465 1177 2520 mdilicet?
1224 2475 1430 2520 etcum
1467 2464 1830 2518 adversarium

253 2558 466 2624 vicerit,
489 2574 587 2614 suo
609 2559 898 2613 novissime
928 2572 1183 2612 mucrone
1213 2555 1472 2610 feriatur?
1498 2555 1554 2610 Si
1579 2554 1832 2609 rusticani

255 2651 524 2715 homines,
549 2659 604 2705 et
633 2651 714 2704 vel
743 2649 1044 2714 rbetoricm,
1069 2648 1151 2702 vel
1188 2647 1482 2702 dialectica:
1503 2647 1634 2700 artis
1664 2645 1830 2715 ignari

254 2742 600 2798 detraherent
640 2741 769 2795 mihi
791 2781 804 2804 ,
834 2741 1119 2795 tribuerem
1162 2739 1371 2794 veniam
1400 2738 1698 2807 imperitiae,
1732 2752 1832 2793 nec

255 2833 648 2889 accusationem
688 2831 1156 2901 reprehenderem,
1231 2833 1390 2902 222
1465 2829 1552 2883 ubi
1602 2844 1705 2883 non
1739 2844 1832 2884 vo-

258 2923 516 2978 luntatem
546 2921 598 2976 in
637 2922 793 2990 culpa
819 2936 1094 2976 cernerem
1115 2963 1132 2990 ,
1160 2921 1254 2975 sed
1283 2919 1655 2990 ignorantiam.
1674 2917 1829 2974 Nunc

256 3027 386 3068 vero
431 3028 555 3068 cum
599 3011 784 3067 diserti
838 3009 1122 3076 homines,
1173 3019 1228 3066 et
1287 3009 1600 3064 liberalibus
1638 3009 1832 3064 studiis

255 3101 476 3167 eruditi,
509 3103 678 3172 magis
705 3102 872 3156 velint
901 3099 1129 3166 laedere,
1158 3116 1316 3170 quam
1355 3101 1672 3170 intelligere,
1706 3099 1829 3155 bre-

256 3193 394 3246 viter
419 3206 450 3245 a
479 3206 564 3246 me
591 3207 904 3261 responsum
932 3190 1184 3257 habeant,
1215 3189 1485 3260 corrigere
1515 3203 1608 3244 eos
1635 3189 1832 3245 debere

255 3292 510 3354 peccata,
559 3299 664 3337 non
711 3281 1122 3351 reprehendere.
1171 3281 1323 3335 Patet
1367 3295 1622 3350 campus,
1657 3289 1763 3335 stat
1802 3296 1834 3336 e

257 3383 443 3430 contra
482 3375 624 3428 acies
646 3415 661 3438 ,
707 3373 1000 3428 adversarii
1040 3372 1234 3442 dogma
1267 3371 1610 3427 manifestum
1643 3381 1747 3432 est.
1780 3382 1832 3427 et

259 3465 358 3536 (ut
410 3463 752 3533 Virgiliantttn
804 3461 1005 3533 aliquid
1053 3462 1322 3531 inferam)
1390 3479 1408 3512 ι
1455 3463 1601 3515 illum
1653 3461 1833 3532 aspice

257 3563 475 3621 contra,
515 3554 616 3621 Qui
646 3563 799 3609 vocat
825 3572 843 3606 ι
881 3552 1127 3622 (/Eneid.
1161 3552 1282 3623 Il):
1317 3551 1694 3622 llespondeant
1733 3551 1832 3606 ad-

258 3647 517 3703 versario.
563 3647 733 3700 Aliter
775 3652 991 3699 teneant
1034 3644 1109 3713 (b)
1141 3643 1354 3697 modum
1394 3642 1445 3696 in
1476 3641 1828 3711 disputando,

259 3737 415 3792 aliter
443 3737 644 3806 virgam
683 3736 734 3789 in
763 3734 1025 3798 docendo;
1057 3742 1112 3788 et
1141 3749 1228 3788 me
1269 3733 1320 3787 in
1349 3732 1504 3786 libris
1533 3732 1676 3795 suis,
1705 3732 1832 3800 quid

257 3826 344 3881 vel
371 3815 834 3894 prmtermiserim,
869 3823 952 3876 vel
980 3822 1272 3876 addiderim
1293 3862 1308 3885 ,
1341 3821 1587 3875 doceant.
1634 3820 1836 3889 Repre-

260 3919 519 3972 Itensores
543 3929 650 3968 non
677 3911 854 3976 audio,
891 3926 1090 3980 sequor
1126 3911 1428 3980 magistros.
1466 3911 1700 3965 Delicata
1737 3911 1835 3964 do-

257 4009 432 4064 ctrina
459 4011 579 4067 est,
627 4001 878 4070 pugnanti
919 4001 1052 4054 ictus
1080 4001 1281 4054 dictare
1308 3999 1376 4053 de
1416 4014 1588 4062 muro,
1630 4011 1684 4054 et
1712 4016 1833 4054 cum

260 4102 376 4168 ipse
399 4095 684 4163 unguentis
711 4092 980 4146 delibutus
1000 4091 1094 4156 sis,
1127 4101 1405 4145 cruentum
1437 4091 1656 4146 militem
1680 4108 1838 4146 accu-

259 4203 380 4243 sare
424 4182 743 4239 formidinis.
783 4181 892 4236 Nec
933 4181 1034 4234 hoc
1075 4180 1295 4243 dicens,
1339 4181 1516 4235 statim
1565 4181 1837 4250 jactantiae

262 4292 386 4334 reus
421 4291 540 4330 sum
562 4314 577 4338 ,
633 4272 776 4344 quod
812 4272 1024 4328 caeteris
1051 4270 1441 4325 dormientibus
1484 4271 1630 4324 solus
1659 4281 1837 4326 certa-

261 4370 449 4431 verint;
485 4365 579 4420 sed
610 4365 712 4419 hoc
740 4361 884 4428 dico,
914 4362 1120 4417 cautius
1146 4375 1241 4415 eos
1272 4375 1428 4430 posse
1454 4375 1713 4430 pugnare,
1745 4361 1836 4430 qui

263 4479 347 4517 me
373 4461 605 4515 viderint
633 4457 988 4510 vulneratum.
1033 4451 1170 4506 Nolo
1209 4451 1312 4505 tale
1348 4460 1620 4504 certamen
1650 4451 1837 4517 adeas,

266 4552 316 4606 in
345 4565 450 4621 quo
486 4557 689 4602 tantum
732 4556 783 4601 te
811 4553 1091 4614 protegas,
1143 4551 1198 4596 et
1241 4549 1486 4610 torpente
1510 4539 1699 4596 dextra
1722 4581 1737 4606 ,
1768 4542 1841 4595 si-

267 4643 427 4697 nistra
455 4641 700 4712 clypeum
731 4634 1095 4692 circumferas.
1137 4634 1243 4688 Aut
1270 4632 1566 4687 feriendum
1598 4633 1690 4688 tibi
1733 4643 1836 4702 est,
1867 4695 1880 4706 η

267 4742 356 4788 aut
395 4731 714 4787 cadendum.
755 4726 872 4783 Non
921 4740 1139 4796 possum
1175 4735 1228 4779 te
1254 4725 1523 4779 aestimare
1549 4723 1838 4794 victorem,

267 4824 365 4879 nisi
395 4821 758 4878 adversarium
787 4819 941 4874 video
971 4816 1073 4889 [al.
1103 4814 1297 4888 videro]
1339 4813 1677 4869 trucidatum.

341 4915 429 4969 1⁸5.
447 4912 715 4981 Legimus,
756 4911 826 4982 (c)
853 4909 1197 4966 eruditissimi
1231 4908 1352 4973 viri,
1389 4908 1441 4962 in
1468 4909 1666 4964 scholis
1694 4909 1838 4980 pari-

333 5041 408 5103 (α)
439 5039 660 5103 Reliquit
677 5040 980 5103 Martianaeus
1000 5046 1160 5103 tamn
1181 5037 1339 5090 hebes.
1365 5038 1512 5101 Saepe
1532 5044 1699 5103 autem
1728 5053 1840 5090 cum

270 5099 456 5153 leviora
479 5099 750 5161 hujusmodi
774 5103 1101 5159 emendamus,
1126 5099 1363 5161 lectorem
1388 5099 1484 5148 non
1506 5100 1838 5149 admonemus.

334 5164 408 5225 (ὁ)
441 5159 985 5225 Etiatn__refragauti_bus
1017 5162 1131 5225 mss.
1164 5159 1394 5225 Erasmus
1426 5161 1608 5225 nodum
1629 5173 1716 5225 pro
1739 5173 1840 5209 mo-

272 5220 398 5276 dum
412 5221 663 5273 contendit
682 5220 871 5270 debere
882 5221 1002 5283 legi,
1023 5223 1216 5283 rNamp
1241 5223 1421 5284 inquit,
1440 5237 1465 5284 ς
1482 5229 1534 5271 et
1548 5220 1842 5284 athletarum

272 5293 324 5337 et
345 5281 1267 5350 Palzestritarum_nexus_‘vocantur,_et
1296 5281 1382 5350 Qui
1422 5283 1651 5350 disputat,
1673 5281 1726 5350 in
1751 5281 1845 5330 hoc

269 5352 438 5407 tenet,
465 5351 517 5394 et
536 5342 802 5407 dissimulat
834 5343 1040 5407 nodum.
1075 5353 1128 5394 ut
1163 5341 1404 5407 illaqu'eet
1439 5341 1787 5407 adversarium.
1813 5357 1836 5385 ι

268 5403 520 5468 Infelicem
542 5406 866 5468 conjecturam
891 5405 1106 5468 pluribus
1129 5403 1364 5456 relellere
1386 5405 1511 5454 haud
1535 5412 1689 5453 vacat.
1709 5403 1843 5468 Atta-

269 5484 380 5520 men
403 5467 542 5527 iul'ra,
575 5463 713 5523 fortis
733 5472 820 5519 est.
846 5463 902 5515 ὑί
919 5467 1207 5527 disputando
1227 5469 1435 5527 nodosas
1455 5472 1500 5515 et
1522 5472 1670 5527 tenax
1683 5501 1696 5521 ,
1721 5463 1846 5512 dixit

268 5525 594 5593 Hieronymus
614 5536 668 5593 et_
692 5529 860 5593 nescio
888 5525 1009 5590 quid
1026 5528 1100 5577 rei
1125 5528 1272 5593 rt'rgte
1305 5531 1354 5578 in
1384 5525 1605 5577 docendo
1636 5537 1844 5586 respon-

266 5593 386 5644 dere
411 5589 703 5642 e'contrario
723 5589 916 5638 debet:
1155 5636 1157 5638 .

329 5655 402 5718 (c)
437 5651 652 5704 l’lurium
676 5663 932 5701 numerum
966 5662 1028 5700 ex
1065 5650 1171 5701 aliis
1191 5653 1414 5702 omnibus
1445 5650 1589 5701 editis
1625 5659 1682 5696 ac
1726 5645 1838 5696 Mss.

1582 265 1907 322 EI’ISTOLA
1953 264 2182 320 XLVIII.

1948 388 2062 444 ter;
2087 388 2145 436 et
2180 380 2497 438 Aristotelea
2529 382 2618 438 illa
2648 383 2734 440 vel
2775 384 2845 441 de
2892 385 3102 458 Gorgia:
3130 387 3362 448 fontibus
3399 410 3516 450 ma-

1942 471 2146 538 nantia,
2190 470 2348 526 simul
2375 472 2658 528 didicimus
2676 515 2696 542 ,
2724 473 2875 544 plura
2895 491 3015 532 esse
3043 479 3289 537 videlicet
3314 496 3515 552 genera

1941 559 2150 615 dicendi
2179 577 2196 614 :
2222 570 2277 616 et
2299 561 2437 616 inter
2463 571 2655 619 caetera
2679 604 2696 631 ,
2733 563 2877 618 aliud
2911 580 3031 621 esse
3069 583 3360 636 γυμναταῶς
3384 574 3518 630 scri-

1940 649 2069 704 bere
2091 690 2111 717 ,
2138 649 2284 706 aliud
2305 655 2614 719 δογματαῶς.
2636 653 2692 708 1η
2727 655 2889 724 priori
2919 671 3103 726 vagam
3131 675 3251 714 esse
3272 665 3515 732 disputa-

1941 737 2171 803 tionem;
2223 752 2277 795 et
2328 741 2634 797 adversario
2686 744 3132 814 respondentem,
3183 765 3325 805 nunc
3368 751 3511 819 hare,

1941 845 2082 885 nunc
2129 829 2216 884 illa
2264 846 2589 902 proponere.
2637 834 3010 902 Argumentari
3060 846 3118 890 ut
3167 837 3324 904 libet,
3373 841 3514 896 aliud

1939 921 2110 993 loqui,
2135 923 2278 978 aliud
2309 939 2488 995 agere,
2517 941 2734 995 panem,
2763 937 2820 981 ut
2847 927 3066 994 dicitur,
3092 930 3406 997 ostendere;
3435 933 3516 987 la-

1938 1013 2114 1082 pidem
2163 1022 2367 1070 tenere.
2416 1015 2472 1070 In
2525 1018 2770 1087 sequenti
2820 1027 3000 1074 autem
3065 1030 3250 1089 aperta
3317 1022 3466 1077 frons
3497 1063 3514 1089 ,

1938 1112 1994 1158 et
2042 1113 2101 1158 ut
2145 1105 2214 1158 ita
2271 1105 2442 1160 dicam
2469 1147 2491 1172 ,
2518 1106 2818 1176 ingenuitas
2864 1109 3164 1163 necessaria
3211 1119 3313 1165 est.
3356 1111 3518 1167 Aliud

1939 1203 2022 1248 est
2039 1196 2461 1264 quaerere,aliud
2487 1196 2734 1253 delinire.
2767 1198 2820 1252 In
2849 1200 3020 1254 altero
3046 1202 3384 1271 pugnandum
3410 1220 3426 1256 :
3457 1203 3514 1258 in

1938 1282 2111 1338 altero
2136 1284 2434 1340 docendum
2457 1296 2558 1342 est.
2582 1288 2661 1342 Tu
2692 1303 2777 1344 me
2801 1298 3030 1345 stantem
3060 1291 3112 1346 in
3140 1293 3344 1362 praelia,
3367 1303 3422 1348 et
3446 1295 3521 1351 de

1937 1373 2048 1427 vita
2074 1375 2461 1443 periclitantem
2487 1378 2755 1432 studiosus
2781 1380 3033 1449 magister
3056 1380 3272 1437 doceas.
3303 1383 3422 1442 Noli
3447 1401 3515 1440 ex

1938 1464 2178 1534 obliquo,
2209 1473 2264 1521 et
2309 1466 2450 1523 unde
2477 1482 2580 1522 non
2611 1469 2852 1537 putaris,
2873 1471 3064 1526 vulnus
3110 1473 3328 1529 inferre.
3357 1476 3514 1532 Dire-

1938 1563 2026 1610 cto
2053 1566 2272 1626 percute
2289 1557 2488 1628 gladio.
2511 1559 2686 1630 Turpe
2703 1561 2795 1616 tibi
2825 1572 2908 1618 est
2936 1563 3144 1620 hostem
3173 1566 3313 1622 dolis
3331 1567 3518 1634 ferire,

1939 1659 2044 1698 non
2075 1646 2296 1702 viribus.
2332 1647 2495 1714 Quasi
2525 1665 2630 1705 non
2659 1658 2717 1706 et
2755 1652 2872 1708 hzec
2906 1668 2993 1708 ars
3023 1670 3230 1711 summa
3263 1673 3511 1729 pugnan-

1939 1735 2069 1788 tium
2093 1737 2182 1799 sit,
2208 1737 2333 1792 alibi
2361 1738 2573 1804 minari,
2593 1740 2716 1794 alibi
2745 1755 3041 1810 percutere.
3066 1744 3513 1819 Legite,obseero

1935 1841 2061 1891 vos,
2096 1827 2539 1893 Demosthenem,
2565 1830 2724 1901 legite
2755 1830 2988 1887 Tullium
3021 1852 3036 1888 :
3066 1849 3129 1890 ac
3170 1851 3247 1892 ne
3291 1835 3518 1894 forsitan

1935 1917 2198 1974 Rhetores
2223 1919 2375 1974 vobis
2438 1922 2596 1993 223
2652 1922 2971 1993 displiceant
2987 1924 3230 1998 (quorum
3252 1931 3384 1984 artis
3403 1939 3509 1995 est,

1933 2011 2241 2065 verisimilia
2268 2013 2436 2082 magis
2461 2029 2618 2082 quam
2634 2030 2758 2070 vera
2776 2015 3000 2086 dicere),
3029 2018 3191 2088 legite
3211 2019 3516 2087 Platonem,

1933 2100 2356 2173 'I‘beOphrastum
2380 2143 2398 2167 ,
2440 2104 2873 2175 Xenophontem,
2903 2109 3246 2164 Aristotelem
3267 2151 3283 2175 ,
3311 2122 3364 2166 et
3391 2113 3515 2168 relic

1935 2206 2069 2261 quos
2100 2193 2190 2261 qui
2236 2193 2303 2247 de
2327 2193 2564 2248 Socratis
2611 2195 2753 2248 fonte
2799 2206 3110 2260 manantes,
3159 2198 3383 2253 diversis
3419 2217 3515 2255 eu-

1934 2295 2153 2337 currere
2195 2283 2379 2335 rivulis
2410 2299 2425 2337 ;
2453 2284 2580 2353 quid
2611 2283 2664 2337 itt
2695 2284 2800 2338 illis
2827 2294 3093 2354 apertum,
3132 2287 3257 2356 quid
3287 2289 3516 2358 simplex

1935 2371 2056 2426 est?
2083 2387 2202 2440 quae
2229 2371 2391 2425 verba
2413 2387 2516 2426 non
2546 2373 2846 2427 sensuum?
2875 2375 2964 2442 qui
2985 2389 3178 2430 sensus
3208 2391 3310 2430 non
3340 2378 3512 2432 victo-

1938 2463 2071 2515 riae?
2117 2461 2414 2531 Origenes,
2463 2461 2798 2529 Methodius,
2851 2463 3144 2530 Eusebius,
3192 2466 3522 2535 Apollinaris

1937 2551 2045 2624 [al.
2087 2552 2474 2626 Apollinarius]
2514 2594 2530 2620 ,
2587 2555 2767 2608 multis
2810 2569 3059 2610 versuum
3100 2555 3336 2632 millibus
3377 2559 3515 2613 scri-

1937 2645 2068 2700 bunt
2106 2644 2362 2699 adversus
2404 2644 2619 2699 Celsum
2665 2655 2718 2700 et
2759 2646 3134 2720 Porphyrium.
3166 2649 3514 2707 Considerate

1936 2737 2126 2808 quibus
2152 2739 2500 2808 argumentis,
2529 2748 2582 2793 et
2610 2753 2768 2809 quam
2798 2739 3014 2794 lubricis
3055 2739 3134 2812 (d)
3169 2741 3509 2811 problemati-

1935 2829 2040 2884 bus
2067 2829 2266 2884 diaboli
2311 2830 2501 2899 spiritu
2527 2839 2774 2884 contexta
2811 2830 3120 2886 subvertant
3151 2849 3164 2884 :
3197 2841 3250 2886 et
3274 2834 3396 2902 quia
3428 2834 3515 2887 in-

1938 2921 2145 2976 terdum
2178 2931 2440 2992 coguntur
2465 2923 2634 2992 loqui,
2663 2938 2767 2976 non
2797 2923 2937 2992 quod
2963 2923 3219 2988 sentiunt,
3249 2923 3342 2978 sed
3369 2925 3512 2993 quod

1937 3027 2156 3068 necesse
2185 3021 2298 3076 est,
2327 3012 2512 3067 dicunt
2539 3012 2798 3068 adversus
2841 3029 2938 3079 ea,
2979 3028 3098 3082 quae
3136 3012 3322 3067 dicunt
3363 3013 3511 3069 Ceu-

1940 3101 2080 3155 tiles.
2131 3100 2306 3155 Taceo
2357 3101 2424 3156 de
2467 3101 2672 3156 Latinis
2719 3102 3113 3172 Scriptoribus,
3145 3102 3510 3170 Tertulliano,

1935 3191 2227 3262 Cypriane,
2259 3190 2495 3252 Minutio,
2527 3191 2820 3256 Victorino,
2863 3192 3156 3258 Lactantio,
3201 3192 3416 3256 Hilario,
3446 3207 3514 3248 ne

1939 3296 2044 3334 non
2075 3289 2179 3333 tam
2203 3294 2290 3334 me
2315 3278 2638 3342 defendisse.
2669 3295 2827 3350 quam
2850 3282 2985 3336 alios
3009 3281 3191 3337 videar
3208 3283 3511 3336 accusasse.

1939 3370 2158 3425 Paulum
2193 3371 2512 3440 Apostolum
2546 3373 2849 3440 proferam,
2892 3387 3048 3441 quem
3075 3375 3515 3442 quotiescumque

1938 3459 2090 3530 lego,
2137 3459 2325 3515 videor
2367 3461 2496 3514 mihi
2551 3476 2658 3515 non
2685 3461 2847 3516 verba
2871 3462 3088 3526 audire,
3131 3462 3226 3517 sed
3257 3462 3511 3517 tonitrua.

1938 3551 2122 3621 Legite
2161 3551 2426 3621 Epistolas
2469 3552 2620 3621 ejus,
2654 3559 2710 3607 et
2735 3553 2965 3608 maxime
3005 3551 3072 3607 ad
3118 3552 3412 3618 Romanos,
3444 3553 3512 3608 ad

1940 3643 2182 3708 Galatas,
2221 3645 2287 3700 ad
2318 3644 2611 3714 Ephesios,
2646 3645 2699 3699 in
2729 3646 2921 3714 quibus
2962 3652 3106 3700 totus
3140 3643 3196 3699 in
3224 3650 3517 3701 certamine

1939 3734 2142 3802 positus
2185 3744 2303 3800 est;
2355 3743 2411 3788 et
2462 3734 2708 3788 videbitis
2759 3749 2881 3791 eum
2933 3735 2988 3788 in
3037 3735 3357 3789 testimoniis
3394 3750 3516 3805 qua:

1937 3827 2099 3880 sumit
2146 3824 2214 3878 de
2268 3824 2437 3878 veleri
2479 3823 2858 3890 Testamento,
2903 3838 3059 3891 quam
3088 3823 3272 3876 artifex
3298 3863 3313 3886 ,
3356 3839 3514 3892 quam

1939 3915 2207 3985 prudens,
2253 3928 2412 3980 quam
2438 3911 2801 3965 dissimulator
2847 3910 2902 3964 fit
2929 3909 3045 3979 ejus
3073 3909 3213 3978 quod
3243 3911 3370 3978 agit.
3420 3911 3516 3964 Vi-

1939 4004 2136 4058 dentur
2156 4002 2370 4072 quidem
2401 4001 2563 4056 verba
2593 4000 2851 4069 simplicia
2873 4041 2888 4066 ,
2936 4008 2992 4054 et
3033 3999 3182 4069 qttasi
3214 4000 3517 4054 innocentis

1941 4094 2172 4149 hominis
2199 4102 2254 4146 et
2297 4090 2594 4155 rusticani;
2634 4099 2690 4146 et
2728 4091 2818 4160 qui
2849 4091 2921 4160 (e)
2954 4103 3052 4144 nec
3080 4089 3255 4144 facere
3296 4104 3397 4144 nec
3423 4090 3518 4145 de-

1940 4183 2139 4238 clinare
2164 4180 2374 4235 noverit
2392 4180 2613 4234 insidias
2644 4199 2657 4233 :
2685 4179 2780 4234 sed
2813 4193 3152 4249 quocumque
3180 4179 3510 4248 respexeris,

1941 4273 2159 4328 fulmina
2189 4281 2334 4327 sunt.
2371 4271 2552 4326 Haeret
2581 4271 2634 4326 in
2669 4287 2860 4336 causa,
2899 4272 3040 4340 capit
3081 4287 3242 4328 omne
3265 4273 3406 4343 quod
3433 4284 3516 4329 te-

1943 4364 2121 4433 tigerit
2150 4381 2164 4416 :
2197 4372 2403 4433 tergum
2427 4364 2616 4427 vertit,
2660 4370 2718 4417 ut
2755 4370 2972 4430 superet
3000 4379 3016 4416 :
3047 4361 3220 4432 fugam
3267 4364 3513 4431 simulat,

1943 4464 2000 4509 ut
2028 4454 2254 4509 occidat.
2290 4453 2686 4508 Calumniemur
2710 4467 2839 4523 ergo
2867 4453 3011 4507 illum
3034 4492 3051 4520 ,
3090 4461 3250 4524 atque
3273 4454 3516 4509 dicamus

1943 4547 1990 4600 ei
2021 4564 2036 4599 :
2069 4545 2393 4601 Testimonia
2423 4544 2614 4614 quibus
2661 4553 2845 4599 contra
2876 4543 3120 4610 Judaeos,
3167 4545 3252 4599 vel
3291 4557 3520 4600 caeteras

1945 4635 2176 4689 haereses
2203 4649 2330 4689 usus
2359 4649 2438 4698 es,
2483 4634 2639 4689 aliter
2669 4633 2720 4688 in
2763 4634 2874 4689 suis
2913 4633 3075 4702 locis,
3117 4635 3270 4688 aliter
3309 4635 3361 4686 in
3409 4634 3514 4687 tuis

1942 4726 2193 4796 Epistolis
2231 4734 2445 4782 sonant.
2487 4725 2738 4781 Videmus
2765 4725 3008 4796 exempla
3044 4727 3250 4796 captiva
3299 4723 3367 4796 (Γ)
3399 4739 3517 4779 ser-

1942 4865 2265 4925 reposuimus,
2296 4861 2580 4925 ipsa__etiam
2624 4859 2857 4925 orationis
2889 4860 3023 4925 serie
3051 4863 3278 4925 cogente.
3320 4855 3514 4925 martia-

1943 4917 2078 4989 naéus
2086 4938 2223 4989 vero,
2234 4917 2369 4989 ratus
2382 4921 2726 4989 Hieronymum
2751 4919 2905 4989 solum
2921 4917 3102 4988 alloqui
3120 4917 3518 4977 ’Pammachium,

1941 4985 2005 5033 de
2027 4999 2115 5034 suo
2139 4979 2322 5034 fecerat
2343 4985 2390 5030 in
2415 4979 2665 5042 singulari,
2688 4979 3008 5042 eruditissime
3027 4979 3118 5042 vir:

2005 5047 2083 5106 (ά)
2117 5045 2321 5104 Quidam
2343 5043 2457 5091 Mss.
2481 5037 2954 5106 problemata,_guod
2996 5046 3056 5106 et
3084 5038 3290 5106 Gravius
3326 5037 3516 5106 probat.

1944 5098 2246 5167 Seqtiemem
2270 5116 2388 5152 vero
2409 5098 2692 5167 contextum
2715 5098 2785 5167 eg
2804 5098 3159 5167 Msszquidem,
3173 5105 3227 5146 ut
3249 5098 3519 5167 profitetur,

1945 5157 2158 5227 inpejus
2179 5172 2340 5214 tamen
2366 5167 2519 5227 mutat
2551 5161 2709 5209 editor
2747 5157 3096 5227 Benedictinus
3136 5157 3328 5219 legens,
3353 5157 3522 5208 dictmt

1945 5219 2176 5276 aduersus
2213 5221 2418 5284 eumqui
2439 5219 2665 5284 dicuntur
2707 5233 2810 5269 esse
2845 5219 3074 5284 gentiles;
3117 5231 3391 5284 (nunquam
3427 5233 3523 5284 nec

1946 5270 2182 5351 impressa
2218 5270 2369 5351 lectio
2405 5270 2567 5351 usque
2605 5280 2727 5351 adeo
2765 5270 2974 5351 arridet,
2998 5270 3108 5344 quae
3137 5270 3523 5351 forte'integrior

1948 5341 2062 5403 erit,
2086 5347 2126 5394 si
2151 5343 2344 5405 legeris,
2362 5355 2426 5405 ex
2447 5341 2585 5405 parte
2605 5342 2744 5401 juxta
2767 5341 3083 5405 vetustiorem
3099 5341 3525 5405 Aeditio_nem,'mu-

1947 5401 2057 5458 tata
2070 5401 2229 5454 etiam'
2239 5401 2486 5466 paululum
2518 5402 2944 5466 interpunctione,
2980 5401 3111 5466 loqui
3139 5401 3267 5465 quod
3299 5413 3392 5452 non
3412 5415 3522 5452 sen-

1948 5467 2100 5526 tiunt;
2121 5465 2209 5527 sed
2232 5461 2359 5527 ('1qu
2381 5476 2570 5527 necesse
2600 5461 2670 5527 est
2693 5461 2876 5527 diem,
2905 5470 2999 5527 etc.

2011 5523 2282 5589 (eilidito'r
2301 5525 2555 5574 Benedict.
2583 5523 2668 5589 qui
2701 5524 2863 5586 facere
2898 5526 3085 5589 absque
3126 5525 3338 5585 negandi
3375 5526 3525 5589 parti-

1949 5584 2074 5646 cula,
2103 5595 2153 5636 et
2177 5586 2318 5649 paulo
2338 5593 2453 5635 ante
2464 5584 2816 5698 Iqtuetlant'pro.
2828 5584 3022 5648 quidem
3044 5584 3256 5647 legerat.

2016 5649 2080 5698 In
2111 5649 2300 5698 Vitiose
2335 5655 2443 5698 post
2483 5661 2648 5698 *rasm.
2676 5645 2891 5698 Mariiau.
2919 5647 3200 5698 servierunt.

2016 5645 2080 5713 (Γ)
2111 5645 2300 5700 Vitiose
2335 5655 2443 5712 post
2464 5645 2648 5699 Erasm.
2676 5645 2891 5704 martiau.
2919 5645 3200 5700 servierant.
