4078 6198
635 296 739 354 503

636 413 748 466 viro
775 409 865 464 tibi
903 407 969 462 ad
1001 403 1294 467 victoriam,
1335 413 1453 468 qua}
1479 397 1592 451 suis
1626 396 1677 450 in
1708 395 2068 448 voluminibus
2099 408 2204 446 non

635 503 904 560 dimicant.
967 497 1153 551 Nonne
1213 492 1367 546 nobis
1416 488 1651 558 loiluitur
1699 502 1819 542 cum
1865 486 2145 540 Salvatore
2188 503 2202 536 :

635 595 790 650 aliter
816 589 962 653 foris,
993 585 1146 639 aliter
1173 581 1317 638 domi
1344 580 1647 651 loquimur?
1677 579 1871 633 Turba:
1903 578 2202 648 parabolas,

633 679 873 749 discipuli
921 676 1144 730 audiunt
1191 674 1466 728 veritatem
1513 671 1740 744 (Matth.
1772 670 1899 738 15).
1949 668 2206 737 Proponit

629 767 915 827 Pharisaeis
971 765 1228 821 Dominus
1282 765 1639 834 quaastiones,
1687 773 1739 817 et
1783 777 1888 815 non
1935 760 2202 816 edisserit.

627 860 781 916 Aliud
801 868 883 914 est
901 858 1100 914 docere
1133 857 1474 927 discipulum,
1507 853 1649 908 aliud
1685 853 2048 908 adversarium
2087 853 2202 906 vin-

623 965 766 1005 cere.
803 969 823 1002 ι
855 949 1186 1021 Mysterium,
1233 948 1438 1016 inquit,
1467 961 1643 1001 meum
1673 944 1800 999 mihi
1821 985 1835 1011 ,
1882 943 2201 1015 mysterium

624 1057 802 1096 meum
825 1042 954 1096 mihi
975 1049 1029 1094 et
1059 1039 1192 1094 meis
1217 1059 1236 1091 ι
1271 1038 1423 1110 (lsai.
1454 1038 1547 1093 21.
1575 1037 1689 1107 16).

589 1130 601 1206 1
696 1133 784 1188 14.
816 1131 1164 1202 lndignamini
1185 1128 1334 1194 mihi,
1357 1129 1499 1199 quod
1520 1127 1858 1184 Iovinianum
1882 1141 1985 1181 non
2008 1125 2204 1181 docue-

592 1211 748 1286 ‘rim,
793 1222 887 1278 sed
923 1222 1158 1277 vicerim.
1199 1222 1309 1276 lino
1338 1220 1684 1291 indignantur
1720 1217 1872 1284 mihi,
1925 1218 2014 1288 qui
2056 1218 2201 1270 illum

586 1296 602 1360 l
624 1317 1131 1371 anathematizatum
1150 1313 1332 1369 dolent
1352 1335 1364 1369 :
1384 1322 1436 1368 et
1457 1328 1575 1369 eum
1595 1311 1812 1366 laudent
1827 1309 1970 1381 quod
2045 1306 2206 1380 224

623 1416 766 1471 sunt,
795 1415 1046 1460 accusant
1072 1405 1212 1476 quod
1241 1420 1361 1459 esse
1389 1419 1446 1458 se
1471 1404 1740 1458 simulant.
1771 1401 1932 1470 Quasi
1963 1416 2088 1456 vero
2117 1416 2205 1454 ro-

623 1496 827 1567 gandus
864 1496 1058 1562 fuerit,
1102 1506 1160 1550 ut
1197 1495 1326 1549 mihi
1367 1496 1613 1557 cederet,
1656 1504 1709 1548 et
1750 1509 1858 1547 non
1902 1493 2105 1546 invitus
2140 1507 2202 1546 ac

623 1603 926 1657 repugnans
954 1589 1005 1641 in
1043 1588 1286 1643 veritatis
1316 1587 1524 1640 vincula
1555 1585 1849 1640 ducendus.
1875 1584 1946 1648 Et
1977 1584 2091 1638 [nec
2121 1583 2202 1637 di-

623 1694 823 1742 cerem,
857 1678 900 1732 si
932 1677 1176 1732 vincendi
1205 1677 1604 1743 studio,contra
1635 1677 1868 1745 regulam
1899 1675 2201 1743 Scriptura-

626 1786 744 1822 rum
772 1769 1039 1838 quippiam
1080 1769 1288 1823 loeutus
1329 1769 1572 1834 luissem;
1616 1779 1672 1822 et
1713 1769 1850 1821 sicut
1891 1767 1988 1820 viri
2037 1766 2202 1819 fortes

625 1860 678 1915 in
719 1861 1098 1914 controversiis
1141 1861 1316 1913 solent
1361 1859 1566 1923 facere,
1607 1860 1818 1928 culpam
1848 1857 2068 1928 prmmio
2112 1873 2197 1910 re-

624 1950 901 2003 dimerem.
937 1950 1086 2003 Nunc
1118 1965 1244 2004 vero
1285 1966 1407 2003 cum
1456 1951 1718 2018 interpres
1761 1949 1928 2017 magis
1959 1947 2200 2016 Apostoli

625 2039 852 2103 fuerim,
893 2055 1051 2109 quam
1092 2039 1476 2109 doginatistes,
1527 2049 1581 2093 et
1619 2039 2054 2093 commentatoris
2101 2038 2199 2091 sim

625 2144 754 2182 usus
781 2129 982 2192 oflieio,
1033 2129 1287 2198 quidquid
1315 2129 1503 2182 durum
1533 2128 1740 2182 videtur
1761 2169 1776 2192 ,
1823 2128 1873 2182 ei
1906 2128 2073 2196 magis
2106 2127 2203 2179 im-

623 2225 838 2288 putetur
873 2233 1030 2286 quem
1067 2219 1428 2286 exposuimus,
1457 2233 1613 2287 quam
1660 2217 1812 2270 nobis
1839 2218 1925 2285 qui
1955 2216 2202 2284 exposui-

623 2324 760 2361 mus.
787 2308 898 2362 Nisi
920 2307 1056 2363 forte
1077 2308 1167 2362 ille
1200 2308 1354 2362 aliter
1391 2308 1560 2372 dixit,
1594 2316 1648 2362 et
1677 2322 1774 2360 nos
1801 2307 2198 2375 simplicitatem

623 2401 906 2453 verborum
958 2399 1073 2467 ejus
1121 2399 1349 2467 maligna
1389 2398 1826 2467 interpretatione
1852 2397 2194 2452 detorsiinus.

621 2491 720 2556 Qui
747 2490 847 2544 hoc
868 2491 1059 2559 arguit,
1090 2490 1157 2545 de
1181 2492 1306 2558 ipsis
1333 2490 1620 2559 Scripturis
1648 2489 1853 2558 probet.
1886 2489 2155 2541 (Diximus
2181 2505 2194 2538 :

624 2583 678 2636 Si
708 2583 905 2636 bonum
930 2593 1014 2637 est
1043 2583 1317 2636 mulierem
1347 2599 1451 2635 non
1484 2591 1721 2651 tangere,
1746 2582 1941 2634 malum
1972 2595 2097 2649 ergo
2118 2589 2200 2633 est

624 2681 844 2741 tangere
875 2689 889 2724 :
917 2672 1047 2726 nihil
1074 2671 1214 2727 enim
1246 2672 1388 2726 bono
1417 2671 1742 2726 contrarium
1771 2681 1869 2736 est,
1903 2671 1954 2724 ni
1980 2672 2197 2725 malum.

622 2760 677 2816 Si
711 2773 887 2816 autem
921 2763 1116 2816 malum
1157 2773 1238 2816 est
1264 2771 1318 2816 et
1357 2762 1675 2833 ignoscitur,
1718 2761 1837 2815 ideo
1864 2759 2195 2824 conceditur,

625 2870 692 2907 ne
743 2854 884 2907 malo
922 2854 1045 2923 quid
1091 2854 1330 2908 deterius
1378 2855 1468 2908 fiat
1499 2872 1512 2907 :
1553 2874 1571 2906 ι
1605 2864 1659 2908 et
1697 2862 1889 2907 cattera
1927 2867 2094 2921 usque
2133 2851 2198 2904 ad

622 2943 1035 3014 p'opositionem
1054 2943 1270 2998 alterius
1293 2943 1528 3012 capituli.
1560 2943 1668 2997 lloc
1698 2943 1816 2996 ideo
1842 2940 2193 3010 subjeciinus,

620 3036 741 3104 quia
773 3037 1056 3104 Apostolus
1099 3034 1306 3090 dixerat
1336 3053 1351 3090 :
1388 3055 1407 3087 ι
1443 3035 1644 3088 Bonum
1675 3045 1758 3088 est
1788 3034 1986 3087 homini
2016 3031 2197 3085 mulie-

620 3141 732 3178 rem
763 3141 864 3178 non
893 3135 1106 3195 tangere
1129 3145 1142 3183 :
1165 3135 1378 3194 propter
1405 3125 1806 3180 fornicationem
1830 3135 2008 3180 autem
2034 3139 2200 3177 unus-

620 3215 846 3285 quisque
873 3232 1093 3270 uxorem
1127 3233 1277 3271 suam
1311 3217 1532 3282 habeat,
1584 3225 1638 3271 et
1679 3231 2009 3285 unaquarque
2039 3229 2194 3269 suam

618 3307 791 3358 virum
819 3305 1012 3360 habeat
1036 3325 1055 3358 ι
1083 3307 1156 3377 (1.
1191 3306 1307 3360 Cor.
1333 3308 1385 3361 7.
1414 3305 1504 3378 2).
1541 3306 1594 3360 In
1625 3323 1728 3376 quo
1755 3307 2008 3360 dill'erunt
2038 3306 2197 3360 verba

619 3414 738 3454 mea
783 3412 812 3450 a
844 3414 1004 3452 sensu
1049 3399 1335 3467 Apostoli?
1377 3398 1488 3453 Nisi
1533 3398 1669 3452 forte
1709 3399 1758 3452 in
1803 3413 1901 3465 eo,
1935 3397 2077 3469 quod
2109 3398 2196 3452 ille

623 3487 963 3554 pronuntiat,
1012 3501 1112 3553 ego
1137 3486 1321 3539 dubito
1351 3504 1363 3539 :
1395 3487 1483 3541 ille
1509 3487 1726 3552 deﬁnit,
1767 3503 1866 3556 ego
1906 3488 2151 3542 sciscitor
2179 3504 2193 3540 :

621 3577 712 3630 ille
737 3586 916 3644 aperte
945 3575 1074 3631 dicit
1106 3593 1120 3629 :
1155 3594 1172 3626 ι
1205 3577 1407 3629 Donum
1435 3585 1515 3629 est
1555 3575 1754 3630 homini
1783 3579 2064 3644 mulierem
2089 3593 2192 3632 non

621 3676 858 3735 tangere,
887 3686 906 3718 ι
939 3681 1038 3736 ego
1067 3666 1251 3720 timide
1280 3665 1372 3739 [aL
1401 3665 1666 3737 quotidie.]
1697 3683 1903 3735 qiuero,
1931 3667 1976 3720 si
1999 3669 2195 3722 bonum

619 3770 702 3812 est
741 3759 1016 3814 mulierem
1061 3774 1166 3813 non
1208 3768 1442 3829 tangere.
1493 3759 1546 3814 Si
1591 3758 1880 3813 dubitantis
1918 3768 2042 3823 est,
2089 3775 2195 3815 non

617 3850 1002 3906 confirmantis.
1053 3850 1143 3906 llle
1182 3851 1314 3906 dicit
1344 3869 1357 3905 :
1398 3869 1417 3901 ‹
1449 3851 1650 3905 Bonum
1682 3860 1765 3905 est
1795 3867 1899 3906 non
1928 3860 2146 3921 tangere
2179 3869 2192 3906 :

619 3957 718 4009 ego
744 3941 869 4011 quid
902 3942 1042 3996 bono
1068 3942 1394 3996 contrarium
1425 3957 1542 3996 esse
1574 3942 1764 4012 possit,
1797 3942 2046 4013 adjungo.
2073 3942 2196 3998 Sta-

627 4033 830 4102 timque
869 4033 921 4089 in
963 4034 1454 4102 consequentibus:
1505 4033 1986 4088 Animadvertenda
2016 4035 2194 4104 Apes.

619 4125 708 4176 loli
739 4122 1038 4192 prudentia.
1066 4123 1178 4177 Non
1209 4124 1341 4178 dixit
1375 4143 1388 4178 :
1425 4143 1443 4176 ι
1472 4125 1673 4179 Bonum
1713 4135 1795 4180 est
1822 4125 2025 4180 homini
2057 4141 2191 4180 uxo-

616 4228 731 4268 rem
761 4227 866 4264 non
910 4211 1128 4276 habere,
1161 4214 1255 4268 sed
1282 4214 1486 4269 Bonum
1514 4225 1595 4269 est
1624 4215 1898 4270 mulierem
1943 4231 2047 4270 non
2080 4225 2198 4270 tan-

615 4317 743 4372 gere
770 4319 784 4358 ;
816 4320 834 4354 i
871 4303 1091 4371 quasiet
1113 4305 1162 4358 in
1188 4314 1327 4359 tactu
1351 4305 1468 4374 ejus
1497 4308 1787 4372 periculum
1809 4307 1898 4371 sit;
1923 4307 2076 4376 quasi
2099 4307 2192 4376 qui

615 4396 760 4449 illam
785 4395 1034 4465 tetigerit,
1052 4413 1154 4450 non
1172 4398 1547 4452 evadat.Vides
1564 4399 1725 4468 igitur
1742 4399 1928 4454 nonde
1945 4398 2190 4469 conjugi-

614 4485 714 4546 bus
747 4501 842 4538 nos
869 4501 1158 4553 exponere,
1179 4488 1270 4540 sed
1293 4489 1359 4541 de
1375 4488 1518 4541 coitu
1546 4490 1862 4559 simpliciter
1889 4489 2187 4558 disputare,

614 4574 755 4652 quod
790 4574 855 4627 ad
883 4576 1335 4646 comparationem
1376 4575 1644 4644 pudicitia:
1671 4587 1724 4630 et
1764 4577 2102 4647 virginitatis,
2136 4586 2191 4633 ct

612 4667 883 4738 Angelicaz
909 4666 1270 4722 similitudinis
1294 4708 1308 4731 ,
1351 4666 1546 4720 bonum
1575 4677 1655 4722 est
1680 4666 1882 4722 homini
1910 4668 2189 4723 mulierem

612 4774 718 4818 non
744 4767 980 4828 tangere.
1005 4776 1024 4810 ε
1055 4757 1269 4812 Vanitas
1293 4759 1602 4821 vanitatum,
1631 4768 1688 4814 et
1713 4759 1890 4815 omnia
1913 4761 2115 4816 vanitas
2140 4779 2188 4830 ι,

611 4847 740 4902 dicit
767 4848 1116 4903 Ecclesiastes
1143 4849 1163 4921 (
1196 4847 1364 4902 Eccle.
1397 4850 1450 4904 1.
1478 4849 1514 4903 2
1546 4848 1586 4921 ).
1615 4850 1672 4905 Si
1706 4865 1894 4906 omnes
1928 4862 2189 4908 creatura:

610 4936 783 5002 bonae,
807 4947 862 4992 ut
886 4939 1075 4993 abono
1099 4938 1357 4995 Creatore
1375 4939 1623 5005 conditaz,
1643 4943 1914 5012 quomodo
1937 4944 2184 5000 universa

609 5028 857 5082 vanitas?
884 5028 938 5082 Si
962 5040 1102 5084 terra
1131 5031 1356 5092 vanitas.
1375 5031 1628 5100 numquid
1655 5042 1708 5086 et
1730 5034 1876 5098 cteli,
1901 5035 2182 5104 etAngeli,

608 5126 663 5172 et
691 5116 912 5172 Throni.
943 5119 1358 5186 Dominationes,
1389 5120 2180 5192 Potestates,ca:terzeque\t'ir-

610 5209 786 5262 totes?
859 5211 1016 5282 225
1088 5210 1192 5266 Sed
1219 5228 1337 5282 qua:
1363 5227 1456 5282 per
1478 5225 1535 5265 se
1562 5213 1698 5267 bona
1740 5224 1880 5280 sunt,
1911 5224 2018 5270 uta
2041 5216 2179 5271 bono

606 5297 861 5352 Creatore
885 5300 1118 5363 condita,
1149 5301 1214 5354 ad
1237 5303 1691 5372 Comparationem
1724 5304 2005 5359 meliorum
2031 5305 2182 5362 vani-

607 5393 687 5438 tas
716 5388 1071 5453 appellantur.
1100 5389 1255 5444 Verbi
1278 5393 1446 5460 gratia
1477 5393 1726 5447 :lucerna
1751 5393 2014 5463 lampadis
2030 5409 2180 5450 com-

606 5475 882 5542 paratione
922 5491 1020 5546 pro
1063 5480 1228 5536 nihilo
1270 5491 1390 5538 est:
1424 5483 1630 5552 lampas
1681 5485 1852 5540 stella:
1893 5481 2180 5544 collatione

606 5576 714 5615 non
755 5561 896 5618 lueet
927 5582 942 5616 :
971 5568 1178 5623 stellam
1223 5572 1363 5630 lunae
1409 5575 1617 5640 confer,
1660 5591 1800 5632 cazca
1843 5588 1923 5632 est
1954 5595 1966 5631 :
1998 5579 2176 5634 lunam

602 5651 703 5706 soli
725 5649 909 5722 junge,
943 5668 1047 5709 non
1087 5661 1265 5715 rutilat
1294 5680 1306 5715 :
1339 5664 1506 5718 solem
1537 5665 1746 5722 Christo
1775 5668 1981 5737 confer,
2014 5679 2067 5724 et
2099 5680 2174 5726 te-

1919 276 2158 335 SANCTI
2197 274 2567 331 lllERONYill

3813 295 3934 352 504

2317 392 2498 444 ηεὺηε
2524 402 2666 444 sunt.
2697 391 2806 462 Ego
2829 411 2961 454 sum.
2997 395 3188 465 inquit,
3217 399 3304 467 qui
3333 417 3445 454 sunt
3468 401 3666 473 (Exod.
3703 407 3760 461 5.
3801 411 3926 482 14).

2315 480 2540 534 Omnem
2565 482 2724 550 igitur
2749 494 3048 538 creaturam
3079 487 3122 540 si
3155 487 3266 541 Deo
3293 492 3612 559 contuleris,
3643 511 3754 549 non
3782 480 3926 553 sub-

2313 572 2474 626 sistit.
2544 571 2670 627 cNe
2728 575 2944 638 tradas,
3012 576 3182 646 inquit
3235 578 3459 647 Esther,
3529 575 3920 645 hmreditatem

2316 669 2456 715 tuam
2484 661 2566 717 his
2593 665 2684 732 qui
2721 679 2825 718 non
2855 675 2980 719 sunt
3009 685 3027 718 ι
3077 666 3306 738 (Esther.
3337 672 3428 726 14.
3462 673 3574 744 il),
3609 677 3778 732 idolis
3807 681 3918 735 sci-

2313 752 2436 808 licet
2465 766 2518 808 et
2559 755 2911 812 daemonibus.
2944 758 3011 812 Et
3054 771 3202 816 certe
3231 772 3386 817 erant
3427 765 3572 821 idola
3601 778 3654 823 et
3691 770 3916 827 damno-

2314 859 2428 907 nes,
2457 846 2648 914 quibus
2697 862 2764 901 ne
2807 848 3164 914 traderentur,
3213 853 3422 908 orabat.
3462 853 3520 910 In
3550 857 3650 914 Job
3685 877 3913 932 quoque

2313 933 2559 1004 legimus,
2606 953 2636 991 a
2677 938 2870 992 Baldad
2896 937 2989 1010 (al.
3031 940 3286 1015 Baldac/t]
3330 946 3530 1000 dictum
3572 948 3643 1004 de
3690 952 3907 1022 impio:

2318 1043 2338 1076 ι
2372 1027 2642 1081 Avellatur
2675 1028 2744 1083 de
2770 1031 3114 1086 tabernaculo
3137 1048 3234 1088 suo
3258 1035 3447 1091 fiducia
3475 1039 3613 1108 ejus,
3639 1053 3691 1096 et
3726 1045 3908 1100 calcet

2310 1130 2472 1187 super
2497 1134 2619 1173 eum
2647 1121 2797 1188 quasi
2839 1138 2932 1176 rex
2961 1123 3232 1178 interitus.
3263 1125 3515 1183 Habitent
3552 1131 3604 1185 in
3638 1134 3902 1188 taberna-

2309 1211 2432 1264 culo
2477 1211 2593 1279 ejus
2635 1213 2764 1268 socii
2809 1214 2947 1284 ejus,
2988 1217 3077 1284 qui
3121 1232 3226 1271 non
3266 1231 3394 1274 eSt:
3432 1239 3451 1272 ι
3488 1221 3627 1277 haud
3671 1227 3900 1284 dubium

2309 1302 2434 1370 quin
2473 1302 2692 1367 diaboli,
2715 1306 2804 1373 qui
2851 1321 2970 1359 cum
3004 1305 3199 1362 habeat
3220 1311 3416 1376 socios,
3447 1327 3552 1367 non
3581 1327 3760 1371 autem
3795 1320 3898 1373 ba-

2309 1393 2458 1447 beret
2508 1395 2609 1447 nisi
2650 1407 2793 1450 esset
2824 1415 2837 1450 :
2867 1406 3047 1452 tamen
3092 1401 3212 1468 quia
3248 1401 3356 1456 Deo
3396 1405 3574 1472 periit,
3623 1423 3733 1462 non
3771 1426 3898 1466 esse

2315 1486 2530 1540 dicitur.
2558 1487 2699 1556 Ergo
2720 1490 3012 1544 secundum
3037 1491 3176 1544 hunc
3205 1498 3618 1562 eoniparatioois
3643 1515 3891 1561 sensum,

2316 1596 2333 1629 ί
2364 1579 2559 1632 malum
2621 1581 2852 1635 diximus
2903 1582 3178 1637 mulierem
3235 1593 3449 1654 tangere
3500 1587 3668 1656 (licet
3731 1593 3892 1646 uxori

2309 1673 2450 1726 nulla
2481 1673 2614 1726 facta
2642 1673 2711 1727 sit
2736 1675 2958 1747 mentio)
2982 1676 3103 1744 quia
3127 1676 3322 1730 bonum
3347 1687 3427 1731 est
3454 1695 3555 1734 non
3583 1693 3826 1751 tangere.
3862 1704 3883 1735 ι

2309 1765 2375 1817 Et
2418 1764 2741 1833 snhjecimus
2775 1783 2788 1819 :
2824 1785 2842 1817 ι
2877 1766 3243 1836 Virginitatem
3283 1767 3625 1835 frumentum,
3660 1773 3884 1841 nuptias

2310 1855 2592 1920 hordeum,
2621 1857 3025 1912 fornicationem
3050 1867 3258 1912 stercus
3290 1859 3541 1914 bubulum
3573 1877 3891 1932 nuncupan-

2310 1953 2409 1999 tes.
2447 1965 2464 1997 ι
2520 1945 2714 2016 Utique
2754 1946 3078 2002 frumentum
3117 1959 3170 2002 et
3210 1950 3470 2005 hordeum
3511 1963 3759 2006 creatura
3793 1955 3888 2008 Dei

2307 2048 2410 2092 est.
2470 2039 2662 2092 Verum
2713 2039 2764 2093 in
2812 2039 3104 2109 Evangelio
3152 2042 3322 2110 major
3369 2043 3520 2096 turba
3574 2044 3888 2098 liordeaccis

2308 2127 2561 2196 panibus,
2605 2128 2778 2182 minor
2808 2127 3183 2184 frumentaceis
3214 2132 3446 2198 pascitur
3474 2133 3637 2198 (.llur.
3663 2136 3714 2188 6.
3743 2134 3838 2204 Η)
3869 2153 3883 2189 :

2313 2237 2330 2270 ι
2363 2219 2635 2284 llomines,
2666 2221 2853 2290 inquit,
2877 2231 2932 2275 et
2951 2222 3187 2291 jumenta
3211 2224 3387 2277 salvos
3411 2223 3591 2292 facies,
3612 2225 3836 2280 Domine
3861 2247 3879 2279 ι

2307 2307 2445 2379 (Ps.
2478 2309 2565 2364 53.
2601 2309 2630 2362 7
2659 2309 2701 2377 ).
2749 2312 2882 2364 Aliis
2928 2312 3103 2366 verbis
3151 2313 3200 2364 id
3244 2309 3421 2382 ipsimi
3464 2315 3622 2369 locuti
3673 2331 3880 2384 sumus,

2314 2400 2526 2468 quando
2561 2415 2746 2453 aurum
2781 2403 3160 2472 virginitatem,
3193 2413 3471 2472 argentum
3505 2405 3712 2474 nuptias
3739 2407 3876 2460 dixi-

2303 2505 2421 2543 mus
2454 2506 2468 2542 :
2501 2501 2552 2544 et
2597 2500 2809 2544 centum
2858 2493 3205 2562 quadraginta
3244 2503 3474 2562 quatuor
3515 2496 3678 2548 millia
3720 2497 3880 2566 virgio

2305 2595 2430 2632 num
2454 2581 2803 2648 signatorum,
2836 2583 2926 2652 qui
2959 2599 3077 2635 cum
3109 2584 3418 2639 llllillt'l'lblls
3445 2601 3550 2638 non
3579 2595 3701 2639 snnt
3727 2588 3879 2640 eoin-

2303 2670 2500 2738 quinati
2529 2688 2542 2724 :
2575 2671 2754 2739 inquo
2779 2672 2990 2726 ostendi
3014 2673 3299 2731 viiluimus.
3325 2689 3512 2727 omnes
3534 2676 3619 2743 qui
3652 2675 3880 2744 virgines

2304 2775 2409 2813 non
2448 2762 2864 2830 permanserint,
2909 2763 2974 2817 ad
3006 2765 3456 2833 comparationem
3489 2768 3786 2835 purissima:
3827 2778 3881 2822 ct

2302 2849 2568 2919 Angelicze
2615 2854 2895 2917 castitatis,
2950 2864 3003 2907 et
3061 2854 3226 2922 ipsius
3280 2855 3484 2908 Domini
3541 2858 3705 2910 nostri
3751 2857 3876 2911 .lesu

2303 2938 2518 3002 Christi,
2547 2956 2666 2993 esse
2698 2942 2946 3008 pollutos.
2975 2943 3126 3007 Quod
3158 2944 3200 2996 si
3233 2945 3314 2996 cui
3344 2959 3596 3012 aSperum
3621 2955 3674 2998 et
3700 2961 3878 3015 repre-

2303 3029 2560 3082 hensione
2585 3029 2803 3099 dignum
2833 3031 3060 3095 videtur,
3092 3042 3291 3087 tantam
3322 3049 3418 3087 nos
3447 3035 3584 3088 inter
3611 3035 3878 3104 virginita-

2303 3129 2409 3174 tem
2437 3130 2491 3175 et
2531 3123 2742 3190 nuptias
2771 3121 2968 3179 fecisse
3009 3125 3338 3188 distantiam;
3369 3135 3561 3194 quanta
3607 3127 3744 3180 inter
3772 3126 3878 3180 frn-

2301 3221 2541 3266 mcntum
2581 3221 2636 3266 et
2666 3211 2926 3266 hordeum
2969 3223 3068 3278 est,
3115 3216 3252 3283 legat
3298 3215 3354 3270 S.
3397 3217 3661 3270 Ambrosii
3691 3217 3758 3271 de
3787 3217 3874 3269 Υἱ-

2301 3303 2421 3356 duis
2467 3303 2682 3368 librum,
2731 3313 2782 3358 et
2813 3304 3047 3358 inveniet
3084 3305 3228 3357 illum
3262 3305 3401 3359 inter
3429 3317 3620 3360 cmtrra
3646 3323 3762 3378 qua:
3807 3307 3874 3362 de

2303 3393 2604 3461 virginitate
2648 3401 2702 3448 ct
2741 3395 2938 3462 nuptiis
2967 3393 3278 3464 disputavit,
3324 3395 3484 3450 etiam
3528 3396 3628 3450 hoc
3656 3398 3868 3454 dixisse.

2308 3501 2326 3533 ι
2353 3483 2536 3552 Neque
2566 3484 2636 3537 ita
2665 3484 2969 3552 eonjnginm
3001 3463 3233 3554 prmlulit
3256 3485 3564 3554 Apostolus,
3611 3498 3668 3540 ut
3705 3489 3872 3542 studia

2303 3573 2618 3642 virginitatis
2670 3573 2857 3644 (Anth.
2904 3574 3241 3648 integritatis]
3294 3577 3670 3646 extingueret:
3703 3579 3792 3633 sed
3843 3595 3871 3632 a

2302 3663 2646 3716 continentire
2679 3665 3028 3732 persuasione
3080 3665 3170 3738 [ιιι.
3223 3665 3548 3738 perfectione]
3593 3669 3868 3736 incipiens.

2302 3751 2368 3805 ad
2395 3753 2791 3808 ἰηεοιιῑίιιειιιίιε
2821 3756 3052 3810 remedia
3081 3756 3381 3812 descendit.
3402 3758 3463 3812 Et
3491 3775 3608 3812 eum
3635 3760 3869 3814 bravimn

2303 3859 2548 3913 superum
2569 3846 2860 3901 vocationis
2889 3845 3110 3901 fortibus
3183 3849 3345 3920 226
3415 3850 3868 3917 demonstrasset,

2303 3935 2530 3991 delicere
2558 3948 2734 3992 tamen
2762 3939 2812 3991 in
2846 3939 2925 3992 via
2952 3940 3217 3994 neminem
3249 3956 3437 4009 passus
3467 3952 3586 3997 est:
3623 3945 3689 3996 ita
3726 3945 3869 4012 plau-

2304 4026 2437 4081 dens
2467 4027 2752 4096 prioribus,
2788 4038 2841 4082 ut
2865 4046 2967 4082 non
2993 4029 3293 4098 deSpiceret
3323 4041 3374 4085 et
3400 4043 3704 4102 sequentes.
3738 4035 3871 4089 Didi-

2301 4125 2446 4170 cerat
2475 4117 2616 4171 enim
2643 4127 2698 4171 ct
2741 4118 2875 4187 ipse,
2909 4120 3030 4188 quia
3060 4120 3314 4174 Dominus
3343 4121 3497 4176 Jcsus
3536 4123 3656 4177 aliis
3687 4140 3867 4193 panem

2305 4205 2680 4272 hordeaceum,
2712 4223 2778 4262 ne
2809 4209 2858 4262 in
2884 4209 2964 4263 via
2993 4210 3284 4265 deficerent
3311 4211 3492 4282 (Joan.
3515 4216 3634 4269 6.5.
3655 4224 3701 4267 et
3714 4217 3864 4284 seq):

2298 4297 2418 4352 aliis
2471 4313 2666 4367 eorpns
2720 4315 2916 4364 suum,
2979 4309 3030 4354 ut
3083 4302 3149 4355 ad
3208 4319 3427 4371 regnum
3492 4305 3869 4360 contenderei‘it

2299 4385 2517 4455 (Matth.
2545 4387 2663 4461 26),
2708 4388 3116 4446 demonstravit.
3161 4392 3226 4446 Et
3274 4393 3326 4447 in
3373 4397 3864 4464 consequentibus:

2296 4477 2412 4532 Non
2440 4494 2569 4548 ergo
2612 4481 2801 4549 copula
2847 4482 3099 4550 nuptialis
3126 4484 3274 4554 quasi
3321 4484 3473 4553 culpa
3516 4485 3749 4551 vitanda,
3778 4487 3866 4541 sed

2297 4569 2446 4639 quasi
2477 4571 2811 4625 necessitatis
2857 4573 3064 4627 sarcina
3091 4572 3404 4628 declinanda
3451 4586 3553 4630 est.
3585 4577 3696 4630 Lex
3731 4578 3864 4632 enini

2297 4661 2541 4730 astringit
2586 4677 2829 4727 uxorem,
2865 4674 2922 4718 ut
2967 4665 3019 4719 in
3059 4665 3329 4720 laboribus
3381 4678 3435 4722 et
3472 4669 3688 4722 tristitia
3735 4669 3867 4722 filios

2295 4765 2515 4826 generet
2546 4772 2559 4808 :
2593 4757 2874 4813 conversio
2899 4757 3015 4828 ejus
3045 4760 3122 4830 (a)
3154 4760 3219 4812 ad
3261 4761 3428 4813 virum
3460 4762 3547 4826 sit,
3596 4770 3650 4812 ut
3677 4761 3725 4815 ei
3759 4761 3866 4830 ipse

2295 4846 2597 4901 dominetur
2617 4844 2770 4919 (Gen.
2791 4849 2845 4903 5.
2870 4849 2980 4918 16).
3009 4849 3148 4919 Ergo
3168 4851 3434 4905 laboribus
3456 4850 3795 4905 etdoloribus
3814 4852 3862 4906 in

2291 4941 2636 5008 generatione
2667 4940 2896 4996 filiorum
2926 4942 3192 4998 addicitur
3230 4955 3412 5012 nupta,
3455 4959 3560 4998 non
3589 4943 3744 4998 vidua
3771 4962 3784 4997 :
3814 4955 3863 4999 et

2291 5029 2587 5086 dominatui
2631 5033 2732 5086 viri
2777 5033 2890 5088 sola
2937 5034 3184 5088 subditur
3221 5037 3490 5104 copulata,
3539 5051 3646 5090 non
3698 5037 3856 5106 virgo.

2292 5121 2358 5175 Et
2389 5122 2440 5175 in
2461 5121 2566 5176 alio
2589 5122 2708 5177 loco
2739 5140 2753 5176 :
2785 5121 2980 5188 Pretio,
3020 5125 3209 5194 inquit,
3242 5129 3398 5196 empti
3416 5129 3553 5193 estis,
3582 5129 3738 5183 nolite
3758 5129 3860 5197 fieri

2289 5215 2418 5266 servi
2441 5213 2700 5266 hominum
2730 5216 2775 5286 (1
2792 5257 2806 5272 .
2829 5215 2946 5270 Cor.
2971 5217 3050 5287 7).
3081 5217 3280 5271 Videtis
3305 5233 3463 5289 quam
3495 5220 3714 5274 evidens
3735 5235 3858 5272 con-

2284 5302 2478 5374 jugalis
2502 5304 2572 5359 sit
2599 5305 2838 5362 definitio
2861 5308 3156 5363 servitutis.
3185 5307 3254 5363 Et
3274 5319 3392 5378 post
3419 5311 3691 5378 pusillum.
3721 5309 3856 5381 (b)Si

2350 5499 2423 5568 (ᾳ)
2457 5498 2584 5568 Olim
2605 5501 2673 5551 ad
2695 5501 3018 5568 virumvirum
3040 5500 3268 5568 __si_t_._Mox_
3303 5501 3485 5568 leviora
3518 5505 3738 5568 quaedam
3770 5503 3856 5557 alia

2287 5561 2500 5625 εκμςῆζ
2517 5563 2718 5625 ipsoque
2744 5563 2804 5610 Ι).
2831 5563 3070 5625 Ambrosii
3093 5561 3218 5611 libro
3239 5563 3304 5612 de
3328 5565 3499 5614 V'iduis
3531 5561 3852 5625 concedamus.

2347 5622 2423 5680 (bl
2455 5622 2574 5689 ilzec
2616 5622 2652 5670 a
2683 5624 2892 5671 nobisin
2919 5630 3108 5689 teritum
3149 5631 3347 5689 recepta
3389 5634 3467 5673 est
3506 5626 3679 5683 lectio,
3721 5622 3853 5689 quam

2285 5681 2528 5733 Victorius
2547 5691 2850 5746 reposuerat,
2880 5691 2931 5733 et
2955 5681 3314 5745 Hieronyioiani
3335 5721 3348 5743 ,
3374 5693 3523 5748 atque
3561 5681 3852 5738 AtubrOSiani
