4078 6198
201 251 312 308 503

197 370 368 441 igitur
407 369 604 424 bonum
648 363 950 434 conjugium
997 361 1228 418 servitus
1265 366 1368 422 est,
1413 355 1612 410 malum
1652 351 1781 422 quid

200 471 314 526 est,
356 459 566 531 quando
603 465 870 526 nequeunt
909 468 970 510 se
1010 451 1240 508 invicem
1281 447 1640 512 sanetiticare,
1686 443 1783 499 sed

201 554 458 621 perdere.
487 570 506 603 ι
531 548 787 606 Universa
809 561 928 617 qua:
952 559 1052 601 nos
1075 544 1145 600 de
1168 542 1476 613 virginitate
1497 553 1560 593 ac
1579 537 1781 608 nuptiis

203 643 320 698 lato
347 655 588 699 sermone
616 639 943 705 dill'udimus,
978 636 1070 692 ille
1094 634 1241 689 brevi
1265 624 1492 687 arétavit
1518 643 1784 698 compen-

201 737 315 801 dio,
348 737 400 790 in
429 735 608 805 paucis
651 734 818 789 multa
865 729 1348 802 comprehendens.
1380 726 1669 795 Virginitas
1712 723 1780 777 ab

199 841 270 880 eo
297 825 568 895 persuasio
598 823 944 880 continentia:
969 840 982 875 :
1011 821 1234 890 nuptiae,
1278 817 1512 873 remedia
1546 814 1776 871 inconti-

201 917 400 973 nentia:
429 915 806 984 prtedicantur.
837 914 904 968 Et
930 913 1296 983 signiﬁcanter
1326 925 1358 964 a
1396 908 1688 978 majoribus
1715 906 1783 959 ad

200 1010 410 1064 minora
435 1008 791 1073 descendens,
821 1006 1116 1077 virginibus
1145 1004 1389 1060 bravium
1413 1016 1661 1072 superna:
1689 1015 1784 1056 vo-

197 1100 432 1155 cationis
465 1099 722 1164 ostendit,
753 1107 945 1167 nuptas
974 1112 1042 1153 ne
1069 1097 1122 1151 in
1154 1097 1237 1150 via
1267 1094 1540 1160 deﬁciant,
1585 1107 1780 1148 consu-

198 1189 365 1246 latur.
407 1189 557 1254 Alios
594 1188 799 1252 laudat,
842 1188 978 1242 alios
1020 1201 1127 1241 non
1171 1185 1418 1255 despicit.
1463 1182 1781 1253 Conjugium

199 1277 434 1344 hordeo,
475 1277 835 1346 virginitatem
873 1276 1086 1346 corpori
1132 1274 1332 1330 Christi
1377 1284 1671 1344 comparat.
1721 1275 1787 1328 Et

198 1377 336 1437 puto
382 1368 551 1423 multo
606 1367 867 1421 minorem
914 1367 1218 1422 distantiam
1271 1368 1413 1422 inter
1457 1365 1783 1421 frumentum

199 1472 326 1511 esse
369 1464 425 1511 et
473 1456 754 1522 hordeum,
801 1471 960 1525 quam
1009 1457 1147 1510 inter
1195 1456 1457 1510 hordeum
1495 1465 1548 1511 et
1592 1470 1786 1524 corpus

200 1548 428 1604 Christi.
486 1548 726 1617 Denique
775 1550 989 1617 nuptias
1031 1548 1199 1614 dicit,
1249 1548 1399 1617 quasi
1451 1547 1785 1602 necessitatis

204 1639 470 1695 sarcinam
497 1637 865 1703 declinandas,
893 1649 948 1692 et
972 1638 1329 1692 deﬁnitionem
1356 1652 1474 1692 esse
1499 1639 1786 1692 evidentis-

205 1730 357 1784 sima:
387 1728 680 1784 servitutis.
715 1728 784 1781 Et
823 1729 986 1780 multa
1012 1728 1116 1780 alia
1144 1742 1262 1796 qua:
1293 1727 1459 1782 tribus
1491 1728 1688 1782 libellis
1716 1728 1783 1782 de

207 1819 503 1888 virginibus
532 1817 789 1873 latissime
819 1827 1131 1887 prosecutus
1157 1826 1258 1871 est.

285 1911 367 1965 15.
403 1911 477 1964 Es
507 1911 698 1981 quibus
723 1910 984 1964 universis
1016 1909 1350 1979 perspicuum
1376 1917 1458 1964 est
1479 1949 1492 1973 ,
1530 1925 1618 1965 me
1649 1909 1781 1965 nihil

207 2003 332 2058 novi
365 2002 432 2056 de
461 2002 752 2072 virginibus
795 2001 1080 2070 nuptisque
1119 2000 1318 2055 dixisse
1350 2019 1362 2055 :
1393 2000 1487 2055 sed
1519 1999 1779 2070 majorum

206 2097 262 2150 in
313 2095 562 2150 omnibus
592 2104 835 2150 secutum
861 2108 982 2149 esse
1021 2093 1361 2156 sententiam,
1393 2100 1497 2145 tam
1526 2092 1681 2162 hujus
1706 2093 1784 2146 vi-

205 2189 425 2254 delicet,
467 2202 624 2257 quam
653 2187 1005 2256 reliquorum,
1037 2186 1126 2254 qui
1158 2185 1224 2240 de
1255 2185 1641 2239 Ecclesiasticis
1686 2185 1782 2239 do-

202 2281 477 2352 gmatibus
521 2279 856 2347 disputarunt
887 2294 901 2329 :
933 2291 1144 2344 quonon
1175 2289 1423 2330 EMULARI
1461 2285 1656 2344 exopto
1685 2290 1779 2328 ne-

201 2373 514 2444 gligentiam
577 2370 793 2440 potius,
844 2384 1003 2437 quatn
1059 2368 1282 2421 aliorum
1328 2365 1610 2419 obscuram
1653 2364 1780 2420 dili-

203 2463 465 2535 gentiam.
489 2462 753 2515 Tumeant
774 2466 960 2513 contra
987 2472 1072 2512 me
1099 2457 1295 2521 mariti,
1321 2471 1488 2524 quare
1509 2454 1733 2509 dixerim
1765 2471 1779 2508 :

208 2575 229 2611 t
257 2556 364 2611 Oro
395 2567 466 2620 te,
503 2553 661 2624 quale
706 2552 833 2606 illud
879 2551 1076 2605 bonum
1118 2557 1234 2614 est,
1274 2547 1417 2618 quod
1455 2562 1612 2602 orare
1651 2562 1780 2618 pro-

205 2653 392 2707 hibet:
424 2649 565 2720 quod
609 2663 802 2717 corpus
839 2645 1035 2700 Christi
1073 2644 1318 2710 accipere
1358 2657 1461 2696 non
1483 2640 1782 2711 permittit?

201 2745 427 2816 Quando
502 2742 658 2814 227
735 2741 928 2808 impleo
950 2738 1124 2791 mariti
1165 2735 1423 2800 ofticium,
1457 2749 1561 2787 non
1585 2733 1782 2801 impleo

203 2834 596 2892 continentis.»
627 2830 787 2884 .Iuhct
827 2828 964 2882 idem
1007 2825 1291 2896 Apostolus
1332 2823 1385 2877 in
1425 2823 1532 2878 alio
1555 2823 1692 2887 loco,
1727 2831 1784 2874 ut

201 2942 414 2998 semper
439 2937 652 2978 oremus
679 2921 698 2994 (
721 2923 768 2975 l.
806 2920 977 2973 Thess.
1004 2918 1101 2987 5).
1164 2935 1183 2968 ι
1205 2916 1259 2971 Si
1287 2929 1498 2985 semper
1523 2913 1781 2967 orandum

201 3029 305 3085 est,
339 3031 608 3086 nunquam
647 3028 776 3082 ergo
815 3010 1066 3079 conjugio
1108 3006 1469 3063 serviendum.
1519 3004 1779 3071 Quoniam

202 3111 644 3182 quotiescumque
687 3105 839 3159 uxori
877 3103 1112 3156 debitum
1141 3099 1329 3165 reddo,
1351 3113 1508 3152 orare
1530 3111 1634 3150 non
1660 3109 1782 3164 pos-

205 3218 346 3257 sum.
383 3220 400 3253 i
439 3201 550 3254 lloc
577 3211 744 3268 quare
774 3195 1021 3254 dixerim,
1054 3193 1394 3262 perspicuum
1422 3196 1523 3250 est,
1552 3187 1671 3254 quia
1701 3185 1784 3237 in-

203 3294 537 3366 terpretabar
579 3289 707 3344 illud
758 3286 996 3357 Apostoli
1035 3284 1281 3338 dictum:
1328 3278 1506 3333 Nolite
1543 3280 1785 3349 fraudare

203 3389 438 3452 invicem,
473 3385 571 3439 nisi
617 3388 749 3454 forte
787 3397 849 3434 ea:
874 3394 1118 3434 consensu
1146 3376 1214 3429 ad
1239 3387 1466 3443 tempus,
1505 3382 1558 3425 ut
1601 3371 1784 3424 vacetis

206 3481 422 3536 orationi
441 3480 517 3548 (1.
543 3475 662 3531 Cor.
683 3477 736 3529 7.
757 3474 833 3541 5).
865 3472 1058 3527 Paulus
1086 3467 1375 3538 Apostolus
1397 3467 1546 3531 dicit,
1571 3463 1784 3534 quando

205 3575 411 3629 coimus
454 3585 582 3624 cum-
604 3567 859 3621 nxoribus
883 3607 897 3630 ,
927 3579 1026 3618 nos
1053 3577 1208 3616 orare
1237 3577 1342 3614 nou
1375 3573 1555 3628 posse.
1603 3557 1657 3612 Si
1692 3571 1786 3624 per

205 3666 405 3719 coitum
437 3659 578 3732 quod
605 3659 781 3714 minus
830 3666 912 3712 est
961 3653 1270 3724 impeditur,
1320 3650 1370 3706 id
1412 3660 1493 3705 est
1519 3689 1535 3714 ,
1580 3661 1781 3700 orare:

210 3762 417 3824 quanto
445 3748 732 3821 plus~quod
765 3747 936 3814 majus
963 3754 1042 3799 est
1063 3785 1078 3808 ,
1111 3742 1162 3796 id
1191 3751 1272 3795 est
1293 3781 1306 3804 ,
1338 3739 1543 3808 Corpus
1586 3735 1784 3791 Christi

207 3843 523 3915 prohibetur
547 3838 834 3907 accipere?
879 3838 1068 3890 Petrus
1097 3833 1163 3886 ad
1190 3831 1568 3887 continentiam
1601 3829 1785 3882 horta-

211 3947 296 3990 tttr
327 3953 340 3989 :
373 3932 457 3988 Ne
487 3929 827 3998 impediantur
849 3928 1098 3980 orationes
1121 3926 1197 3990 (l.
1229 3923 1343 3977 Pet.
1369 3925 1421 3977 5.
1449 3924 1480 3976 ’1
1509 3925 1526 3989 )
1568 3933 1784 3974 nostra).

205 4025 360 4092 Quod
394 4023 722 4087 Itic,'qua~.so,
746 4024 1021 4085 peccatum
1053 4029 1228 4068 meum
1256 4012 1374 4066 est?
1399 4011 1524 4080 quid
1555 4024 1790 4062 comme-

207 4115 339 4171 rui?
380 4109 507 4180 quid
531 4107 770 4177 deliqui?
816 4104 873 4159 Si
904 4103 1160 4167 turbidze,
1215 4109 1272 4155 et
1314 4099 1591 4154 nebulosa:
1637 4112 1790 4166 aqua:

209 4206 403 4270 (luunt,
433 4216 539 4256 non
571 4207 655 4254 est
681 4196 816 4252 alvei
845 4195 1020 4264 culpa,
1046 4193 1138 4248 sed
1167 4192 1346 4246 fontis.
1375 4192 1454 4244 An
1481 4189 1678 4246 idcirco
1702 4203 1791 4240 ar-

211 4309 366 4365 guor,
395 4290 534 4363 quod
558 4288 626 4345 de
647 4303 769 4343 meo
795 4301 957 4341 ausus
979 4299 1094 4338 sum
1117 4282 1351 4351 adjicere
1377 4297 1392 4331 τ
1423 4298 1441 4332 t
1469 4278 1636 4346 Quale
1662 4277 1789 4331 illud

215 4388 410 4440 bonum
429 4391 533 4446 est,
558 4380 699 4451 quod
721 4379 930 4448 Corpus
951 4375 1145 4431 Christi
1167 4375 1412 4442 accipere
1437 4386 1541 4426 non
1566 4369 1791 4440 permit-

216 4478 320 4533 tit?
340 4476 420 4530 Ad
445 4477 544 4530 hoc
575 4473 809 4528 breviter
833 4467 1188 4539 respondebo.
1215 4465 1353 4534 Quid
1377 4473 1459 4520 est
1480 4463 1650 4533 majus
1672 4477 1793 4516 ora-

216 4583 276 4626 re
297 4608 313 4633 ,
364 4582 431 4621 an
460 4565 671 4634 Corpus
699 4561 898 4616 Christi
942 4558 1228 4628 accipere?
1261 4575 1281 4610 ι
1317 4555 1511 4625 Utique
1548 4554 1794 4628 accipere

219 4673 411 4728 corpus
438 4655 656 4717 Christi,
683 4655 738 4710 Si
767 4669 862 4724 per
885 4653 1080 4708 coitum
1104 4648 1245 4721 quod
1269 4650 1444 4703 minus
1465 4656 1548 4702 est
1573 4645 1795 4714 impedi-

222 4762 325 4820 tur,
353 4751 524 4806 multo
557 4748 726 4817 magis
753 4745 894 4817 quod
921 4744 1092 4812 majus
1121 4751 1222 4797 est.
1252 4741 1492 4796 Diximus
1522 4740 1571 4793 iu
1602 4737 1791 4792 eodem

217 4843 486 4897 volumine
509 4840 645 4909 (Lib.
677 4841 728 4894 1.
753 4855 800 4892 c.
824 4837 942 4906 10).
971 4835 1142 4890 Panes
1168 4833 1543 4903 pr0p05itionis
1564 4847 1630 4887 ex
1653 4831 1793 4901 Lege

220 4948 327 4988 non
352 4935 585 5001 potuisse
614 4930 894 4986 comedere
928 4927 1088 4983 David
1115 4967 1130 4992 ,
1166 4935 1220 4982 et
1253 4927 1429 4980 socios
1455 4926 1572 4994 ejus
1601 4924 1703 4979 nisi
1734 4939 1793 4980 se

221 5027 398 5083 triduo
429 5024 656 5078 mundos
683 5040 712 5076 a
735 5023 1056 5078 mulieribus
1083 5020 1489 5090 respondissent
1530 5017 1620 5090 (1.
1661 5019 1788 5088 Reg.

217 5119 284 5172 ‘21
314 5118 356 5187 ).
390 5128 497 5168 non
528 5112 710 5181 utique
744 5128 773 5164 a
803 5112 1194 5175 meretricibus,
1223 5109 1364 5179 quod
1386 5107 1740 5163 damnabatur
1763 5122 1790 5160 a

220 5213 362 5281 Lege
387 5226 402 5264 :
452 5206 545 5262 sed
575 5206 643 5260 ab
668 5205 921 5262 uxoribus
945 5246 970 5277 ,.
1002 5206 1192 5275 quibus
1235 5203 1380 5260 licite
1408 5203 1792 5270 jungebantur.

220 5299 484 5372 Papulnm
510 5311 722 5368 quoque
748 5293 961 5366 quando
1000 5303 1316 5358 accepturus
1345 5302 1462 5350 erat
1499 5292 1695 5363 Legem
1741 5291 1793 5345 in

219 5434 334 5487 Mss.
361 5433 538 5495 Magno
567 5442 772 5480 numero
805 5425 1084 5495 praferunt.
1117 5426 1276 5495 Hujus
1319 5424 1537 5495 Opuscu-li
1582 5423 1798 5495 editores

217 5483 529 5547 Denediciiui
558 5498 792 5554 repetunt
807 5483 1034 5554 coniugii
1075 5483 1597 5554 t'ocabuium',_scil_icet
1620 5483 1800 5554 malum

219 5557 493 5622 coniugium
526 5548 645 5622 quid
667 5558 786 5622 est;
825 5553 912 5622 sed
947 5548 1121 5600 v'ttiosc
1145 5551 1341 5622 omnino
1363 5548 1670 5622 Martianzeus
1693 5550 1800 5622 post

218 5606 465 5675 Ertisnium
497 5629 513 5663 ς
538 5606 565 5660 'u
587 5616 640 5663 Si
664 5606 814 5673 igitur
836 5614 1016 5662 bonum
1055 5614 1349 5676 conjugium,
1373 5610 1590 5662 servitus
1620 5606 1800 5656 malum

218 5681 433 5753 quidem,
459 5676 668 5748 quando,
694 5691 714 5720 ι
747 5682 842 5745 (τις,

1537 240 1859 298 ΕΡΙΞΤΟΙΛ
1906 237 2144 310 XLVIII.

3361 249 3469 304 506

1887 351 2066 406 Monte
2092 351 2236 418 Sina,
2284 352 2452 407 tribus
2487 352 2677 408 diebus
2701 353 2910 422 jussutn
2940 369 3062 412 esse
3108 355 3179 414 ab
3205 357 3465 417 uxoribus

1839 444 1864 469 -’
1891 442 2158 508 abstinere
2187 441 2206 514 (
2230 441 2398 498 Exod.
2428 443 2516 498 19.
2541 443 2561 514 )
2587 443 2708 500 Scio
2727 443 2914 499 Romae
2934 447 3073 502 hanc
3092 464 3216 506 esse
3235 464 3471 507 consuc-

1895 533 2152 601 tudinem,
2199 543 2256 590 ut
2281 535 2467 590 fideles
2491 551 2701 607 semper
2728 535 2928 591 Christi
2956 553 3152 608 corpus
3174 543 3464 612 accipiant,

1891 624 2032 696 quod
2061 639 2160 680 nec
2189 627 2550 696 reprehendo,
2583 643 2684 683 nec
2716 628 2922 698 probo:
2957 628 3309 701 Unusquisque
3327 636 3464 690 enim

1848 765 1850 768 ,
1890 717 1943 770 in
1978 732 2252 796 suo'sensu
2287 718 2509 772 abundat
2540 717 2734 790 (Rom.
2769 719 2898 790 M.)
2931 720 3039 776 Sed
3069 722 3304 791 ipsorqu
3331 739 3469 780 con-

1890 807 2166 862 scientiam
2192 809 2474 873 convenio,
2495 809 2586 878 qui
2605 809 2794 864 eodem
2825 809 2914 865 die
2942 820 3064 880 post
3097 812 3298 867 coitum
3316 828 3470 868 com-

1893 898 2180 962 municant,
2226 898 2445 968 etjuxta
2478 899 2740 966 Persium,
2785 911 2984 954 noctem
3010 903 3224 971 ﬂumine
3251 914 3471 974 purgant

1896 987 2109 1060 (Satyr.
2132 990 2169 1044 2
2193 992 2242 1058 );
2266 1005 2430 1061 quare
2447 991 2512 1045 ad
2539 991 2796 1063 Martyres
2815 993 2893 1047 ire
2913 1008 3021 1049 non
3037 994 3276 1050 audent?
3303 1011 3470 1066 quare

1890 1094 1997 1134 non
2030 1081 2398 1150 ingrediuntur
2425 1081 2732 1137 Ecclesias?
2755 1086 2838 1138 An
2865 1084 3004 1139 alius
3041 1085 3094 1139 in
3122 1086 3356 1159 publico,
3387 1085 3467 1159 (a)

1891 1173 2028 1226 alius
2055 1171 2108 1226 in
2139 1172 2299 1228 domo
2327 1171 2574 1228 Christus
2599 1173 2729 1228 est?
2751 1174 2902 1239 Quod
2935 1175 2984 1229 in
3009 1176 3246 1232 Ecclesia
3270 1192 3378 1234 non
3398 1177 3470 1232 li-

1891 1271 1997 1328 cet,
2025 1277 2126 1318 nec
2156 1262 2301 1316 domi
2347 1263 2490 1318 licet.
2517 1263 2661 1318 Nihil
2693 1264 2804 1318 Deo
2832 1263 3070 1320 clausum
3100 1276 3210 1333 est,
3237 1276 3292 1322 et
3317 1275 3470 1323 tene-

1895 1354 2002 1408 brze
2014 1368 2227 1424 quoque
2240 1355 2418 1410 lucent
2434 1355 2572 1424 apud
2593 1355 2779 1410 Deum.
2800 1355 2992 1411 Probet
3008 1372 3066 1410 se
3085 1359 3470 1428 unusquisque,

1893 1452 1947 1498 et
1986 1445 2065 1499 sic
2107 1445 2174 1498 ad
2221 1446 2429 1514 Corpus
2456 1446 2655 1500 Christi
2685 1447 2946 1512 accedat;
2980 1463 3085 1502 non
3112 1449 3253 1517 quod
3291 1449 3472 1504 dilatae

1892 1537 2285 1591 communionis
2311 1552 2448 1592 unus
2471 1537 2610 1603 dies,
2640 1547 2731 1590 aut
2756 1537 2976 1592 biduum
3006 1541 3327 1594 sanctiorem
3351 1539 3471 1594 efﬁ-

1891 1626 1998 1679 ciat
2024 1625 2402 1690 Christianum,
2435 1633 2492 1680 ut
2516 1626 2656 1694 quod
2688 1626 2848 1680 hodie
2879 1642 2983 1680 non
3019 1627 3212 1692 merui,
3239 1642 3359 1681 cras
3384 1627 3472 1682 vel

1893 1717 2143 1785 perendie
2167 1732 2414 1771 merear:
2493 1720 2655 1788 228
2725 1719 2986 1788 sedquod
3031 1719 3155 1774 dum
3199 1719 3358 1774 doleo
3383 1734 3487 1782 me,

1892 1822 1996 1859 non
2045 1808 2472 1862 communicasse
2523 1809 2750 1876 Corpori
2779 1809 3012 1872 Christi,
3053 1809 3352 1863 abstineam
3383 1823 3472 1865 me

1891 1899 2160 1968 paulisper
2171 1899 2430 1955 abuxoris
2451 1902 2701 1971 amplexu
2725 1919 2738 1955 :
2763 1911 2820 1955 ut
2845 1903 3014 1956 amori
3036 1902 3299 1972 conjugis,
3321 1917 3472 1956 amo-

1890 2006 2002 2046 rem
2030 1990 2228 2045 Christi
2258 1993 2561 2061 prmferam.
2597 1994 2795 2046 Durum
2825 2003 2929 2056 est,
2962 2004 3016 2048 et
3044 2009 3148 2047 non
3192 1993 3470 2048 ferendum

1889 2093 1990 2138 est.
2007 2083 2136 2150 Quis
2158 2083 2260 2139 hoc
2284 2085 2618 2138 smenlarium
2637 2085 2904 2139 sustinere
2923 2086 3141 2153 potest?
3167 2085 3267 2151 Qui
3297 2094 3471 2153 potest

1887 2173 2176 2234 sustinere,
2199 2173 2461 2228 sustineat
2489 2193 2502 2226 :
2530 2173 2618 2242 qui
2642 2187 2746 2225 non
2771 2183 2966 2240 potest,
2990 2173 3102 2242 ipse
3124 2173 3336 2226 viderit.
3362 2172 3472 2225 No-

1890 2265 1974 2318 bis
2004 2277 2147 2316 cura:
2174 2272 2276 2330 est,
2303 2277 2403 2317 nos
2429 2277 2551 2324 eum
2573 2276 2924 2323 unusomsous
2948 2277 3151 2325 rossn',
3184 2270 3275 2316 aut
3302 2261 3470 2328 velit;

1889 2355 1982 2410 sed
2011 2354 2137 2424 quid
2169 2355 2456 2423 Scriptura:
2488 2353 2827 2422 praecipiant,
2861 2353 3058 2406 dicere.

1962 2446 2050 2501 I6.
2083 2445 2213 2499 Illud
2245 2459 2456 2514 quoque
2487 2445 2538 2498 in
2570 2443 3028 2498 commentariolis
3070 2443 3203 2498 meis
3231 2441 3472 2512 ejusdem

1891 2536 2133 2606 Apostoli
2157 2535 2416 2604 cat-pitur,
2449 2533 2731 2603 inquibus,
2763 2533 2873 2586 dixi
2900 2533 3034 2598 (Lib.
3071 2535 3094 2586 1
3129 2532 3271 2600 αι),
3305 2551 3323 2584 t
3362 2531 3471 2586 Ve-

1890 2644 2006 2682 rum
2031 2643 2094 2681 ne
2115 2628 2235 2696 quis
2267 2633 2412 2695 putet
2437 2640 2499 2679 ex
2523 2639 2588 2680 eo
2610 2623 2750 2702 quod
2771 2625 3010 2693 sequitur
3033 2641 3046 2678 :
3074 2633 3130 2677 nt
3152 2625 3331 2677 vacetis
3353 2640 3472 2678 ora-

1889 2719 2034 2782 tioni,
2063 2729 2109 2772 et
2137 2719 2321 2772 iterum
2347 2718 2415 2770 ad
2441 2719 2665 2786 idipsum
2694 2718 3005 2770 revertimini
3035 2717 3114 2784 (I.
3147 2715 3264 2770 Cor.
3297 2715 3351 2766 7.
3384 2712 3466 2783 5),

1889 2810 2202 2879 Apostolum
2227 2809 2328 2863 hoc
2349 2809 2508 2874 velle,
2536 2817 2590 2862 et
2611 2824 2713 2861 non
2739 2818 2954 2876 prOpter
2973 2808 3230 2874 majorem
3254 2805 3462 2858 ruinam

1889 2898 2208 2964 concedere,
2235 2899 2412 2952 statim
2436 2896 2618 2960 infert,
2644 2913 2705 2948 ne
2727 2906 2876 2950 tentet
2903 2912 2988 2948 vos
3015 2896 3236 2948 Satanas
3264 2901 3470 2960 prapter

1889 2990 2302 3044 incontinentiam
2328 2999 2568 3042 vestram.
2598 2985 2822 3038 Pulchra
2848 2985 3094 3037 nimirum
3119 2982 3466 3051 indulgentia,

1889 3089 1934 3133 et
1955 3081 2132 3132 iterum
2153 3077 2456 3130 revertimini
2475 3076 2542 3127 ad
2567 3075 2804 3144 idipsum.
2823 3074 2896 3140 (b)
2917 3073 3067 3139 Quod
3090 3073 3353 3126 erubescit
3370 3086 3469 3125 suo

1890 3184 2083 3224 vocare
2104 3168 2316 3222 nomine
2344 3166 2517 3235 :quod
2540 3165 2815 3218 tentationi
2839 3165 3051 3233 praefert
3073 3163 3303 3226 Satanm,
3325 3163 3467 3232 quod

1889 3276 2107 3315 causam
2139 3259 2298 3312 habet
2344 3255 2814 3320 incontinentiam;
2853 3256 3157 3310 laboramus
3189 3255 3340 3324 quasi
3369 3254 3468 3308 ob-

1889 3367 2102 3406 scarum
2122 3351 2410 3415 disserere,
2436 3364 2556 3403 cum
2585 3348 2892 3417 exposuerit
2911 3348 3100 3416 seipse
3125 3348 3213 3416 qui
3232 3345 3468 3415 scripsit?

1891 3444 2006 3498 Hoc
2031 3453 2199 3497 autem
2223 3443 2356 3507 dico,
2385 3441 2574 3510 inquit,
2613 3442 2767 3511 juxta
2798 3439 3202 3508 indulgentiam;
3248 3453 3350 3490 non
3376 3453 3464 3492 se.

1891 3536 2108 3590 cundum
2139 3534 2426 3604 imperium.
2455 3533 2523 3586 Et
2552 3531 2894 3585 tnussitatnus
2921 3529 3094 3583 adhuc
3124 3530 3334 3599 nuptias
3360 3544 3468 3582 non

1891 3645 2087 3684 Vocare
2129 3624 2550 3694 indulgentiam;
2595 3623 2691 3677 sed
2738 3630 3061 3692 pra-ceptum
3101 3638 3115 3675 :
3161 3621 3312 3690 quasi
3361 3633 3466 3675 non

1891 3721 2078 3774 eodem
2113 3717 2293 3779 modo,
2325 3724 2380 3770 et
2409 3713 2642 3769 secunda
2663 3753 2678 3777 ,
2710 3724 2762 3767 et
2795 3714 2946 3767 tertia
2975 3712 3308 3764 matrimonia
3335 3724 3466 3764 con-

1892 3808 2168 3869 cedantur,
2201 3815 2255 3858 et
2295 3802 2534 3871 reliqua?
2565 3801 2701 3866 Quid
2742 3801 2827 3853 hic
2867 3801 3076 3852 locutus
3126 3812 3278 3870 sum,
3326 3798 3470 3866 quod

1893 3897 2180 3970 Apostolus
2207 3909 2312 3948 non
2341 3891 2576 3946 dixerit?
2607 3889 2864 3942 Nimirum
2898 3885 3048 3949 illud,
3085 3885 3236 3950 Quod
3279 3885 3473 3940 erttbe.

1893 3992 1994 4045 scit
2024 4003 2120 4041 suo
2150 3999 2340 4038 vocare
2370 3980 2630 4035 nomine?
2661 4001 2678 4031 ι
2714 3979 2826 4047 Ego
2846 3973 3302 4045 arhitrorquando
3318 3973 3470 4039 dicit,

1895 4081 1961 4133 ad
1984 4079 2224 4145 idipsum,
2257 4083 2309 4127 et
2342 4088 2455 4126 rctn
2489 4074 2656 4139 ipsam
2690 4077 2858 4130 tacet,
2892 4083 2997 4121 non
3037 4082 3157 4121 eum
3195 4065 3472 4123 nominare

1897 4170 2067 4240 palam
2099 4169 2320 4229 coitum,
2350 4163 2443 4218 sed
2481 4160 2780 4215 verecunde
2800 4159 3102 4214 ostendere.
3130 4161 3208 4212 An
3238 4158 3361 4228 quia
3386 4172 3473 4212 se-

1896 4264 2104 4333 quitur,
2139 4279 2157 4312 t
2190 4258 2342 4328 Quod
2374 4256 2648 4311 teutationi
2682 4254 2893 4323 pra-fert
2923 4253 3131 4307 Saturne
3152 4292 3167 4318 ,
3209 4250 3347 4320 quod
3379 4250 3473 4304 ha.

1899 4357 1987 4409 bet
2032 4367 2246 4406 causam
2290 4345 2763 4407 incontinentiam?
2793 4364 2810 4396 ι
2846 4343 3031 4398 Nonne
3061 4343 3165 4396 alio
3191 4342 3473 4402 verborum

1898 4445 2087 4501 ordine
2115 4443 2342 4511 idipsum
2371 4448 2474 4503 est,
2505 4453 2567 4491 ne
2593 4446 2744 4490 tentet
2773 4451 2857 4488 vos
2883 4434 3106 4488 Satanas
3140 4442 3345 4503 propter
3385 4434 3469 4488 in-

1899 4536 2258 4593 continentiam
2290 4531 2544 4588 vestram?
2569 4530 2649 4583 Att
2677 4528 2797 4597 quia
2825 4527 2955 4592 dixi,
2994 4545 3012 4577 ι
3042 4525 3110 4580 Ει
3131 4525 3474 4578 mussitamui

1898 4627 2073 4682 adhuc
2104 4626 2314 4695 nuptias
2342 4639 2446 4678 non
2473 4636 2664 4678 voeare
2691 4616 3109 4691 indulgentiam,
3142 4613 3234 4668 scd
3275 4625 3474 4680 praeces

1902 4717 2090 4789 ptttnt?
2117 4735 2136 4768 ι
2173 4715 2325 4783 Quod
2353 4715 2398 4768 si
2425 4713 2615 4768 durum
2642 4721 2742 4776 est,
2775 4714 3062 4777 imputetur
3090 4702 3364 4773 Apostolo,
3385 4700 3470 4767 qui

1899 4812 1973 4865 ait
1997 4829 2009 4864 :
2046 4809 2160 4864 lloc
2185 4820 2353 4862 autem
2379 4807 2494 4860 dico
2521 4803 2799 4859 secundum
2825 4796 3194 4868 indulgentiam
3213 4833 3229 4858 ,
3256 4806 3356 4844 non
3397 4805 3474 4842 se-

1899 4905 2117 4958 cundum
2142 4903 2409 4972 imperium
2432 4914 2452 4961 ;
2483 4913 2589 4952 non
2611 4896 2761 4961 mihi,
2789 4894 2876 4964 qui
2905 4895 3128 4957 excepto
3151 4891 3479 4956 praepostero

1900 4995 2108 5058 Ordine,
2133 5009 2234 5048 nec
2258 5004 2498 5053 sensum,
2530 5002 2630 5041 nec
2657 4984 2820 5040 verba
2853 4980 3076 5036 mutavi.

1975 5086 2063 5140 17.
2095 5083 2454 5137 Transeamus
2480 5077 2547 5131 ad
2577 5076 2800 5142 reliqua,
2827 5068 3100 5140 epistolari
3131 5066 3272 5120 enim
3304 5065 3479 5123 brevi.

1903 5185 2012 5233 tate
2043 5175 2256 5228 festinat
2285 5169 2460 5224 oratio
2491 5186 2504 5222 :
2532 5185 2552 5218 ί
2586 5166 2734 5228 Dico,
2762 5161 2930 5231 inquit
2969 5159 3276 5229 Apostolus,
3318 5158 3478 5212 innu-

1900 5268 2029 5334 ratis,
2061 5274 2115 5320 et
2141 5263 2335 5328 viduis,
2360 5262 2560 5317 bonunt
2589 5265 2670 5312 est
2689 5255 2789 5319 eis,
2819 5254 2865 5310 si
2884 5253 2963 5308 sic
2980 5244 3391 5322 permanserint,
3421 5258 3480 5304 ut

1965 5417 2037 5480 (a)
2066 5416 2196 5480 Hine
2219 5420 2420 5480 apparet
2429 5411 2706 5480 obtinuisse
2717 5409 2792 5480 _atl_
2809 5410 2916 5480 ᾖξε
2939 5421 3097 5470 usque
3121 5413 3338 5480 tempora
3360 5419 3482 5480 conv

1905 5469 2230 5536 suetudinem,
2250 5469 2313 5526 'u't
2333 5474 2504 5525 tideIes
2525 5472 2840 5524 Eucltaristite
2860 5469 3229 5522 Sacratnentum
3245 5469 3374 5525 domi
3394 5469 3482 5520 ha.

1907 5543 2099 5602 herent,
2113 5539 2247 5602 quod
2268 5544 2538 5588 sumerent.
2650 5593 2664 5602 ‘
2883 5594 2912 5602 u
2939 5593 2952 5602 _
3030 5601 3051 5602 ί
3173 5591 3203 5602 η,
3412 5590 3442 5602 ,,

1986 5601 2056 5714 ξφ
2084 5591 2405 5714 ὲὶτίεροηιπιι
2462 5593 2783 5651 vestnstiores
2836 5593 2974 5652 editi.
3020 5591 3203 5651 Reverti
3245 5591 3481 5649 concedit.

1905 5674 2058 5731 Quod.
2084 5674 2178 5720 etc.
