4078 6198
694 274 797 331 507

686 405 810 460 ego.
839 385 895 443 Si
921 392 1095 440 autem
1119 395 1177 437 se
1206 393 1311 435 non
1337 376 1628 436 continent.
1677 372 1913 427 nubant:
1945 371 2136 426 melius
2172 379 2258 426 est

689 479 835 533 enim
857 475 1074 534 nubere,
1103 484 1260 538 quam
1290 467 1369 521 uri
1396 485 1414 518 ι
1455 467 1532 534 (1.
1565 465 1683 520 Cor.
1715 465 1766 516 7.
1792 464 1846 518 8.
1875 461 1954 533 9).
1982 461 2132 528 Quod
2161 477 2255 516 ca-

686 566 912 637 pitulum
981 562 1144 631 229
1213 573 1312 613 nos
1349 557 1429 612 sic
1462 555 1788 625 interpretati
1815 568 2036 608 sumus:
2071 555 2258 608 «Post-

685 670 843 726 quam
865 653 1038 719 nuptis
1067 656 1406 704 concesserat
1434 661 1586 701 usum
1606 646 1858 716 conjugii,
1878 653 1932 700 et
1947 644 2256 700 ostenderat

681 754 795 820 ipse
824 749 946 819 quid
972 749 1153 811 vellet,
1181 748 1379 817 quidve
1397 746 1735 809 concederet,
1769 744 1962 800 transit
1998 742 2064 798 ad
2093 742 2255 795 innu-

679 850 817 909 ptas,
840 849 892 894 et
921 838 1128 904 viduas,
1151 847 1206 892 et
1239 843 1318 893 sui
1348 839 1596 908 proponit
1619 837 1945 906 exemplum,
1975 844 2030 890 et
2071 834 2255 889 felices

673 941 847 994 vocat,
863 933 906 986 si
925 931 1004 986 sic
1033 931 1508 1000 permanserintzsi
1535 939 1709 985 autem
1738 945 1799 984 se
1825 943 1927 982 non
1954 927 2249 989 continent,

673 1025 876 1079 nubant
905 1043 919 1078 :
943 1023 1194 1094 idipsum,
1210 1023 1393 1078 dicens
1410 1023 1550 1093 quod
1580 1038 1736 1092 supra
1755 1040 1766 1075 :
1787 1021 2007 1091 Propter
2023 1021 2252 1091 fornica-

672 1117 862 1170 tionem
887 1125 1051 1170 autem
1073 1131 1092 1168 :
1121 1122 1194 1177 et,
1227 1131 1289 1167 ne
1319 1123 1469 1168 tentet
1490 1130 1575 1168 vos
1599 1113 1824 1168 Satanas
1848 1122 2053 1182 propter
2076 1113 2255 1165 incon-

675 1206 936 1260 tinentiam
978 1214 1214 1260 vestram.
1246 1203 1544 1274 Redditque
1573 1217 1785 1257 causam
1807 1217 1904 1257 cur
1927 1201 2158 1265 dixerit,
2192 1199 2254 1255 Si

673 1312 730 1350 se
774 1312 876 1350 non
918 1297 1206 1362 continent,
1249 1294 1488 1349 nubant:
1524 1292 1710 1347 Melius
1746 1301 1821 1346 est
1865 1293 1997 1345 enim
2043 1292 2250 1356 nubere,

675 1402 826 1454 quam
853 1387 954 1440 uri.
981 1387 1104 1442 ldeo
1131 1385 1322 1442 melius
1349 1393 1432 1440 est
1456 1385 1675 1448 nubere,
1708 1383 1831 1454 quia
1861 1383 2013 1453 pejus
2033 1391 2117 1438 est
2145 1383 2249 1437 uri.

673 1475 829 1530 Tolle
859 1476 1105 1531 ardorem
1137 1476 1393 1542 libidinis,
1421 1484 1476 1531 et
1502 1489 1605 1531 neu
1630 1475 1792 1540 dicet,
1822 1476 1941 1545 quia
1973 1475 2151 1529 metius
2179 1483 2251 1529 est

672 1568 873 1622 nubere.
908 1567 1096 1622 Melius
1123 1581 1337 1636 semper
1378 1567 1445 1621 ad
1487 1565 1940 1635 comparationem
1965 1565 2251 1622 deterioris

672 1657 892 1727 respicit
925 1675 938 1711 :
970 1672 1077 1712 non
1104 1657 1169 1712 ad
1197 1658 1593 1727 simplicitatem
1623 1657 2052 1727 incomparabilis
2074 1672 2170 1727 per
2191 1671 2250 1712 se

673 1746 821 1802 boni.
851 1747 1012 1802 Velut
1039 1748 1084 1802 si
1115 1747 1318 1802 diceret
1345 1765 1358 1802 :
1386 1748 1572 1802 Melius
1596 1757 1679 1802 est
1707 1764 1870 1802 unum
1896 1749 2108 1802 oculum
2155 1747 2253 1802 ha-

673 1838 825 1906 bere,
854 1855 1012 1909 quam
1045 1839 1270 1893 nullum.
1304 1839 1368 1892 Et
1394 1847 1514 1908 post
1541 1840 1808 1908 paululum
1850 1832 1971 1894 cum
2005 1845 2250 1908 apostro-

672 1928 832 1997 pham
884 1929 1134 1985 fecissem
1172 1929 1238 1984 ad
1284 1929 1632 1998 Apostolum;
1666 1929 1862 1984 intuli:
1918 1947 1937 1980 ι
1970 1929 2025 1984 Si
2055 1944 2151 1998 per
2190 1945 2250 1986 se

673 2019 830 2072 bona:
857 2021 1053 2088 nuptim
1081 2030 1225 2086 sunt,
1254 2021 1363 2075 noli
1394 2035 1485 2075 eas
1507 2021 1750 2074 incendio
1773 2035 2085 2090 comparare
2109 2037 2122 2072 :
2153 2020 2246 2075 sed

673 2108 760 2162 dic
782 2109 1111 2178 simpliciter,
1147 2110 1340 2165 bonum
1370 2119 1450 2166 est
1475 2110 1694 2166 nubere.
1728 2111 1984 2181 Suspecta
2013 2120 2094 2164 cst
2119 2111 2248 2165 mihi

673 2197 881 2252 bonitas
905 2198 1020 2268 ejus
1044 2199 1140 2263 rei,
1169 2216 1326 2270 quam
1352 2201 1658 2272 magnitudo
1685 2201 1904 2257 alterius
1934 2201 2095 2266 mali,
2129 2217 2246 2255 ma-

673 2286 782 2340 lum
810 2289 950 2358 cogit
970 2304 1090 2344 esse
1113 2289 1349 2344 inferius.
1376 2291 1486 2361 Ego
1506 2301 1681 2346 autem
1707 2309 1810 2346 non
1835 2293 2003 2347 levius
2025 2293 2245 2355 malum,

675 2377 768 2430 sed
801 2378 1022 2447 simplex
1055 2395 1151 2448 per
1177 2395 1235 2434 se
1261 2380 1458 2434 bonum
1488 2381 1633 2434 volo.
1672 2381 1800 2435 Vult
1844 2383 2130 2451 Apostolus
2168 2382 2249 2435 iu-

676 2473 905 2535 nuptas,
945 2475 1002 2521 et
1046 2469 1234 2523 viduas
1277 2470 1478 2540 absque
1522 2473 1663 2525 coitu
1712 2487 2053 2540 permanere,
2084 2481 2138 2526 et
2182 2473 2247 2527 ad

678 2553 983 2626 exemplum
1006 2557 1085 2609 sui
1117 2571 1386 2625 provocat,
1409 2569 1463 2614 et
1489 2561 1750 2617 feliciores
1771 2573 1947 2629 vocat,
1971 2564 2012 2618 si
2033 2565 2108 2618 sic
2131 2579 2250 2632 per-

672 2647 985 2698 manserint.
1027 2646 1080 2701 Si
1109 2657 1284 2702 autem
1329 2663 1388 2704 se
1424 2651 1700 2705 continere
1743 2669 1846 2706 non
1894 2661 2150 2720 possunt,
2187 2664 2249 2708 et

675 2735 920 2789 ardorem
952 2737 1208 2803 libidinis,
1240 2755 1343 2794 non
1375 2749 1478 2794 tam
1511 2742 1839 2796 continentia
1878 2743 2064 2797 volunt
2089 2759 2245 2812 quam

672 2823 1024 2881 fornicatione
1053 2830 1385 2899 restinguere
1409 2871 1424 2893 ,
1457 2832 1649 2885 melius
1691 2842 1774 2886 est
1803 2833 2002 2888 nubere
2026 2875 2040 2898 ,
2087 2849 2246 2903 quam

671 2917 776 2970 uri.
805 2917 883 2971 Ad
909 2919 1049 2988 quod
1081 2935 1179 2975 nos
1210 2921 1526 2981 intulimus:
1557 2923 1677 2978 ideo
1702 2926 1891 2979 melius
1914 2936 1994 2980 est
2023 2927 2241 2993 nubere,

675 3008 798 3075 quia
849 3010 998 3078 pejus
1051 3019 1134 3065 est
1177 3013 1305 3068 uri:
1351 3029 1456 3068 non
1505 3025 1742 3070 nostram
1772 3019 2090 3072 sententiam
2122 3034 2247 3088 pro-

671 3099 925 3168 ferentes,
958 3101 1052 3156 sed
1082 3103 1492 3172 interpretantes
1524 3107 1652 3160 illud
1681 3109 1942 3177 Apostnli,
1969 3112 2148 3164 melius
2175 3121 2248 3165 est

668 3190 870 3253 nubere,
896 3209 1046 3260 quam
1075 3197 1176 3259 uri,
1208 3195 1257 3249 id
1284 3205 1385 3262 est,
1416 3197 1607 3252 melius
1636 3207 1718 3252 est
1748 3203 1994 3254 maritum
2025 3203 2243 3270 ducere,

667 3297 826 3352 quam
855 3282 1130 3339 fornicari.
1158 3287 1216 3340 Si
1247 3289 1326 3341 uri
1355 3289 1439 3342 vel
1465 3287 1716 3344 fornicari
1748 3290 1943 3346 bonum
1984 3308 2104 3348 esse
2145 3295 2244 3349 do-

671 3373 871 3437 cueris,
917 3381 1042 3428 tunc
1083 3374 1227 3430 bono
1257 3377 1448 3432 melius
1493 3381 1824 3448 prmferetur.
1857 3383 1935 3454 (a)
1977 3383 2032 3439 Si
2064 3395 2241 3439 autem

670 3461 877 3516 nubere
917 3463 1108 3518 melius
1135 3473 1249 3530 est,
1291 3467 1431 3535 quod
1475 3470 1612 3525 malo
1653 3471 1970 3539 praefertur,
2016 3489 2119 3528 non
2163 3485 2246 3528 est

668 3566 957 3621 germanm,
981 3561 1035 3608 et
1057 3569 1202 3624 pura:
1237 3556 1576 3627 integritatis,
1608 3576 1706 3616 nec
1737 3562 1854 3630 ejus
1881 3564 2240 3628 beatitudinis,

672 3656 793 3710 quas
817 3642 1033 3711 Angelis
1058 3655 1420 3713 comparatur.
1450 3646 1502 3702 Si
1531 3649 1737 3715 dixero,
1767 3651 1958 3706 melius
1978 3662 2060 3706 est
2084 3653 2244 3724 virgi-

669 3746 792 3785 nem
823 3745 964 3800 esse,
1005 3749 1163 3804 quam
1207 3747 1421 3805 nuptam
1447 3753 1466 3790 :
1510 3738 1652 3794 bono
1695 3741 1886 3796 melius
1925 3745 2154 3811 praetuli.
2186 3744 2242 3800 Si

665 3831 844 3878 autem
883 3825 1110 3880 alterum
1147 3825 1366 3896 gradum
1396 3827 1608 3896 fecero,
1655 3832 1845 3888 melius
1885 3842 1969 3888 est
2005 3835 2239 3902 imbere,

663 3929 823 3981 quam
849 3913 1121 3982 fornicari,
1147 3917 1216 3973 ibi
1237 3933 1341 3972 non
1367 3919 1507 3974 bono
1529 3921 1741 3989 melius,
1765 3923 1859 3978 sed
1883 3925 2023 3979 malo
2044 3924 2239 3980 bonum

663 4004 898 4072 praztuli.
929 4005 1088 4060 Multa
1119 4006 1401 4063 diversitas
1428 4019 1510 4064 est
1551 4011 1692 4066 inter
1732 4013 1783 4066 id
1831 4015 2019 4090 melius
2044 4056 2060 4081 ,
2098 4017 2239 4086 quod

662 4095 880 4163 nuptiis,
897 4104 949 4150 et
967 4096 1105 4151 inter
1120 4097 1172 4151 id
1189 4099 1332 4167 quod
1355 4099 1689 4157 fornicationi
1714 4106 2243 4175 anteponitur.0hse-

664 4198 759 4237 cro
789 4194 860 4248 te,
877 4185 1002 4255 quid
1075 4189 1236 4260 230
1308 4191 1360 4246 in
1385 4192 1482 4248 hac
1497 4193 1816 4250 dissertione
1838 4199 2088 4268 peccavi?
2106 4198 2239 4253 Pro-

661 4274 892 4342 positum
923 4277 1049 4332 mibi
1077 4290 1210 4346 erat,
1235 4297 1338 4337 non
1366 4284 1430 4338 ad
1460 4301 1631 4340 meam
1650 4287 1976 4343 voluntatem
1997 4289 2238 4359 Scriptu-

662 4379 754 4419 ras
785 4366 1018 4434 trahere,
1050 4371 1142 4424 sed
1176 4371 1224 4424 id
1253 4373 1463 4439 dicere,
1495 4377 1634 4444 quod
1664 4377 1965 4447 Scripturas
1992 4381 2126 4434 velle
2153 4381 2236 4434 in-

663 4454 982 4525 telligebam.
1010 4457 1457 4518 Commentatoris
1474 4465 1706 4520 officium
1725 4476 1826 4532 est,
1851 4483 1953 4522 non
1975 4469 2100 4539 quid
2124 4471 2236 4540 ipse

659 4547 790 4601 velit
814 4565 826 4598 :
859 4548 951 4603 sed
977 4551 1100 4618 quid
1129 4553 1324 4606 sentiat
1353 4554 1440 4609 ille
1457 4572 1615 4624 quem
1645 4559 2043 4629 interpretatur,
2063 4577 2236 4632 expo-

657 4654 811 4695 nere.
841 4640 1051 4712 Alioqui
1079 4643 1123 4696 si
1152 4647 1418 4699 contraria
1447 4647 1662 4714 dixerit,
1692 4665 1796 4703 non
1836 4660 1942 4704 tam
1969 4653 2235 4723 interpres

658 4731 776 4792 erit.
811 4745 968 4801 quam
998 4731 1334 4789 adversarius
1357 4736 1494 4806 ejus.
1523 4753 1680 4807 quem
1710 4739 1895 4794 nititur
1923 4743 2232 4812 explanare.

656 4818 816 4876 Certe
854 4821 1176 4894 ubicumque
1217 4824 1518 4896 Scripturas
1563 4843 1668 4883 non
1709 4828 2059 4900 interpretor,
2088 4843 2142 4888 et
2167 4834 2233 4889 li-

653 4912 784 4970 bere
799 4913 866 4970 de
887 4931 1008 4971 meo
1029 4931 1186 4972 sensu
1212 4917 1422 4988 loquor,
1442 4930 1629 4990 arguat
1651 4935 1736 4976 me
1756 4922 1839 4977 cui
1869 4923 2013 4989 libet,
2037 4923 2229 4980 durum

652 5003 780 5073 quid
820 5004 1018 5063 dixisse
1071 5015 1256 5063 contra
1294 5009 1530 5079 nuptias.
1569 5011 1724 5080 Quod
1775 5014 1819 5068 si
1862 5030 1970 5070 non
2013 5031 2230 5086 repere-

652 5095 743 5158 rit,
764 5096 1016 5167 quidquid
1033 5099 1113 5153 vel
1133 5109 1405 5156 austerum
1423 5116 1543 5157 esse
1561 5103 1787 5170 videtur,
1815 5106 1898 5161 vel
1912 5106 2125 5174 durum,
2154 5107 2226 5180 (ὁ)

651 5183 704 5237 id
721 5185 1336 5258 Scriptorisauctoritati,
1357 5206 1462 5248 non
1479 5194 1782 5264 interpretis
1792 5197 1852 5252 of
1851 5198 1970 5254 licio
1987 5198 2227 5270 deputet.

726 5277 815 5333 18.
864 5279 1000 5335 Illud
1030 5298 1158 5338 vero
1170 5283 1312 5340 ferre
1333 5287 1450 5355 quis
1472 5287 1660 5358 possit,
1680 5289 1821 5358 quod
1851 5291 1905 5345 in
1936 5306 2023 5347 me
2043 5307 2227 5363 repre-

654 5451 1180 5570 pfslekryue’tuzllciditio.
1204 5461 1249 5512 si
1279 5470 1438 5514 mitem
1469 5465 1550 5516 uri
1581 5466 1761 5518 malum
1791 5475 1888 5530 est,
1932 5469 2060 5534 quod
2099 5469 2227 5522 mata

916 5550 932 5572 ς
956 5550 1050 5567 υνυ-

649 5569 805 5690 00:90
820 5569 1096 5694 mai.“
1131 5593 1224 5632 non
1247 5583 1500 5648 scriptoris
1521 5587 1812 5652 auctoritati,
1835 5592 1920 5643 sed
1951 5589 2224 5657 interpretis

1993 259 2236 314 SANCTI
2276 258 2648 315 HIERONYMI

3869 273 3983 331 508

2371 370 2620 424 heuditur
2648 386 2662 423 :
2694 385 2858 439 quare
2876 385 3147 442 exponens
3167 373 3455 444 capitulum
3474 378 3742 448 Apostoli,
3777 381 3840 437 in
3865 399 3980 453 quo

2362 460 2430 516 de
2453 462 2766 531 coniugibus
2806 463 3040 533 scripsit,
3069 483 3090 516 ο
3121 467 3515 523 tribulationem
3569 473 3752 528 carnis
3798 472 3976 532 habe-

2361 551 2492 605 bunt
2515 551 2844 620 hujusmodii
2875 553 3219 625 (l.Cor.7,28
3235 555 3278 628 ),
3302 557 3529 613 dixerim
3555 577 3575 613 :
3603 579 3624 613 ι
3645 562 3758 616 Nos
3790 565 3972 635 ignari

2362 657 2540 697 rerum
2573 645 2886 711 putabamus
2931 646 3144 715 nuptias
3167 649 3358 703 saltem
3385 651 3565 705 carnis
3594 651 3805 710 habere
3832 657 3970 712 lasti-

2364 732 2511 786 tiam.
2541 732 2597 786 Si
2619 741 2795 788 autem
2819 736 3137 791 nubentibus
3163 747 3218 793 et
3246 739 3298 793 in
3325 754 3488 797 carne
3532 743 3816 800 tribulatio
3859 759 3964 813 est,

2361 820 2414 874 in
2440 836 2542 890 qua
2563 822 2677 875 sola
2701 824 3014 879 videbantur
3052 827 3249 882 habere
3269 828 3507 897 delicias,
3537 833 3662 901 quid
3691 836 3804 891 erit
3831 839 3960 892 reli-

2359 924 2480 964 eum
2507 921 2724 983 propter
2764 916 2904 985 quod
2945 916 3167 982 nubant,
3197 933 3320 973 cum
3368 929 3423 975 et
3467 922 3523 976 in
3551 924 3765 992 spiritu,
3801 937 3864 982 et
3910 930 3961 983 in

2358 1003 2554 1069 anima,
2578 1015 2632 1059 et
2659 1007 2710 1060 in
2757 1007 2868 1077 ipsa
2911 1023 3075 1063 carne
3122 1008 3391 1066 tribulatio
3434 1012 3549 1067 sit?
3585 1033 3606 1068 ι
3649 1016 3784 1083 Quae
3843 1018 3963 1076 hmo

2359 1092 2736 1150 condemnatio
2786 1097 3112 1152 matrimonii
3141 1108 3257 1161 est,
3289 1101 3337 1156 si
3378 1101 3657 1159 infantium
3699 1109 3956 1178 vagitus,

2359 1182 2588 1240 filiorum
2617 1195 2838 1254 mortes,
2867 1189 3070 1244 abortia
3098 1189 3193 1262 [al.
3223 1192 3482 1267 divortia],
3507 1196 3703 1254 damna
3729 1201 3955 1270 domus,

2357 1281 2412 1328 et
2447 1284 2641 1330 etetera
2670 1275 2972 1346 huiusmodi
3016 1279 3412 1336 tribulationem
3454 1284 3690 1342 diximus
3736 1291 3957 1361 nuptia-

2357 1364 2521 1418 rum?
2550 1365 2682 1419 Dum
2709 1366 2983 1422 adviveret
3009 1366 3123 1440 [al.
3151 1371 3321 1425 adhuc
3348 1373 3528 1429 vireret
3552 1375 3578 1448 j
3601 1389 3804 1434 sanetae
3829 1397 3952 1437 me-

2357 1454 2541 1509 moria:
2557 1455 2812 1511 Damasus
2839 1498 2855 1522 ,
2877 1457 3066 1513 librum
3089 1469 3272 1515 contra
3293 1461 3588 1520 Helvidium
3620 1485 3640 1519 ‹
3672 1468 3741 1523 de
3766 1469 3951 1526 Beata:

2357 1543 2536 1600 Maria:
2575 1546 2876 1617 virginitate
2904 1558 3156 1618 perpetua
3184 1568 3203 1602 ι
3238 1553 3580 1623 scripsimus,
3611 1557 3664 1611 in
3690 1573 3804 1628 quo
3849 1575 3950 1614 ne-

2356 1648 2510 1690 cesse
2534 1634 2634 1690 fuit
2678 1637 2831 1692 nobis
2860 1638 2925 1692 ad
2957 1639 3273 1709 virginitatis
3312 1641 3685 1700 beatitudinem
3736 1650 3948 1718 praedi-

2355 1727 2600 1796 candam,
2635 1729 2796 1784 multa
2820 1730 2888 1784 de
2916 1732 3174 1787 molestiis
3215 1733 3394 1789 dicere
3431 1737 3754 1806 nuptiarum.
3796 1740 3948 1795 Num

2355 1821 2438 1872 vir
2460 1819 2726 1889 egregius,
2753 1829 2808 1874 et
2835 1821 3074 1878 eruditus
3104 1823 3157 1878 in
3178 1823 3486 1893 Scripturis.
3501 1835 3557 1881 et
3577 1829 3728 1898 virgo
3748 1829 3950 1886 Eecte-

2356 1908 2450 1964 size
2475 1909 2694 1981 virginis
2723 1911 2932 1978 doctor,
2956 1914 3153 1983 aliquid
3178 1915 3232 1970 in
3259 1916 3350 1970 illo
3369 1931 3615 1974 sermone
3645 1921 3946 1992 reprehen-

2355 1997 2474 2052 dit?
2502 1999 2559 2054 ln
2591 2001 2725 2056 libro
2773 2017 2984 2073 quoque
3027 2004 3094 2058 ad
3137 2004 3485 2062 Eustochium
3525 2009 3691 2065 multo
3719 2011 3940 2068 duriora

2354 2087 2424 2144 de
2452 2090 2651 2160 nuptiis
2675 2091 2904 2148 diximus
2926 2135 2941 2161 ,
2965 2105 3020 2149 et
3048 2093 3122 2165 (ο)
3168 2111 3326 2151 nemo
3352 2113 3512 2167 super
3541 2098 3640 2154 hac
3681 2117 3740 2155 re
3779 2102 3941 2158 lmsus

2354 2189 2456 2236 est.
2488 2183 2718 2239 ΛςΑτοιι
2757 2200 2946 2248 oeten
2970 2188 3228 2242 castitatis
3253 2229 3268 2253 ,
3303 2191 3623 2257 prmconium
3669 2193 3940 2264 pudicitia:

2355 2271 2555 2327 intenta
2580 2289 2710 2330 aure
2750 2277 3014 2344 captabat.
3064 2277 3204 2348 Lege
3230 2279 3607 2335 Tertullianum
3630 2323 3645 2347 ,
3677 2283 3796 2354 lege
3837 2285 3938 2358 Cy-

2355 2365 2620 2434 prianum,
2653 2368 2766 2438 lege
2793 2369 3162 2436 Ambrosium;
3195 2381 3390 2426 etcum
3423 2373 3526 2427 illis
3550 2390 3638 2430 me
3663 2376 3749 2430 vel
3785 2391 3937 2432 aecu-

2353 2469 2434 2521 sa,
2459 2457 2540 2511 vel
2569 2457 2755 2512 libera.
2789 2459 3022 2514 Inventa:
3048 2473 3170 2515 sunt
3197 2463 3455 2517 Plautina:
3475 2464 3686 2521 familiae
3713 2466 3823 2539 [aL
3853 2472 3934 2540 [a-

2353 2542 2525 2618 bit/(8],
2548 2556 2602 2602 et
2629 2547 2778 2602 scioli
2811 2558 3014 2603 tantum
3040 2550 3105 2604 ad
3127 2551 3514 2607 detrahendum
3542 2594 3557 2618 ,
3584 2556 3672 2625 qui
3714 2557 3766 2610 iu
3786 2572 3853 2612 eo
3879 2573 3936 2613 se

2353 2635 2538 2692 doctos
2565 2647 2837 2694 ostentare
2867 2640 3052 2705 velint,
3086 2642 3131 2696 si
3164 2643 3401 2697 omnium
3432 2644 3571 2699 dicta
3597 2645 3860 2714 lacerent,
3883 2656 3938 2704 et

2354 2724 2406 2780 in
2436 2742 2537 2781 una
2568 2737 2727 2799 atque
2752 2729 2942 2784 eadem
2981 2745 3139 2786 causa
3160 2773 3176 2796 ,
3206 2741 3508 2803 utrumque,
3537 2734 3588 2788 id
3615 2744 3719 2798 est,
3749 2746 3802 2790 et
3829 2752 3934 2803 me,

2353 2824 2407 2869 et
2453 2816 2817 2873 adversarium
2864 2819 3297 2890 reprehendant,
3353 2831 3408 2876 et
3454 2837 3577 2877 cum
3631 2839 3662 2879 e
3731 2825 3937 2880 duobus

2351 2905 2578 2961 alterum
2606 2922 2825 2964 necesse
2853 2911 2923 2963 sit
2947 2911 3182 2977 vincere,
3209 2913 3396 2969 ambos
3434 2915 3605 2970 victos
3651 2930 3772 2972 esse
3811 2933 3936 2973 con-

2353 2999 2591 3056 tendant.
2626 3019 2645 3052 ε
2678 3001 2848 3056 Porro
2875 3003 2960 3058 ubi
3000 3003 3068 3058 de
3097 3004 3320 3074 digamis
3341 3045 3356 3068 ,
3385 3016 3442 3060 et
3470 3008 3706 3077 trigamis
3779 3010 3930 3082 231

2351 3089 2675 3146 disserentes
2703 3093 2953 3160 diximus,
2979 3095 3169 3149 melius
3201 3104 3284 3150 est
3321 3097 3444 3151 licet
3468 3098 3716 3167 alterum,
3742 3110 3796 3155 et
3833 3110 3934 3155 ler-

2353 3180 2503 3244 tium,
2529 3197 2691 3238 unum
2720 3183 2890 3237 virum
2917 3197 3096 3249 nosse,
3119 3201 3276 3255 quam
3307 3187 3583 3256 plurimos,
3609 3189 3658 3242 id
3684 3200 3781 3255 est,
3805 3192 3931 3246 tole-

2350 3271 2566 3327 rabilius
2590 3283 2671 3328 est
2691 3274 2782 3328 uni
2799 3274 3003 3330 homini
3033 3279 3366 3345 prosnitutam
3389 3294 3530 3345 esse,
3553 3297 3709 3350 quam
3734 3281 3928 3346 multis,

2351 3378 2528 3418 nonne
2557 3366 2732 3419 statim
2751 3381 2848 3420 cur
2869 3365 2970 3420 hoc
2996 3366 3243 3434 dixerim,
3272 3369 3601 3439 subjecimus
3619 3371 3642 3424 ?
3663 3371 3928 3442 Siquidem

2349 3461 2405 3506 et
2429 3453 2517 3506 illa
2546 3454 2598 3524 iu
2627 3455 2916 3526 Evangelio
2940 3457 3297 3525 Samaritana,
3329 3470 3539 3515 sextum
3567 3463 3811 3518 maritum
3841 3466 3930 3519 ha-

2349 3541 2479 3598 bere
2508 3558 2568 3599 se
2590 3545 2775 3600 dicens
2795 3588 2810 3611 ,
2835 3549 3076 3617 arguitur
3098 3565 3126 3602 a
3151 3549 3378 3606 Domino
3401 3593 3416 3614 ,
3439 3551 3582 3620 quod
3629 3569 3734 3608 non
3761 3557 3828 3610 sit
3854 3557 3930 3612 vir

2349 3633 2466 3702 ejus
2499 3653 2521 3687 ι
2553 3635 2753 3707 (Jaon.
2780 3638 2814 3692 4
2836 3635 2877 3710 ).
2901 3639 3014 3708 Ego
3030 3640 3188 3694 etiam
3223 3657 3360 3696 nunc
3390 3642 3554 3698 libera
3571 3659 3699 3700 voce
3729 3647 3931 3715 procla-

2348 3737 2458 3785 mo,
2486 3740 2592 3779 non
2632 3727 2872 3783 damnari
2927 3731 2980 3784 in
3037 3730 3272 3787 Ecclesia
3321 3733 3605 3804 digamiam
3631 3777 3647 3802 ,
3689 3737 3795 3792 imo
3834 3754 3928 3795 nec

2349 3811 2645 3882 trigamiam
2673 3857 2689 3882 ,
2717 3825 2770 3870 et
2791 3818 2861 3872 ita
2905 3818 3067 3874 licere
3111 3821 3299 3891 quinto
3321 3863 3335 3886 ,
3366 3812 3423 3878 ct
3469 3834 3640 3890 sexto,
3666 3835 3722 3881 ct
3773 3827 3922 3891 ultra.

2347 3904 2616 3971 quomodo
2637 3947 2652 3972 ,
2682 3915 2738 3962 et
2777 3908 3015 3964 secundo
3053 3913 3244 3966 marito
3271 3913 3473 3969 nubere
3502 3931 3518 3972 :
3547 3915 3641 3970 sed
3667 3918 3924 3987 quomodo

2348 4009 2452 4049 non
2479 3996 2795 4052 damnantur
2822 4000 2936 4054 ista:
2964 4004 3181 4071 nuptiae,
3216 4004 3284 4058 ita
3308 4020 3404 4060 nec
3425 4009 3800 4077 praedicantur.
3831 4011 3924 4066 So-

2346 4101 2500 4142 um
2525 4104 2748 4144 ιιιεειιυε
2777 4105 2910 4146 sum
2930 4130 2945 4156 ,
2980 4108 3084 4147 non
3131 4092 3316 4150 laudes
3344 4097 3704 4154 continentizn.
3739 4118 3757 4152 ι
3779 4099 3926 4157 Unde

2345 4183 2400 4229 et
2447 4176 2499 4229 in
2551 4177 2658 4232 alio
2698 4179 2818 4234 loco
2846 4180 2998 4235 dixi:
3033 4181 3135 4238 Ubi
3178 4199 3313 4239 unus
3362 4188 3587 4243 maritus
3633 4190 3919 4256 execditur.

2347 4267 2477 4322 nihil
2501 4269 2687 4336 refert,
2717 4273 2986 4328 secundus
3013 4289 3079 4329 an
3107 4276 3294 4330 tertius
3322 4277 3426 4332 sit:
3447 4280 3566 4347 quia
3593 4280 3783 4335 desinit
3810 4297 3920 4338 esse

2344 4373 2714 4431 monogamus.
2750 4362 2936 4419 Omnia
2963 4366 3147 4433 licent,
3169 4368 3257 4421 sed
3295 4384 3396 4421 non
3420 4370 3592 4423 omnia
3638 4373 3915 4440 expediunt.

2342 4446 2458 4503 Non
2487 4451 2684 4507 damno
2712 4451 2973 4523 digamos,
3003 4455 3108 4510 imo
3132 4471 3233 4510 nec
3261 4457 3607 4527 trigamos,et
3631 4460 3675 4514 si
3709 4461 3810 4514 diei
3841 4478 3920 4528 po-

2343 4549 2467 4608 test,
2499 4553 2847 4614 octogamos:
2880 4545 3069 4602 habeat
3095 4547 3312 4603 cuilibet
3359 4559 3605 4605 octavum
3651 4553 3913 4618 maritum,

2339 4643 2395 4689 et
2419 4649 2540 4690 esse
2559 4636 2769 4692 desinat
2798 4640 3101 4708 prostituta.
3417 4659 3420 4662 ~
3878 4701 3884 4708 ,

2411 4725 2501 4780 19.
2543 4726 2764 4782 Veniam
2782 4738 2832 4782 et
2855 4728 2922 4782 ad
2951 4729 3096 4784 illum
3119 4730 3294 4786 locum
3321 4732 3371 4787 in
3397 4747 3503 4804 quo
3523 4747 3736 4803 arguor,
3758 4751 3916 4804 quare

2338 4811 2564 4868 dixerim
2588 4815 2743 4886 (Lib.
2775 4819 2828 4872 1.
2851 4834 2897 4872 c.
2931 4819 2965 4876 9
2986 4821 3004 4891 )
3025 4820 3558 4893 (d)dumtaxatjuxta
3604 4823 3912 4882 llebraicam

2341 4903 2654 4974 Veritatem,
2684 4908 2737 4962 in
2761 4907 2850 4964 die
2877 4911 3113 4966 secundo
3147 4929 3252 4968 non
3273 4912 3535 4981 additum,
3559 4915 3697 4969 sicut
3738 4916 3788 4972 in
3820 4920 3913 4987 pri-

2337 5011 2426 5050 mo
2448 5005 2504 5052 et
2525 4997 2579 5052 in
2608 4998 2784 5067 tertio,
2811 5008 2866 5055 et
2894 5001 3116 5072 reliquis
3142 5019 3158 5056 :
3189 5023 3207 5055 ι
3243 5003 3560 5072 ViditDeus,
3583 5005 3703 5076 quia
3719 5005 3905 5062 bonum

2335 5095 2416 5143 est
2451 5105 2472 5140 ι
2508 5087 2527 5158 (
2562 5088 2690 5144 Gen.
2713 5092 2737 5146 1
2764 5093 2824 5162 );
2854 5093 3142 5161 statimque
3182 5096 3504 5166 subjecerim
3536 5114 3551 5151 :
3585 5116 3606 5150 ι
3640 5099 3799 5155 Nobis
3840 5101 3906 5155 in-

2341 5176 2690 5248 telligentiam
2727 5179 3024 5252 derelinqui
3053 5201 3067 5236 :
3100 5198 3207 5239 non
3253 5199 3375 5241 esse
3413 5185 3610 5242 bonum
3656 5188 3901 5259 duplicem

2395 5350 2466 5413 (ε)
2498 5351 2638 5420 Haud
2662 5360 2833 5420 tamen
2843 5356 3001 5420 multo
3041 5362 3150 5420 post
3181 5358 3465 5420 iniuriarum
3507 5360 3558 5409 in
3593 5373 3705 5411 eum
3740 5360 3899 5412 lituum

2331 5415 2649 5486 conqueritur
2671 5415 3138 5486 aput-luNepotiaiium
3177 5415 3335 5482 Epist.
3361 5421 3441 5470 52.
3467 5422 3518 5470 in
3541 5421 3636 5472 line
3650 5459 3666 5485 ,
3689 5423 3901 5486 Lapidato

2319 5473 2743 5538 jamfpirginitatis
2767 5473 2941 5536 libelb,
2968 5485 3067 5538 etc.

2416 5533 2472 5608 εί)
2509 5533 2807 5608 A'duotamus
2830 5539 2881 5586 in
2905 5533 2966 5587 eo
2991 5537 3130 5608 libro,
3150 5547 3337 5608 tantum
3360 5543 3488 5608 quod
3513 5545 3764 5608 sciamus,
3785 5544 3897 5608 apud

2329 5595 2470 5646 LXX.
2530 5602 2581 5645 et
2602 5597 2853 5648 Arabicam
2878 5595 3150 5650 versionem
3175 5602 3232 5651 ad
3257 5595 3526 5652 secundum
3561 5604 3693 5655 diem
3725 5595 3898 5658 clausu-

2332 5656 2424 5706 lam
2449 5632 2575 5708 ilium
2594 5657 2784 5708 haberi.
