4078 6198
196 297 310 354 509
344 263 346 266 ’

191 426 516 476 numerum,
548 412 635 482 qui
661 410 726 466 ab
751 411 945 466 unione
995 410 1228 474 dividat,
1260 418 1313 464 et
1345 407 1640 480 pra-ﬁguret
1692 403 1784 460 fda;

191 501 339 556 dera
373 505 692 572 nuptiarum.
729 503 873 559 Unde
899 512 954 558 et
979 504 1031 557 in
1061 518 1181 557 area
1204 501 1314 557 Noe
1329 502 1506 557 omnia
1536 499 1784 553 animalia

192 608 559 664 quaecumque
582 594 702 648 bina
730 594 1120 664 ingrediuntur,
1140 593 1412 647 immunda
1443 599 1587 646 sunt.
1610 591 1786 660 Impar

193 698 464 737 numerus
483 692 562 738 est
584 682 834 738 mundus.
870 703 890 736 ι
941 683 994 737 In
1023 683 1123 738 hoc
1149 684 1328 738 nescio
1353 681 1478 752 quid
1504 681 1788 750 reprehen-

189 771 366 825 datur
391 772 598 826 interim
629 772 696 827 de
723 773 955 828 secunda
987 773 1073 827 die
1101 789 1114 824 :
1145 781 1322 827 utrum
1367 772 1490 842 quia
1527 770 1785 839 scriptum

191 870 304 926 est,
326 869 383 915 et
413 861 666 931 scriptum
699 877 803 916 non
844 877 964 917 esse
989 861 1219 916 diximus
1248 877 1263 912 :
1295 877 1361 914 an
1389 861 1511 931 quia
1555 860 1714 913 etiam
1741 857 1786 912 si

190 951 456 1020 scriptum
486 959 598 1018 est,
631 968 730 1006 nos
745 953 899 1006 aliter
925 951 1299 1018 intelleximus,
1316 966 1472 1021 quam
1497 949 1787 1020 Scriptura!

190 1043 513 1110 simplicitas
544 1045 758 1112 patitur.
785 1042 1049 1112 Scriptum
1080 1059 1184 1098 non
1200 1057 1318 1099 esse
1339 1043 1390 1097 in
1416 1042 1652 1098 secundo
1677 1042 1784 1108 die,

196 1152 217 1184 ι
255 1133 401 1188 Vidit
426 1136 562 1189 Deus
590 1135 712 1206 quia
744 1135 938 1188 bonum
961 1145 1040 1189 est
1069 1152 1083 1188 :
1119 1153 1137 1186 ι
1172 1149 1276 1189 non
1323 1148 1497 1189 meum
1526 1133 1789 1203 accipiant

192 1223 592 1289 testimonium,
623 1223 715 1277 sed
741 1234 1053 1278 cunctorum
1077 1223 1422 1278 llebrmorum
1445 1265 1460 1286 ,
1483 1233 1534 1278 et
1561 1222 1788 1275 aliorum

188 1312 582 1380 lnterpretum,
609 1313 813 1381 Aquila:
835 1313 1102 1376 videlicet,
1121 1322 1175 1367 et
1194 1312 1518 1384 Symmachi,
1543 1319 1600 1366 et
1615 1310 1788 1364 Theo-

184 1405 457 1460 dotionis.
487 1406 543 1460 Si
573 1415 748 1460 autem
779 1407 1033 1474 scriptum
1053 1421 1157 1459 non
1187 1413 1302 1469 est,
1349 1419 1469 1458 cum
1501 1405 1552 1458 in
1583 1403 1790 1458 exteris

187 1496 392 1549 diebus
412 1495 669 1563 scriptum
698 1494 786 1558 sit,
813 1505 906 1549 aut
930 1495 1156 1550 reddant
1190 1495 1346 1548 aliam
1377 1492 1790 1564 probabiliorem

189 1599 439 1648 causam,
471 1599 638 1653 quare
667 1599 774 1638 non
826 1585 1082 1654 scriptum
1110 1585 1180 1639 sit
1208 1603 1222 1640 :
1252 1595 1342 1639 aut
1365 1583 1410 1638 si
1440 1599 1544 1638 nou
1572 1596 1789 1652 repere-

193 1678 331 1742 rint,
358 1675 578 1746 ingratis
651 1675 810 1746 232
882 1677 1174 1746 suscipiant
1193 1675 1333 1746 quod
1353 1691 1383 1730 a
1411 1676 1564 1730 nobis
1586 1676 1788 1729 dictum

193 1775 307 1820 est.
335 1766 502 1820 Porro
531 1765 577 1820 si
608 1765 661 1819 in
706 1780 827 1819 arca
856 1765 968 1820 Noe
997 1767 1173 1820 omnia
1219 1765 1486 1831 animalia,
1518 1780 1638 1834 qua:
1664 1764 1786 1817 bina

197 1856 572 1927 ingrediuntur
615 1855 886 1909 immunda
917 1864 1062 1918 sunt,
1089 1862 1142 1910 et
1163 1857 1334 1924 impar
1356 1867 1610 1909 numerus
1632 1869 1790 1908 mun-

195 1947 302 2002 dus
353 1956 454 2012 est,
477 1957 532 2001 et
569 1946 670 2000 hoc
712 1946 967 2016 scriptqu
1013 1959 1134 2000 esse
1171 1960 1329 2000 nemo
1349 1944 1789 2016 dubitat;quare

195 2054 305 2092 seri
314 2050 458 2109 ptum
481 2041 524 2093 si
552 2037 868 2093 edisserant.
885 2037 941 2092 Si
966 2046 1143 2092 autem
1167 2051 1272 2092 non
1296 2037 1615 2103 edisserunt,
1646 2037 1788 2109 quod

196 2145 228 2183 a
253 2147 341 2185 me
362 2131 658 2200 expositum
689 2141 771 2186 est
795 2172 812 2197 ,
840 2130 1046 2195 velint,
1078 2131 1288 2195 nolint,
1319 2127 1630 2200 suscipient.
1681 2133 1790 2185 Aut

198 2222 386 2292 profer
429 2225 675 2278 meliores
725 2224 912 2295 epulas
939 2265 954 2290 ,
978 2232 1033 2278 et
1083 2238 1172 2278 me
1218 2223 1444 2278 conviva
1471 2232 1621 2278 utere
1654 2242 1668 2276 :
1698 2231 1791 2278 aut

195 2308 573 2383 qualicumque
602 2323 783 2369 nostra
828 2314 1040 2372 cteuula
1084 2322 1367 2368 contentus
1409 2322 1544 2367 esto.
1575 2312 1789 2368 Scilicet

199 2420 346 2459 nunc
375 2405 790 2460 enumerandum
815 2406 943 2460 mihi
967 2415 1068 2469 est,
1091 2404 1180 2475 qui
1212 2403 1704 2460 Ecclesiasticorum
1723 2403 1790 2460 de

200 2495 391 2564 impari
421 2509 643 2548 numero
669 2495 1010 2564 disputarint,
1029 2492 1295 2559 Clemens,
1313 2493 1645 2562 Hippolytus,
1671 2491 1791 2546 Ori-

199 2601 382 2656 genes,
414 2585 714 2656 Dionysius,
752 2585 1030 2650 Eusebius,
1062 2585 1348 2655 Didymus,
1376 2593 1791 2652 nostrorumque

199 2677 582 2744 Tertullianus,
605 2678 926 2748 Cyprianus,
943 2676 1245 2731 Victorinus
1261 2717 1275 2740 ,
1291 2675 1617 2740 Lactantius,
1644 2676 1792 2730 llila-

202 2771 312 2824 rius
332 2787 344 2821 :
365 2784 589 2839 quorum
608 2769 684 2840 (a)
703 2769 996 2840 Cyprianus
1008 2767 1074 2822 de
1085 2768 1462 2837 septenario,id
1479 2779 1580 2828 est.
1600 2767 1790 2837 impari

203 2876 430 2916 numero
458 2859 754 2927 disserens,
785 2876 903 2930 quae
924 2902 940 2927 ,
969 2868 1023 2914 et
1047 2868 1241 2930 quanta
1267 2859 1459 2914 dixerit
1487 2860 1552 2914 ad
1583 2860 1792 2915 Fortu-

204 2964 410 3018 natum,
443 2952 579 3008 liber
602 2953 743 3007 illius
771 2952 1074 3008 testimonio
1098 2959 1198 3005 est.
1231 2952 1310 3004 An
1341 2949 1563 3005 forsitan
1592 2951 1790 3022 Pytha-

202 3061 387 3115 goram
414 3087 429 3111 ,
470 3053 524 3099 et
581 3043 852 3098 Arehitam
897 3042 1237 3096 Tarentinum
1264 3083 1280 3107 ,
1307 3049 1362 3095 et
1416 3039 1488 3112 (ὁ)
1543 3041 1787 3096 Publium

202 3138 505 3205 Scipionem
538 3135 590 3189 in
620 3145 772 3189 sexto
798 3134 864 3188 de
892 3133 1214 3203 Republica,
1239 3130 1306 3186 de
1333 3131 1520 3201 impari
1566 3147 1792 3187 numero

205 3225 472 3294 proferam
499 3223 870 3294 disputantes?
896 3221 963 3276 Et
991 3223 1035 3275 si
1063 3221 1162 3276 hos
1187 3219 1370 3274 audire
1403 3223 1669 3276 uoluerint
1695 3223 1792 3278 ob-

208 3325 521 3374 treetatores
541 3317 666 3381 mei,
695 3314 1176 3370 Grammaticorum
1229 3311 1440 3367 scholas
1482 3313 1562 3368 eis
1602 3314 1790 3369 faciam

203 3407 574 3462 conclamare:
605 3424 624 3458 ι
655 3404 886 3460 Numero
917 3404 1054 3460 Deus
1083 3403 1284 3474 impare
1304 3402 1497 3474 gaudet
1529 3423 1552 3458 ι
1590 3404 1610 3477 (
1650 3404 1786 3477 Virg.

205 3498 384 3570 Eclog.
416 3499 450 3554 8
473 3501 515 3570 ).
1778 3530 1782 3533 -

274 3589 363 3644 20.
405 3588 616 3645 Grande
638 3588 921 3660 piaculum,
949 3602 1150 3644 eversa:
1178 3597 1304 3644 sunt
1328 3587 1613 3655 Ecclesizn,
1645 3587 1789 3645 orbis

204 3680 390 3735 audire
420 3696 524 3735 non
553 3690 768 3751 potest,
795 3681 840 3736 si
885 3680 1220 3735 mundiorem
1263 3680 1616 3750 virginitatem
1647 3679 1788 3734 dixi-

207 3785 326 3824 mus
355 3784 474 3824 esse
500 3785 658 3841 quam
705 3771 914 3839 nuptias
945 3787 958 3822 :
987 3771 1030 3823 si
1061 3784 1244 3839 parem
1277 3784 1558 3822 numerum
1598 3767 1788 3838 impari

205 3861 551 3931 subjecimus,
577 3871 631 3915 et
654 3861 850 3914 veteris
886 3859 1213 3914 Testamenti
1241 3867 1394 3928 typos
1413 3899 1428 3925 ,
1457 3859 1790 3928 Evangeliea:

205 3943 417 4000 veritati
471 3940 764 4010 profecisse
814 3941 1250 3994 monstravimus.
1312 3939 1521 3995 Cmtera
1572 3957 1692 4012 quae
1735 3942 1789 3996 in

205 4033 346 4088 libro
378 4038 565 4084 nostro
609 4031 934 4098 reprehensa
964 4037 1126 4092 sunt,
1157 4028 1243 4083 vel
1290 4028 1488 4084 leviora
1514 4038 1678 4100 puto,
1705 4019 1793 4086 vel

205 4125 271 4180 ad
301 4117 550 4178 eumdem
581 4134 796 4173 sensum
825 4117 1142 4187 pertinentia
1169 4136 1183 4172 :
1213 4117 1353 4172 unde
1390 4119 1456 4172 ad
1483 4133 1547 4174 ea
1569 4133 1792 4188 respon-

205 4215 336 4270 dere
366 4210 535 4276 nolui,
566 4225 635 4264 ne
660 4209 824 4264 libelli
861 4207 1120 4263 excedere
1146 4207 1593 4277 magnitudinem,
1621 4220 1677 4262 et
1702 4217 1792 4264 tuo

209 4303 418 4359 viderer
469 4299 683 4370 ingenio
729 4297 1012 4364 diffidere,
1052 4312 1210 4366 quem
1285 4307 1566 4365 patronum
1617 4313 1792 4356 causa:

212 4409 344 4449 meae
370 4401 494 4448 ante
523 4389 680 4445 habui
705 4430 722 4456 ,
748 4404 907 4460 quam
932 4403 1196 4458 rogarem.
1226 4387 1388 4457 Igitur
1418 4389 1519 4442 hoc
1553 4397 1790 4444 extrema

211 4501 338 4542 voce
357 4493 642 4557 protestor,
669 4498 743 4537 Ir.
770 4497 870 4538 nec
887 4482 1170 4536 damnasse
1199 4481 1428 4551 nuptias,
1451 4495 1549 4536 nec
1574 4481 1789 4536 damna-

212 4592 305 4643 re;
336 4575 673 4646 respondisse
733 4571 1079 4638 adversario,
1123 4585 1228 4626 non
1273 4586 1513 4626 meorum
1571 4571 1789 4627 insidias

213 4662 542 4724 formidasse.
575 4665 937 4736 Virginitatem
964 4673 1142 4719 autem
1187 4664 1241 4719 in
1284 4663 1479 4718 ctelum
1505 4663 1650 4730 fero,
1679 4679 1787 4720 non

211 4761 330 4832 quia
359 4759 606 4824 habeam,
629 4757 722 4814 sed
751 4757 872 4828 quia
898 4757 1067 4827 magis
1097 4755 1260 4811 mirer
1289 4756 1430 4827 quod
1457 4771 1563 4812 non
1592 4756 1783 4812 habeo.

271 4911 344 4972 (a)
366 4911 498 4960 Editi
520 4917 718 4972 veteres
737 4916 850 4960 ante
866 4909 1200 4961 Hartianzeum
1223 4908 1330 4960 fere
1350 4924 1520 4961 omnes
1543 4910 1787 4963 Hilarium

209 4971 437 5035 legerant
457 4971 829 5035 propyprp'uno,
852 4972 1179 5035 renuentibus
1199 4975 1384 5035 cunctis
1415 4973 1784 5035 exemplaribus

211 5029 324 5097 Mss.
344 5029 528 5097 Fraudi
547 5029 854 5097 fuit’Victorio
875 5029 1614 5097 cognominis_Fortunatus,qui
1635 5036 1782 5084 vitam

211 5095 347 5157 Filia:
371 5089 846 5157 S_._l_lilarii_scripsit,
869 5089 1016 5157 quém
1051 5094 1280 5143 eumdem
1303 5107 1417 5145 esse
1452 5089 1639 5157 putavit
1671 5109 1782 5145 eum

207 5149 566 5215 iIIO..cui_liber
601 5149 664 5198 de
687 5149 963 5215 septenario
1005 5168 1210 5206 numero
1233 5149 1778 5215 tractaus'inscrihitur,

205 5210 355 5282 atque
378 5211 505 5282 adeo
526 5212 682 5282 ipsum
703 5210 880 5282 librum
899 5213 1083 5282 llilario
1107 5219 1293 5282 tribuit,
1317 5229 1428 5278 quae
1452 5217 1559 5276 ejus
1583 5210 1781 5266 balinei;

209 5273 336 5325 natio
360 5279 458 5335 est,
482 5273 869 5335 anachronismo,
893 5273 1098 5335 altisque
1123 5273 1372 5326 erroribus
1391 5273 1602 5326 scatens.

265 5336 336 5399 (ὁ)
374 5334 545 5399 Greece
568 5333 718 5393 habet
741 5333 1038 5399 Veronensis
1075 5334 1202 5399 liber
1235 5336 1286 5387 in
1313 5344 1450 5388 sexto
1496 5355 1560 5396 τῆς
1597 5349 1779 5396 eorum;

203 5393 466 5462 denupan
475 5409 698 5462 munero,
720 5402 818 5446 etc.
841 5395 1060 5462 S__ed_non
1082 5393 1380 5462 aliusputari
1405 5393 1567 5462 potest
1581 5393 1778 5462 ,_quani

207 5455 399 5532 latinus
435 5457 563 5530 liber
586 5455 698 5517 ille,
722 5455 1152 5532 seun‘lihg‘i,‘qu‘os
1185 5455 1247 5532 ne
1282 5455 1551 5532 _Reptiblicu
1590 5455 1779 5508 Tullius

201 5521 409 5593 scripsit,
437 5519 729 5593 inqttorum‘
748 5525 900 5593 sextg
923 5517 1059 5567 Ριὼῖ
1073 5519 1235 5593 Scipio
1265 5521 1329 5593 de
1358 5517 1555 5592 impari_
1577 5533 1777 5593 numero

205 5579 448 5644 disputans
484 5579 814 5644 induceretur.
861 5579 1221 5644 Neque‘enim
1266 5584 1378 5644 ejus
1420 5579 1588 5644 operis
1630 5581 1776 5629 hodie

207 5639 410 5705 exstant,
456 5641 549 5705 nisi
587 5639 1019 5705 exigua_quzedarn
1050 5639 1316 5701 fragmenta
1349 5639 1475 5705 apud
1508 5643 1771 5701 Senecam,

204 5701 458 5764 Nouuimn,
483 5699 743 5764 Agelliuiu,
772 5699 1086 5764 Lactaut'tttm,
1113 5699 1456 5766 Augustinum.

1530 293 1856 350 EPISTOL‘A
1897 292 2128 351 XLVIII.

3356 291 3468 351 5l0

1893 405 2144 476 Ingenua,
2170 416 2224 462 et
2252 407 2547 463 verecunda
2569 407 2834 464 confessio
2852 416 2934 465 est
2950 451 2965 474 ,
2995 425 3100 480 quo
3116 409 3231 482 ipse
3251 425 3463 478 careas,

1889 496 1942 551 id
1985 498 2036 552 in
2067 498 2184 552 aliis
2231 499 2539 568 prmdicarc.
2584 499 2848 570 Numquid
2884 501 3005 570 quia
3046 504 3193 570 gravi
3239 517 3466 573 corpore

1891 598 2046 645 teme
2067 590 2266 656 laureo,
2296 592 2469 645 avium
2495 607 2599 646 non
2623 592 2786 646 miror
2806 591 3031 657 volatus,
3055 608 3151 647 nec
3165 595 3464 652 columbam

1889 680 2142 748 praadico,
2173 680 2315 750 quod
2345 700 2364 734 ι
2400 681 2557 735 Radit
2603 682 2707 736 iter
2749 681 3003 750 liquidum
3023 721 3040 747 ,
3069 684 3270 738 celeres
3294 701 3468 755 neque

1889 783 2190 828 commovet
2235 774 2346 828 alas
2383 792 2402 825 ›
2436 773 2454 842 (
2483 773 2699 827 ίΕηοίά.
2733 773 2826 842 5)?
2853 772 3038 828 Nullus
3088 789 3148 830 se
3197 775 3466 846 decipiat:

1890 876 2047 916 nemo
2073 863 2268 918 blando
2339 864 2498 935 233
2569 864 2840 920 adulatore
2863 879 2921 919 se
2950 867 3260 934 pnecipitet.
3294 869 3468 927 Prima

1890 962 1972 1006 est
1998 953 2272 1022 virginitas
2301 970 2329 1007 a
2352 954 2422 1024 (c)
2455 954 2744 1022 nativitate,
2763 955 2996 1010 secunda
3023 957 3296 1025 virginitas
3328 975 3358 1015 a
3386 975 3474 1016 se-

1889 1041 2061 1096 cunda
2093 1045 2390 1098 nativitate.
2412 1043 2528 1098 Non
2557 1053 2640 1100 est
2681 1060 2832 1100 meus
2860 1060 3058 1110 sermo,
3095 1048 3311 1118 antiqua
3341 1065 3471 1105 seu-

1891 1133 2054 1186 tentia
2081 1141 2197 1186 est:
2234 1151 2253 1185 ι
2287 1133 2452 1190 Nemo
2497 1144 2672 1205 potest
2707 1135 2916 1191 duobus
2962 1138 3194 1194 dominis
3219 1143 3419 1196 servire
3444 1159 3464 1193 ι

1893 1220 2104 1291 (Matth.
2125 1223 2177 1278 6.
2195 1223 2310 1292 24),
2331 1227 2475 1280 carni
2504 1235 2559 1280 et
2577 1227 2805 1296 spiritui.
2826 1245 2845 1278 ι
2864 1228 2999 1282 Caro
3026 1231 3354 1300 concupiscit
3373 1233 3472 1288 ad-

1892 1327 2079 1367 versus
2099 1314 2361 1383 spiritum,
2377 1317 2594 1386 spiritus
2608 1327 2784 1373 autem
2805 1319 3059 1374 adversus
3083 1335 3330 1386 carnem;
3353 1324 3470 1381 iure
3527 1326 3536 1334 ‘

1893 1401 2118 1458 invicem
2146 1405 2244 1459 sibi
2268 1406 2635 1475 adversantur,
2659 1419 2715 1463 ut
2746 1425 2849 1465 non
2870 1424 2988 1482 qua:
3010 1414 3252 1470 volumus
3273 1417 3363 1472 illa
3394 1417 3472 1472 fa-

1892 1492 2098 1547 ciamus
2123 1494 2143 1565 (
2165 1494 2338 1551 Galot.
2366 1497 2420 1551 5.
2450 1498 2514 1552 17
2533 1499 2576 1567 ).
2606 1500 2829 1565 Quando
2862 1501 3061 1573 aliquid
3104 1505 3196 1560 tibi
3221 1521 3467 1577 asperum

1891 1581 2104 1637 videtur
2127 1585 2178 1637 in
2203 1595 2386 1639 nostro
2409 1589 2691 1656 opusculo,
2723 1606 2826 1644 non
2853 1592 2922 1646 ad
2960 1610 3076 1648 mea
3115 1597 3272 1652 verba
3301 1602 3474 1670 restri-

1892 1669 2024 1735 cias,
2045 1671 2138 1724 sed
2164 1673 2229 1724 ad
2260 1672 2767 1743 Scripturam,unde
2793 1695 2909 1734 mea
2941 1690 3107 1738 tracta
3135 1695 3259 1740 sunt
3285 1669 3466 1744 verba.

1959 1759 2049 1814 2t.
2075 1760 2317 1817 ChriStus
2343 1764 2513 1834 virgo,
2543 1766 2711 1821 Mater
2737 1769 2954 1839 virginis
2979 1774 3144 1828 nostri
3171 1775 3326 1847 Virgo
3349 1793 3472 1847 pcr-

1891 1853 2070 1918 petua,
2100 1862 2291 1917 mater,
2320 1863 2376 1908 et
2416 1855 2580 1925 virgo.
2623 1856 2778 1914 Jesus
2805 1861 2947 1915 enim
2977 1862 3172 1918 clausis
3199 1866 3471 1936 ingressus

1891 1950 1972 1994 est
1999 1943 2171 2006 ostiis,
2203 1953 2258 1998 et
2286 1945 2337 1998 in
2365 1946 2611 2014 sepulcro
2635 1948 2769 2018 ejus,
2793 1953 2933 2020 quod
2965 1969 3182 2022 novum,
3207 1967 3264 2012 et
3293 1959 3344 2013 in
3372 1975 3469 2030 pe-

1893 2039 1971 2084 tra
2015 2031 2298 2088 durissima
2341 2035 2509 2090 fuerat
2548 2039 2804 2105 excisum,
2851 2058 2949 2098 nec
2989 2056 3145 2100 antea
3189 2049 3326 2118 quis,
3373 2067 3473 2107 nec

1893 2129 2075 2190 postea
2114 2124 2318 2192 positus
2343 2133 2444 2180 est.
2488 2125 2684 2180 Hortus
2711 2130 3030 2193 conclusus.
3074 2134 3192 2191 fons
3234 2140 3472 2209 signatus

1894 2209 2111 2280 (Cantic.
2142 2215 2197 2267 ι.
2225 2213 2314 2283 l2)
2347 2231 2359 2266 :
2390 2214 2456 2270 de
2479 2231 2586 2285 quo
2614 2217 2761 2273 fonte
2782 2220 2870 2274 ille
2899 2221 3088 2278 fluvius
3116 2237 3294 2281 manat
3316 2229 3468 2298 juxta

1893 2302 2006 2357 Joel
2038 2305 2114 2368 (5.
2150 2305 2242 2374 l8)
2262 2347 2277 2370 ,
2309 2307 2398 2375 qui
2429 2307 2610 2377 irrigat
2642 2317 2972 2379 torrentem,
3007 2314 3086 2384 (ἀ)
3115 2317 3197 2370 vel
3225 2317 3425 2374 funium
3450 2363 3468 2389 ,

1893 2394 1974 2448 vel
2004 2395 2274 2463 spinarum
2303 2413 2317 2450 :
2352 2396 2550 2452 funium
2580 2411 2918 2469 peccatorum
2937 2442 2954 2469 ,
2983 2405 3175 2473 quibus
3198 2418 3321 2463 ante
3349 2411 3470 2465 alli-

1891 2485 2154 2554 gahantur
2176 2485 2268 2557 (al.
2283 2488 2640 2560 alligabatnur]
2658 2505 2672 2554 ;
2697 2492 2990 2560 spinarum,
3007 2510 3124 2562 qua:
3140 2496 3471 2557 sull‘ocabant

1896 2572 1987 2645 [al.
2015 2574 2287 2647 stt/focam]
2318 2587 2608 2632 sementem
2633 2581 3044 2647 patrisfamilias.
3073 2584 3196 2640 Haec
3215 2598 3296 2643 est
3321 2600 3470 2659 porta

1894 2665 2189 2731 orientalis,
2220 2675 2276 2720 ut
2313 2667 2387 2720 ait
2422 2667 2688 2733 Ezechiel,
2717 2685 2929 2740 semper
2959 2674 3158 2742 clausa,
3193 2686 3246 2731 et
3274 2680 3468 2747 lucida,

1894 2764 1946 2808 et
1973 2756 2220 2824 operiens
2250 2756 2301 2809 in
2330 2771 2409 2819 se,
2434 2757 2516 2812 vel
2546 2773 2610 2813 ex
2642 2774 2701 2814 se
2728 2760 3004 2829 proferens
3032 2763 3222 2821 Sancta
3258 2780 3455 2824 sancto-

1894 2860 2044 2912 rum;
2076 2862 2171 2917 per
2195 2862 2351 2917 quam
2377 2849 2454 2901 sol
2473 2849 2712 2918 justitiaz,
2736 2859 2787 2905 et
2817 2852 3057 2908 Pontifex
3081 2864 3261 2910 noster
3280 2872 3444 2914 secun

1895 2935 2018 2990 dum
2049 2939 2293 2992 ordinem
2325 2939 2714 2994 Melchisedech
2743 2941 3036 3011 ingreditur
3054 2985 3070 3010 ,
3099 2957 3152 3000 et
3177 2947 3468 3015 egreditur.

1896 3026 2274 3095 Respondeant
2317 3029 2484 3096 mihi,
2538 3029 2805 3097 quomodo
2855 3029 3013 3086 Jesus
3067 3033 3336 3103 ingressus
3387 3047 3472 3094 est

1894 3118 2090 3173 clausis
2116 3119 2286 3183 ostiis,
2318 3133 2438 3173 cum
2482 3119 2771 3188 palpandas
2817 3137 3028 3189 manus,
3053 3133 3106 3178 et
3133 3124 3270 3180 latus
3294 3129 3472 3183 consi-

1893 3209 2212 3275 derandum,
2239 3219 2289 3264 et
2310 3223 2432 3264 ossa
2452 3225 2776 3280 carnemque
2802 3215 3197 3278 monstraverit,
3231 3232 3299 3271 ne
3326 3219 3472 3273 veri-

1897 3310 1978 3356 tas
2007 3301 2268 3368 corporis,
2294 3300 2602 3370 phantasma
2631 3312 2938 3371 putaretur;
2969 3313 3024 3360 et
3047 3319 3146 3375 ego
3175 3308 3470 3376 responde-

1895 3392 1985 3459 bo,
2029 3391 2300 3462 quomodo
2343 3401 2525 3447 sancta
2570 3393 2732 3448 Maria
2774 3395 2844 3449 sit
2883 3405 2937 3451 et
2978 3406 3168 3464 mater,
3204 3407 3259 3454 et
3296 3399 3466 3470 virgo.

1897 3483 2057 3554 Virgo
2088 3492 2208 3554 post
2234 3491 2444 3554 partum
2465 3525 2481 3551 ,
2513 3493 2684 3538 mater
2709 3495 2834 3541 ante
2857 3501 3016 3556 quam
3043 3499 3225 3558 nupta.
3273 3489 3469 3560 Igitur,

1894 3584 1953 3630 ut
1976 3575 2156 3632 dicere
2178 3591 2535 3646 coeperamus,
2567 3575 2810 3633 Christus
2831 3579 2998 3650 virgo,
3018 3581 3168 3651 virgo
3190 3581 3375 3650 Maria,
3401 3584 3472 3654 (ε)

1895 3666 2105 3735 utrique
2131 3665 2280 3720 sexui
2309 3665 2624 3736 virginitatis
2645 3667 2960 3723 dedicavere
2998 3672 3273 3740 principia.
3326 3674 3471 3743 Apo-

1895 3756 2016 3811 stoli
2036 3797 2054 3823 ,
2097 3757 2181 3810 vel
2211 3756 2458 3826 virgines,
2491 3757 2575 3812 vel
2603 3766 2722 3826 post
2768 3761 2978 3826 nuptias
3012 3762 3368 3818 continentes.
3400 3765 3472 3836 (ι’)

1894 3845 2167 3915 Episcopi,
2199 3845 2524 3915 Presbyteri,
2551 3846 2788 3910 Diaeoni,
2817 3856 2909 3900 aut
2929 3848 3158 3915 virgines
3181 3850 3468 3920 eliguntur,

1894 3944 1986 3989 aut
2010 3935 2174 3998 vidui,
2215 3942 2308 3988 aut
2340 3943 2488 3989 certe
2535 3943 2655 4002 post
2697 3934 3064 3990 Sacerdotium
3112 3937 3165 3990 in
3209 3947 3468 3996 :eternum

1895 4024 2094 4094 pudici.
2122 4023 2260 4090 Quid
2284 4024 2680 4093 nobismetipsis
2703 4025 2990 4093 illudimus,
3020 4037 3076 4083 et
3103 4028 3400 4095 irascimur.
3425 4037 3470 4090 si

1895 4113 2207 4167 subantihus
2229 4113 2384 4168 nobis
2403 4125 2615 4182 semper
2634 4114 2699 4168 ad
2721 4115 2940 4182 coitum,
2961 4119 3175 4187 prmmia
3204 4121 3471 4191 pudicitiae

1895 4204 2261 4273 denegentur?
2307 4203 2568 4260 Volumus
2611 4205 2830 4275 opipare
2869 4209 3190 4277 comedere,
3243 4228 3467 4272 uxorum

1894 4295 2172 4350 adhaerere
2205 4295 2603 4365 complexibus,
2635 4307 2690 4352 et
2734 4299 2784 4352 in
2829 4316 3052 4356 numero
3090 4304 3388 4375 virginum,
3416 4319 3471 4365 et

1894 4385 2176 4440 viduarum
2205 4401 2430 4457 regnare
2458 4401 2578 4441 cum
2609 4386 2844 4444 Christo.
2889 4390 3036 4447 Idem
3077 4408 3206 4464 ergo
3253 4395 3471 4454 habebit

1896 4474 2058 4547 234
2129 4475 2294 4531 fames
2316 4478 2618 4547 prteruium,
2641 4489 2692 4534 et
2716 4479 2997 4552 ingluvies,
3019 4484 3226 4552 sordes,
3245 4499 3297 4542 et
3316 4505 3472 4544 mun-

1898 4568 2064 4632 ditize,
2081 4581 2286 4628 saccus.
2303 4577 2358 4622 et
2372 4570 2640 4624 sericum?
2659 4571 2888 4627 Lazarus
2906 4575 3106 4643 recepit
3128 4577 3265 4631 mala
3287 4581 3338 4632 in
3363 4581 3468 4636 vita

1893 4667 2079 4726 sua,'et
2095 4657 2242 4714 dives
2263 4659 2353 4714 ille
2375 4671 2720 4731 purpuratus,
2739 4679 2950 4720 crassus
2969 4676 3020 4722 et
3042 4666 3261 4736 nitidus,
3277 4668 3466 4727 fruitus

1847 4781 1889 4867 ἕ
2062 4835 2306 4887 Victorius
2327 4850 2359 4887 a
2381 4836 2539 4896 prima
2560 4837 2821 4890 nativitate.

2015 4907 2033 4960 )
2068 4898 2280 4948 Primum
2302 4898 2502 4948 Hebraei
2526 4907 2694 4950 textus
2726 4907 2819 4959 est,

2068 4898 2280 4948 Primum
2302 4898 2502 4948 Hebraei
2526 4907 2694 4950 textus
2726 4907 2819 4959 est,
2844 4904 3047 4954 natam:
3074 4898 3281 4948 alterum
3304 4900 3466 4955 Inter-

1890 4979 2089 5034 preturu
2103 4969 2246 5034 LXX.
2270 4980 2412 5034 tum.

1954 5032 2022 5092 (ε)
2058 5030 2186 5080 Olim
2207 5030 2316 5079 cuiu
2339 5030 2580 5093 Victoria,
2612 5030 2910 5092 «utriusque
2946 5041 3100 5079 sexus
3132 5031 3462 5093 virginitatem

1889 5089 2199 5152 dedicavere.
2224 5089 2457 5152 Apostoli,
2481 5105 2504 5134 ι
2537 5098 2634 5139 etc.

1953 5153 2028 5215 (f)
2061 5151 2171 5200 Huc
2203 5149 2418 5199 maxime
2455 5157 2647 5258 spectat
2682 5149 2936 5211 Epiphanii
2975 5149 3113 5199 locus
3148 5151 3338 5204 Haeres.
3382 5156 3462 5206 59.

1955 5228 1999 5258 ιη
2022 5220 2099 5258 est
2115 5212 2398 5258 Catanbrvsz.
2426 5211 2448 5258 ε
2507 5244 2520 5258 .
2557 5228 2581 5256 ι
2603 5211 2730 5258 Ouin
2750 5223 2881 5258 eum.
2906 5213 3082 5258 innuit.
3120 5215 3320 5258 insuper
3339 5252 3353 5258 -
3378 5219 3461 5258 οιιί

1887 5211 2099 5279 quaeest
2115 5212 2411 5279 Catapbryg._
2425 5211 2448 5270 §
2471 5211 2520 5279 4_.
2557 5228 2581 5279 ¢_
2603 5211 2881 5279 Quin_e_um,
2906 5213 3082 5279 inquit,
3120 5215 3320 5276 insuper
3339 5252 3353 5275 ,
3378 5219 3462 5279 qui

1887 5269 2046 5323 adhuc
2069 5275 2116 5321 in
2141 5269 2447 5334 matrimonio
2468 5271 2637 5333 degit,
2663 5283 2719 5318 ac
2736 5269 2908 5320 liberis
2928 5269 3008 5322 dat
3027 5269 3246 5334 operam;
3269 5269 3465 5330 tametsi

1887 5336 2032 5383 unius
2048 5333 2216 5381 uxoris
2235 5335 2299 5380 sit
2322 5333 2392 5379 vir
2411 5369 2424 5389 ,
2456 5344 2760 5393 nequaquam
2783 5340 2945 5380 tamen
2969 5334 3029 5382 ad
3065 5333 3268 5383 ’Diacoui
3288 5370 3303 5392 ,
3344 5338 3468 5388 Pre-

1887 5397 2088 5464 sbyteri,
2109 5393 2350 5464 Episcopi,
2375 5398 2458 5464 aut
2478 5392 2838 5464 Hyppodiacuni
2861 5395 3080 5444 ordinem
3091 5397 3346 5464 admittit,
3370 5402 3461 5450 sed

1888 5453 1998 5504 cu'm
2021 5453 2387 5514 dumtaxat,'qui
2412 5453 2473 5501 ab
2490 5453 2632 5502 unius
2654 5457 2819 5503 uxoris
2835 5456 3191 5512 consuetudine
3214 5453 3465 5510 sese'con-

1888 5518 2292 5584 tiriuerit,_aut_ea
2315 5515 2382 5584 sit
2401 5515 2614 5584 urhatus.
2654 5516 2789 5574 Quod
2824 5517 2875 5584 in
2919 5515 3014 5567 illis
3056 5517 3176 5568 locis
3215 5522 3464 5584 pra:cipue

1885 5579 1938 5627 ﬁt
1958 5578 2082 5651 ,ubi
2108 5575 2430 5651 Ecclesiastiei
2454 5579 2960 5651 ν(ξειιιξοιιςξεΔριεειεευὶριιεξ
2991 5575 3264 5651 servantur.
3290 5599 3314 5628 ι
3344 5575 3464 5651 Qua:

1887 5635 2132 5702 poStrema
2171 5639 2321 5687 verba
2355 5636 2419 5686 de
2454 5635 2790 5690 Ecclesiastiea
2815 5635 2988 5706 regula
3026 5645 3182 5706 magis
3219 5635 3504 5707 pensatur

1887 5708 2016 5752 Sunt.
