4078 6198
625 279 728 335 5H

624 402 714 450 est
756 391 934 449 cannis
973 388 1127 444 bonis
1167 383 1293 437 dum
1338 377 1655 433 adviveret:
1687 373 1782 429 sed
1822 374 2030 428 divorsa
2075 378 2198 440 post

629 492 859 537 mortem
890 484 1070 534 tenent
1096 474 1210 526 loca
1242 468 1391 540 (Luc.
1432 467 1568 535 l6):
1598 464 1835 520 Missum
1876 474 2120 525 DELICIIS,
2146 465 2204 513 et

628 572 836 625 delicia:
861 563 1083 621 miseriis
1108 566 1518 615 commutantur.
1553 554 1610 609 In
1638 561 1821 609 nostro
1850 551 2069 607 arbitrio
2096 558 2200 617 est,

630 662 713 714 vel
744 661 995 714 Lazarum
1023 650 1193 720 sequi,
1225 648 1308 703 vel
1334 647 1576 702 divitem.

1090 778 1419 836 EPISTULA
1458 768 1626 833 XLIX
1661 774 1737 848 (ιι)

1156 964 1163 971 ι
1195 908 1264 946 ΑΙ)
1286 903 1649 945 PAIIACHIUI.

628 1009 1004 1083 Apntogeticam
1028 1004 1340 1073 superiorem
1366 999 1650 1069 Epistolam
1675 994 2005 1050 Pammachio
2027 993 2202 1058 mittit,

698 1099 957 1166 eidemque
992 1091 1281 1164 gratulatur
1315 1089 1451 1159 quod
1486 1088 1549 1140 ab
1587 1085 1816 1140 omnibus
1845 1084 2028 1153 dignus
2056 1081 2207 1134 Imbe-

697 1200 837 1244 retur
867 1184 1200 1245 Sacerdotio;
1240 1180 1444 1235 tandem
1473 1193 1588 1231 eum
1624 1176 1801 1229 invitat
1840 1173 1908 1228 ad
1948 1173 2207 1226 lectionem

701 1277 1089 1333 translationum
1109 1288 1315 1329 suarum
1338 1286 1401 1325 ea:
1428 1267 1662 1333 Hebrazo,
1684 1274 1731 1319 et
1753 1264 1969 1319 aliorum
1989 1277 2209 1333 opuscu-

702 1374 888 1426 lorum.

701 1483 755 1536 l.
799 1476 1084 1535 Christiani
1131 1473 1398 1530 interdum
1446 1469 1665 1539 pudoris
1704 1474 1823 1533 est,
1866 1465 2026 1521 etiam
2068 1462 2207 1530 apud

628 1574 830 1627 amicos
875 1579 1085 1632 tacere,
1118 1572 1174 1622 et
1200 1563 1553 1617 humilitatem
1588 1573 1739 1613 suam
1784 1555 1954 1625 magis
1992 1553 2208 1607 silentio

630 1661 919 1725 eousulari,
944 1671 1100 1727 quam
1133 1651 1471 1709 retractando
1498 1658 1708 1704 veteres
1736 1645 2021 1709 amicitias,
2041 1642 2207 1698 ambi-

634 1753 797 1807 tionis
821 1750 1027 1805 crimen
1056 1749 1350 1801 incurrere.
1378 1740 1644 1808 Quamdiu
1672 1738 1904 1801 tacuisti,
1929 1735 2087 1800 tacui,
2112 1747 2210 1789 nec

634 1840 975 1913 expostulare
1036 1850 1269 1905 unquam
1308 1847 1469 1901 super
1506 1831 1605 1884 hac
1645 1844 1704 1883 re
1745 1826 1888 1881 volui
1936 1844 1950 1880 :
1994 1841 2064 1880 ne
2103 1840 2208 1878 non

635 1938 867 1992 amicum
904 1947 1164 2004 qnterere,
1192 1929 1286 1986 sed
1317 1924 1669 1997 potentiorem
1699 1920 1911 1976 viderer
1934 1927 2208 1988 expetere.

636 2029 787 2084 Nunc
828 2033 1005 2080 autem
1053 2029 1372 2092 provocatus
1418 2014 1598 2071 ofﬁcio
1628 2014 1964 2073 litterarum,
2014 2009 2211 2079 primas

635 2132 849 2185 semper
893 2120 1069 2183 partes
1111 2111 1311 2165 habere
1357 2106 1571 2163 tentabo
1600 2121 1614 2158 :
1647 2112 1703 2159 et
1734 2118 1838 2157 non
1876 2110 1985 2155 tam
2013 2099 2210 2155 rescri-

634 2208 784 2270 bere,
814 2218 969 2276 quam
997 2202 1266 2264 scribere;
1313 2207 1371 2253 ut
1410 2207 1466 2253 et
1499 2193 1803 2250 verecunde
1828 2192 2104 2261 hucusque
2129 2198 2211 2245 ta-

635 2299 830 2358 cuisse.
859 2305 914 2350 et
942 2291 1299 2349 verecundius
1327 2289 1468 2360 loqui
1495 2288 1724 2357 erupisse
1750 2297 2065 2355 cognoscar.

706 2387 762 2441 9.
796 2388 867 2440 De
890 2383 1159 2454 opusculis
1188 2381 1324 2436 meis
1359 2387 1543 2433 contra
1579 2376 1918 2432 Jovinianutn
1940 2414 1956 2438 ,
1987 2370 2128 2442 quod
2157 2379 2211 2425 et

638 2478 926 2548 prudenter
949 2485 1003 2529 et
1031 2481 1275 2527 amanter
1298 2469 1507 2534 feceris,
1531 2466 1857 2535 exemplaria
1887 2461 2210 2519 subtrahen-

637 2568 729 2629 do,
759 2566 958 2634 optimc
1004 2563 1147 2617 novi.
1198 2560 1303 2615 Sed
1351 2557 1482 2612 nihil
1528 2554 1725 2626 proluit
1771 2556 1871 2610 ista
1915 2552 2208 2622 diligentia,

636 2671 758 2711 cum
804 2652 1060 2724 aliquanti
1090 2667 1156 2706 ex
1185 2649 1327 2706 Urbe
1354 2648 1652 2710 venientes,
1683 2643 1815 2698 mihi
1842 2642 2027 2698 eadem
2057 2641 2210 2696 lecti-

639 2756 831 2807 tarent,
862 2760 980 2815 qua:
1020 2757 1079 2797 se
1120 2742 1305 2796 Roma:
1342 2739 1616 2808 excepisse
1646 2735 1965 2791 referebant.
2010 2733 2067 2788 ln
2112 2733 2211 2787 hac

636 2852 851 2907 quoque
880 2833 1157 2905 provincia
1192 2834 1302 2901 jam
1345 2830 1465 2884 libri
1504 2827 1711 2882 fuerant
1734 2825 1986 2895 divulgati
2025 2844 2039 2880 :
2071 2834 2127 2880 et
2155 2832 2214 2877 ut

636 2929 750 2998 ipse
775 2926 965 2996 legisti,
987 2924 1189 2979 «nescit
1206 2937 1309 2976 vox
1336 2921 1495 2975 missa
1521 2919 1744 2974 revertit
1772 2917 1986 2988 (Horat.
2009 2916 2071 2970 de
2096 2915 2208 2968 Art.

636 3016 831 3088 Poet.).
876 3015 990 3071 Non
1033 3030 1152 3069 sum
1190 3021 1350 3067 tanta:
1384 3009 1680 3074 felicitatis,
1725 3016 1937 3078 quaan
1973 3006 2213 3076 plerique

637 3111 792 3181 hujus
824 3107 1077 3178 temporis
1103 3108 1463 3167 Tractatores,
1497 3111 1557 3157 ut
1598 3116 1767 3171 nugas
1806 3114 1954 3155 meas
1998 3097 2213 3168 quando

634 3200 896 3256 voluerim
917 3198 1204 3253 emendare
1225 3196 1445 3266 possim.
1468 3193 1657 3248 Statim
1680 3201 1737 3245 ut
1760 3189 1963 3261 aliquid
1989 3191 2213 3259 scripse-

636 3307 719 3357 ro,
746 3299 840 3346 aut
876 3299 1130 3345 amatores
1153 3289 1277 3352 mei,
1299 3295 1391 3341 aut
1416 3284 1603 3347 invidi,
1627 3282 1838 3337 diverso
1861 3280 2076 3352 quidem
2098 3290 2213 3332 stu-

638 3386 751 3449 dio,
785 3382 879 3437 sed
925 3381 1037 3451 pari
1076 3380 1385 3442 certamine,
1416 3378 1471 3431 in
1505 3376 1696 3445 vulgus
1740 3382 1920 3428 nostra
1962 3371 2212 3426 disserui-

639 3484 769 3528 nant
789 3489 805 3528 :
827 3483 881 3527 et
900 3473 984 3527 vel
1010 3472 1063 3526 in
1089 3470 1265 3535 laude,
1289 3470 1374 3523 vel
1393 3468 1447 3522 in
1468 3465 1855 3537 vituperatione
1880 3464 2025 3518 nimii
2049 3471 2171 3518 sunt
2195 3478 2211 3517 :

639 3580 746 3621 non
792 3562 1038 3618 meritum
1079 3562 1205 3625 stili,
1234 3560 1328 3615 sed
1356 3573 1511 3614 suum
1541 3557 1875 3612 stomachum
1901 3563 2210 3625 sequentes.

644 3657 823 3725 Itaque
861 3653 1002 3724 quod
1044 3651 1216 3707 solum
1246 3649 1423 3704 facere
1455 3648 1622 3717 pomi,
1650 3649 1982 3711 ἀπολογετικδν
2055 3644 2213 3715 235

640 3748 808 3817 ipsius
836 3745 1012 3816 operis
1045 3743 1141 3799 tibi
1164 3742 1241 3813 (b)
1267 3748 1634 3814 προσιρώνηηας
1658 3752 1814 3808 quem
1844 3751 1966 3791 cum
1998 3737 2211 3806 legeris,

640 3840 755 3909 ipse
784 3854 881 3909 pro
906 3837 1060 3893 nobis
1103 3836 1313 3890 cmteris
1353 3830 1646 3887 satisfacies
1671 3849 1684 3885 :
1706 3841 1798 3884 aut
1841 3828 1888 3884 si
1922 3839 2215 3899 tuquoque

641 3947 824 3988 narem
855 3928 1216 3990 contraxeris,
1247 3927 1389 3980 illam
1421 3922 1665 3994 Apostoli
1703 3935 2002 3996 περικοπὴν,
2031 3922 2082 3975 in
2110 3936 2215 3991 qua

638 4024 708 4081 de
758 4020 1058 4090 virginitate
1098 4028 1153 4073 et
1188 4015 1390 4087 nuptiis
1435 4015 1710 4084 disputat,
1755 4013 1912 4067 aliter
1950 4012 2216 4069 disserere

639 4109 999 4178 eotnpelleris.

711 4200 768 4254 3.
791 4196 899 4253 Nec
921 4198 1018 4251 hoc
1040 4195 1182 4261 dico,
1206 4195 1345 4266 quod
1371 4204 1423 4250 te
1442 4194 1508 4250 ad
1529 4193 1866 4250 scribendum
1891 4207 2174 4264 provocem
2197 4208 2212 4248 :

640 4288 793 4358 cujus
827 4288 879 4341 in
909 4287 1075 4341 sacris
1104 4286 1294 4341 litteris
1320 4284 1552 4340 studium
1578 4284 1710 4339 mihi
1737 4282 1964 4355 praefero
1993 4300 2007 4338 :
2037 4282 2131 4338 sed
2161 4290 2217 4336 ut

644 4380 779 4433 alios
806 4378 896 4447 qui
922 4392 1020 4432 nos
1048 4377 1306 4443 lacerant,
1338 4376 1440 4430 hoc
1470 4375 1647 4431 facere
1673 4375 1984 4444 compellas.
2012 4375 2218 4429 Nurum

643 4470 848 4526 litteras
867 4509 882 4532 ,
908 4469 1156 4523 videntur
1178 4467 1279 4521 sibi
1306 4465 1458 4521 scioli
1487 4482 1500 4517 :
1534 4473 1755 4533 possunt
1784 4480 1871 4520 me
1897 4480 2002 4519 non
2029 4480 2215 4534 reprc-

644 4557 900 4622 hendere,
932 4557 1026 4613 sed
1064 4557 1280 4612 dueere.
1329 4554 1390 4610 Si
1427 4554 1554 4624 quid
1593 4554 1925 4622 scripserint,
1955 4554 2124 4623 magis
2150 4569 2215 4609 ex

642 4651 820 4721 operis
847 4663 1032 4706 eorum
1061 4646 1483 4717 comparatione,
1512 4658 1629 4699 mea
1656 4644 2024 4717 interpretatio
2051 4643 2219 4715 negli-

642 4753 816 4814 getur.
845 4739 989 4811 Lege
1009 4781 1023 4804 ,
1051 4753 1235 4811 qnmso
1262 4747 1313 4793 te
1338 4778 1354 4803 ,
1389 4745 1443 4791 et
1471 4736 1751 4806 diligenter
1786 4736 2026 4806 Apostoli
2057 4737 2218 4792 verba

643 4834 944 4899 considera,
985 4841 1040 4889 et
1086 4841 1213 4887 tunc
1254 4828 1460 4884 videbis
1499 4842 1588 4883 me
1634 4836 1853 4897 propter
1897 4825 2217 4883 calumniam

645 4926 1013 4983 declinandam
1053 4923 1222 4979 multo
1248 4922 1368 4992 plus
1406 4935 1565 4991 quam
1604 4919 1693 4975 ille
1718 4918 1886 4975 voluit
1912 4919 1966 4975 iu
1995 4918 2218 4975 maritos

643 5019 808 5075 fuisse
831 5019 1172 5074 clementem.
1197 5015 1476 5085 Origenes,
1514 5011 1817 5084 Dionysius,
1848 5012 2076 5076 Pierius,
2108 5012 2217 5065 Eu-

644 5113 824 5168 sebius
862 5108 1227 5176 Cesariensis,
1272 5106 1553 5180 Dydimus,
1595 5104 1917 5175 Apollinaris
1959 5103 2220 5158 latissime

646 5200 784 5258 hanc
826 5200 1118 5272 Epistulam
1171 5194 1502 5266 interpretati
1549 5204 1674 5248 sunt
1701 5210 1716 5248 :
1746 5208 1973 5265 quorum
2010 5191 2219 5247 Pierius

645 5305 766 5347 cum
808 5304 1024 5346 sensum
1068 5286 1309 5357 Apostoli
1351 5284 1635 5340 ventitaret
1662 5293 1820 5354 atque
1845 5283 2137 5349 edisseret,
2168 5290 2221 5338 et

708 5423 786 5541 ἱαζ
810 5419 939 5470 Alius
954 5420 1035 5470 32.
1053 5417 1239 5475 Scripta
1259 5413 1435 5487 eodem.
1448 5421 1676 5485 tempore,
1698 5426 1758 5465 ac
1778 5412 2016 5477 superiori
2027 5412 2218 5473 juncta.

737 5482 766 5529 ὁ
1030 5487 1084 5528 et
1097 5479 1239 5541 _Vict.
1264 5477 1349 5541 tatu
1367 5488 1479 5541 mist
1498 5514 1512 5533 ,
1527 5487 1685 5541 quem
1705 5482 2042 5541 mMn,_€_l
2069 5481 2113 5523 te
2136 5486 2218 5535 po-

737 5477 786 5538 b)
817 5481 1003 5530 Erasm.
1030 5487 1084 5528 et
1098 5479 1239 5538 _Vict.
1264 5477 1349 5525 tibi
1369 5477 1479 5525 misi
1498 5514 1512 5533 ,
1530 5487 1685 5538 quem
1705 5482 2042 5538 mMnLd
2069 5481 2113 5523 te
2136 5486 2222 5535 po—

649 5536 807 5590 scenis
827 5538 989 5603 edidi.
1013 5552 1045 5586 e
1066 5536 1344 5598 glossatoris
1366 5537 1766 5603 imperiti_manu,
1790 5536 1873 5603 qui
1898 5536 2033 5603 verbi
2058 5558 2220 5603 eme...

648 5572 989 5660 ἓιῖξῖυὸξῖὲζ
1008 5572 1974 5660 zema'aat'teé;tt;é;“t&ftot};
1988 5572 2225 5656 ἔὶεῖξῶἔὲζ

650 5654 835 5709 nonem
852 5669 949 5705 non
973 5654 1231 5703 intellexit.

1914 256 2153 315 SANCTI
2193 254 2569 311 ΙΙΙΕΙὶΟΝΥΜΙ

3794 252 3921 312 512

2311 368 2679 438 proposuisset
2729 365 2860 422 illud
2902 372 3215 436 exponere:
3254 383 3274 416 ι
3309 364 3443 421 Volo
3483 374 3663 421 autem
3703 379 3920 423 omnes

2308 475 2431 515 esse
2470 460 2609 515 sicut
2651 458 2912 528 meipsum
2940 477 2961 510 ι
2993 458 3015 528 (
3040 458 3091 512 1.
3120 458 3240 512 Cor.
3270 458 3325 511 Ι.
3356 458 3389 511 7
3415 458 3457 526 ),
3489 457 3709 526 adjecit,
3739 470 3919 512 ταῦτα

2309 559 2447 618 λέγων
2461 560 2488 605 ὃ
2501 553 2682 612 Παῦλος
2696 552 2911 619 ἀντικρὺς
2930 552 3140 615 ἀγαμίαν
3157 556 3396 617 stupeant.
3418 547 3572 615 Quod
3608 547 3695 602 hic
3710 563 3916 617 quaeso

2309 651 2585 710 peccatum
2613 654 2813 705 meum,
2844 654 2963 708 qua:
2988 638 3218 692 duritia?
3247 636 3506 692 Uuiversa
3530 653 3651 705 qua:
3676 638 3911 707 scripsi,

2311 730 2433 784 huic
2472 729 2752 783 sententia:
2793 737 3097 796 comparata
3145 726 3417 780 lenissima
3458 722 3565 798 [aL
3600 726 3913 800 levissima]

2309 830 2454 873 sunt.
2494 819 2728 873 Revolve
2751 819 2988 871 omnium
3021 830 3156 883 quos
3182 830 3342 883 supra
3372 816 3701 883 memoravi,
3737 831 3910 871 com-

2310 909 2602 963 mentarios
2623 919 2678 964 et
2702 908 3065 962 Ecclesiarum
3096 907 3441 962 Bibliothecis
3469 909 3665 973 fruere,
3692 920 3748 964 et
3780 925 3912 965 una-

2309 1001 2390 1070 gis
2415 1001 2624 1055 concito
2643 999 2809 1070 gradu
2836 997 2902 1053 ad
2930 1004 3108 1068 optata
3135 1012 3417 1068 cmptaque
3445 1001 3747 1069 pervenies.

2380 1090 2437 1145 4.
2467 1090 2641 1144 Audio
2672 1089 2835 1144 tutius
2861 1089 2914 1143 in
2946 1099 2997 1143 te
3021 1087 3181 1143 Urbis
3203 1088 3374 1142 studia
3398 1089 3689 1143 concitata.
3717 1089 3909 1144 Audio

2310 1180 2585 1237 Pontiﬁcis
2601 1190 2653 1236 et
2675 1180 2857 1250 pepuli
2883 1180 3211 1233 voluntatem
3232 1180 3348 1249 pari
3374 1190 3551 1234 mente
3571 1195 3904 1251 congruere.

2310 1288 2468 1328 mus
2496 1287 2592 1327 esr
2624 1282 2807 1328 tenere
2832 1271 3234 1338 Sacerdotium,
3262 1288 3421 1341 quam
3452 1273 3669 1326 mereri.
3699 1271 3904 1327 Libros

2310 1362 2544 1435 sedecim
2587 1362 2997 1432 Prophetarum,
3028 1376 3167 1431 quos
3210 1362 3262 1415 iu
3300 1360 3544 1417 Latinum
3570 1363 3641 1419 de
3666 1363 3903 1417 llebrmo

2310 1467 2562 1508 sermone
2600 1455 2773 1518 verti,
2811 1453 2859 1507 si
2903 1453 3119 1521 legeris,
3152 1460 3206 1508 ct
3231 1453 3487 1509 delectari
3519 1464 3568 1510 te
3597 1454 3700 1509 hoc
3729 1470 3904 1524 opere

2311 1558 2624 1613 comperero
2645 1584 2663 1611 ,
2693 1543 3009 1613 provocabis
3038 1557 3136 1596 nos
3161 1543 3321 1597 etiam
3356 1553 3543 1598 ca:tera
3583 1544 3766 1599 clausa
3810 1560 3906 1598 ar-

2312 1636 2480 1688 mario
2525 1648 2631 1687 non
2679 1643 2881 1688 tenere.
2928 1633 3197 1687 Traustuli
3240 1648 3409 1703 nuper
3431 1633 3532 1688 Joh
3561 1635 3612 1687 iu
3645 1634 3900 1704 linguam

2312 1733 2546 1778 nostram
2577 1741 2591 1778 :
2619 1723 2773 1792 cujus
2814 1724 3088 1791 exemplar
3125 1737 3155 1776 a
3188 1732 3369 1777 sancta
3415 1722 3658 1778 Marcella
3686 1739 3902 1777 conso-

2313 1814 2464 1873 brina
2508 1823 2595 1868 tua
2635 1814 2836 1885 poteris
2863 1813 3116 1868 mutuari.
3168 1812 3310 1882 Lege
3352 1812 3598 1868 eumdem
3639 1812 3900 1868 Graecum

2312 1916 2368 1960 et
2407 1907 2689 1972 Latinum;
2720 1914 2777 1962 et
2802 1914 3039 1962 veterem
3080 1904 3383 1960 Editionem
3410 1914 3605 1959 nostra:
3642 1905 3903 1959 Transla-

2314 1997 2447 2052 tioni
2472 2011 2721 2066 compara
2754 2014 2767 2051 :
2798 2005 2853 2050 et
2890 1994 3091 2064 liquido
3118 1994 3425 2065 pervidebis
3449 2003 3701 2063 quantum
3729 1993 3901 2048 distet

2312 2085 2452 2141 inter
2471 2085 2771 2149 veritatem,
2794 2096 2849 2138 et
2877 2083 3234 2141 mendacium.
3264 2082 3512 2136 Miseram
3541 2082 3613 2152 (c)
3643 2081 3897 2152 quaedam

2312 2190 2403 2233 τῶν
2428 2183 2773 2246 ὑπομνημάτων
2810 2175 2866 2230 in
2907 2176 3203 2246 Prophetas
3230 2174 3509 2230 duodecim
3539 2184 3725 2230 sancto
3753 2175 3896 2244 patri

2315 2269 2619 2334 Domnioni,
2664 2268 2967 2324 Samuelem
3006 2282 3220 2338 quoque
3258 2276 3313 2322 et
3351 2267 3652 2332 Malacltim,
3694 2267 3748 2322 id
3785 2278 3892 2333 est,

2312 2372 2543 2430 quatuor
2593 2361 2795 2431 Regum
2825 2360 3014 2415 libros.
3047 2360 3177 2427 Qua:
3207 2360 3251 2413 si
3280 2359 3458 2429 legere
3487 2359 3740 2422 volueris,
3768 2375 3894 2428 pro-

2313 2450 2465 2505 babis
2494 2461 2708 2520 quanta:
2756 2451 3089 2506 diflicultatis
3162 2450 3324 2521 236
3394 2452 3465 2504 sit
3489 2450 3721 2505 divinam
3750 2450 3894 2506 Seri-

2314 2553 2544 2612 pturam,
2560 2551 2615 2597 et
2634 2542 2871 2597 maxime
2884 2542 3180 2612 Prophetas
3201 2541 3526 2610 intelligere:
3546 2551 3599 2595 et
3616 2541 3890 2610 Interpre-

2315 2647 2425 2690 tum
2459 2638 2588 2690 vitio
2618 2652 2738 2706 qua:
2768 2635 2909 2705 apud
2937 2650 3064 2690 suos
3109 2634 3396 2703 purissimo
3431 2648 3591 2687 cursu
3628 2632 3893 2687 orationis

2314 2729 2593 2794 labuntur,
2626 2728 2763 2799 apud
2794 2744 2894 2783 nos
2920 2737 3127 2782 scatere
3154 2726 3317 2781 vitiis.
3344 2725 3512 2781 Porro
3530 2726 3891 2796 eloquentiam

2313 2836 2472 2890 quam
2505 2835 2600 2888 pro
2616 2819 2833 2874 Christo
2861 2819 2912 2872 in
2941 2818 3200 2873 Cicerone
3226 2818 3545 2882 contemnis,
3573 2816 3627 2870 in
3657 2814 3895 2886 parvulis

2315 2927 2382 2966 ne
2398 2913 2659 2980 requiras.
2681 2909 3051 2964 Ecclesiastica
3073 2907 3445 2978 interpretatio
3465 2908 3626 2962 etiam
3656 2907 3701 2961 si
3732 2905 3895 2960 habet

2315 3002 2510 3071 eloquii
2529 3011 2883 3063 venustatem,
2907 3000 3248 3055 dissinmlare
3274 3014 3391 3053 eam
3419 2998 3579 3053 debet
3600 3007 3656 3052 et
3684 2998 3888 3067 fugere,

2315 3100 2372 3147 ut
2399 3108 2503 3146 non
2534 3091 2721 3146 otiosis
2739 3090 3189 3158 Philosophorum
3211 3086 3414 3143 scholis
3428 3089 3716 3157 paucisque
3733 3087 3890 3143 discia

2316 3183 2487 3252 pulis,
2520 3180 2617 3237 sed
2643 3181 2890 3237 universo
2919 3180 3168 3249 loquatur
3196 3179 3471 3235 hominum
3502 3179 3712 3249 generi.

2842 3310 3163 3368 EPISTULA
3205 3311 3248 3366 L
3275 3309 3379 3384 (Δ).

2902 3443 2970 3482 ΔΙ)
3004 3441 3327 3482 ΒΟΙΙΝΙΟΝΕΙΙ.

2314 3539 2614 3595 Admonitus
2633 3556 2665 3593 a
2686 3538 2872 3596 Sancto
2890 3538 3173 3594 Domnione
3186 3540 3250 3594 de
3269 3540 3502 3594 conriicis
3521 3539 3700 3609 quibus
3718 3540 3892 3596 Romtc

2389 3629 2678 3683 lacerabant
2716 3630 2862 3682 multi
2889 3630 3040 3684 libros
3069 3622 3307 3682 aduersus
3343 3628 3687 3694 Jovinianum,
3709 3630 3764 3684 in
3786 3632 3891 3701 pri-

2387 3721 2483 3774 mis
2523 3731 2688 3773 autem
2728 3719 3010 3774 Monachus
3046 3720 3251 3790 quidam
3280 3721 3502 3790 juvenis,
3530 3722 3887 3791 rumigerulus,

2389 3809 2522 3863 hunc
2548 3810 2673 3863 mire
2705 3813 2960 3879 exagitat,
3004 3809 3208 3880 ejusque
3236 3808 3539 3880 imperitiam
3578 3809 3886 3882 objurgans,

2390 3909 2625 3970 provocat
2652 3899 2721 3952 ad
2744 3899 3080 3953 scribendum.

2390 4033 2443 4088 i.
2473 4031 2688 4087 Littera:
2714 4038 2816 4084 tuae
2845 4019 3163 4083 clamorem
3190 4027 3389 4098 pariter
3415 4037 3638 4096 sonant,
3672 4036 3727 4083 et
3760 4044 3889 4099 que-

2319 4124 2512 4181 relam.
2553 4124 2805 4177 Amorem
2849 4130 3020 4184 tuum,
3064 4133 3173 4189 quo
3215 4119 3403 4175 sedulo
3446 4135 3691 4186 monens,
3733 4122 3891 4175 etiam

2319 4229 2438 4285 qua:
2468 4223 2578 4268 tuta
2607 4222 2733 4267 sunt
2757 4211 2811 4265 in
2843 4211 2997 4265 nobis
3022 4210 3352 4279 pertimescis
3375 4226 3389 4263 :
3413 4210 3681 4279 querelam
3707 4222 3889 4265 eorum

2319 4304 2409 4374 qui
2440 4318 2546 4357 non
2574 4309 2776 4365 amant,
2797 4311 2848 4356 et
2880 4308 3179 4370 quaerentes
3198 4300 3533 4354 occasionem
3561 4300 3611 4352 iu
3639 4299 3887 4367 peccatis,

2317 4396 2559 4464 garriunt
2606 4390 2862 4446 adversus
2913 4388 3132 4444 fratrem
3183 4402 3358 4453 suum,
3400 4400 3453 4442 et
3496 4398 3683 4442 contra
3729 4387 3888 4443 iilium

2322 4484 2509 4538 matris
2535 4496 2647 4536 sua:
2678 4490 2880 4551 ponunt
2908 4479 3215 4534 scandalqu
3251 4477 3383 4550 (Ps.
3413 4478 3504 4535 59.
3533 4479 3604 4533 ﬁt)
3620 4480 3668 4549 ).-
3693 4479 3891 4534 Scribis

2322 4574 2465 4629 enim
2495 4587 2610 4636 eos,
2650 4572 2757 4625 imo
2785 4571 2967 4625 nescio
3009 4585 3167 4639 quem
3210 4568 3280 4623 tle
3305 4568 3463 4623 trivio
3483 4609 3500 4635 ,
3529 4569 3596 4623 de
3620 4567 3886 4637 compitis,

2321 4665 2391 4720 de
2418 4663 2604 4735 plateis
2628 4661 3108 4719 circumforaneum
3133 4658 3450 4715 Monachum
3480 4658 3889 4729 rumigerulum,

2388 4799 2461 4862 (c)
2491 4796 2841 4862 Benedictiuus
2864 4793 2923 4862 ad
2941 4793 3213 4862 marginem
3236 4800 3366 4843 :It'on
3385 4788 3895 4862 extanthinquitnlta-c

2323 4849 2671 4910 Coininentaria
2691 4858 2743 4907 in
2765 4855 3019 4906 duodecim
3043 4849 3338 4916 Prophetas;
3360 4861 3489 4902 ratus
3512 4849 3741 4916 videlicet
3765 4849 3895 4913 (quae

2324 4909 2433 4970 aliis
2445 4933 2640 4983 quoque
2658 4919 2847 4983 Critieis
2866 4917 2984 4983 viris
2995 4909 3157 4983 opinio
3171 4909 3431 4983 persuasit)
3450 4915 3498 4983 in
3519 4909 3740 4983 singulos
3756 4909 3895 4974 quos-

2323 4995 2425 5044 que
2462 4972 2722 5044 duodecim
2758 4972 3039 5040 Prophetas
3068 4972 3421 5044 Commentaria
3452 4974 3533 5022 hic
3571 4972 3708 5044 iunui
3729 5009 3745 5033 ,
3770 4972 3892 5044 Squa-

2325 5032 2417 5093 a'lia
2438 5049 2578 5092 certe
2595 5043 2661 5090 ab
2680 5042 2756 5090 his
2776 5032 2884 5102 quae
2906 5044 3184 5102 supersunt,
3220 5036 3428 5102 putanda
3448 5041 3635 5102 essent,
3657 5032 3891 5102 siquidem

2328 5108 2526 5168 priores
2538 5108 2642 5152 tres
2660 5138 2675 5161 ,
2699 5114 2755 5168 ac
2778 5095 3050 5168 postremos
3068 5098 3193 5168 duos
3214 5095 3313 5168 non
3343 5097 3583 5168 nisiupost
3603 5095 3891 5142 decennium

2329 5157 2380 5229 δι
2400 5165 2529 5229 quod
2564 5157 2809 5220 excurrit}
2848 5166 2926 5208 est
2947 5166 3317 5208 commentatus.
3340 5158 3405 5206 At
3426 5157 3749 5229 Hieronymus
3770 5167 3892 5229 qucr-

2328 5219 2443 5277 (1ωὴ
2464 5234 2649 5273 tantum
2669 5240 2741 5275 τῶν
2771 5232 3029 5282 θυμιημάτων
3048 5256 3062 5276 ,
3086 5230 3178 5267 seu
3216 5219 3669 5282 commentariorum
3682 5228 3891 5282 fueram

2327 5275 2467 5344 dixi,
2489 5298 2587 5351 non
2607 5285 2766 5333 omnia
2789 5297 2803 5351 ξ
2830 5275 2988 5351 ὸαῄυς
3011 5275 3179 5351 nonin
3201 5277 3660 5351 singtdos'miuores
3682 5275 3890 5351 iirolhe-

2329 5355 2420 5403 tas,
2445 5337 2534 5396 sed
2557 5348 2608 5395 in
2629 5358 2741 5394 eum
2764 5337 3050 5403 simpliciter
3072 5337 3393 5403 iibruquui
3414 5339 3669 5403 duodecim
3691 5337 3892 5403 Prothe:

2328 5397 2394 5459 ee
2410 5397 2715 5461 inscribitur.
2742 5397 2886 5454 Unde
2910 5401 3051 5449 facile
3085 5409 3163 5449 est
3183 5397 3369 5461 opinari
3392 5414 3421 5449 a
3455 5397 3816 5461 monentesque
3832 5397 3890 5461 ad

2329 5416 2394 5459 ta:
2416 5415 2715 5461 inscribitur.
2746 5415 2886 5454 unde
2910 5415 3051 5449 ιυωιθ
3085 5415 3163 5449 est
3183 5415 3212 5449 ο
3234 5415 3369 5449 una"
3392 5415 3421 5449 a
3455 5415 3643 5449 mellea
3665 5415 3816 5458 usque
3836 5415 3890 5445 au

2329 5470 2555 5532 Aggenm
2570 5503 2584 5527 ,
2609 5479 2732 5529 quas
2742 5480 2778 5532 _a
2793 5461 3045 5532 superiori
3069 5473 3195 5532 anno
3214 5415 3326 5532 ξπ.
3351 5457 3892 5532 interpretatipneselm

2331 5519 2655 5594 cﬂi’raveratf,
2697 5528 2757 5576 ad
2790 5519 3342 5594 Domniouemmisisse,
3368 5536 3465 5572 nec
3486 5519 3711 5585 'proinde
3747 5519 3888 5579 alias,

2329 5591 2717 5653 «inmensus»
2741 5590 3025 5653 ειφεῑωνθ
3046 5590 3293 5653 avortere-

2396 5639 2476 5713 (αἱ
2508 5649 2636 5700 Alias
2654 5639 2733 5699 δί.
2758 5639 2944 5707 Scripta
2961 5639 3104 5703 paulo
3123 5649 3225 5703 post
3250 5654 3565 5706 superiorem.
