  <div class='ocr_page' id='page_1' title='image "/cluster/home/n/w/nwhite01/storage/ocr_20150623/22/uva.x000826587/330.png"; bbox 0 0 4078 6198; ppageno 0'>
   <div class='ocr_carea' id='block_1_1' title="bbox 156 227 270 283">
    <p class='ocr_par' dir='ltr' id='par_1_1' title="bbox 156 227 270 283">
     <span class='ocr_line' id='line_1_1' title="bbox 156 227 270 283; baseline 0 -1"><span class='ocrx_word' id='word_1_1' title='bbox 156 227 270 283; x_wconf 64' lang='lat' dir='ltr'><strong>5P3</strong></span> 
     </span>
    </p>
   </div>
   <div class='ocr_carea' id='block_1_2' title="bbox 157 328 1751 402">
    <p class='ocr_par' dir='ltr' id='par_1_2' title="bbox 157 328 1751 402">
     <span class='ocr_line' id='line_1_2' title="bbox 157 328 1751 402; baseline -0.006 -7"><span class='ocrx_word' id='word_1_2' title='bbox 157 338 437 402; x_wconf 81' lang='lat' dir='ltr'><strong>rabulam,</strong></span> <span class='ocrx_word' id='word_1_3' title='bbox 479 332 684 388; x_wconf 86' lang='lat' dir='ltr'><strong>vafrum</strong></span> <span class='ocrx_word' id='word_1_4' title='bbox 731 339 937 387; x_wconf 87' lang='lat' dir='ltr'><strong>tantum</strong></span> <span class='ocrx_word' id='word_1_5' title='bbox 979 328 1044 383; x_wconf 87' lang='lat' dir='ltr'><strong>ad</strong></span> <span class='ocrx_word' id='word_1_6' title='bbox 1091 329 1504 396; x_wconf 87' lang='lat' dir='ltr'><strong>detrahendum,</strong></span> <span class='ocrx_word' id='word_1_7' title='bbox 1534 331 1624 401; x_wconf 86' lang='lat' dir='ltr'><strong>qui</strong></span> <span class='ocrx_word' id='word_1_8' title='bbox 1657 347 1751 402; x_wconf 88' lang='lat' dir='ltr'><strong>per</strong></span> 
     </span>
    </p>
   </div>
   <div class='ocr_carea' id='block_1_3' title="bbox 158 421 1748 487">
    <p class='ocr_par' dir='ltr' id='par_1_3' title="bbox 158 421 1748 487">
     <span class='ocr_line' id='line_1_3' title="bbox 158 421 1748 487; baseline -0.007 -2"><span class='ocrx_word' id='word_1_9' title='bbox 158 432 378 485; x_wconf 90' lang='lat' dir='ltr'><strong>trabem</strong></span> <span class='ocrx_word' id='word_1_10' title='bbox 417 426 554 482; x_wconf 91' lang='lat' dir='ltr'><strong>oculi</strong></span> <span class='ocrx_word' id='word_1_11' title='bbox 599 424 682 480; x_wconf 89' lang='lat' dir='ltr'><strong>sui</strong></span> <span class='ocrx_word' id='word_1_12' title='bbox 727 423 988 480; x_wconf 88' lang='lat' dir='ltr'><strong>festucam</strong></span> <span class='ocrx_word' id='word_1_13' title='bbox 1029 421 1251 476; x_wconf 79' lang='lat' dir='ltr'><strong>alterius</strong></span> <span class='ocrx_word' id='word_1_14' title='bbox 1297 421 1498 475; x_wconf 86' lang='lat' dir='ltr'><strong>nitatur</strong></span> <span class='ocrx_word' id='word_1_15' title='bbox 1537 437 1748 487; x_wconf 91' lang='lat' dir='ltr'><strong>eruere,</strong></span> 
     </span>
    </p>
   </div>
   <div class='ocr_carea' id='block_1_4' title="bbox 158 512 1752 583">
    <p class='ocr_par' dir='ltr' id='par_1_4' title="bbox 158 512 1752 583">
     <span class='ocr_line' id='line_1_4' title="bbox 158 512 1752 583; baseline -0.008 -5"><span class='ocrx_word' id='word_1_16' title='bbox 158 521 481 579; x_wconf 85' lang='lat' dir='ltr'><strong>concionari</strong></span> <span class='ocrx_word' id='word_1_17' title='bbox 511 519 790 572; x_wconf 86' lang='lat' dir='ltr'><strong>adversum</strong></span> <span class='ocrx_word' id='word_1_18' title='bbox 814 531 920 583; x_wconf 86' lang='lat' dir='ltr'><strong>me,</strong></span> <span class='ocrx_word' id='word_1_19' title='bbox 943 524 997 570; x_wconf 92' lang='lat' dir='ltr'><strong>et</strong></span> <span class='ocrx_word' id='word_1_20' title='bbox 1023 514 1207 577; x_wconf 86' lang='lat' dir='ltr'><strong>libros,</strong></span> <span class='ocrx_word' id='word_1_21' title='bbox 1233 527 1368 583; x_wconf 88' lang='lat' dir='ltr'><strong>quos</strong></span> <span class='ocrx_word' id='word_1_22' title='bbox 1395 523 1580 567; x_wconf 89' lang='lat' dir='ltr'><strong>contra</strong></span> <span class='ocrx_word' id='word_1_23' title='bbox 1607 512 1752 566; x_wconf 85' lang='lat' dir='ltr'><strong>Jovi-</strong></span> 
     </span>
    </p>
   </div>
   <div class='ocr_carea' id='block_1_5' title="bbox 161 607 1755 681">
    <p class='ocr_par' dir='ltr' id='par_1_5' title="bbox 161 607 1755 681">
     <span class='ocr_line' id='line_1_5' title="bbox 161 607 1755 681; baseline -0.009 -10"><span class='ocrx_word' id='word_1_24' title='bbox 161 618 396 671; x_wconf 86' lang='lat' dir='ltr'><strong>nianum</strong></span> <span class='ocrx_word' id='word_1_25' title='bbox 424 613 631 681; x_wconf 88' lang='lat' dir='ltr'><strong>scripsi,</strong></span> <span class='ocrx_word' id='word_1_26' title='bbox 659 611 854 665; x_wconf 87' lang='lat' dir='ltr'><strong>canino</strong></span> <span class='ocrx_word' id='word_1_27' title='bbox 879 609 1042 663; x_wconf 87' lang='lat' dir='ltr'><strong>dente</strong></span> <span class='ocrx_word' id='word_1_28' title='bbox 1070 607 1280 671; x_wconf 88' lang='lat' dir='ltr'><strong>rodere,</strong></span> <span class='ocrx_word' id='word_1_29' title='bbox 1316 607 1552 661; x_wconf 86' lang='lat' dir='ltr'><strong>lacerare</strong></span> <span class='ocrx_word' id='word_1_30' title='bbox 1572 645 1588 673; x_wconf 94' lang='lat'><strong>,</strong></span> <span class='ocrx_word' id='word_1_31' title='bbox 1619 619 1755 659; x_wconf 87' lang='lat' dir='ltr'><strong>con-</strong></span> 
     </span>
    </p>
   </div>
   <div class='ocr_carea' id='block_1_6' title="bbox 162 696 1758 764">
    <p class='ocr_par' dir='ltr' id='par_1_6' title="bbox 162 696 1758 764">
     <span class='ocr_line' id='line_1_6' title="bbox 162 696 1758 764; baseline -0.006 -4"><span class='ocrx_word' id='word_1_32' title='bbox 162 710 398 764; x_wconf 86' lang='lat' dir='ltr'><strong>vellere.</strong></span> <span class='ocrx_word' id='word_1_33' title='bbox 428 706 576 759; x_wconf 91' lang='lat' dir='ltr'><strong>llunc</strong></span> <span class='ocrx_word' id='word_1_34' title='bbox 604 703 948 757; x_wconf 89' lang='lat' dir='ltr'><strong>Dialecticum</strong></span> <span class='ocrx_word' id='word_1_35' title='bbox 979 700 1126 754; x_wconf 83' lang='lat' dir='ltr'><strong>urbis</strong></span> <span class='ocrx_word' id='word_1_36' title='bbox 1156 709 1348 752; x_wconf 78' lang='lat' dir='ltr'><strong>vesme</strong></span> <span class='ocrx_word' id='word_1_37' title='bbox 1372 738 1388 763; x_wconf 94' lang='lat'><strong>,</strong></span> <span class='ocrx_word' id='word_1_38' title='bbox 1417 706 1473 751; x_wconf 89' lang='lat' dir='ltr'><strong>et</strong></span> <span class='ocrx_word' id='word_1_39' title='bbox 1499 696 1758 750; x_wconf 73' lang='lat' dir='ltr'><strong>Plautina:</strong></span> 
     </span>
    </p>
   </div>
   <div class='ocr_carea' id='block_1_7' title="bbox 164 787 1759 864">
    <p class='ocr_par' dir='ltr' id='par_1_7' title="bbox 164 787 1759 864">
     <span class='ocr_line' id='line_1_7' title="bbox 164 787 1759 864; baseline -0.01 -8"><span class='ocrx_word' id='word_1_40' title='bbox 164 801 388 856; x_wconf 76' lang='lat' dir='ltr'><strong>familia:</strong></span> <span class='ocrx_word' id='word_1_41' title='bbox 416 797 682 858; x_wconf 85' lang='lat' dir='ltr'><strong>columen,</strong></span> <span class='ocrx_word' id='word_1_42' title='bbox 718 811 823 849; x_wconf 91' lang='lat' dir='ltr'><strong>non</strong></span> <span class='ocrx_word' id='word_1_43' title='bbox 854 794 1048 864; x_wconf 81' lang='lat' dir='ltr'><strong>legisse</strong></span> <span class='ocrx_word' id='word_1_44' title='bbox 1073 789 1287 860; x_wconf 79' lang='lat' dir='ltr'><strong>quidem</strong></span> <span class='ocrx_word' id='word_1_45' title='bbox 1315 794 1608 859; x_wconf 74' lang='grc' dir='ltr'><strong>κατηγορίας</strong></span> <span class='ocrx_word' id='word_1_46' title='bbox 1640 787 1759 840; x_wconf 77' lang='lat' dir='ltr'><strong>Ari-</strong></span> 
     </span>
    </p>
   </div>
   <div class='ocr_carea' id='block_1_8' title="bbox 162 876 1758 957">
    <p class='ocr_par' dir='ltr' id='par_1_8' title="bbox 162 876 1758 957">
     <span class='ocr_line' id='line_1_8' title="bbox 162 876 1758 957; baseline -0.01 -11"><span class='ocrx_word' id='word_1_47' title='bbox 162 891 415 956; x_wconf 87' lang='lat' dir='ltr'><strong>stotelis,</strong></span> <span class='ocrx_word' id='word_1_48' title='bbox 447 903 554 942; x_wconf 89' lang='lat' dir='ltr'><strong>non</strong></span> <span class='ocrx_word' id='word_1_49' title='bbox 585 896 699 957; x_wconf 72' lang='grc' dir='ltr'><strong>περὶ</strong></span> <span class='ocrx_word' id='word_1_50' title='bbox 736 894 988 957; x_wconf 73' lang='grc' dir='ltr'><strong>ἕρμηνιίας</strong></span> <span class='ocrx_word' id='word_1_51' title='bbox 1017 880 1447 949; x_wconf 73' lang='lat' dir='ltr'><strong>(Prwdicamenta</strong></span> <span class='ocrx_word' id='word_1_52' title='bbox 1479 877 1554 930; x_wconf 87' lang='lat' dir='ltr'><strong>De</strong></span> <span class='ocrx_word' id='word_1_53' title='bbox 1583 876 1758 930; x_wconf 83' lang='lat' dir='ltr'><strong>Inter-</strong></span> 
     </span>
    </p>
   </div>
   <div class='ocr_carea' id='block_1_9' title="bbox 164 970 1758 1054">
    <p class='ocr_par' dir='ltr' id='par_1_9' title="bbox 164 970 1758 1054">
     <span class='ocr_line' id='line_1_9' title="bbox 164 970 1758 1054; baseline -0.006 -22"><span class='ocrx_word' id='word_1_54' title='bbox 164 979 505 1054; x_wconf 77' lang='lat' dir='ltr'><strong>pretationa),</strong></span> <span class='ocrx_word' id='word_1_55' title='bbox 534 994 642 1033; x_wconf 88' lang='lat' dir='ltr'><strong>non</strong></span> <span class='ocrx_word' id='word_1_56' title='bbox 669 980 934 1030; x_wconf 75' lang='grc' dir='ltr'><strong>ἀναλυτικά</strong></span> <span class='ocrx_word' id='word_1_57' title='bbox 967 971 1386 1045; x_wconf 78' lang='lat' dir='ltr'><strong>(llesoluliones),</strong></span> <span class='ocrx_word' id='word_1_58' title='bbox 1416 985 1522 1023; x_wconf 93' lang='lat' dir='ltr'><strong>non</strong></span> <span class='ocrx_word' id='word_1_59' title='bbox 1565 970 1758 1024; x_wconf 91' lang='lat' dir='ltr'><strong>saltem</strong></span> 
     </span>
    </p>
   </div>
   <div class='ocr_carea' id='block_1_10' title="bbox 161 1062 1758 1136">
    <p class='ocr_par' dir='ltr' id='par_1_10' title="bbox 161 1062 1758 1136">
     <span class='ocr_line' id='line_1_10' title="bbox 161 1062 1758 1136; baseline -0.01 -6"><span class='ocrx_word' id='word_1_60' title='bbox 161 1075 445 1130; x_wconf 81' lang='lat' dir='ltr'><strong>Ciceronis</strong></span> <span class='ocrx_word' id='word_1_61' title='bbox 469 1081 662 1135; x_wconf 80' lang='grc' dir='ltr'><strong>τόπους,</strong></span> <span class='ocrx_word' id='word_1_62' title='bbox 686 1068 779 1122; x_wconf 88' lang='lat' dir='ltr'><strong>sed</strong></span> <span class='ocrx_word' id='word_1_63' title='bbox 822 1081 916 1136; x_wconf 89' lang='lat' dir='ltr'><strong>per</strong></span> <span class='ocrx_word' id='word_1_64' title='bbox 955 1065 1324 1133; x_wconf 88' lang='lat' dir='ltr'><strong>imperitorum</strong></span> <span class='ocrx_word' id='word_1_65' title='bbox 1355 1062 1605 1126; x_wconf 90' lang='lat' dir='ltr'><strong>circulos,</strong></span> <span class='ocrx_word' id='word_1_66' title='bbox 1640 1077 1758 1114; x_wconf 89' lang='lat' dir='ltr'><strong>mu-</strong></span> 
     </span>
    </p>
   </div>
   <div class='ocr_carea' id='block_1_11' title="bbox 162 1153 1761 1232">
    <p class='ocr_par' dir='ltr' id='par_1_11' title="bbox 162 1153 1761 1232">
     <span class='ocr_line' id='line_1_11' title="bbox 162 1153 1761 1232; baseline -0.01 -10"><span class='ocrx_word' id='word_1_67' title='bbox 162 1168 630 1232; x_wconf 86' lang='lat' dir='ltr'><strong>liercularumque</strong></span> <span class='ocrx_word' id='word_1_68' title='bbox 653 1168 891 1228; x_wconf 68' lang='grc' dir='ltr'><strong>συμπόσια</strong></span> <span class='ocrx_word' id='word_1_69' title='bbox 913 1155 1386 1228; x_wconf 77' lang='lat' dir='ltr'><strong>(Compotationes),</strong></span> <span class='ocrx_word' id='word_1_70' title='bbox 1416 1153 1761 1224; x_wconf 78' lang='lat' dir='ltr'><strong>syllogismos</strong></span> 
     </span>
    </p>
   </div>
   <div class='ocr_carea' id='block_1_12' title="bbox 161 1242 1764 1324">
    <p class='ocr_par' dir='ltr' id='par_1_12' title="bbox 161 1242 1764 1324">
     <span class='ocr_line' id='line_1_12' title="bbox 161 1242 1764 1324; baseline -0.011 -13"><span class='ocrx_word' id='word_1_71' title='bbox 161 1262 536 1324; x_wconf 67' lang='grc' dir='ltr'><strong>ἀσυλὶογίστους</strong></span> <span class='ocrx_word' id='word_1_72' title='bbox 567 1263 778 1313; x_wconf 79' lang='lat' dir='ltr'><strong>texere,</strong></span> <span class='ocrx_word' id='word_1_73' title='bbox 810 1256 864 1302; x_wconf 88' lang='lat' dir='ltr'><strong>et</strong></span> <span class='ocrx_word' id='word_1_74' title='bbox 891 1247 1044 1316; x_wconf 87' lang='lat' dir='ltr'><strong>quasi</strong></span> <span class='ocrx_word' id='word_1_75' title='bbox 1069 1246 1398 1314; x_wconf 86' lang='lat' dir='ltr'><strong>sophismata</strong></span> <span class='ocrx_word' id='word_1_76' title='bbox 1439 1253 1619 1299; x_wconf 89' lang='lat' dir='ltr'><strong>nostra</strong></span> <span class='ocrx_word' id='word_1_77' title='bbox 1655 1242 1764 1296; x_wconf 87' lang='lat' dir='ltr'><strong>cal-</strong></span> 
     </span>
    </p>
   </div>
   <div class='ocr_carea' id='block_1_13' title="bbox 162 1334 1764 1416">
    <p class='ocr_par' dir='ltr' id='par_1_13' title="bbox 162 1334 1764 1416">
     <span class='ocr_line' id='line_1_13' title="bbox 162 1334 1764 1416; baseline -0.008 -15"><span class='ocrx_word' id='word_1_78' title='bbox 162 1349 277 1402; x_wconf 90' lang='lat' dir='ltr'><strong>lida</strong></span> <span class='ocrx_word' id='word_1_79' title='bbox 321 1342 788 1416; x_wconf 74' lang='lat' dir='ltr'><strong>argumentatione</strong></span> <span class='ocrx_word' id='word_1_80' title='bbox 835 1339 1149 1394; x_wconf 70' lang='lat' dir='ltr'><strong>dissolvere.</strong></span> <span class='ocrx_word' id='word_1_81' title='bbox 1198 1337 1404 1392; x_wconf 89' lang='lat' dir='ltr'><strong>Stultus</strong></span> <span class='ocrx_word' id='word_1_82' title='bbox 1434 1351 1533 1404; x_wconf 86' lang='lat' dir='ltr'><strong>ego</strong></span> <span class='ocrx_word' id='word_1_83' title='bbox 1560 1334 1650 1404; x_wconf 89' lang='lat' dir='ltr'><strong>qui</strong></span> <span class='ocrx_word' id='word_1_84' title='bbox 1677 1348 1764 1388; x_wconf 87' lang='lat' dir='ltr'><strong>me</strong></span> 
     </span>
    </p>
   </div>
   <div class='ocr_carea' id='block_1_14' title="bbox 167 1426 1759 1508">
    <p class='ocr_par' dir='ltr' id='par_1_14' title="bbox 167 1426 1759 1508">
     <span class='ocr_line' id='line_1_14' title="bbox 167 1426 1759 1508; baseline -0.009 -16"><span class='ocrx_word' id='word_1_85' title='bbox 167 1438 474 1508; x_wconf 87' lang='lat' dir='ltr'><strong>putaverim</strong></span> <span class='ocrx_word' id='word_1_86' title='bbox 506 1435 619 1488; x_wconf 70' lang='lat' dir='ltr'><strong>haec</strong></span> <span class='ocrx_word' id='word_1_87' title='bbox 646 1432 848 1500; x_wconf 90' lang='lat' dir='ltr'><strong>absque</strong></span> <span class='ocrx_word' id='word_1_88' title='bbox 879 1427 1218 1495; x_wconf 85' lang='lat' dir='ltr'><strong>Philosophis</strong></span> <span class='ocrx_word' id='word_1_89' title='bbox 1243 1426 1383 1480; x_wconf 90' lang='lat' dir='ltr'><strong>scire</strong></span> <span class='ocrx_word' id='word_1_90' title='bbox 1414 1439 1518 1477; x_wconf 91' lang='lat' dir='ltr'><strong>non</strong></span> <span class='ocrx_word' id='word_1_91' title='bbox 1567 1438 1759 1492; x_wconf 79' lang='lat' dir='ltr'><strong>posse;</strong></span> 
     </span>
    </p>
   </div>
   <div class='ocr_carea' id='block_1_15' title="bbox 165 1514 1759 1598">
    <p class='ocr_par' dir='ltr' id='par_1_15' title="bbox 165 1514 1759 1598">
     <span class='ocr_line' id='line_1_15' title="bbox 165 1514 1759 1598; baseline -0.009 -16"><span class='ocrx_word' id='word_1_92' title='bbox 165 1530 260 1598; x_wconf 91' lang='lat' dir='ltr'><strong>qui</strong></span> <span class='ocrx_word' id='word_1_93' title='bbox 292 1526 573 1580; x_wconf 89' lang='lat' dir='ltr'><strong>meliorem</strong></span> <span class='ocrx_word' id='word_1_94' title='bbox 600 1522 709 1576; x_wconf 90' lang='lat' dir='ltr'><strong>stili</strong></span> <span class='ocrx_word' id='word_1_95' title='bbox 743 1529 946 1590; x_wconf 87' lang='lat' dir='ltr'><strong>partem</strong></span> <span class='ocrx_word' id='word_1_96' title='bbox 970 1533 1086 1572; x_wconf 90' lang='lat' dir='ltr'><strong>eam</strong></span> <span class='ocrx_word' id='word_1_97' title='bbox 1112 1517 1354 1585; x_wconf 81' lang='lat' dir='ltr'><strong>legerim,</strong></span> <span class='ocrx_word' id='word_1_98' title='bbox 1382 1531 1500 1584; x_wconf 74' lang='lat' dir='ltr'><strong>qua:</strong></span> <span class='ocrx_word' id='word_1_99' title='bbox 1528 1514 1759 1579; x_wconf 91' lang='lat' dir='ltr'><strong>deleret,</strong></span> 
     </span>
    </p>
   </div>
   <div class='ocr_carea' id='block_1_16' title="bbox 167 1603 1762 1690">
    <p class='ocr_par' dir='ltr' id='par_1_16' title="bbox 167 1603 1762 1690">
     <span class='ocr_line' id='line_1_16' title="bbox 167 1603 1762 1690; baseline -0.011 -18"><span class='ocrx_word' id='word_1_100' title='bbox 167 1633 333 1690; x_wconf 87' lang='lat' dir='ltr'><strong>quam</strong></span> <span class='ocrx_word' id='word_1_101' title='bbox 355 1631 474 1686; x_wconf 79' lang='lat' dir='ltr'><strong>qua:</strong></span> <span class='ocrx_word' id='word_1_102' title='bbox 500 1613 780 1668; x_wconf 81' lang='lat' dir='ltr'><strong>scriberet.</strong></span> <span class='ocrx_word' id='word_1_103' title='bbox 812 1610 1030 1663; x_wconf 85' lang='lat' dir='ltr'><strong>Frustra</strong></span> <span class='ocrx_word' id='word_1_104' title='bbox 1107 1606 1264 1676; x_wconf 72' lang='lat'><strong>237</strong></span> <span class='ocrx_word' id='word_1_105' title='bbox 1339 1620 1468 1674; x_wconf 87' lang='lat' dir='ltr'><strong>ergo</strong></span> <span class='ocrx_word' id='word_1_106' title='bbox 1493 1603 1567 1674; x_wconf 90' lang='lat' dir='ltr'><strong>(a)</strong></span> <span class='ocrx_word' id='word_1_107' title='bbox 1595 1604 1762 1656; x_wconf 72' lang='lat' dir='ltr'><strong>Alex-</strong></span> 
     </span>
    </p>
   </div>
   <div class='ocr_carea' id='block_1_17' title="bbox 173 1693 1762 1764">
    <p class='ocr_par' dir='ltr' id='par_1_17' title="bbox 173 1693 1762 1764">
     <span class='ocr_line' id='line_1_17' title="bbox 173 1693 1762 1764; baseline -0.013 0"><span class='ocrx_word' id='word_1_108' title='bbox 173 1709 330 1763; x_wconf 88' lang='lat' dir='ltr'><strong>andri</strong></span> <span class='ocrx_word' id='word_1_109' title='bbox 361 1705 496 1760; x_wconf 86' lang='lat' dir='ltr'><strong>verti</strong></span> <span class='ocrx_word' id='word_1_110' title='bbox 545 1701 1009 1757; x_wconf 75' lang='lat' dir='ltr'><strong>Commentarios:</strong></span> <span class='ocrx_word' id='word_1_111' title='bbox 1043 1696 1399 1764; x_wconf 79' lang='lat' dir='ltr'><strong>nequidquam</strong></span> <span class='ocrx_word' id='word_1_112' title='bbox 1457 1708 1541 1746; x_wconf 90' lang='lat' dir='ltr'><strong>me</strong></span> <span class='ocrx_word' id='word_1_113' title='bbox 1575 1693 1762 1746; x_wconf 87' lang='lat' dir='ltr'><strong>doctus</strong></span> 
     </span>
    </p>
   </div>
   <div class='ocr_carea' id='block_1_18' title="bbox 173 1783 1758 1870">
    <p class='ocr_par' dir='ltr' id='par_1_18' title="bbox 173 1783 1758 1870">
     <span class='ocr_line' id='line_1_18' title="bbox 173 1783 1758 1870; baseline -0.015 -14"><span class='ocrx_word' id='word_1_114' title='bbox 173 1801 428 1870; x_wconf 80' lang='lat' dir='ltr'><strong>magister</strong></span> <span class='ocrx_word' id='word_1_115' title='bbox 441 1799 795 1866; x_wconf 60' lang='lat' dir='ltr'><strong>perduc-p715»</strong></span> <span class='ocrx_word' id='word_1_116' title='bbox 805 1787 1085 1858; x_wconf 80' lang='lat' dir='ltr'><strong>Porphyrii</strong></span> <span class='ocrx_word' id='word_1_117' title='bbox 1105 1785 1393 1838; x_wconf 76' lang='lat' dir='ltr'><strong>introduxit</strong></span> <span class='ocrx_word' id='word_1_118' title='bbox 1409 1783 1473 1836; x_wconf 89' lang='lat' dir='ltr'><strong>ad</strong></span> <span class='ocrx_word' id='word_1_119' title='bbox 1487 1783 1758 1850; x_wconf 83' lang='lat' dir='ltr'><strong>Logicam:</strong></span> 
     </span>
    </p>
   </div>
   <div class='ocr_carea' id='block_1_19' title="bbox 174 1872 1762 1957">
    <p class='ocr_par' dir='ltr' id='par_1_19' title="bbox 174 1872 1762 1957">
     <span class='ocr_line' id='line_1_19' title="bbox 174 1872 1762 1957; baseline -0.016 -8"><span class='ocrx_word' id='word_1_120' title='bbox 174 1906 250 1957; x_wconf 87' lang='lat' dir='ltr'><strong>et,</strong></span> <span class='ocrx_word' id='word_1_121' title='bbox 291 1903 346 1947; x_wconf 90' lang='lat' dir='ltr'><strong>ut</strong></span> <span class='ocrx_word' id='word_1_122' title='bbox 375 1893 603 1945; x_wconf 80' lang='lat' dir='ltr'><strong>humana</strong></span> <span class='ocrx_word' id='word_1_123' title='bbox 624 1897 988 1947; x_wconf 80' lang='lat' dir='ltr'><strong>contemnam,</strong></span> <span class='ocrx_word' id='word_1_124' title='bbox 1006 1883 1123 1935; x_wconf 91' lang='lat' dir='ltr'><strong>sine</strong></span> <span class='ocrx_word' id='word_1_125' title='bbox 1145 1893 1303 1934; x_wconf 90' lang='lat' dir='ltr'><strong>causa</strong></span> <span class='ocrx_word' id='word_1_126' title='bbox 1319 1876 1633 1946; x_wconf 82' lang='lat' dir='ltr'><strong>Gregorium</strong></span> <span class='ocrx_word' id='word_1_127' title='bbox 1658 1872 1762 1926; x_wconf 76' lang='lat' dir='ltr'><strong>Na-</strong></span> 
     </span>
    </p>
   </div>
   <div class='ocr_carea' id='block_1_20' title="bbox 175 1965 1766 2048">
    <p class='ocr_par' dir='ltr' id='par_1_20' title="bbox 175 1965 1766 2048">
     <span class='ocr_line' id='line_1_20' title="bbox 175 1965 1766 2048; baseline -0.015 -8"><span class='ocrx_word' id='word_1_128' title='bbox 175 1987 492 2040; x_wconf 80' lang='lat' dir='ltr'><strong>zianzenum</strong></span> <span class='ocrx_word' id='word_1_129' title='bbox 527 1991 583 2036; x_wconf 92' lang='lat' dir='ltr'><strong>et</strong></span> <span class='ocrx_word' id='word_1_130' title='bbox 623 1978 901 2048; x_wconf 77' lang='lat' dir='ltr'><strong>Didymum</strong></span> <span class='ocrx_word' id='word_1_131' title='bbox 925 1975 977 2028; x_wconf 91' lang='lat' dir='ltr'><strong>in</strong></span> <span class='ocrx_word' id='word_1_132' title='bbox 1003 1971 1294 2040; x_wconf 74' lang='lat' dir='ltr'><strong>Scripturis</strong></span> <span class='ocrx_word' id='word_1_133' title='bbox 1315 1969 1513 2023; x_wconf 85' lang='lat' dir='ltr'><strong>sanctis</strong></span> <span class='ocrx_word' id='word_1_134' title='bbox 1529 1965 1766 2021; x_wconf 89' lang='lat' dir='ltr'><strong>catechi-</strong></span> 
     </span>
    </p>
   </div>
   <div class='ocr_carea' id='block_1_21' title="bbox 177 2059 1765 2136">
    <p class='ocr_par' dir='ltr' id='par_1_21' title="bbox 177 2059 1765 2136">
     <span class='ocr_line' id='line_1_21' title="bbox 177 2059 1765 2136; baseline -0.013 -5"><span class='ocrx_word' id='word_1_135' title='bbox 177 2087 292 2131; x_wconf 87' lang='lat' dir='ltr'><strong>stas</strong></span> <span class='ocrx_word' id='word_1_136' title='bbox 309 2076 502 2130; x_wconf 85' lang='lat' dir='ltr'><strong>habui:</strong></span> <span class='ocrx_word' id='word_1_137' title='bbox 527 2071 655 2126; x_wconf 85' lang='lat' dir='ltr'><strong>nihil</strong></span> <span class='ocrx_word' id='word_1_138' title='bbox 680 2069 806 2124; x_wconf 87' lang='lat' dir='ltr'><strong>tuilti</strong></span> <span class='ocrx_word' id='word_1_139' title='bbox 840 2067 1036 2136; x_wconf 86' lang='lat' dir='ltr'><strong>profuit</strong></span> <span class='ocrx_word' id='word_1_140' title='bbox 1061 2064 1410 2117; x_wconf 67' lang='lat' dir='ltr'><strong>llebrxorum</strong></span> <span class='ocrx_word' id='word_1_141' title='bbox 1437 2059 1686 2122; x_wconf 86' lang='lat' dir='ltr'><strong>eruditio,</strong></span> <span class='ocrx_word' id='word_1_142' title='bbox 1710 2066 1765 2112; x_wconf 90' lang='lat' dir='ltr'><strong>et</strong></span> 
     </span>
    </p>
   </div>
   <div class='ocr_carea' id='block_1_22' title="bbox 183 2152 1764 2231">
    <p class='ocr_par' dir='ltr' id='par_1_22' title="bbox 183 2152 1764 2231">
     <span class='ocr_line' id='line_1_22' title="bbox 183 2152 1764 2231; baseline -0.012 -8"><span class='ocrx_word' id='word_1_143' title='bbox 183 2172 254 2223; x_wconf 86' lang='lat' dir='ltr'><strong>ab</strong></span> <span class='ocrx_word' id='word_1_144' title='bbox 286 2165 646 2222; x_wconf 86' lang='lat' dir='ltr'><strong>adolescentia</strong></span> <span class='ocrx_word' id='word_1_145' title='bbox 671 2175 840 2231; x_wconf 89' lang='lat' dir='ltr'><strong>usque</strong></span> <span class='ocrx_word' id='word_1_146' title='bbox 869 2159 934 2213; x_wconf 91' lang='lat' dir='ltr'><strong>ad</strong></span> <span class='ocrx_word' id='word_1_147' title='bbox 965 2158 1100 2211; x_wconf 88' lang='lat' dir='ltr'><strong>hanc</strong></span> <span class='ocrx_word' id='word_1_148' title='bbox 1135 2165 1346 2210; x_wconf 61' lang='lat' dir='ltr'><strong>(etatem</strong></span> <span class='ocrx_word' id='word_1_149' title='bbox 1377 2152 1684 2223; x_wconf 84' lang='lat' dir='ltr'><strong>quOtidiana</strong></span> <span class='ocrx_word' id='word_1_150' title='bbox 1713 2153 1764 2204; x_wconf 94' lang='lat' dir='ltr'><strong>in</strong></span> 
     </span>
    </p>
   </div>
   <div class='ocr_carea' id='block_1_23' title="bbox 185 2241 1764 2329">
    <p class='ocr_par' dir='ltr' id='par_1_23' title="bbox 185 2241 1764 2329">
     <span class='ocr_line' id='line_1_23' title="bbox 185 2241 1764 2329; baseline -0.013 -14"><span class='ocrx_word' id='word_1_151' title='bbox 185 2261 358 2329; x_wconf 80' lang='lat' dir='ltr'><strong>Lege,</strong></span> <span class='ocrx_word' id='word_1_152' title='bbox 389 2256 686 2325; x_wconf 87' lang='lat' dir='ltr'><strong>Prophetis,</strong></span> <span class='ocrx_word' id='word_1_153' title='bbox 713 2251 1035 2320; x_wconf 84' lang='lat' dir='ltr'><strong>Evangeliis,</strong></span> <span class='ocrx_word' id='word_1_154' title='bbox 1066 2246 1440 2315; x_wconf 81' lang='lat' dir='ltr'><strong>ApOstolisqtte</strong></span> <span class='ocrx_word' id='word_1_155' title='bbox 1468 2241 1764 2296; x_wconf 86' lang='lat' dir='ltr'><strong>meditatio.</strong></span> 
     </span>
    </p>
   </div>
   <div class='ocr_carea' id='block_1_24' title="bbox 253 2333 1769 2408">
    <p class='ocr_par' dir='ltr' id='par_1_24' title="bbox 253 2333 1769 2408">
     <span class='ocr_line' id='line_1_24' title="bbox 253 2333 1769 2408; baseline -0.013 -5"><span class='ocrx_word' id='word_1_156' title='bbox 253 2352 308 2404; x_wconf 63' lang='grc' dir='ltr'><strong>εὶ.</strong></span> <span class='ocrx_word' id='word_1_157' title='bbox 335 2349 578 2402; x_wconf 91' lang='lat' dir='ltr'><strong>Inventus</strong></span> <span class='ocrx_word' id='word_1_158' title='bbox 603 2354 683 2400; x_wconf 88' lang='lat' dir='ltr'><strong>est</strong></span> <span class='ocrx_word' id='word_1_159' title='bbox 713 2343 874 2397; x_wconf 90' lang='lat' dir='ltr'><strong>homo</strong></span> <span class='ocrx_word' id='word_1_160' title='bbox 904 2340 1108 2408; x_wconf 82' lang='lat' dir='ltr'><strong>absque</strong></span> <span class='ocrx_word' id='word_1_161' title='bbox 1140 2345 1469 2405; x_wconf 75' lang='lat' dir='ltr'><strong>prteccptore</strong></span> <span class='ocrx_word' id='word_1_162' title='bbox 1497 2333 1769 2403; x_wconf 85' lang='lat' dir='ltr'><strong>perfectus</strong></span> 
     </span>
    </p>
   </div>
   <div class='ocr_carea' id='block_1_25' title="bbox 184 2423 1768 2513">
    <p class='ocr_par' dir='ltr' id='par_1_25' title="bbox 184 2423 1768 2513">
     <span class='ocr_line' id='line_1_25' title="bbox 184 2423 1768 2513; baseline -0.016 -15"><span class='ocrx_word' id='word_1_163' title='bbox 184 2450 587 2513; x_wconf 59' lang='grc' dir='ltr'><strong>πνευματηὸρος.</strong></span> <span class='ocrx_word' id='word_1_164' title='bbox 639 2435 738 2508; x_wconf 86' lang='lat' dir='ltr'><strong>(b)</strong></span> <span class='ocrx_word' id='word_1_165' title='bbox 796 2443 878 2488; x_wconf 74' lang='lat' dir='ltr'><strong>atati</strong></span> <span class='ocrx_word' id='word_1_166' title='bbox 911 2433 1282 2492; x_wconf 72' lang='grc' dir='ltr'><strong>αὐτοδίδακτος,</strong></span> <span class='ocrx_word' id='word_1_167' title='bbox 1329 2426 1418 2495; x_wconf 82' lang='lat' dir='ltr'><strong>qui</strong></span> <span class='ocrx_word' id='word_1_168' title='bbox 1463 2423 1768 2492; x_wconf 88' lang='lat' dir='ltr'><strong>eloquentia</strong></span> 
     </span>
    </p>
   </div>
   <div class='ocr_carea' id='block_1_26' title="bbox 185 2514 1769 2597">
    <p class='ocr_par' dir='ltr' id='par_1_26' title="bbox 185 2514 1769 2597">
     <span class='ocr_line' id='line_1_26' title="bbox 185 2514 1769 2597; baseline -0.016 -7"><span class='ocrx_word' id='word_1_169' title='bbox 185 2535 419 2590; x_wconf 85' lang='lat' dir='ltr'><strong>Tullium</strong></span> <span class='ocrx_word' id='word_1_170' title='bbox 447 2571 462 2594; x_wconf 96' lang='lat'><strong>,</strong></span> <span class='ocrx_word' id='word_1_171' title='bbox 495 2528 827 2597; x_wconf 86' lang='lat' dir='ltr'><strong>argumentis</strong></span> <span class='ocrx_word' id='word_1_172' title='bbox 859 2520 1203 2576; x_wconf 87' lang='lat' dir='ltr'><strong>Aristotelem</strong></span> <span class='ocrx_word' id='word_1_173' title='bbox 1230 2557 1244 2580; x_wconf 92' lang='lat'><strong>,</strong></span> <span class='ocrx_word' id='word_1_174' title='bbox 1279 2515 1557 2585; x_wconf 78' lang='lat' dir='ltr'><strong>prudentia</strong></span> <span class='ocrx_word' id='word_1_175' title='bbox 1588 2514 1769 2567; x_wconf 57' lang='lat' dir='ltr'><strong>Plato.</strong></span> 
     </span>
    </p>
   </div>
   <div class='ocr_carea' id='block_1_27' title="bbox 188 2607 1767 2689">
    <p class='ocr_par' dir='ltr' id='par_1_27' title="bbox 188 2607 1767 2689">
     <span class='ocr_line' id='line_1_27' title="bbox 188 2607 1767 2689; baseline -0.015 -9"><span class='ocrx_word' id='word_1_176' title='bbox 188 2641 327 2689; x_wconf 86' lang='lat' dir='ltr'><strong>nem,</strong></span> <span class='ocrx_word' id='word_1_177' title='bbox 361 2621 662 2677; x_wconf 88' lang='lat' dir='ltr'><strong>eruditione</strong></span> <span class='ocrx_word' id='word_1_178' title='bbox 692 2613 1062 2670; x_wconf 81' lang='lat' dir='ltr'><strong>Aristarcbttm</strong></span> <span class='ocrx_word' id='word_1_179' title='bbox 1089 2652 1102 2674; x_wconf 92' lang='lat'><strong>,</strong></span> <span class='ocrx_word' id='word_1_180' title='bbox 1134 2609 1476 2664; x_wconf 89' lang='lat' dir='ltr'><strong>multitudine</strong></span> <span class='ocrx_word' id='word_1_181' title='bbox 1509 2607 1767 2660; x_wconf 87' lang='lat' dir='ltr'><strong>librorum</strong></span> 
     </span>
    </p>
   </div>
   <div class='ocr_carea' id='block_1_28' title="bbox 187 2701 1771 2780">
    <p class='ocr_par' dir='ltr' id='par_1_28' title="bbox 187 2701 1771 2780">
     <span class='ocr_line' id='line_1_28' title="bbox 187 2701 1771 2780; baseline -0.016 -6"><span class='ocrx_word' id='word_1_182' title='bbox 187 2719 622 2776; x_wconf 84' lang='lat' dir='ltr'><strong>Chalcenterum,</strong></span> <span class='ocrx_word' id='word_1_183' title='bbox 656 2709 936 2780; x_wconf 80' lang='lat' dir='ltr'><strong>[)idynmm</strong></span> <span class='ocrx_word' id='word_1_184' title='bbox 963 2706 1182 2759; x_wconf 85' lang='lat' dir='ltr'><strong>scientia</strong></span> <span class='ocrx_word' id='word_1_185' title='bbox 1211 2701 1623 2770; x_wconf 88' lang='lat' dir='ltr'><strong>Scripturarum,</strong></span> <span class='ocrx_word' id='word_1_186' title='bbox 1657 2712 1771 2750; x_wconf 81' lang='lat' dir='ltr'><strong>om-</strong></span> 
     </span>
    </p>
   </div>
   <div class='ocr_carea' id='block_1_29' title="bbox 189 2790 1772 2880">
    <p class='ocr_par' dir='ltr' id='par_1_29' title="bbox 189 2790 1772 2880">
     <span class='ocr_line' id='line_1_29' title="bbox 189 2790 1772 2880; baseline -0.015 -14"><span class='ocrx_word' id='word_1_187' title='bbox 189 2825 391 2880; x_wconf 77' lang='lat' dir='ltr'><strong>aesque</strong></span> <span class='ocrx_word' id='word_1_188' title='bbox 417 2808 499 2862; x_wconf 90' lang='lat' dir='ltr'><strong>sui</strong></span> <span class='ocrx_word' id='word_1_189' title='bbox 529 2803 789 2874; x_wconf 87' lang='lat' dir='ltr'><strong>temporis</strong></span> <span class='ocrx_word' id='word_1_190' title='bbox 819 2803 1002 2854; x_wconf 86' lang='lat' dir='ltr'><strong>vincat</strong></span> <span class='ocrx_word' id='word_1_191' title='bbox 1039 2798 1400 2851; x_wconf 87' lang='lat' dir='ltr'><strong>Tractatores.</strong></span> <span class='ocrx_word' id='word_1_192' title='bbox 1427 2793 1666 2861; x_wconf 86' lang='lat' dir='ltr'><strong>Denique</strong></span> <span class='ocrx_word' id='word_1_193' title='bbox 1692 2790 1772 2843; x_wconf 88' lang='lat' dir='ltr'><strong>di-</strong></span> 
     </span>
    </p>
   </div>
   <div class='ocr_carea' id='block_1_30' title="bbox 190 2882 1771 2966">
    <p class='ocr_par' dir='ltr' id='par_1_30' title="bbox 190 2882 1771 2966">
     <span class='ocr_line' id='line_1_30' title="bbox 190 2882 1771 2966; baseline -0.016 -6"><span class='ocrx_word' id='word_1_194' title='bbox 190 2909 328 2961; x_wconf 91' lang='lat' dir='ltr'><strong>citur</strong></span> <span class='ocrx_word' id='word_1_195' title='bbox 369 2900 648 2957; x_wconf 86' lang='lat' dir='ltr'><strong>materiam</strong></span> <span class='ocrx_word' id='word_1_196' title='bbox 694 2909 963 2966; x_wconf 89' lang='lat' dir='ltr'><strong>poscere:</strong></span> <span class='ocrx_word' id='word_1_197' title='bbox 995 2899 1050 2946; x_wconf 89' lang='lat' dir='ltr'><strong>ct</strong></span> <span class='ocrx_word' id='word_1_198' title='bbox 1092 2889 1194 2959; x_wconf 88' lang='lat' dir='ltr'><strong>(c)</strong></span> <span class='ocrx_word' id='word_1_199' title='bbox 1237 2887 1528 2942; x_wconf 82' lang='lat' dir='ltr'><strong>Carneadis</strong></span> <span class='ocrx_word' id='word_1_200' title='bbox 1569 2882 1771 2952; x_wconf 82' lang='lat' dir='ltr'><strong>aliquid</strong></span> 
     </span>
    </p>
   </div>
   <div class='ocr_carea' id='block_1_31' title="bbox 192 2974 1774 3060">
    <p class='ocr_par' dir='ltr' id='par_1_31' title="bbox 192 2974 1774 3060">
     <span class='ocr_line' id='line_1_31' title="bbox 192 2974 1774 3060; baseline -0.017 -8"><span class='ocrx_word' id='word_1_201' title='bbox 192 3000 450 3060; x_wconf 74' lang='lat' dir='ltr'><strong>referens,</strong></span> <span class='ocrx_word' id='word_1_202' title='bbox 475 2993 527 3045; x_wconf 93' lang='lat' dir='ltr'><strong>in</strong></span> <span class='ocrx_word' id='word_1_203' title='bbox 559 2998 844 3056; x_wconf 88' lang='lat' dir='ltr'><strong>utramque</strong></span> <span class='ocrx_word' id='word_1_204' title='bbox 875 2993 1106 3053; x_wconf 86' lang='lat' dir='ltr'><strong>partem,</strong></span> <span class='ocrx_word' id='word_1_205' title='bbox 1141 2980 1242 3032; x_wconf 87' lang='lat' dir='ltr'><strong>hoc</strong></span> <span class='ocrx_word' id='word_1_206' title='bbox 1272 2987 1375 3043; x_wconf 87' lang='lat' dir='ltr'><strong>est,</strong></span> <span class='ocrx_word' id='word_1_207' title='bbox 1407 2985 1462 3031; x_wconf 90' lang='lat' dir='ltr'><strong>et</strong></span> <span class='ocrx_word' id='word_1_208' title='bbox 1495 2991 1592 3044; x_wconf 88' lang='lat' dir='ltr'><strong>pro</strong></span> <span class='ocrx_word' id='word_1_209' title='bbox 1615 2974 1774 3044; x_wconf 85' lang='lat' dir='ltr'><strong>justi-</strong></span> 
     </span>
    </p>
   </div>
   <div class='ocr_carea' id='block_1_32' title="bbox 193 3071 1775 3152">
    <p class='ocr_par' dir='ltr' id='par_1_32' title="bbox 193 3071 1775 3152">
     <span class='ocr_line' id='line_1_32' title="bbox 193 3071 1775 3152; baseline -0.017 -9"><span class='ocrx_word' id='word_1_210' title='bbox 193 3091 259 3144; x_wconf 89' lang='lat' dir='ltr'><strong>tia</strong></span> <span class='ocrx_word' id='word_1_211' title='bbox 288 3098 339 3142; x_wconf 90' lang='lat' dir='ltr'><strong>et</strong></span> <span class='ocrx_word' id='word_1_212' title='bbox 369 3095 554 3142; x_wconf 89' lang='lat' dir='ltr'><strong>contra</strong></span> <span class='ocrx_word' id='word_1_213' title='bbox 581 3081 846 3152; x_wconf 82' lang='lat' dir='ltr'><strong>justitiam</strong></span> <span class='ocrx_word' id='word_1_214' title='bbox 876 3077 1169 3143; x_wconf 87' lang='lat' dir='ltr'><strong>disputare.</strong></span> <span class='ocrx_word' id='word_1_215' title='bbox 1203 3071 1483 3126; x_wconf 86' lang='lat' dir='ltr'><strong>Liberatus</strong></span> <span class='ocrx_word' id='word_1_216' title='bbox 1515 3077 1597 3121; x_wconf 90' lang='lat' dir='ltr'><strong>est</strong></span> <span class='ocrx_word' id='word_1_217' title='bbox 1622 3082 1775 3118; x_wconf 85' lang='lat' dir='ltr'><strong>mun-</strong></span> 
     </span>
    </p>
   </div>
   <div class='ocr_carea' id='block_1_33' title="bbox 190 3156 1776 3246">
    <p class='ocr_par' dir='ltr' id='par_1_33' title="bbox 190 3156 1776 3246">
     <span class='ocr_line' id='line_1_33' title="bbox 190 3156 1776 3246; baseline -0.016 -11"><span class='ocrx_word' id='word_1_218' title='bbox 190 3181 290 3235; x_wconf 85' lang='lat' dir='ltr'><strong>dus</strong></span> <span class='ocrx_word' id='word_1_219' title='bbox 319 3194 348 3232; x_wconf 89' lang='lat' dir='ltr'><strong>a</strong></span> <span class='ocrx_word' id='word_1_220' title='bbox 381 3174 648 3246; x_wconf 90' lang='lat' dir='ltr'><strong>periculo,</strong></span> <span class='ocrx_word' id='word_1_221' title='bbox 680 3180 734 3225; x_wconf 91' lang='lat' dir='ltr'><strong>et</strong></span> <span class='ocrx_word' id='word_1_222' title='bbox 753 3167 836 3237; x_wconf 80' lang='grc' dir='ltr'><strong>(ά)</strong></span> <span class='ocrx_word' id='word_1_223' title='bbox 857 3164 1222 3220; x_wconf 68' lang='lat' dir='ltr'><strong>[ltereditarim</strong></span> <span class='ocrx_word' id='word_1_224' title='bbox 1243 3162 1326 3215; x_wconf 88' lang='lat' dir='ltr'><strong>vel</strong></span> <span class='ocrx_word' id='word_1_225' title='bbox 1354 3156 1776 3214; x_wconf 80' lang='lat' dir='ltr'><strong>Centumvirales</strong></span> 
     </span>
    </p>
   </div>
   <div class='ocr_carea' id='block_1_34' title="bbox 193 3246 1772 3323">
    <p class='ocr_par' dir='ltr' id='par_1_34' title="bbox 193 3246 1772 3323">
     <span class='ocr_line' id='line_1_34' title="bbox 193 3246 1772 3323; baseline -0.015 -1"><span class='ocrx_word' id='word_1_226' title='bbox 193 3283 365 3322; x_wconf 76' lang='lat' dir='ltr'><strong>eausm</strong></span> <span class='ocrx_word' id='word_1_227' title='bbox 387 3266 454 3320; x_wconf 91' lang='lat' dir='ltr'><strong>de</strong></span> <span class='ocrx_word' id='word_1_228' title='bbox 481 3263 732 3319; x_wconf 85' lang='lat' dir='ltr'><strong>barathro</strong></span> <span class='ocrx_word' id='word_1_229' title='bbox 757 3266 953 3319; x_wconf 77' lang='lat' dir='ltr'><strong>erutae,</strong></span> <span class='ocrx_word' id='word_1_230' title='bbox 993 3253 1136 3323; x_wconf 90' lang='lat' dir='ltr'><strong>quod</strong></span> <span class='ocrx_word' id='word_1_231' title='bbox 1168 3253 1253 3305; x_wconf 91' lang='lat' dir='ltr'><strong>hic</strong></span> <span class='ocrx_word' id='word_1_232' title='bbox 1279 3253 1449 3303; x_wconf 83' lang='lat' dir='ltr'><strong>lorum</strong></span> <span class='ocrx_word' id='word_1_233' title='bbox 1481 3246 1772 3316; x_wconf 81' lang='lat' dir='ltr'><strong>negligens,</strong></span> 
     </span>
    </p>
   </div>
   <div class='ocr_carea' id='block_1_35' title="bbox 194 3337 1769 3412">
    <p class='ocr_par' dir='ltr' id='par_1_35' title="bbox 194 3337 1769 3412">
     <span class='ocr_line' id='line_1_35' title="bbox 194 3337 1769 3412; baseline -0.014 -1"><span class='ocrx_word' id='word_1_234' title='bbox 194 3375 253 3412; x_wconf 88' lang='lat' dir='ltr'><strong>se</strong></span> <span class='ocrx_word' id='word_1_235' title='bbox 284 3357 349 3409; x_wconf 91' lang='lat' dir='ltr'><strong>ad</strong></span> <span class='ocrx_word' id='word_1_236' title='bbox 381 3355 676 3410; x_wconf 85' lang='lat' dir='ltr'><strong>Ecclesiam</strong></span> <span class='ocrx_word' id='word_1_237' title='bbox 705 3347 994 3404; x_wconf 87' lang='lat' dir='ltr'><strong>transtulit.</strong></span> <span class='ocrx_word' id='word_1_238' title='bbox 1021 3343 1150 3411; x_wconf 81' lang='lat' dir='ltr'><strong>Quis</strong></span> <span class='ocrx_word' id='word_1_239' title='bbox 1183 3346 1284 3396; x_wconf 89' lang='lat' dir='ltr'><strong>hoc</strong></span> <span class='ocrx_word' id='word_1_240' title='bbox 1313 3337 1573 3410; x_wconf 91' lang='lat' dir='ltr'><strong>nolenle[</strong></span> <span class='ocrx_word' id='word_1_241' title='bbox 1613 3339 1648 3390; x_wconf 91' lang='grc' dir='ltr'><strong>Ι.</strong></span> <span class='ocrx_word' id='word_1_242' title='bbox 1683 3353 1769 3391; x_wconf 82' lang='lat' dir='ltr'><strong>vo-</strong></span> 
     </span>
    </p>
   </div>
   <div class='ocr_carea' id='block_1_36' title="bbox 194 3428 1777 3517">
    <p class='ocr_par' dir='ltr' id='par_1_36' title="bbox 194 3428 1777 3517">
     <span class='ocr_line' id='line_1_36' title="bbox 194 3428 1777 3517; baseline -0.011 -18"><span class='ocrx_word' id='word_1_243' title='bbox 194 3443 348 3517; x_wconf 79' lang='lat' dir='ltr'><strong>lente]</strong></span> <span class='ocrx_word' id='word_1_244' title='bbox 377 3444 563 3497; x_wconf 88' lang='lat' dir='ltr'><strong>fuisset</strong></span> <span class='ocrx_word' id='word_1_245' title='bbox 595 3441 842 3495; x_wconf 77' lang='lat' dir='ltr'><strong>innoxius</strong></span> <span class='ocrx_word' id='word_1_246' title='bbox 868 3439 890 3491; x_wconf 71' lang='grc' dir='ltr'><strong>’ἶ</strong></span> <span class='ocrx_word' id='word_1_247' title='bbox 932 3451 1088 3506; x_wconf 90' lang='lat' dir='ltr'><strong>quem</strong></span> <span class='ocrx_word' id='word_1_248' title='bbox 1120 3433 1466 3488; x_wconf 88' lang='lat' dir='ltr'><strong>criminosum</strong></span> <span class='ocrx_word' id='word_1_249' title='bbox 1492 3444 1594 3483; x_wconf 93' lang='lat' dir='ltr'><strong>non</strong></span> <span class='ocrx_word' id='word_1_250' title='bbox 1618 3428 1777 3496; x_wconf 88' lang='lat' dir='ltr'><strong>hujus</strong></span> 
     </span>
    </p>
   </div>
   <div class='ocr_carea' id='block_1_37' title="bbox 194 3520 1776 3597">
    <p class='ocr_par' dir='ltr' id='par_1_37' title="bbox 194 3520 1776 3597">
     <span class='ocr_line' id='line_1_37' title="bbox 194 3520 1776 3597; baseline -0.012 -5"><span class='ocrx_word' id='word_1_251' title='bbox 194 3544 471 3593; x_wconf 88' lang='lat' dir='ltr'><strong>servasset</strong></span> <span class='ocrx_word' id='word_1_252' title='bbox 531 3534 742 3597; x_wconf 87' lang='lat' dir='ltr'><strong>oratio,</strong></span> <span class='ocrx_word' id='word_1_253' title='bbox 793 3546 912 3586; x_wconf 90' lang='lat' dir='ltr'><strong>cum</strong></span> <span class='ocrx_word' id='word_1_254' title='bbox 965 3527 1218 3597; x_wconf 79' lang='lat' dir='ltr'><strong>cmpisset</strong></span> <span class='ocrx_word' id='word_1_255' title='bbox 1267 3525 1317 3578; x_wconf 92' lang='lat' dir='ltr'><strong>in</strong></span> <span class='ocrx_word' id='word_1_256' title='bbox 1367 3523 1545 3592; x_wconf 77' lang='lat' dir='ltr'><strong>digitis</strong></span> <span class='ocrx_word' id='word_1_257' title='bbox 1591 3520 1776 3589; x_wconf 88' lang='lat' dir='ltr'><strong>partiri</strong></span> 
     </span>
    </p>
   </div>
   <div class='ocr_carea' id='block_1_38' title="bbox 193 3611 1777 3694">
    <p class='ocr_par' dir='ltr' id='par_1_38' title="bbox 193 3611 1777 3694">
     <span class='ocr_line' id='line_1_38' title="bbox 193 3611 1777 3694; baseline -0.012 -13"><span class='ocrx_word' id='word_1_258' title='bbox 193 3642 410 3682; x_wconf 79' lang='lat' dir='ltr'><strong>causam</strong></span> <span class='ocrx_word' id='word_1_259' title='bbox 440 3667 454 3689; x_wconf 92' lang='lat'><strong>,</strong></span> <span class='ocrx_word' id='word_1_260' title='bbox 500 3634 554 3679; x_wconf 87' lang='lat' dir='ltr'><strong>et</strong></span> <span class='ocrx_word' id='word_1_261' title='bbox 593 3622 1028 3694; x_wconf 78' lang='lat' dir='ltr'><strong>syllogismorum</strong></span> <span class='ocrx_word' id='word_1_262' title='bbox 1075 3630 1302 3671; x_wconf 88' lang='lat' dir='ltr'><strong>suormu</strong></span> <span class='ocrx_word' id='word_1_263' title='bbox 1335 3614 1468 3667; x_wconf 87' lang='lat' dir='ltr'><strong>retia</strong></span> <span class='ocrx_word' id='word_1_264' title='bbox 1513 3611 1777 3666; x_wconf 81' lang='lat' dir='ltr'><strong>tendere?</strong></span> 
     </span>
    </p>
   </div>
   <div class='ocr_carea' id='block_1_39' title="bbox 193 3707 1778 3790">
    <p class='ocr_par' dir='ltr' id='par_1_39' title="bbox 193 3707 1778 3790">
     <span class='ocr_line' id='line_1_39' title="bbox 193 3707 1778 3790; baseline -0.013 -12"><span class='ocrx_word' id='word_1_265' title='bbox 193 3725 326 3779; x_wconf 77' lang='lat' dir='ltr'><strong>Nam</strong></span> <span class='ocrx_word' id='word_1_266' title='bbox 355 3725 396 3776; x_wconf 88' lang='lat' dir='ltr'><strong>si</strong></span> <span class='ocrx_word' id='word_1_267' title='bbox 419 3720 737 3790; x_wconf 86' lang='lat' dir='ltr'><strong>applosisset</strong></span> <span class='ocrx_word' id='word_1_268' title='bbox 766 3716 978 3785; x_wconf 88' lang='lat' dir='ltr'><strong>pedem,</strong></span> <span class='ocrx_word' id='word_1_269' title='bbox 1011 3710 1332 3766; x_wconf 88' lang='lat' dir='ltr'><strong>intendisset</strong></span> <span class='ocrx_word' id='word_1_270' title='bbox 1359 3707 1566 3769; x_wconf 87' lang='lat' dir='ltr'><strong>oculos,</strong></span> <span class='ocrx_word' id='word_1_271' title='bbox 1594 3719 1778 3774; x_wconf 88' lang='lat' dir='ltr'><strong>rugas-</strong></span> 
     </span>
    </p>
   </div>
   <div class='ocr_carea' id='block_1_40' title="bbox 195 3800 1776 3878">
    <p class='ocr_par' dir='ltr' id='par_1_40' title="bbox 195 3800 1776 3878">
     <span class='ocr_line' id='line_1_40' title="bbox 195 3800 1776 3878; baseline -0.013 -9"><span class='ocrx_word' id='word_1_272' title='bbox 195 3826 276 3869; x_wconf 87' lang='lat' dir='ltr'><strong>set</strong></span> <span class='ocrx_word' id='word_1_273' title='bbox 302 3814 551 3875; x_wconf 67' lang='lat' dir='ltr'><strong>fronten&#39;i,</strong></span> <span class='ocrx_word' id='word_1_274' title='bbox 581 3810 833 3878; x_wconf 76' lang='lat' dir='ltr'><strong>iactasset</strong></span> <span class='ocrx_word' id='word_1_275' title='bbox 864 3819 1099 3866; x_wconf 88' lang='lat' dir='ltr'><strong>manmn,</strong></span> <span class='ocrx_word' id='word_1_276' title='bbox 1130 3803 1205 3871; x_wconf 66' lang='grc' dir='ltr'><strong>(ι)</strong></span> <span class='ocrx_word' id='word_1_277' title='bbox 1229 3800 1444 3854; x_wconf 87' lang='lat' dir='ltr'><strong>barbam</strong></span> <span class='ocrx_word' id='word_1_278' title='bbox 1474 3806 1738 3852; x_wconf 86' lang='lat' dir='ltr'><strong>tornassct</strong></span> <span class='ocrx_word' id='word_1_279' title='bbox 1761 3837 1776 3860; x_wconf 93' lang='lat'><strong>,</strong></span> 
     </span>
    </p>
   </div>
   <div class='ocr_carea' id='block_1_41' title="bbox 197 3886 1778 3959">
    <p class='ocr_par' dir='ltr' id='par_1_41' title="bbox 197 3886 1778 3959">
     <span class='ocr_line' id='line_1_41' title="bbox 197 3886 1778 3959; baseline -0.016 -1"><span class='ocrx_word' id='word_1_280' title='bbox 197 3903 452 3958; x_wconf 61' lang='lat' dir='ltr'><strong>tenebras</strong></span> <span class='ocrx_word' id='word_1_281' title='bbox 473 3901 614 3952; x_wconf 89' lang='lat' dir='ltr'><strong>illico</strong></span> <span class='ocrx_word' id='word_1_282' title='bbox 641 3899 710 3950; x_wconf 92' lang='lat' dir='ltr'><strong>ob</strong></span> <span class='ocrx_word' id='word_1_283' title='bbox 746 3896 930 3947; x_wconf 87' lang='lat' dir='ltr'><strong>oculos</strong></span> <span class='ocrx_word' id='word_1_284' title='bbox 955 3893 1234 3945; x_wconf 81' lang='lat' dir='ltr'><strong>offudisset</strong></span> <span class='ocrx_word' id='word_1_285' title='bbox 1260 3887 1354 3958; x_wconf 81' lang='lat' dir='ltr'><strong>[aL</strong></span> <span class='ocrx_word' id='word_1_286' title='bbox 1381 3886 1664 3959; x_wconf 75' lang='lat' dir='ltr'><strong>eﬂ&#39;udioset]</strong></span> <span class='ocrx_word' id='word_1_287' title='bbox 1689 3887 1778 3956; x_wconf 78' lang='lat' dir='ltr'><strong>ju—</strong></span> 
     </span>
    </p>
   </div>
   <div class='ocr_carea' id='block_1_42' title="bbox 193 3977 1783 4047">
    <p class='ocr_par' dir='ltr' id='par_1_42' title="bbox 193 3977 1783 4047">
     <span class='ocr_line' id='line_1_42' title="bbox 193 3977 1783 4047; baseline -0.011 0"><span class='ocrx_word' id='word_1_288' title='bbox 193 3992 426 4047; x_wconf 88' lang='lat' dir='ltr'><strong>dicibus.</strong></span> <span class='ocrx_word' id='word_1_289' title='bbox 460 3988 569 4042; x_wconf 86' lang='lat' dir='ltr'><strong>Nec</strong></span> <span class='ocrx_word' id='word_1_290' title='bbox 597 3985 788 4038; x_wconf 90' lang='lat' dir='ltr'><strong>mirum</strong></span> <span class='ocrx_word' id='word_1_291' title='bbox 831 3983 876 4035; x_wconf 91' lang='lat' dir='ltr'><strong>si</strong></span> <span class='ocrx_word' id='word_1_292' title='bbox 920 3996 1004 4035; x_wconf 90' lang='lat' dir='ltr'><strong>me</strong></span> <span class='ocrx_word' id='word_1_293' title='bbox 1043 3989 1098 4034; x_wconf 93' lang='lat' dir='ltr'><strong>ct</strong></span> <span class='ocrx_word' id='word_1_294' title='bbox 1137 3981 1414 4034; x_wconf 89' lang='lat' dir='ltr'><strong>absentem</strong></span> <span class='ocrx_word' id='word_1_295' title='bbox 1442 3977 1651 4045; x_wconf 82' lang='lat' dir='ltr'><strong>jamdiu</strong></span> <span class='ocrx_word' id='word_1_296' title='bbox 1682 4016 1697 4039; x_wconf 94' lang='lat'><strong>,</strong></span> <span class='ocrx_word' id='word_1_297' title='bbox 1727 3985 1783 4030; x_wconf 91' lang='lat' dir='ltr'><strong>et</strong></span> 
     </span>
    </p>
   </div>
   <div class='ocr_carea' id='block_1_43' title="bbox 192 4067 1784 4151">
    <p class='ocr_par' dir='ltr' id='par_1_43' title="bbox 192 4067 1784 4151">
     <span class='ocr_line' id='line_1_43' title="bbox 192 4067 1784 4151; baseline -0.013 -12"><span class='ocrx_word' id='word_1_298' title='bbox 192 4087 402 4151; x_wconf 75' lang='lat' dir='ltr'><strong>abSque</strong></span> <span class='ocrx_word' id='word_1_299' title='bbox 429 4092 528 4132; x_wconf 92' lang='lat' dir='ltr'><strong>usu</strong></span> <span class='ocrx_word' id='word_1_300' title='bbox 549 4075 752 4131; x_wconf 72' lang='lat' dir='ltr'><strong>Latina:</strong></span> <span class='ocrx_word' id='word_1_301' title='bbox 774 4073 986 4142; x_wconf 75' lang='lat' dir='ltr'><strong>linguae,</strong></span> <span class='ocrx_word' id='word_1_302' title='bbox 1007 4067 1453 4139; x_wconf 75' lang='lat' dir='ltr'><strong>semigrzeculum,</strong></span> <span class='ocrx_word' id='word_1_303' title='bbox 1475 4067 1784 4120; x_wconf 90' lang='lat' dir='ltr'><strong>barbarum-</strong></span> 
     </span>
    </p>
   </div>
   <div class='ocr_carea' id='block_1_44' title="bbox 199 4157 1778 4244">
    <p class='ocr_par' dir='ltr' id='par_1_44' title="bbox 199 4157 1778 4244">
     <span class='ocr_line' id='line_1_44' title="bbox 199 4157 1778 4244; baseline -0.012 -18"><span class='ocrx_word' id='word_1_304' title='bbox 199 4188 306 4244; x_wconf 86' lang='lat' dir='ltr'><strong>que</strong></span> <span class='ocrx_word' id='word_1_305' title='bbox 339 4211 354 4234; x_wconf 94' lang='lat'><strong>,</strong></span> <span class='ocrx_word' id='word_1_306' title='bbox 405 4169 568 4222; x_wconf 92' lang='lat' dir='ltr'><strong>homo</strong></span> <span class='ocrx_word' id='word_1_307' title='bbox 611 4163 960 4218; x_wconf 87' lang='lat' dir='ltr'><strong>latinissimus</strong></span> <span class='ocrx_word' id='word_1_308' title='bbox 991 4170 1044 4214; x_wconf 89' lang='lat' dir='ltr'><strong>et</strong></span> <span class='ocrx_word' id='word_1_309' title='bbox 1073 4157 1486 4212; x_wconf 86' lang='lat' dir='ltr'><strong>facundissimus</strong></span> <span class='ocrx_word' id='word_1_310' title='bbox 1518 4164 1778 4224; x_wconf 89' lang='lat' dir='ltr'><strong>superet;</strong></span> 
     </span>
    </p>
   </div>
   <div class='ocr_carea' id='block_1_45' title="bbox 199 4245 1784 4329">
    <p class='ocr_par' dir='ltr' id='par_1_45' title="bbox 199 4245 1784 4329">
     <span class='ocr_line' id='line_1_45' title="bbox 199 4245 1784 4329; baseline -0.011 -12"><span class='ocrx_word' id='word_1_311' title='bbox 199 4278 324 4316; x_wconf 78' lang='lat' dir='ltr'><strong>cum</strong></span> <span class='ocrx_word' id='word_1_312' title='bbox 367 4265 691 4329; x_wconf 73' lang='lat' dir='ltr'><strong>prmsentem</strong></span> <span class='ocrx_word' id='word_1_313' title='bbox 729 4251 1070 4308; x_wconf 89' lang='lat' dir='ltr'><strong>Jovinianum</strong></span> <span class='ocrx_word' id='word_1_314' title='bbox 1105 4249 1123 4318; x_wconf 94' lang='lat'><strong>(</strong></span> <span class='ocrx_word' id='word_1_315' title='bbox 1154 4247 1282 4303; x_wconf 85' lang='lat' dir='ltr'><strong>Jesn</strong></span> <span class='ocrx_word' id='word_1_316' title='bbox 1315 4245 1452 4300; x_wconf 91' lang='lat' dir='ltr'><strong>bone</strong></span> <span class='ocrx_word' id='word_1_317' title='bbox 1483 4245 1694 4315; x_wconf 85' lang='lat' dir='ltr'><strong>qualem</strong></span> <span class='ocrx_word' id='word_1_318' title='bbox 1730 4254 1784 4299; x_wconf 89' lang='lat' dir='ltr'><strong>et</strong></span> 
     </span>
    </p>
   </div>
   <div class='ocr_carea' id='block_1_46' title="bbox 203 4335 1784 4424">
    <p class='ocr_par' dir='ltr' id='par_1_46' title="bbox 203 4335 1784 4424">
     <span class='ocr_line' id='line_1_46' title="bbox 203 4335 1784 4424; baseline -0.012 -17"><span class='ocrx_word' id='word_1_319' title='bbox 203 4361 464 4424; x_wconf 87' lang='lat' dir='ltr'><strong>quantum</strong></span> <span class='ocrx_word' id='word_1_320' title='bbox 488 4350 661 4402; x_wconf 90' lang='lat' dir='ltr'><strong>virum</strong></span> <span class='ocrx_word' id='word_1_321' title='bbox 695 4363 708 4400; x_wconf 89' lang='lat'><strong>:</strong></span> <span class='ocrx_word' id='word_1_322' title='bbox 735 4343 891 4413; x_wconf 88' lang='lat' dir='ltr'><strong>cujus</strong></span> <span class='ocrx_word' id='word_1_323' title='bbox 925 4355 1083 4396; x_wconf 89' lang='lat' dir='ltr'><strong>nemo</strong></span> <span class='ocrx_word' id='word_1_324' title='bbox 1113 4337 1312 4407; x_wconf 89' lang='lat' dir='ltr'><strong>scripta</strong></span> <span class='ocrx_word' id='word_1_325' title='bbox 1337 4335 1784 4405; x_wconf 84' lang='lat' dir='ltr'><strong>intelligeret,qui</strong></span> 
     </span>
    </p>
   </div>
   <div class='ocr_carea' id='block_1_47' title="bbox 269 4470 1789 4550">
    <p class='ocr_par' dir='ltr' id='par_1_47' title="bbox 269 4470 1789 4550">
     <span class='ocr_line' id='line_1_47' title="bbox 269 4470 1789 4550; baseline -0.003 4"><span class='ocrx_word' id='word_1_326' title='bbox 269 4488 342 4550; x_wconf 77' lang='lat' dir='ltr'><strong>(a)</strong></span> <span class='ocrx_word' id='word_1_327' title='bbox 363 4470 1789 4550; x_wconf 42' lang='lat' dir='ltr'><strong>Commentariosele-taedniAphrodissiP39993911???</strong></span> 
     </span>
    </p>
   </div>
   <div class='ocr_carea' id='block_1_48' title="bbox 208 4535 1788 4612">
    <p class='ocr_par' dir='ltr' id='par_1_48' title="bbox 208 4535 1788 4612">
     <span class='ocr_line' id='line_1_48' title="bbox 208 4535 1788 4612; baseline -0.009 -15"><span class='ocrx_word' id='word_1_328' title='bbox 208 4535 345 4612; x_wconf 64' lang='grc' dir='ltr'>ιιξὶηὸ</span> <span class='ocrx_word' id='word_1_329' title='bbox 367 4535 578 4612; x_wconf 37' lang='grc' dir='ltr'><strong>ίνειδοε-</strong></span> <span class='ocrx_word' id='word_1_330' title='bbox 595 4545 676 4593; x_wconf 83' lang='lat' dir='ltr'><strong>hic</strong></span> <span class='ocrx_word' id='word_1_331' title='bbox 699 4543 845 4604; x_wconf 67' lang='lat' dir='ltr'><strong>vulgo</strong></span> <span class='ocrx_word' id='word_1_332' title='bbox 867 4535 1150 4612; x_wconf 63' lang='lat' dir='ltr'><strong>intelligunt</strong></span> <span class='ocrx_word' id='word_1_333' title='bbox 1173 4535 1371 4592; x_wconf 83' lang='lat' dir='ltr'><strong>eruditi,</strong></span> <span class='ocrx_word' id='word_1_334' title='bbox 1397 4545 1618 4612; x_wconf 43' lang='lat' dir='ltr'><strong>eamque.</strong></span> <span class='ocrx_word' id='word_1_335' title='bbox 1636 4536 1788 4612; x_wconf 77' lang='lat' dir='ltr'><strong>inter-</strong></span> 
     </span>
    </p>
   </div>
   <div class='ocr_carea' id='block_1_49' title="bbox 239 4595 1786 4666">
    <p class='ocr_par' dir='ltr' id='par_1_49' title="bbox 239 4595 1786 4666">
     <span class='ocr_line' id='line_1_49' title="bbox 239 4595 1786 4666; baseline -0.01 -9"><span class='ocrx_word' id='word_1_336' title='bbox 239 4595 526 4659; x_wconf 66' lang='lat' dir='ltr'><strong>relationem</strong></span> <span class='ocrx_word' id='word_1_337' title='bbox 568 4607 694 4654; x_wconf 88' lang='lat' dir='ltr'><strong>inter</strong></span> <span class='ocrx_word' id='word_1_338' title='bbox 739 4595 887 4666; x_wconf 56' lang='lat' dir='ltr'><strong>opera</strong></span> <span class='ocrx_word' id='word_1_339' title='bbox 926 4595 1183 4662; x_wconf 79' lang='lat' dir='ltr'><strong>depérdita</strong></span> <span class='ocrx_word' id='word_1_340' title='bbox 1239 4603 1558 4666; x_wconf 63' lang='lat' dir='ltr'><strong>etigmerant._</strong></span> <span class='ocrx_word' id='word_1_341' title='bbox 1589 4595 1654 4666; x_wconf 39' lang='lat' dir='ltr'><strong>at</strong></span> <span class='ocrx_word' id='word_1_342' title='bbox 1684 4607 1786 4666; x_wconf 59' lang='lat' dir='ltr'><strong>non</strong></span> 
     </span>
    </p>
   </div>
   <div class='ocr_carea' id='block_1_50' title="bbox 280 4655 1786 4726">
    <p class='ocr_par' dir='ltr' id='par_1_50' title="bbox 280 4655 1786 4726">
     <span class='ocr_line' id='line_1_50' title="bbox 280 4655 1786 4726; baseline -0.009 -9"><span class='ocrx_word' id='word_1_343' title='bbox 280 4655 584 4726; x_wconf 25' lang='grc' dir='ltr'><strong>ιίὖὲξὸξίθυι</strong></span> <span class='ocrx_word' id='word_1_344' title='bbox 615 4668 661 4714; x_wconf 91' lang='lat' dir='ltr'><strong>in</strong></span> <span class='ocrx_word' id='word_1_345' title='bbox 685 4655 825 4715; x_wconf 65' lang='lat' dir='ltr'><strong>alia&#39;m</strong></span> <span class='ocrx_word' id='word_1_346' title='bbox 858 4655 1077 4726; x_wconf 77' lang='lat' dir='ltr'><strong>linguam</strong></span> <span class='ocrx_word' id='word_1_347' title='bbox 1101 4655 1417 4726; x_wconf 74' lang='lat' dir='ltr'><strong>transtulisse</strong></span> <span class='ocrx_word' id='word_1_348' title='bbox 1442 4655 1565 4726; x_wconf 81' lang='lat' dir='ltr'><strong>dixit</strong></span> <span class='ocrx_word' id='word_1_349' title='bbox 1604 4656 1656 4704; x_wconf 92' lang='lat' dir='ltr'><strong>S.</strong></span> <span class='ocrx_word' id='word_1_350' title='bbox 1684 4655 1786 4704; x_wconf 88' lang='lat' dir='ltr'><strong>Do-</strong></span> 
     </span>
    </p>
   </div>
   <div class='ocr_carea' id='block_1_51' title="bbox 210 4719 1788 4790">
    <p class='ocr_par' dir='ltr' id='par_1_51' title="bbox 210 4719 1788 4790">
     <span class='ocr_line' id='line_1_51' title="bbox 210 4719 1788 4790; baseline -0.01 -11"><span class='ocrx_word' id='word_1_351' title='bbox 210 4741 330 4790; x_wconf 86' lang='lat' dir='ltr'><strong>ctor,</strong></span> <span class='ocrx_word' id='word_1_352' title='bbox 355 4732 442 4780; x_wconf 89' lang='lat' dir='ltr'><strong>sed</strong></span> <span class='ocrx_word' id='word_1_353' title='bbox 463 4719 650 4784; x_wconf 66' lang='lat' dir='ltr'><strong>tantum</strong></span> <span class='ocrx_word' id='word_1_354' title='bbox 673 4728 887 4790; x_wconf 69' lang='lat' dir='ltr'><strong>vei-tisse,</strong></span> <span class='ocrx_word' id='word_1_355' title='bbox 911 4719 1047 4790; x_wconf 63' lang='lat' dir='ltr'><strong>q&#39;uod</strong></span> <span class='ocrx_word' id='word_1_356' title='bbox 1064 4722 1197 4790; x_wconf 79' lang='lat' dir='ltr'><strong>idem</strong></span> <span class='ocrx_word' id='word_1_357' title='bbox 1220 4719 1312 4790; x_wconf 86' lang='lat' dir='ltr'><strong>hoc</strong></span> <span class='ocrx_word' id='word_1_358' title='bbox 1337 4719 1542 4790; x_wconf 73' lang='lat' dir='ltr'><strong>l_ocq_est</strong></span> <span class='ocrx_word' id='word_1_359' title='bbox 1559 4755 1572 4773; x_wconf 89' lang='lat'><strong>,</strong></span> <span class='ocrx_word' id='word_1_360' title='bbox 1597 4730 1657 4790; x_wconf 69' lang='lat' dir='ltr'><strong>ac</strong></span> <span class='ocrx_word' id='word_1_361' title='bbox 1679 4729 1788 4790; x_wconf 57' lang='lat' dir='ltr'><strong>vero</strong></span> 
     </span>
    </p>
   </div>
   <div class='ocr_carea' id='block_1_52' title="bbox 208 4779 1787 4850">
    <p class='ocr_par' dir='ltr' id='par_1_52' title="bbox 208 4779 1787 4850">
     <span class='ocr_line' id='line_1_52' title="bbox 208 4779 1787 4850; baseline -0.009 -8"><span class='ocrx_word' id='word_1_362' title='bbox 208 4779 363 4850; x_wconf 71' lang='lat' dir='ltr'><strong>sesse,</strong></span> <span class='ocrx_word' id='word_1_363' title='bbox 388 4779 444 4840; x_wconf 83' lang='lat' dir='ltr'><strong>ac</strong></span> <span class='ocrx_word' id='word_1_364' title='bbox 479 4779 658 4850; x_wconf 61' lang='lat' dir='ltr'><strong>sepius</strong></span> <span class='ocrx_word' id='word_1_365' title='bbox 674 4779 1292 4850; x_wconf 10' lang='lat' dir='ltr'><strong>rstudendo&#39;evolvisseLut</strong></span> <span class='ocrx_word' id='word_1_366' title='bbox 1316 4780 1538 4850; x_wconf 73' lang='lat' dir='ltr'><strong>pluribus</strong></span> <span class='ocrx_word' id='word_1_367' title='bbox 1555 4779 1787 4850; x_wconf 58' lang='lat' dir='ltr'><strong>adductis</strong></span> 
     </span>
    </p>
   </div>
   <div class='ocr_carea' id='block_1_53' title="bbox 213 4839 1786 4912">
    <p class='ocr_par' dir='ltr' id='par_1_53' title="bbox 213 4839 1786 4912">
     <span class='ocr_line' id='line_1_53' title="bbox 213 4839 1786 4912; baseline -0.008 -11"><span class='ocrx_word' id='word_1_368' title='bbox 213 4839 455 4912; x_wconf 65' lang='lat' dir='ltr'><strong>exemplis</strong></span> <span class='ocrx_word' id='word_1_369' title='bbox 475 4839 835 4912; x_wconf 48' lang='lat' dir='ltr'><strong>infraafatione</strong></span> <span class='ocrx_word' id='word_1_370' title='bbox 854 4843 1304 4912; x_wconf 39' lang='lat' dir='ltr'><strong>ostendimusgwx</strong></span> <span class='ocrx_word' id='word_1_371' title='bbox 1317 4839 1581 4912; x_wconf 55' lang='lat' dir='ltr'><strong>&#39;I’qrpliyrii</strong></span> <span class='ocrx_word' id='word_1_372' title='bbox 1606 4853 1786 4912; x_wconf 64' lang='lat' dir='ltr'><strong>nomen</strong></span> 
     </span>
    </p>
   </div>
   <div class='ocr_carea' id='block_1_54' title="bbox 213 4900 1784 4977">
    <p class='ocr_par' dir='ltr' id='par_1_54' title="bbox 213 4900 1784 4977">
     <span class='ocr_line' id='line_1_54' title="bbox 213 4900 1784 4977; baseline -0.006 -16"><span class='ocrx_word' id='word_1_373' title='bbox 213 4900 342 4977; x_wconf 78' lang='lat' dir='ltr'><strong>quod</strong></span> <span class='ocrx_word' id='word_1_374' title='bbox 363 4900 508 4977; x_wconf 75' lang='lat' dir='ltr'><strong>etiam</strong></span> <span class='ocrx_word' id='word_1_375' title='bbox 529 4910 746 4959; x_wconf 72' lang='lat' dir='ltr'><strong>Bullinus</strong></span> <span class='ocrx_word' id='word_1_376' title='bbox 766 4909 892 4977; x_wconf 72' lang='lat' dir='ltr'><strong>legit</strong></span> <span class='ocrx_word' id='word_1_377' title='bbox 912 4907 1159 4977; x_wconf 66' lang='lat' dir='ltr'><strong>invectiva</strong></span> <span class='ocrx_word' id='word_1_378' title='bbox 1182 4905 1231 4951; x_wconf 79' lang='grc'><strong>2.</strong></span> <span class='ocrx_word' id='word_1_379' title='bbox 1256 4900 1588 4965; x_wconf 77' lang='lat' dir='ltr'><strong>sttpplevinms</strong></span> <span class='ocrx_word' id='word_1_380' title='bbox 1614 4914 1643 4950; x_wconf 91' lang='lat' dir='ltr'><strong>e</strong></span> <span class='ocrx_word' id='word_1_381' title='bbox 1669 4900 1784 4951; x_wconf 77' lang='lat' dir='ltr'><strong>Mss.</strong></span> 
     </span>
    </p>
   </div>
   <div class='ocr_carea' id='block_1_55' title="bbox 275 4969 1199 5033">
    <p class='ocr_par' dir='ltr' id='par_1_55' title="bbox 275 4969 1199 5033">
     <span class='ocr_line' id='line_1_55' title="bbox 275 4969 1199 5033; baseline -0.011 -11"><span class='ocrx_word' id='word_1_382' title='bbox 275 4973 347 5033; x_wconf 76' lang='grc' dir='ltr'><strong>(ὑ)</strong></span> <span class='ocrx_word' id='word_1_383' title='bbox 381 4971 572 5033; x_wconf 81' lang='lat' dir='ltr'><strong>Addunt</strong></span> <span class='ocrx_word' id='word_1_384' title='bbox 591 4979 790 5020; x_wconf 79' lang='lat' dir='ltr'><strong>veteres</strong></span> <span class='ocrx_word' id='word_1_385' title='bbox 810 4969 1048 5033; x_wconf 59' lang='lat' dir='ltr'><strong>editiopes</strong></span> <span class='ocrx_word' id='word_1_386' title='bbox 1067 4976 1199 5033; x_wconf 59' lang='grc' dir='ltr'><strong>ξεοθιος.</strong></span> 
     </span>
    </p>
   </div>
   <div class='ocr_carea' id='block_1_56' title="bbox 275 5022 1788 5094">
    <p class='ocr_par' dir='ltr' id='par_1_56' title="bbox 275 5022 1788 5094">
     <span class='ocr_line' id='line_1_56' title="bbox 275 5022 1788 5094; baseline -0.008 -11"><span class='ocrx_word' id='word_1_387' title='bbox 275 5022 346 5094; x_wconf 64' lang='lat' dir='ltr'><strong>(c5</strong></span> <span class='ocrx_word' id='word_1_388' title='bbox 380 5031 516 5094; x_wconf 79' lang='lat' dir='ltr'><strong>Alias</strong></span> <span class='ocrx_word' id='word_1_389' title='bbox 551 5033 896 5094; x_wconf 64' lang='lat' dir='ltr'><strong>carneadetgn,</strong></span> <span class='ocrx_word' id='word_1_390' title='bbox 942 5027 1020 5094; x_wconf 77' lang='lat' dir='ltr'><strong>De</strong></span> <span class='ocrx_word' id='word_1_391' title='bbox 1061 5022 1308 5094; x_wconf 69' lang='lat' dir='ltr'><strong>Carneade</strong></span> <span class='ocrx_word' id='word_1_392' title='bbox 1350 5031 1512 5094; x_wconf 81' lang='lat' dir='ltr'><strong>autem</strong></span> <span class='ocrx_word' id='word_1_393' title='bbox 1554 5022 1788 5094; x_wconf 72' lang='lat' dir='ltr'><strong>Cyreme</strong></span> 
     </span>
    </p>
   </div>
   <div class='ocr_carea' id='block_1_57' title="bbox 211 5083 1789 5148">
    <p class='ocr_par' dir='ltr' id='par_1_57' title="bbox 211 5083 1789 5148">
     <span class='ocr_line' id='line_1_57' title="bbox 211 5083 1789 5148; baseline -0.008 -2"><span class='ocrx_word' id='word_1_394' title='bbox 211 5083 598 5146; x_wconf 71' lang='lat' dir='ltr'><strong>vide&#39;Laertium</strong></span> <span class='ocrx_word' id='word_1_395' title='bbox 621 5089 708 5138; x_wconf 90' lang='lat' dir='ltr'><strong>lib.</strong></span> <span class='ocrx_word' id='word_1_396' title='bbox 731 5091 778 5139; x_wconf 67' lang='grc' dir='ltr'>ι.</span> <span class='ocrx_word' id='word_1_397' title='bbox 806 5083 1116 5139; x_wconf 81' lang='lat' dir='ltr'><strong>Plutarchum</strong></span> <span class='ocrx_word' id='word_1_398' title='bbox 1135 5089 1184 5136; x_wconf 84' lang='lat' dir='ltr'><strong>in</strong></span> <span class='ocrx_word' id='word_1_399' title='bbox 1207 5087 1390 5139; x_wconf 81' lang='lat' dir='ltr'><strong>Catone</strong></span> <span class='ocrx_word' id='word_1_400' title='bbox 1421 5083 1624 5148; x_wconf 78' lang='lat' dir='ltr'><strong>majore,</strong></span> <span class='ocrx_word' id='word_1_401' title='bbox 1649 5083 1789 5134; x_wconf 88' lang='lat' dir='ltr'><strong>alios-</strong></span> 
     </span>
    </p>
   </div>
   <div class='ocr_carea' id='block_1_58' title="bbox 244 5170 329 5206">
    <p class='ocr_par' dir='ltr' id='par_1_58' title="bbox 244 5170 329 5206">
     <span class='ocr_line' id='line_1_58' title="bbox 244 5170 329 5206; baseline -0.012 0"><span class='ocrx_word' id='word_1_402' title='bbox 244 5170 329 5206; x_wconf 87' lang='lat' dir='ltr'><strong>ue.</strong></span> 
     </span>
    </p>
   </div>
   <div class='ocr_carea' id='block_1_59' title="bbox 211 5175 1786 5280">
    <p class='ocr_par' dir='ltr' id='par_1_59' title="bbox 211 5175 1786 5280">
     <span class='ocr_line' id='line_1_59' title="bbox 211 5175 1786 5280; baseline -0.009 -13"><span class='ocrx_word' id='word_1_403' title='bbox 211 5175 352 5280; x_wconf 46' lang='lat' dir='ltr'><strong>quat.)</strong></span> <span class='ocrx_word' id='word_1_404' title='bbox 386 5215 578 5266; x_wconf 76' lang='lat' dir='ltr'><strong>Vereor</strong></span> <span class='ocrx_word' id='word_1_405' title='bbox 614 5210 946 5280; x_wconf 37' lang='lat' dir='ltr'><strong>ne_men_dum.</strong></span> <span class='ocrx_word' id='word_1_406' title='bbox 983 5210 1038 5280; x_wconf 66' lang='lat' dir='ltr'><strong>iu</strong></span> <span class='ocrx_word' id='word_1_407' title='bbox 1069 5223 1189 5280; x_wconf 72' lang='lat' dir='ltr'><strong>voce</strong></span> <span class='ocrx_word' id='word_1_408' title='bbox 1226 5209 1565 5280; x_wconf 49' lang='grc' dir='ltr'><strong>Ηαξνβιίὶιαήιε</strong></span> <span class='ocrx_word' id='word_1_409' title='bbox 1604 5206 1756 5280; x_wconf 72' lang='lat' dir='ltr'><strong>cubet</strong></span> <span class='ocrx_word' id='word_1_410' title='bbox 1773 5219 1786 5266; x_wconf 90' lang='lat'><strong>;</strong></span> 
     </span>
    </p>
   </div>
   <div class='ocr_carea' id='block_1_60' title="bbox 213 5270 1788 5341">
    <p class='ocr_par' dir='ltr' id='par_1_60' title="bbox 213 5270 1788 5341">
     <span class='ocr_line' id='line_1_60' title="bbox 213 5270 1788 5341; baseline -0.009 -13"><span class='ocrx_word' id='word_1_411' title='bbox 213 5270 992 5341; x_wconf 70' lang='lat' dir='ltr'><strong>tiam&#39;qua;_causa:_H:ereditari:e</strong></span> <span class='ocrx_word' id='word_1_412' title='bbox 1015 5270 1194 5341; x_wconf 74' lang='lat' dir='ltr'><strong>fuerint</strong></span> <span class='ocrx_word' id='word_1_413' title='bbox 1211 5307 1226 5332; x_wconf 91' lang='lat'><strong>,</strong></span> <span class='ocrx_word' id='word_1_414' title='bbox 1261 5274 1355 5323; x_wconf 85' lang='lat' dir='ltr'><strong>nisi</strong></span> <span class='ocrx_word' id='word_1_415' title='bbox 1379 5271 1542 5341; x_wconf 52' lang='grc' dir='ltr'><strong>[ἤιξε-ῃ</strong></span> <span class='ocrx_word' id='word_1_416' title='bbox 1575 5270 1788 5341; x_wconf 56' lang='lat' dir='ltr'><strong>parenti:</strong></span> 
     </span>
    </p>
   </div>
   <div class='ocr_carea' id='block_1_61' title="bbox 220 5327 1790 5392">
    <p class='ocr_par' dir='ltr' id='par_1_61' title="bbox 220 5327 1790 5392">
     <span class='ocr_line' id='line_1_61' title="bbox 220 5327 1790 5392; baseline -0.008 -3"><span class='ocrx_word' id='word_1_417' title='bbox 220 5327 310 5390; x_wconf 80' lang='lat' dir='ltr'><strong>bus</strong></span> <span class='ocrx_word' id='word_1_418' title='bbox 335 5327 381 5388; x_wconf 72' lang='lat' dir='ltr'><strong>iu</strong></span> <span class='ocrx_word' id='word_1_419' title='bbox 409 5338 532 5388; x_wconf 79' lang='lat' dir='ltr'><strong>ﬁlios</strong></span> <span class='ocrx_word' id='word_1_420' title='bbox 552 5337 800 5386; x_wconf 81' lang='lat' dir='ltr'><strong>derivatas</strong></span> <span class='ocrx_word' id='word_1_421' title='bbox 833 5342 1030 5391; x_wconf 89' lang='lat' dir='ltr'><strong>sonant,</strong></span> <span class='ocrx_word' id='word_1_422' title='bbox 1055 5327 1246 5383; x_wconf 84' lang='lat' dir='ltr'><strong>omnino</strong></span> <span class='ocrx_word' id='word_1_423' title='bbox 1269 5349 1363 5384; x_wconf 87' lang='lat' dir='ltr'><strong>non</strong></span> <span class='ocrx_word' id='word_1_424' title='bbox 1387 5329 1696 5392; x_wconf 76' lang='lat' dir='ltr'><strong>intelligitur.</strong></span> <span class='ocrx_word' id='word_1_425' title='bbox 1726 5327 1790 5377; x_wconf 83' lang='lat' dir='ltr'><strong>Ut</strong></span> 
     </span>
    </p>
   </div>
   <div class='ocr_carea' id='block_1_62' title="bbox 222 5393 1790 5458">
    <p class='ocr_par' dir='ltr' id='par_1_62' title="bbox 222 5393 1790 5458">
     <span class='ocr_line' id='line_1_62' title="bbox 222 5393 1790 5458; baseline -0.007 -8"><span class='ocrx_word' id='word_1_426' title='bbox 222 5415 338 5452; x_wconf 75' lang='lat' dir='ltr'><strong>vero</strong></span> <span class='ocrx_word' id='word_1_427' title='bbox 360 5413 538 5451; x_wconf 83' lang='lat' dir='ltr'><strong>sensus</strong></span> <span class='ocrx_word' id='word_1_428' title='bbox 559 5405 749 5448; x_wconf 80' lang='lat' dir='ltr'><strong>constet</strong></span> <span class='ocrx_word' id='word_1_429' title='bbox 771 5395 1053 5449; x_wconf 77' lang='lat' dir='ltr'><strong>Crimiuales</strong></span> <span class='ocrx_word' id='word_1_430' title='bbox 1085 5394 1413 5458; x_wconf 67' lang='lat' dir='ltr'><strong>intelligendas</strong></span> <span class='ocrx_word' id='word_1_431' title='bbox 1445 5400 1563 5443; x_wconf 89' lang='lat' dir='ltr'><strong>sunt</strong></span> <span class='ocrx_word' id='word_1_432' title='bbox 1581 5425 1595 5448; x_wconf 92' lang='lat'><strong>,</strong></span> <span class='ocrx_word' id='word_1_433' title='bbox 1618 5393 1790 5452; x_wconf 86' lang='lat' dir='ltr'><strong>sicque</strong></span> 
     </span>
    </p>
   </div>
   <div class='ocr_carea' id='block_1_63' title="bbox 223 5457 1792 5532">
    <p class='ocr_par' dir='ltr' id='par_1_63' title="bbox 223 5457 1792 5532">
     <span class='ocr_line' id='line_1_63' title="bbox 223 5457 1792 5532; baseline -0.01 -19"><span class='ocrx_word' id='word_1_434' title='bbox 223 5459 680 5532; x_wconf 40' lang='lat' dir='ltr'><strong>fmrmtvirqlibui,</strong></span> <span class='ocrx_word' id='word_1_435' title='bbox 715 5465 930 5532; x_wconf 37' lang='lat' dir='ltr'><strong>(pinsunt</strong></span> <span class='ocrx_word' id='word_1_436' title='bbox 945 5464 1138 5532; x_wconf 53' lang='lat' dir='ltr'><strong>vocant,</strong></span> <span class='ocrx_word' id='word_1_437' title='bbox 1163 5457 1341 5532; x_wconf 69' lang='lat' dir='ltr'><strong>civiles</strong></span> <span class='ocrx_word' id='word_1_438' title='bbox 1361 5461 1520 5532; x_wconf 78' lang='lat' dir='ltr'><strong>erant,</strong></span> <span class='ocrx_word' id='word_1_439' title='bbox 1543 5463 1792 5532; x_wconf 78' lang='lat' dir='ltr'><strong>opponen-</strong></span> 
     </span>
    </p>
   </div>
   <div class='ocr_carea' id='block_1_64' title="bbox 221 5518 1790 5580">
    <p class='ocr_par' dir='ltr' id='par_1_64' title="bbox 221 5518 1790 5580">
     <span class='ocr_line' id='line_1_64' title="bbox 221 5518 1790 5580; baseline -0.008 -7"><span class='ocrx_word' id='word_1_440' title='bbox 221 5530 312 5574; x_wconf 86' lang='lat' dir='ltr'><strong>tur.</strong></span> <span class='ocrx_word' id='word_1_441' title='bbox 337 5524 608 5574; x_wconf 80' lang='lat' dir='ltr'><strong>Verissime</strong></span> <span class='ocrx_word' id='word_1_442' title='bbox 629 5518 826 5572; x_wconf 64' lang='lat' dir='ltr'><strong>Taoitus</strong></span> <span class='ocrx_word' id='word_1_443' title='bbox 848 5519 977 5569; x_wconf 86' lang='lat' dir='ltr'><strong>Dial.</strong></span> <span class='ocrx_word' id='word_1_444' title='bbox 1003 5520 1066 5569; x_wconf 90' lang='lat' dir='ltr'><strong>de</strong></span> <span class='ocrx_word' id='word_1_445' title='bbox 1090 5518 1221 5568; x_wconf 83' lang='lat' dir='ltr'><strong>Orat.</strong></span> <span class='ocrx_word' id='word_1_446' title='bbox 1255 5536 1277 5564; x_wconf 78' lang='grc' dir='ltr'><strong>ιι</strong></span> <span class='ocrx_word' id='word_1_447' title='bbox 1298 5527 1399 5580; x_wconf 89' lang='lat' dir='ltr'><strong>aut,</strong></span> <span class='ocrx_word' id='word_1_448' title='bbox 1426 5518 1586 5580; x_wconf 85' lang='lat' dir='ltr'><strong>inquit</strong></span> <span class='ocrx_word' id='word_1_449' title='bbox 1612 5553 1624 5572; x_wconf 95' lang='lat'><strong>,</strong></span> <span class='ocrx_word' id='word_1_450' title='bbox 1649 5526 1790 5580; x_wconf 81' lang='lat' dir='ltr'><strong>reum</strong></span> 
     </span>
    </p>
   </div>
   <div class='ocr_carea' id='block_1_65' title="bbox 219 5573 1787 5649">
    <p class='ocr_par' dir='ltr' id='par_1_65' title="bbox 219 5573 1787 5649">
     <span class='ocr_line' id='line_1_65' title="bbox 219 5573 1787 5649; baseline -0.009 -13"><span class='ocrx_word' id='word_1_451' title='bbox 219 5573 449 5649; x_wconf 75' lang='lat' dir='ltr'><strong>prospere</strong></span> <span class='ocrx_word' id='word_1_452' title='bbox 471 5583 774 5649; x_wconf 83' lang='lat' dir='ltr'><strong>defendere,</strong></span> <span class='ocrx_word' id='word_1_453' title='bbox 807 5587 890 5632; x_wconf 90' lang='lat' dir='ltr'><strong>aut</strong></span> <span class='ocrx_word' id='word_1_454' title='bbox 925 5581 1050 5644; x_wconf 91' lang='lat' dir='ltr'><strong>apud</strong></span> <span class='ocrx_word' id='word_1_455' title='bbox 1091 5573 1428 5632; x_wconf 83' lang='lat' dir='ltr'><strong>Centumviros</strong></span> <span class='ocrx_word' id='word_1_456' title='bbox 1463 5573 1656 5629; x_wconf 71' lang='lat' dir='ltr'><strong>causam</strong></span> <span class='ocrx_word' id='word_1_457' title='bbox 1700 5573 1787 5624; x_wconf 90' lang='lat' dir='ltr'><strong>ali-</strong></span> 
     </span>
    </p>
   </div>
   <div class='ocr_carea' id='block_1_66' title="bbox 217 5647 798 5708">
    <p class='ocr_par' dir='ltr' id='par_1_66' title="bbox 217 5647 798 5708">
     <span class='ocr_line' id='line_1_66' title="bbox 217 5647 798 5708; baseline -0.009 -14"><span class='ocrx_word' id='word_1_458' title='bbox 217 5647 353 5708; x_wconf 75' lang='lat' dir='ltr'><strong>quam</strong></span> <span class='ocrx_word' id='word_1_459' title='bbox 366 5647 573 5696; x_wconf 77' lang='lat' dir='ltr'><strong>feliciter</strong></span> <span class='ocrx_word' id='word_1_460' title='bbox 595 5658 751 5694; x_wconf 87' lang='lat' dir='ltr'><strong>orare.</strong></span> <span class='ocrx_word' id='word_1_461' title='bbox 776 5661 798 5688; x_wconf 73' lang='grc' dir='ltr'><strong>ι</strong></span> 
     </span>
    </p>
   </div>
   <div class='ocr_carea' id='block_1_67' title="bbox 1558 217 1988 278">
    <p class='ocr_par' dir='ltr' id='par_1_67' title="bbox 1558 217 1988 278">
     <span class='ocr_line' id='line_1_67' title="bbox 1558 217 1988 278; baseline 0 -4"><span class='ocrx_word' id='word_1_462' title='bbox 1558 217 1884 278; x_wconf 71' lang='grc' dir='ltr'><strong>εριετοιΑ</strong></span> <span class='ocrx_word' id='word_1_463' title='bbox 1928 221 1988 275; x_wconf 76' lang='grc' dir='ltr'>ι.</span> 
     </span>
    </p>
   </div>
   <div class='ocr_carea' id='block_1_68' title="bbox 1864 337 3443 412">
    <p class='ocr_par' dir='ltr' id='par_1_68' title="bbox 1864 337 3443 412">
     <span class='ocr_line' id='line_1_68' title="bbox 1864 337 3443 412; baseline 0.009 -23"><span class='ocrx_word' id='word_1_464' title='bbox 1864 337 1965 390; x_wconf 88' lang='lat' dir='ltr'><strong>sibi</strong></span> <span class='ocrx_word' id='word_1_465' title='bbox 1992 345 2193 391; x_wconf 87' lang='lat' dir='ltr'><strong>tantum</strong></span> <span class='ocrx_word' id='word_1_466' title='bbox 2225 346 2445 394; x_wconf 87' lang='lat' dir='ltr'><strong>caueret</strong></span> <span class='ocrx_word' id='word_1_467' title='bbox 2465 347 2518 394; x_wconf 92' lang='lat' dir='ltr'><strong>et</strong></span> <span class='ocrx_word' id='word_1_468' title='bbox 2543 340 2712 395; x_wconf 89' lang='lat' dir='ltr'><strong>musis</strong></span> <span class='ocrx_word' id='word_1_469' title='bbox 2739 341 2760 410; x_wconf 89' lang='lat'>)</span> <span class='ocrx_word' id='word_1_470' title='bbox 2800 341 3119 412; x_wconf 71' lang='lat' dir='ltr'><strong>eloquentia:</strong></span> <span class='ocrx_word' id='word_1_471' title='bbox 3148 358 3260 400; x_wconf 72' lang='lat' dir='ltr'><strong>sum</strong></span> <span class='ocrx_word' id='word_1_472' title='bbox 3300 348 3443 404; x_wconf 91' lang='lat' dir='ltr'><strong>mole</strong></span> 
     </span>
    </p>
   </div>
   <div class='ocr_carea' id='block_1_69' title="bbox 1859 430 2208 496">
    <p class='ocr_par' dir='ltr' id='par_1_69' title="bbox 1859 430 2208 496">
     <span class='ocr_line' id='line_1_69' title="bbox 1859 430 2208 496; baseline 0.009 -17"><span class='ocrx_word' id='word_1_473' title='bbox 1859 430 2208 496; x_wconf 84' lang='lat' dir='ltr'><strong>Oppresserit.</strong></span> 
     </span>
    </p>
   </div>
   <div class='ocr_carea' id='block_1_70' title="bbox 1931 519 3438 598">
    <p class='ocr_par' dir='ltr' id='par_1_70' title="bbox 1931 519 3438 598">
     <span class='ocr_line' id='line_1_70' title="bbox 1931 519 3438 598; baseline 0.008 -24"><span class='ocrx_word' id='word_1_474' title='bbox 1931 519 1982 574; x_wconf 79' lang='lat'><strong>5.</strong></span> <span class='ocrx_word' id='word_1_475' title='bbox 2007 520 2199 586; x_wconf 79' lang='lat' dir='ltr'><strong>Quaeso</strong></span> <span class='ocrx_word' id='word_1_476' title='bbox 2219 522 2380 592; x_wconf 79' lang='lat' dir='ltr'><strong>igitur</strong></span> <span class='ocrx_word' id='word_1_477' title='bbox 2395 533 2467 589; x_wconf 89' lang='lat' dir='ltr'><strong>te,</strong></span> <span class='ocrx_word' id='word_1_478' title='bbox 2487 532 2642 594; x_wconf 87' lang='lat' dir='ltr'><strong>pater</strong></span> <span class='ocrx_word' id='word_1_479' title='bbox 2657 523 2957 591; x_wconf 79' lang='lat' dir='ltr'><strong>carissime,</strong></span> <span class='ocrx_word' id='word_1_480' title='bbox 2972 534 3033 579; x_wconf 89' lang='lat' dir='ltr'><strong>ut</strong></span> <span class='ocrx_word' id='word_1_481' title='bbox 3051 542 3273 584; x_wconf 89' lang='lat' dir='ltr'><strong>moneas</strong></span> <span class='ocrx_word' id='word_1_482' title='bbox 3291 545 3438 598; x_wconf 91' lang='lat' dir='ltr'><strong>eum,</strong></span> 
     </span>
    </p>
   </div>
   <div class='ocr_carea' id='block_1_71' title="bbox 1860 611 3440 682">
    <p class='ocr_par' dir='ltr' id='par_1_71' title="bbox 1860 611 3440 682">
     <span class='ocr_line' id='line_1_71' title="bbox 1860 611 3440 682; baseline 0.008 -18"><span class='ocrx_word' id='word_1_483' title='bbox 1860 625 1927 664; x_wconf 89' lang='lat' dir='ltr'><strong>ne</strong></span> <span class='ocrx_word' id='word_1_484' title='bbox 1957 611 2204 680; x_wconf 80' lang='lat' dir='ltr'><strong>loquatur</strong></span> <span class='ocrx_word' id='word_1_485' title='bbox 2231 624 2420 668; x_wconf 88' lang='lat' dir='ltr'><strong>eontra</strong></span> <span class='ocrx_word' id='word_1_486' title='bbox 2455 616 2784 682; x_wconf 90' lang='lat' dir='ltr'><strong>propositum</strong></span> <span class='ocrx_word' id='word_1_487' title='bbox 2809 630 2964 670; x_wconf 91' lang='lat' dir='ltr'><strong>suum</strong></span> <span class='ocrx_word' id='word_1_488' title='bbox 2990 632 3006 682; x_wconf 92' lang='lat'><strong>;</strong></span> <span class='ocrx_word' id='word_1_489' title='bbox 3053 633 3120 671; x_wconf 88' lang='lat' dir='ltr'><strong>ne</strong></span> <span class='ocrx_word' id='word_1_490' title='bbox 3141 622 3440 676; x_wconf 88' lang='lat' dir='ltr'><strong>castitatem</strong></span> 
     </span>
    </p>
   </div>
   <div class='ocr_carea' id='block_1_72' title="bbox 1861 699 3442 781">
    <p class='ocr_par' dir='ltr' id='par_1_72' title="bbox 1861 699 3442 781">
     <span class='ocr_line' id='line_1_72' title="bbox 1861 699 3442 781; baseline 0.008 -28"><span class='ocrx_word' id='word_1_491' title='bbox 1861 699 2044 756; x_wconf 78' lang='lat' dir='ltr'><strong>habitu</strong></span> <span class='ocrx_word' id='word_1_492' title='bbox 2071 703 2364 772; x_wconf 89' lang='lat' dir='ltr'><strong>pollicens,</strong></span> <span class='ocrx_word' id='word_1_493' title='bbox 2441 707 2605 777; x_wconf 72' lang='lat'><strong>238</strong></span> <span class='ocrx_word' id='word_1_494' title='bbox 2680 707 2858 763; x_wconf 86' lang='lat' dir='ltr'><strong>verbis</strong></span> <span class='ocrx_word' id='word_1_495' title='bbox 2883 707 3166 773; x_wconf 87' lang='lat' dir='ltr'><strong>destruat;</strong></span> <span class='ocrx_word' id='word_1_496' title='bbox 3196 727 3262 765; x_wconf 92' lang='lat' dir='ltr'><strong>ne</strong></span> <span class='ocrx_word' id='word_1_497' title='bbox 3291 713 3442 781; x_wconf 86' lang='lat' dir='ltr'><strong>virgo</strong></span> 
     </span>
    </p>
   </div>
   <div class='ocr_carea' id='block_1_73' title="bbox 1861 792 3439 874">
    <p class='ocr_par' dir='ltr' id='par_1_73' title="bbox 1861 792 3439 874">
     <span class='ocr_line' id='line_1_73' title="bbox 1861 792 3439 874; baseline 0.006 -30"><span class='ocrx_word' id='word_1_498' title='bbox 1861 792 1943 845; x_wconf 89' lang='lat' dir='ltr'><strong>vel</strong></span> <span class='ocrx_word' id='word_1_499' title='bbox 1967 795 2250 849; x_wconf 90' lang='lat' dir='ltr'><strong>continens</strong></span> <span class='ocrx_word' id='word_1_500' title='bbox 2283 799 2300 864; x_wconf 95' lang='lat'><strong>(</strong></span> <span class='ocrx_word' id='word_1_501' title='bbox 2323 797 2436 864; x_wconf 90' lang='lat' dir='ltr'><strong>ipse</strong></span> <span class='ocrx_word' id='word_1_502' title='bbox 2462 801 2606 852; x_wconf 88' lang='lat' dir='ltr'><strong>enim</strong></span> <span class='ocrx_word' id='word_1_503' title='bbox 2633 797 2827 852; x_wconf 90' lang='lat' dir='ltr'><strong>viderit</strong></span> <span class='ocrx_word' id='word_1_504' title='bbox 2853 799 2979 868; x_wconf 91' lang='lat' dir='ltr'><strong>quid</strong></span> <span class='ocrx_word' id='word_1_505' title='bbox 3009 815 3131 855; x_wconf 88' lang='lat' dir='ltr'><strong>esse</strong></span> <span class='ocrx_word' id='word_1_506' title='bbox 3157 816 3217 856; x_wconf 86' lang='lat' dir='ltr'><strong>se</strong></span> <span class='ocrx_word' id='word_1_507' title='bbox 3239 801 3439 874; x_wconf 84' lang='lat' dir='ltr'><strong>jactet)</strong></span> 
     </span>
    </p>
   </div>
   <div class='ocr_carea' id='block_1_74' title="bbox 1863 886 3445 962">
    <p class='ocr_par' dir='ltr' id='par_1_74' title="bbox 1863 886 3445 962">
     <span class='ocr_line' id='line_1_74' title="bbox 1863 886 3445 962; baseline 0.007 -25"><span class='ocrx_word' id='word_1_508' title='bbox 1863 886 2139 940; x_wconf 76' lang='lat' dir='ltr'><strong>maritatas</strong></span> <span class='ocrx_word' id='word_1_509' title='bbox 2176 886 2270 960; x_wconf 69' lang='grc' dir='ltr'>[ιιι.</span> <span class='ocrx_word' id='word_1_510' title='bbox 2304 888 2538 961; x_wconf 80' lang='lat' dir='ltr'><strong>maritos]</strong></span> <span class='ocrx_word' id='word_1_511' title='bbox 2567 889 2861 959; x_wconf 83' lang='lat' dir='ltr'><strong>virginibus</strong></span> <span class='ocrx_word' id='word_1_512' title='bbox 2890 903 3204 962; x_wconf 86' lang='lat' dir='ltr'><strong>comparet,</strong></span> <span class='ocrx_word' id='word_1_513' title='bbox 3236 903 3290 948; x_wconf 92' lang='lat' dir='ltr'><strong>ct</strong></span> <span class='ocrx_word' id='word_1_514' title='bbox 3329 893 3445 948; x_wconf 85' lang='lat' dir='ltr'><strong>fru-</strong></span> 
     </span>
    </p>
   </div>
   <div class='ocr_carea' id='block_1_75' title="bbox 1862 979 3446 1052">
    <p class='ocr_par' dir='ltr' id='par_1_75' title="bbox 1862 979 3446 1052">
     <span class='ocr_line' id='line_1_75' title="bbox 1862 979 3446 1052; baseline 0.004 -22"><span class='ocrx_word' id='word_1_515' title='bbox 1862 987 1971 1030; x_wconf 89' lang='lat' dir='ltr'><strong>stra</strong></span> <span class='ocrx_word' id='word_1_516' title='bbox 1995 979 2254 1032; x_wconf 87' lang='lat' dir='ltr'><strong>adversus</strong></span> <span class='ocrx_word' id='word_1_517' title='bbox 2281 979 2548 1035; x_wconf 85' lang='lat' dir='ltr'><strong>hominem</strong></span> <span class='ocrx_word' id='word_1_518' title='bbox 2571 981 3008 1046; x_wconf 89' lang='lat' dir='ltr'><strong>disertissimum,</strong></span> <span class='ocrx_word' id='word_1_519' title='bbox 3032 991 3178 1036; x_wconf 91' lang='lat' dir='ltr'><strong>tanto</strong></span> <span class='ocrx_word' id='word_1_520' title='bbox 3201 992 3446 1052; x_wconf 89' lang='lat' dir='ltr'><strong>tempore</strong></span> 
     </span>
    </p>
   </div>
   <div class='ocr_carea' id='block_1_76' title="bbox 1862 1065 3444 1144">
    <p class='ocr_par' dir='ltr' id='par_1_76' title="bbox 1862 1065 3444 1144">
     <span class='ocr_line' id='line_1_76' title="bbox 1862 1065 3444 1144; baseline 0.006 -25"><span class='ocrx_word' id='word_1_521' title='bbox 1862 1065 2184 1135; x_wconf 86' lang='lat' dir='ltr'><strong>(ligladiatus</strong></span> <span class='ocrx_word' id='word_1_522' title='bbox 2205 1069 2293 1123; x_wconf 88' lang='lat' dir='ltr'><strong>sit.</strong></span> <span class='ocrx_word' id='word_1_523' title='bbox 2319 1071 2491 1123; x_wconf 89' lang='lat' dir='ltr'><strong>Audio</strong></span> <span class='ocrx_word' id='word_1_524' title='bbox 2516 1079 2774 1139; x_wconf 74' lang='lat' dir='ltr'><strong>pneterea</strong></span> <span class='ocrx_word' id='word_1_525' title='bbox 2793 1088 2913 1126; x_wconf 90' lang='lat' dir='ltr'><strong>eum</strong></span> <span class='ocrx_word' id='word_1_526' title='bbox 2934 1073 3160 1129; x_wconf 87' lang='lat' dir='ltr'><strong>libenter</strong></span> <span class='ocrx_word' id='word_1_527' title='bbox 3180 1075 3444 1144; x_wconf 79' lang='lat' dir='ltr'><strong>virginum</strong></span> 
     </span>
    </p>
   </div>
   <div class='ocr_carea' id='block_1_77' title="bbox 1863 1156 3442 1234">
    <p class='ocr_par' dir='ltr' id='par_1_77' title="bbox 1863 1156 3442 1234">
     <span class='ocr_line' id='line_1_77' title="bbox 1863 1156 3442 1234; baseline 0.004 -25"><span class='ocrx_word' id='word_1_528' title='bbox 1863 1164 1919 1210; x_wconf 91' lang='lat' dir='ltr'><strong>ct</strong></span> <span class='ocrx_word' id='word_1_529' title='bbox 1944 1156 2221 1212; x_wconf 89' lang='lat' dir='ltr'><strong>viduarum</strong></span> <span class='ocrx_word' id='word_1_530' title='bbox 2244 1159 2465 1214; x_wconf 85' lang='lat' dir='ltr'><strong>cellulas</strong></span> <span class='ocrx_word' id='word_1_531' title='bbox 2483 1161 2788 1226; x_wconf 84' lang='lat' dir='ltr'><strong>circumire,</strong></span> <span class='ocrx_word' id='word_1_532' title='bbox 2813 1172 2866 1216; x_wconf 90' lang='lat' dir='ltr'><strong>et</strong></span> <span class='ocrx_word' id='word_1_533' title='bbox 2887 1162 3115 1217; x_wconf 86' lang='lat' dir='ltr'><strong>adducto</strong></span> <span class='ocrx_word' id='word_1_534' title='bbox 3135 1165 3442 1234; x_wconf 90' lang='lat' dir='ltr'><strong>supercilio,</strong></span> 
     </span>
    </p>
   </div>
   <div class='ocr_carea' id='block_1_78' title="bbox 1863 1245 3444 1324">
    <p class='ocr_par' dir='ltr' id='par_1_78' title="bbox 1863 1245 3444 1324">
     <span class='ocr_line' id='line_1_78' title="bbox 1863 1245 3444 1324; baseline 0.009 -26"><span class='ocrx_word' id='word_1_535' title='bbox 1863 1245 1931 1299; x_wconf 91' lang='lat' dir='ltr'><strong>de</strong></span> <span class='ocrx_word' id='word_1_536' title='bbox 1953 1249 2122 1302; x_wconf 85' lang='lat' dir='ltr'><strong>sacris</strong></span> <span class='ocrx_word' id='word_1_537' title='bbox 2145 1250 2283 1304; x_wconf 91' lang='lat' dir='ltr'><strong>inter</strong></span> <span class='ocrx_word' id='word_1_538' title='bbox 2297 1265 2390 1305; x_wconf 89' lang='lat' dir='ltr'><strong>eas</strong></span> <span class='ocrx_word' id='word_1_539' title='bbox 2412 1251 2606 1306; x_wconf 88' lang='lat' dir='ltr'><strong>litteris</strong></span> <span class='ocrx_word' id='word_1_540' title='bbox 2633 1253 3014 1323; x_wconf 89' lang='lat' dir='ltr'><strong>philosophari.</strong></span> <span class='ocrx_word' id='word_1_541' title='bbox 3031 1256 3164 1324; x_wconf 85' lang='lat' dir='ltr'><strong>Quid</strong></span> <span class='ocrx_word' id='word_1_542' title='bbox 3196 1257 3246 1311; x_wconf 93' lang='lat' dir='ltr'><strong>in</strong></span> <span class='ocrx_word' id='word_1_543' title='bbox 3267 1273 3444 1313; x_wconf 83' lang='lat' dir='ltr'><strong>secre-</strong></span> 
     </span>
    </p>
   </div>
   <div class='ocr_carea' id='block_1_79' title="bbox 1866 1339 3446 1406">
    <p class='ocr_par' dir='ltr' id='par_1_79' title="bbox 1866 1339 3446 1406">
     <span class='ocr_line' id='line_1_79' title="bbox 1866 1339 3446 1406; baseline 0.007 -16"><span class='ocrx_word' id='word_1_544' title='bbox 1866 1345 1919 1391; x_wconf 87' lang='lat' dir='ltr'><strong>to</strong></span> <span class='ocrx_word' id='word_1_545' title='bbox 1937 1379 1950 1398; x_wconf 88' lang='lat'><strong><em>.</em></strong></span> <span class='ocrx_word' id='word_1_546' title='bbox 1982 1339 2107 1406; x_wconf 88' lang='lat' dir='ltr'><strong>quid</strong></span> <span class='ocrx_word' id='word_1_547' title='bbox 2134 1340 2183 1392; x_wconf 89' lang='lat' dir='ltr'><strong>in</strong></span> <span class='ocrx_word' id='word_1_548' title='bbox 2208 1341 2456 1394; x_wconf 82' lang='lat' dir='ltr'><strong>cubiculo</strong></span> <span class='ocrx_word' id='word_1_549' title='bbox 2479 1344 2827 1398; x_wconf 87' lang='lat' dir='ltr'><strong>mulierculas</strong></span> <span class='ocrx_word' id='word_1_550' title='bbox 2844 1346 3042 1399; x_wconf 84' lang='lat' dir='ltr'><strong>docet?</strong></span> <span class='ocrx_word' id='word_1_551' title='bbox 3069 1347 3137 1402; x_wconf 89' lang='lat' dir='ltr'><strong>Ut</strong></span> <span class='ocrx_word' id='word_1_552' title='bbox 3156 1347 3256 1402; x_wconf 87' lang='lat' dir='ltr'><strong>hoc</strong></span> <span class='ocrx_word' id='word_1_553' title='bbox 3271 1349 3446 1402; x_wconf 82' lang='lat' dir='ltr'><strong>sciant</strong></span> 
     </span>
    </p>
   </div>
   <div class='ocr_carea' id='block_1_80' title="bbox 1864 1431 3440 1508">
    <p class='ocr_par' dir='ltr' id='par_1_80' title="bbox 1864 1431 3440 1508">
     <span class='ocr_line' id='line_1_80' title="bbox 1864 1431 3440 1508; baseline 0.006 -26"><span class='ocrx_word' id='word_1_554' title='bbox 1864 1443 1984 1483; x_wconf 86' lang='lat' dir='ltr'><strong>esse</strong></span> <span class='ocrx_word' id='word_1_555' title='bbox 2011 1431 2265 1498; x_wconf 82' lang='lat' dir='ltr'><strong>virgines,</strong></span> <span class='ocrx_word' id='word_1_556' title='bbox 2294 1432 2435 1501; x_wconf 91' lang='lat' dir='ltr'><strong>quod</strong></span> <span class='ocrx_word' id='word_1_557' title='bbox 2464 1434 2726 1488; x_wconf 64' lang='lat' dir='ltr'><strong>maritate</strong></span> <span class='ocrx_word' id='word_1_558' title='bbox 2758 1433 2850 1506; x_wconf 89' lang='lat' dir='ltr'><strong>[a|.</strong></span> <span class='ocrx_word' id='word_1_559' title='bbox 2881 1436 3131 1508; x_wconf 74' lang='lat' dir='ltr'><strong>marilw];</strong></span> <span class='ocrx_word' id='word_1_560' title='bbox 3168 1449 3223 1491; x_wconf 87' lang='grc' dir='ltr'><strong>ιιι</strong></span> <span class='ocrx_word' id='word_1_561' title='bbox 3252 1440 3440 1492; x_wconf 79' lang='lat' dir='ltr'><strong>liorem</strong></span> 
     </span>
    </p>
   </div>
   <div class='ocr_carea' id='block_1_81' title="bbox 1865 1522 3445 1595">
    <p class='ocr_par' dir='ltr' id='par_1_81' title="bbox 1865 1522 3445 1595">
     <span class='ocr_line' id='line_1_81' title="bbox 1865 1522 3445 1595; baseline 0.008 -23"><span class='ocrx_word' id='word_1_562' title='bbox 1865 1522 2035 1573; x_wconf 71' lang='lat' dir='ltr'><strong>{elutis</strong></span> <span class='ocrx_word' id='word_1_563' title='bbox 2064 1538 2168 1574; x_wconf 90' lang='lat' dir='ltr'><strong>non</strong></span> <span class='ocrx_word' id='word_1_564' title='bbox 2201 1524 2490 1593; x_wconf 82' lang='lat' dir='ltr'><strong>negligant,</strong></span> <span class='ocrx_word' id='word_1_565' title='bbox 2527 1535 2582 1578; x_wconf 94' lang='lat' dir='ltr'><strong>ut</strong></span> <span class='ocrx_word' id='word_1_566' title='bbox 2606 1527 2894 1582; x_wconf 89' lang='lat' dir='ltr'><strong>comedant</strong></span> <span class='ocrx_word' id='word_1_567' title='bbox 2923 1538 2976 1582; x_wconf 92' lang='lat' dir='ltr'><strong>et</strong></span> <span class='ocrx_word' id='word_1_568' title='bbox 3007 1529 3212 1595; x_wconf 90' lang='lat' dir='ltr'><strong>bibant,</strong></span> <span class='ocrx_word' id='word_1_569' title='bbox 3243 1541 3296 1585; x_wconf 90' lang='lat' dir='ltr'><strong>et</strong></span> <span class='ocrx_word' id='word_1_570' title='bbox 3326 1531 3445 1585; x_wconf 88' lang='lat' dir='ltr'><strong>bal-</strong></span> 
     </span>
    </p>
   </div>
   <div class='ocr_carea' id='block_1_82' title="bbox 1865 1611 3444 1687">
    <p class='ocr_par' dir='ltr' id='par_1_82' title="bbox 1865 1611 3444 1687">
     <span class='ocr_line' id='line_1_82' title="bbox 1865 1611 3444 1687; baseline 0.008 -25"><span class='ocrx_word' id='word_1_571' title='bbox 1865 1624 1996 1663; x_wconf 86' lang='lat' dir='ltr'><strong>neas</strong></span> <span class='ocrx_word' id='word_1_572' title='bbox 2041 1611 2280 1673; x_wconf 89' lang='lat' dir='ltr'><strong>adeant,</strong></span> <span class='ocrx_word' id='word_1_573' title='bbox 2327 1614 2614 1668; x_wconf 86' lang='lat' dir='ltr'><strong>munditias</strong></span> <span class='ocrx_word' id='word_1_574' title='bbox 2663 1627 2957 1685; x_wconf 87' lang='lat' dir='ltr'><strong>appetant,</strong></span> <span class='ocrx_word' id='word_1_575' title='bbox 3009 1629 3273 1687; x_wconf 86' lang='lat' dir='ltr'><strong>unguenta</strong></span> <span class='ocrx_word' id='word_1_576' title='bbox 3339 1635 3444 1674; x_wconf 91' lang='lat' dir='ltr'><strong>non</strong></span> 
     </span>
    </p>
   </div>
   <div class='ocr_carea' id='block_1_83' title="bbox 1864 1704 3446 1779">
    <p class='ocr_par' dir='ltr' id='par_1_83' title="bbox 1864 1704 3446 1779">
     <span class='ocr_line' id='line_1_83' title="bbox 1864 1704 3446 1779; baseline 0.008 -26"><span class='ocrx_word' id='word_1_577' title='bbox 1864 1704 2160 1766; x_wconf 86' lang='lat' dir='ltr'><strong>spernant?</strong></span> <span class='ocrx_word' id='word_1_578' title='bbox 2189 1719 2257 1756; x_wconf 91' lang='lat' dir='ltr'><strong>an</strong></span> <span class='ocrx_word' id='word_1_579' title='bbox 2289 1706 2456 1771; x_wconf 82' lang='lat' dir='ltr'><strong>magis</strong></span> <span class='ocrx_word' id='word_1_580' title='bbox 2481 1707 2791 1774; x_wconf 87' lang='lat' dir='ltr'><strong>pudicitiam</strong></span> <span class='ocrx_word' id='word_1_581' title='bbox 2819 1750 2832 1772; x_wconf 91' lang='lat'><strong>,</strong></span> <span class='ocrx_word' id='word_1_582' title='bbox 2863 1719 2917 1762; x_wconf 84' lang='lat' dir='ltr'><strong>et</strong></span> <span class='ocrx_word' id='word_1_583' title='bbox 2941 1711 3143 1779; x_wconf 85' lang='lat' dir='ltr'><strong>jejunia</strong></span> <span class='ocrx_word' id='word_1_584' title='bbox 3177 1752 3192 1776; x_wconf 93' lang='lat'><strong>,</strong></span> <span class='ocrx_word' id='word_1_585' title='bbox 3235 1721 3290 1765; x_wconf 91' lang='lat' dir='ltr'><strong>ct</strong></span> <span class='ocrx_word' id='word_1_586' title='bbox 3322 1711 3446 1764; x_wconf 75' lang='lat' dir='ltr'><strong>illu-</strong></span> 
     </span>
    </p>
   </div>
   <div class='ocr_carea' id='block_1_84' title="bbox 1869 1791 3446 1870">
    <p class='ocr_par' dir='ltr' id='par_1_84' title="bbox 1869 1791 3446 1870">
     <span class='ocr_line' id='line_1_84' title="bbox 1869 1791 3446 1870; baseline 0.01 -30"><span class='ocrx_word' id='word_1_587' title='bbox 1869 1791 2002 1843; x_wconf 89' lang='lat' dir='ltr'><strong>viem</strong></span> <span class='ocrx_word' id='word_1_588' title='bbox 2033 1795 2272 1860; x_wconf 77' lang='lat' dir='ltr'><strong>Corporis</strong></span> <span class='ocrx_word' id='word_1_589' title='bbox 2294 1794 2316 1846; x_wconf 89' lang='lat'><strong>?</strong></span> <span class='ocrx_word' id='word_1_590' title='bbox 2340 1794 2531 1865; x_wconf 87' lang='lat' dir='ltr'><strong>Utique</strong></span> <span class='ocrx_word' id='word_1_591' title='bbox 2555 1797 2640 1851; x_wconf 91' lang='lat' dir='ltr'><strong>illa</strong></span> <span class='ocrx_word' id='word_1_592' title='bbox 2691 1801 2931 1868; x_wconf 72' lang='lat' dir='ltr'><strong>prmeipit</strong></span> <span class='ocrx_word' id='word_1_593' title='bbox 2956 1817 3073 1869; x_wconf 69' lang='lat' dir='ltr'><strong>qua}</strong></span> <span class='ocrx_word' id='word_1_594' title='bbox 3098 1802 3252 1870; x_wconf 89' lang='lat' dir='ltr'><strong>plena</strong></span> <span class='ocrx_word' id='word_1_595' title='bbox 3282 1803 3446 1855; x_wconf 84' lang='lat' dir='ltr'><strong>virtu-</strong></span> 
     </span>
    </p>
   </div>
   <div class='ocr_carea' id='block_1_85' title="bbox 1869 1883 3444 1962">
    <p class='ocr_par' dir='ltr' id='par_1_85' title="bbox 1869 1883 3444 1962">
     <span class='ocr_line' id='line_1_85' title="bbox 1869 1883 3444 1962; baseline 0.007 -27"><span class='ocrx_word' id='word_1_596' title='bbox 1869 1885 1936 1938; x_wconf 92' lang='lat' dir='ltr'><strong>tis</strong></span> <span class='ocrx_word' id='word_1_597' title='bbox 1964 1893 2107 1937; x_wconf 89' lang='lat' dir='ltr'><strong>snnt.</strong></span> <span class='ocrx_word' id='word_1_598' title='bbox 2158 1883 2410 1940; x_wconf 87' lang='lat' dir='ltr'><strong>Fateatur</strong></span> <span class='ocrx_word' id='word_1_599' title='bbox 2435 1902 2534 1956; x_wconf 87' lang='lat' dir='ltr'><strong>ego</strong></span> <span class='ocrx_word' id='word_1_600' title='bbox 2567 1888 2776 1956; x_wconf 87' lang='lat' dir='ltr'><strong>publice</strong></span> <span class='ocrx_word' id='word_1_601' title='bbox 2816 1890 2958 1958; x_wconf 89' lang='lat' dir='ltr'><strong>quod</strong></span> <span class='ocrx_word' id='word_1_602' title='bbox 3001 1891 3147 1946; x_wconf 90' lang='lat' dir='ltr'><strong>domi</strong></span> <span class='ocrx_word' id='word_1_603' title='bbox 3189 1893 3444 1962; x_wconf 86' lang='lat' dir='ltr'><strong>loquitur.</strong></span> 
     </span>
    </p>
   </div>
   <div class='ocr_carea' id='block_1_86' title="bbox 1867 1973 3450 2052">
    <p class='ocr_par' dir='ltr' id='par_1_86' title="bbox 1867 1973 3450 2052">
     <span class='ocr_line' id='line_1_86' title="bbox 1867 1973 3450 2052; baseline 0.008 -26"><span class='ocrx_word' id='word_1_604' title='bbox 1867 1975 1970 2026; x_wconf 82' lang='lat' dir='ltr'><strong>Aut</strong></span> <span class='ocrx_word' id='word_1_605' title='bbox 1995 1974 2038 2026; x_wconf 92' lang='lat' dir='ltr'><strong>si</strong></span> <span class='ocrx_word' id='word_1_606' title='bbox 2066 1983 2123 2028; x_wconf 93' lang='lat' dir='ltr'><strong>et</strong></span> <span class='ocrx_word' id='word_1_607' title='bbox 2142 1973 2286 2028; x_wconf 90' lang='lat' dir='ltr'><strong>domi</strong></span> <span class='ocrx_word' id='word_1_608' title='bbox 2314 1976 2500 2030; x_wconf 86' lang='lat' dir='ltr'><strong>eadem</strong></span> <span class='ocrx_word' id='word_1_609' title='bbox 2523 1977 2682 2031; x_wconf 89' lang='lat' dir='ltr'><strong>docet</strong></span> <span class='ocrx_word' id='word_1_610' title='bbox 2703 1994 2822 2046; x_wconf 78' lang='lat' dir='ltr'><strong>qua:</strong></span> <span class='ocrx_word' id='word_1_611' title='bbox 2850 1990 2904 2034; x_wconf 92' lang='lat' dir='ltr'><strong>et</strong></span> <span class='ocrx_word' id='word_1_612' title='bbox 2929 1981 3160 2050; x_wconf 90' lang='lat' dir='ltr'><strong>publice,</strong></span> <span class='ocrx_word' id='word_1_613' title='bbox 3193 1998 3220 2035; x_wconf 93' lang='lat' dir='ltr'><strong>a</strong></span> <span class='ocrx_word' id='word_1_614' title='bbox 3251 1984 3450 2052; x_wconf 86' lang='lat' dir='ltr'><strong>puella-</strong></span> 
     </span>
    </p>
   </div>
   <div class='ocr_carea' id='block_1_87' title="bbox 1867 2066 3449 2135">
    <p class='ocr_par' dir='ltr' id='par_1_87' title="bbox 1867 2066 3449 2135">
     <span class='ocr_line' id='line_1_87' title="bbox 1867 2066 3449 2135; baseline 0.006 -19"><span class='ocrx_word' id='word_1_615' title='bbox 1867 2078 1983 2116; x_wconf 90' lang='lat' dir='ltr'><strong>rum</strong></span> <span class='ocrx_word' id='word_1_616' title='bbox 2012 2066 2284 2118; x_wconf 87' lang='lat' dir='ltr'><strong>consnrtio</strong></span> <span class='ocrx_word' id='word_1_617' title='bbox 2312 2067 2642 2135; x_wconf 82' lang='lat' dir='ltr'><strong>separandos</strong></span> <span class='ocrx_word' id='word_1_618' title='bbox 2665 2079 2768 2120; x_wconf 89' lang='lat' dir='ltr'><strong>est.</strong></span> <span class='ocrx_word' id='word_1_619' title='bbox 2797 2069 2958 2122; x_wconf 82' lang='lat' dir='ltr'><strong>Miror</strong></span> <span class='ocrx_word' id='word_1_620' title='bbox 2988 2079 3166 2124; x_wconf 85' lang='lat' dir='ltr'><strong>autem</strong></span> <span class='ocrx_word' id='word_1_621' title='bbox 3194 2087 3300 2125; x_wconf 87' lang='lat' dir='ltr'><strong>non</strong></span> <span class='ocrx_word' id='word_1_622' title='bbox 3327 2088 3449 2126; x_wconf 89' lang='lat' dir='ltr'><strong>eru-</strong></span> 
     </span>
    </p>
   </div>
   <div class='ocr_carea' id='block_1_88' title="bbox 1868 2154 3446 2229">
    <p class='ocr_par' dir='ltr' id='par_1_88' title="bbox 1868 2154 3446 2229">
     <span class='ocr_line' id='line_1_88' title="bbox 1868 2154 3446 2229; baseline 0.006 -22"><span class='ocrx_word' id='word_1_623' title='bbox 1868 2154 2090 2209; x_wconf 90' lang='lat' dir='ltr'><strong>bescere</strong></span> <span class='ocrx_word' id='word_1_624' title='bbox 2129 2157 2378 2224; x_wconf 86' lang='lat' dir='ltr'><strong>juvenem</strong></span> <span class='ocrx_word' id='word_1_625' title='bbox 2407 2198 2420 2219; x_wconf 92' lang='lat'><strong>,</strong></span> <span class='ocrx_word' id='word_1_626' title='bbox 2464 2167 2519 2212; x_wconf 90' lang='lat' dir='ltr'><strong>et</strong></span> <span class='ocrx_word' id='word_1_627' title='bbox 2561 2158 2879 2213; x_wconf 80' lang='lat' dir='ltr'><strong>Monachum</strong></span> <span class='ocrx_word' id='word_1_628' title='bbox 2907 2201 2922 2225; x_wconf 91' lang='lat'><strong>,</strong></span> <span class='ocrx_word' id='word_1_629' title='bbox 2970 2170 3024 2214; x_wconf 90' lang='lat' dir='ltr'><strong>ut</strong></span> <span class='ocrx_word' id='word_1_630' title='bbox 3055 2162 3153 2215; x_wconf 86' lang='lat' dir='ltr'><strong>sibi</strong></span> <span class='ocrx_word' id='word_1_631' title='bbox 3185 2162 3397 2216; x_wconf 89' lang='lat' dir='ltr'><strong>videtur</strong></span> <span class='ocrx_word' id='word_1_632' title='bbox 3429 2204 3446 2229; x_wconf 94' lang='lat'><strong>,</strong></span> 
     </span>
    </p>
   </div>
   <div class='ocr_carea' id='block_1_89' title="bbox 1869 2246 3445 2322">
    <p class='ocr_par' dir='ltr' id='par_1_89' title="bbox 1869 2246 3445 2322">
     <span class='ocr_line' id='line_1_89' title="bbox 1869 2246 3445 2322; baseline 0.006 -23"><span class='ocrx_word' id='word_1_633' title='bbox 1869 2246 2128 2300; x_wconf 85' lang='lat' dir='ltr'><strong>disertum</strong></span> <span class='ocrx_word' id='word_1_634' title='bbox 2155 2248 2329 2317; x_wconf 87' lang='lat' dir='ltr'><strong>(cujus</strong></span> <span class='ocrx_word' id='word_1_635' title='bbox 2353 2248 2421 2302; x_wconf 89' lang='lat' dir='ltr'><strong>de</strong></span> <span class='ocrx_word' id='word_1_636' title='bbox 2450 2263 2544 2302; x_wconf 89' lang='lat' dir='ltr'><strong>ore</strong></span> <span class='ocrx_word' id='word_1_637' title='bbox 2575 2265 2802 2304; x_wconf 89' lang='lat' dir='ltr'><strong>veneres</strong></span> <span class='ocrx_word' id='word_1_638' title='bbox 2829 2251 2999 2304; x_wconf 81' lang='lat' dir='ltr'><strong>fluunt</strong></span> <span class='ocrx_word' id='word_1_639' title='bbox 3025 2267 3041 2317; x_wconf 91' lang='lat'><strong>;</strong></span> <span class='ocrx_word' id='word_1_640' title='bbox 3084 2253 3172 2322; x_wconf 89' lang='lat' dir='ltr'><strong>qui</strong></span> <span class='ocrx_word' id='word_1_641' title='bbox 3202 2263 3360 2308; x_wconf 72' lang='lat' dir='ltr'><strong>tanta:</strong></span> <span class='ocrx_word' id='word_1_642' title='bbox 3393 2256 3445 2308; x_wconf 89' lang='lat' dir='ltr'><strong>in</strong></span> 
     </span>
    </p>
   </div>
   <div class='ocr_carea' id='block_1_90' title="bbox 1871 2338 3452 2412">
    <p class='ocr_par' dir='ltr' id='par_1_90' title="bbox 1871 2338 3452 2412">
     <span class='ocr_line' id='line_1_90' title="bbox 1871 2338 3452 2412; baseline 0.008 -26"><span class='ocrx_word' id='word_1_643' title='bbox 1871 2338 2282 2390; x_wconf 84' lang='lat' dir='ltr'><strong>sermocinando</strong></span> <span class='ocrx_word' id='word_1_644' title='bbox 2309 2339 2588 2407; x_wconf 64' lang='lat' dir='ltr'><strong>elegantia:</strong></span> <span class='ocrx_word' id='word_1_645' title='bbox 2615 2349 2718 2406; x_wconf 89' lang='lat' dir='ltr'><strong>est,</strong></span> <span class='ocrx_word' id='word_1_646' title='bbox 2747 2352 2803 2394; x_wconf 90' lang='lat' dir='ltr'><strong>ut</strong></span> <span class='ocrx_word' id='word_1_647' title='bbox 2831 2341 3050 2396; x_wconf 90' lang='lat' dir='ltr'><strong>Comico</strong></span> <span class='ocrx_word' id='word_1_648' title='bbox 3073 2343 3184 2397; x_wconf 90' lang='lat' dir='ltr'><strong>sale</strong></span> <span class='ocrx_word' id='word_1_649' title='bbox 3209 2359 3271 2397; x_wconf 89' lang='lat' dir='ltr'><strong>ac</strong></span> <span class='ocrx_word' id='word_1_650' title='bbox 3301 2343 3452 2412; x_wconf 66' lang='lat' dir='ltr'><strong>lepoo</strong></span> 
     </span>
    </p>
   </div>
   <div class='ocr_carea' id='block_1_91' title="bbox 1871 2432 3449 2500">
    <p class='ocr_par' dir='ltr' id='par_1_91' title="bbox 1871 2432 3449 2500">
     <span class='ocr_line' id='line_1_91' title="bbox 1871 2432 3449 2500; baseline 0.005 -17"><span class='ocrx_word' id='word_1_651' title='bbox 1871 2446 1930 2484; x_wconf 89' lang='lat' dir='ltr'><strong>re</strong></span> <span class='ocrx_word' id='word_1_652' title='bbox 1960 2445 2284 2497; x_wconf 82' lang='lat' dir='ltr'><strong>conspersus</strong></span> <span class='ocrx_word' id='word_1_653' title='bbox 2315 2433 2404 2500; x_wconf 88' lang='lat' dir='ltr'><strong>sit)</strong></span> <span class='ocrx_word' id='word_1_654' title='bbox 2438 2432 2667 2487; x_wconf 90' lang='lat' dir='ltr'><strong>lustrare</strong></span> <span class='ocrx_word' id='word_1_655' title='bbox 2699 2433 2957 2487; x_wconf 87' lang='lat' dir='ltr'><strong>nobilium</strong></span> <span class='ocrx_word' id='word_1_656' title='bbox 2983 2435 3208 2499; x_wconf 87' lang='lat' dir='ltr'><strong>domos,</strong></span> <span class='ocrx_word' id='word_1_657' title='bbox 3241 2435 3449 2492; x_wconf 65' lang='lat' dir='ltr'><strong>haerere</strong></span> 
     </span>
    </p>
   </div>
   <div class='ocr_carea' id='block_1_92' title="bbox 1872 2523 3442 2597">
    <p class='ocr_par' dir='ltr' id='par_1_92' title="bbox 1872 2523 3442 2597">
     <span class='ocr_line' id='line_1_92' title="bbox 1872 2523 3442 2597; baseline 0.004 -23"><span class='ocrx_word' id='word_1_658' title='bbox 1872 2523 2283 2577; x_wconf 86' lang='lat' dir='ltr'><strong>salutationibus</strong></span> <span class='ocrx_word' id='word_1_659' title='bbox 2308 2535 2670 2579; x_wconf 89' lang='lat' dir='ltr'><strong>matronarum</strong></span> <span class='ocrx_word' id='word_1_660' title='bbox 2692 2567 2706 2589; x_wconf 95' lang='lat'><strong>,</strong></span> <span class='ocrx_word' id='word_1_661' title='bbox 2740 2528 2757 2594; x_wconf 98' lang='lat'><strong>(</strong></span> <span class='ocrx_word' id='word_1_662' title='bbox 2781 2525 2836 2597; x_wconf 72' lang='grc' dir='ltr'><strong>ί)</strong></span> <span class='ocrx_word' id='word_1_663' title='bbox 2863 2527 3175 2596; x_wconf 86' lang='lat' dir='ltr'><strong>religionem</strong></span> <span class='ocrx_word' id='word_1_664' title='bbox 3202 2537 3442 2582; x_wconf 90' lang='lat' dir='ltr'><strong>nostram</strong></span> 
     </span>
    </p>
   </div>
   <div class='ocr_carea' id='block_1_93' title="bbox 1876 2616 3452 2690">
    <p class='ocr_par' dir='ltr' id='par_1_93' title="bbox 1876 2616 3452 2690">
     <span class='ocr_line' id='line_1_93' title="bbox 1876 2616 3452 2690; baseline 0.006 -26"><span class='ocrx_word' id='word_1_665' title='bbox 1876 2633 2101 2685; x_wconf 85' lang='lat' dir='ltr'><strong>pugnam</strong></span> <span class='ocrx_word' id='word_1_666' title='bbox 2131 2616 2328 2677; x_wconf 85' lang='lat' dir='ltr'><strong>facere.</strong></span> <span class='ocrx_word' id='word_1_667' title='bbox 2351 2629 2401 2671; x_wconf 90' lang='lat' dir='ltr'><strong>et</strong></span> <span class='ocrx_word' id='word_1_668' title='bbox 2421 2618 2574 2673; x_wconf 79' lang='lat' dir='ltr'><strong>fidem</strong></span> <span class='ocrx_word' id='word_1_669' title='bbox 2597 2619 2796 2673; x_wconf 85' lang='lat' dir='ltr'><strong>Christi</strong></span> <span class='ocrx_word' id='word_1_670' title='bbox 2825 2619 3173 2674; x_wconf 89' lang='lat' dir='ltr'><strong>contentione</strong></span> <span class='ocrx_word' id='word_1_671' title='bbox 3199 2631 3452 2690; x_wconf 90' lang='lat' dir='ltr'><strong>torquere</strong></span> 
     </span>
    </p>
   </div>
   <div class='ocr_carea' id='block_1_94' title="bbox 1874 2708 3454 2777">
    <p class='ocr_par' dir='ltr' id='par_1_94' title="bbox 1874 2708 3454 2777">
     <span class='ocr_line' id='line_1_94' title="bbox 1874 2708 3454 2777; baseline 0.004 -20"><span class='ocrx_word' id='word_1_672' title='bbox 1874 2708 2188 2772; x_wconf 86' lang='lat' dir='ltr'><strong>verborum;</strong></span> <span class='ocrx_word' id='word_1_673' title='bbox 2219 2717 2377 2777; x_wconf 89' lang='lat' dir='ltr'><strong>atque</strong></span> <span class='ocrx_word' id='word_1_674' title='bbox 2406 2710 2544 2763; x_wconf 88' lang='lat' dir='ltr'><strong>inter</strong></span> <span class='ocrx_word' id='word_1_675' title='bbox 2564 2709 2679 2764; x_wconf 75' lang='lat' dir='ltr'><strong>brcc</strong></span> <span class='ocrx_word' id='word_1_676' title='bbox 2706 2710 2854 2764; x_wconf 87' lang='lat' dir='ltr'><strong>fratri</strong></span> <span class='ocrx_word' id='word_1_677' title='bbox 2885 2726 2982 2765; x_wconf 90' lang='lat' dir='ltr'><strong>suo</strong></span> <span class='ocrx_word' id='word_1_678' title='bbox 3005 2711 3307 2765; x_wconf 89' lang='lat' dir='ltr'><strong>detrahere.</strong></span> <span class='ocrx_word' id='word_1_679' title='bbox 3338 2711 3454 2766; x_wconf 83' lang='lat' dir='ltr'><strong>Uti-</strong></span> 
     </span>
    </p>
   </div>
   <div class='ocr_carea' id='block_1_95' title="bbox 1875 2800 3450 2871">
    <p class='ocr_par' dir='ltr' id='par_1_95' title="bbox 1875 2800 3450 2871">
     <span class='ocr_line' id='line_1_95' title="bbox 1875 2800 3450 2871; baseline 0.003 -21"><span class='ocrx_word' id='word_1_680' title='bbox 1875 2813 1978 2866; x_wconf 88' lang='lat' dir='ltr'><strong>que</strong></span> <span class='ocrx_word' id='word_1_681' title='bbox 2007 2800 2049 2852; x_wconf 89' lang='lat' dir='ltr'><strong>si</strong></span> <span class='ocrx_word' id='word_1_682' title='bbox 2075 2815 2256 2854; x_wconf 87' lang='lat' dir='ltr'><strong>crrare</strong></span> <span class='ocrx_word' id='word_1_683' title='bbox 2293 2816 2380 2854; x_wconf 90' lang='lat' dir='ltr'><strong>me</strong></span> <span class='ocrx_word' id='word_1_684' title='bbox 2415 2800 2705 2854; x_wconf 89' lang='lat' dir='ltr'><strong>arbitratus</strong></span> <span class='ocrx_word' id='word_1_685' title='bbox 2745 2813 2826 2854; x_wconf 91' lang='lat' dir='ltr'><strong>est</strong></span> <span class='ocrx_word' id='word_1_686' title='bbox 2877 2802 2951 2871; x_wconf 90' lang='lat' dir='ltr'><strong>(in</strong></span> <span class='ocrx_word' id='word_1_687' title='bbox 2981 2802 3163 2855; x_wconf 89' lang='lat' dir='ltr'><strong>multis</strong></span> <span class='ocrx_word' id='word_1_688' title='bbox 3188 2802 3332 2855; x_wconf 86' lang='lat' dir='ltr'><strong>enim</strong></span> <span class='ocrx_word' id='word_1_689' title='bbox 3364 2802 3450 2855; x_wconf 87' lang='lat' dir='ltr'><strong>of-</strong></span> 
     </span>
    </p>
   </div>
   <div class='ocr_carea' id='block_1_96' title="bbox 1879 2886 3448 2957">
    <p class='ocr_par' dir='ltr' id='par_1_96' title="bbox 1879 2886 3448 2957">
     <span class='ocr_line' id='line_1_96' title="bbox 1879 2886 3448 2957; baseline 0.002 -17"><span class='ocrx_word' id='word_1_690' title='bbox 1879 2886 2139 2942; x_wconf 84' lang='lat' dir='ltr'><strong>fendimus</strong></span> <span class='ocrx_word' id='word_1_691' title='bbox 2162 2903 2352 2943; x_wconf 87' lang='lat' dir='ltr'><strong>omnes</strong></span> <span class='ocrx_word' id='word_1_692' title='bbox 2377 2931 2392 2954; x_wconf 92' lang='lat'><strong>,</strong></span> <span class='ocrx_word' id='word_1_693' title='bbox 2425 2898 2480 2944; x_wconf 90' lang='lat' dir='ltr'><strong>et</strong></span> <span class='ocrx_word' id='word_1_694' title='bbox 2517 2907 2534 2940; x_wconf 79' lang='grc' dir='ltr'><strong>ι</strong></span> <span class='ocrx_word' id='word_1_695' title='bbox 2566 2890 2608 2942; x_wconf 89' lang='lat' dir='ltr'><strong>si</strong></span> <span class='ocrx_word' id='word_1_696' title='bbox 2641 2889 2761 2957; x_wconf 78' lang='lat' dir='ltr'><strong>quis</strong></span> <span class='ocrx_word' id='word_1_697' title='bbox 2803 2891 2853 2941; x_wconf 91' lang='lat' dir='ltr'><strong>in</strong></span> <span class='ocrx_word' id='word_1_698' title='bbox 2894 2893 3058 2943; x_wconf 87' lang='lat' dir='ltr'><strong>verbo</strong></span> <span class='ocrx_word' id='word_1_699' title='bbox 3087 2905 3191 2942; x_wconf 92' lang='lat' dir='ltr'><strong>non</strong></span> <span class='ocrx_word' id='word_1_700' title='bbox 3222 2900 3448 2956; x_wconf 84' lang='lat' dir='ltr'><strong>peccat,</strong></span> 
     </span>
    </p>
   </div>
   <div class='ocr_carea' id='block_1_97' title="bbox 1878 2979 3457 3051">
    <p class='ocr_par' dir='ltr' id='par_1_97' title="bbox 1878 2979 3457 3051">
     <span class='ocr_line' id='line_1_97' title="bbox 1878 2979 3457 3051; baseline 0.001 -20"><span class='ocrx_word' id='word_1_701' title='bbox 1878 2979 1964 3032; x_wconf 91' lang='lat' dir='ltr'><strong>hic</strong></span> <span class='ocrx_word' id='word_1_702' title='bbox 1994 2979 2257 3047; x_wconf 80' lang='lat' dir='ltr'><strong>perfectus</strong></span> <span class='ocrx_word' id='word_1_703' title='bbox 2287 2989 2368 3034; x_wconf 88' lang='lat' dir='ltr'><strong>est</strong></span> <span class='ocrx_word' id='word_1_704' title='bbox 2389 2980 2490 3051; x_wconf 86' lang='lat' dir='ltr'><strong>vir)</strong></span> <span class='ocrx_word' id='word_1_705' title='bbox 2528 3001 2546 3031; x_wconf 75' lang='grc' dir='ltr'><strong>ι</strong></span> <span class='ocrx_word' id='word_1_706' title='bbox 2584 2979 2795 3049; x_wconf 72' lang='lat' dir='ltr'><strong>(Iacob.</strong></span> <span class='ocrx_word' id='word_1_707' title='bbox 2823 2982 2910 3035; x_wconf 65' lang='grc' dir='ltr'><strong>δῦ.</strong></span> <span class='ocrx_word' id='word_1_708' title='bbox 2938 2981 3021 3046; x_wconf 62' lang='grc' dir='ltr'><strong>ἓ),</strong></span> <span class='ocrx_word' id='word_1_709' title='bbox 3052 2979 3234 3033; x_wconf 86' lang='lat' dir='ltr'><strong>debuit</strong></span> <span class='ocrx_word' id='word_1_710' title='bbox 3256 2981 3339 3033; x_wconf 86' lang='lat' dir='ltr'><strong>vel</strong></span> <span class='ocrx_word' id='word_1_711' title='bbox 3369 2994 3457 3033; x_wconf 85' lang='lat' dir='ltr'><strong>ar-</strong></span> 
     </span>
    </p>
   </div>
   <div class='ocr_carea' id='block_1_98' title="bbox 1877 3069 3457 3139">
    <p class='ocr_par' dir='ltr' id='par_1_98' title="bbox 1877 3069 3457 3139">
     <span class='ocr_line' id='line_1_98' title="bbox 1877 3069 3457 3139; baseline 0.004 -21"><span class='ocrx_word' id='word_1_712' title='bbox 1877 3082 2059 3136; x_wconf 85' lang='lat' dir='ltr'><strong>guere,</strong></span> <span class='ocrx_word' id='word_1_713' title='bbox 2085 3069 2166 3120; x_wconf 90' lang='lat' dir='ltr'><strong>vel</strong></span> <span class='ocrx_word' id='word_1_714' title='bbox 2194 3071 2526 3139; x_wconf 83' lang='lat' dir='ltr'><strong>interrogare</strong></span> <span class='ocrx_word' id='word_1_715' title='bbox 2555 3085 2650 3138; x_wconf 87' lang='lat' dir='ltr'><strong>per</strong></span> <span class='ocrx_word' id='word_1_716' title='bbox 2683 3071 2918 3124; x_wconf 87' lang='lat' dir='ltr'><strong>litteras.</strong></span> <span class='ocrx_word' id='word_1_717' title='bbox 2941 3069 3080 3138; x_wconf 90' lang='lat' dir='ltr'><strong>quod</strong></span> <span class='ocrx_word' id='word_1_718' title='bbox 3111 3069 3190 3124; x_wconf 86' lang='lat' dir='ltr'><strong>vir</strong></span> <span class='ocrx_word' id='word_1_719' title='bbox 3211 3069 3457 3124; x_wconf 83' lang='lat' dir='ltr'><strong>eruditus</strong></span> 
     </span>
    </p>
   </div>
   <div class='ocr_carea' id='block_1_99' title="bbox 1879 3160 3457 3228">
    <p class='ocr_par' dir='ltr' id='par_1_99' title="bbox 1879 3160 3457 3228">
     <span class='ocr_line' id='line_1_99' title="bbox 1879 3160 3457 3228; baseline 0 -16"><span class='ocrx_word' id='word_1_720' title='bbox 1879 3169 1933 3212; x_wconf 90' lang='lat' dir='ltr'><strong>et</strong></span> <span class='ocrx_word' id='word_1_721' title='bbox 1973 3160 2165 3213; x_wconf 86' lang='lat' dir='ltr'><strong>nobilis</strong></span> <span class='ocrx_word' id='word_1_722' title='bbox 2219 3160 2339 3214; x_wconf 88' lang='lat' dir='ltr'><strong>fecit</strong></span> <span class='ocrx_word' id='word_1_723' title='bbox 2379 3161 2786 3225; x_wconf 79' lang='lat' dir='ltr'><strong>Pammachius,</strong></span> <span class='ocrx_word' id='word_1_724' title='bbox 2836 3161 2918 3214; x_wconf 90' lang='lat' dir='ltr'><strong>cui</strong></span> <span class='ocrx_word' id='word_1_725' title='bbox 2956 3175 3054 3228; x_wconf 81' lang='lat' dir='ltr'><strong>ego</strong></span> <span class='ocrx_word' id='word_1_726' title='bbox 3103 3163 3457 3226; x_wconf 78' lang='grc' dir='ltr'><strong>ἀπιλονισάμην</strong></span> 
     </span>
    </p>
   </div>
   <div class='ocr_carea' id='block_1_100' title="bbox 1881 3249 3457 3320">
    <p class='ocr_par' dir='ltr' id='par_1_100' title="bbox 1881 3249 3457 3320">
     <span class='ocr_line' id='line_1_100' title="bbox 1881 3249 3457 3320; baseline 0.002 -18"><span class='ocrx_word' id='word_1_727' title='bbox 1881 3261 1934 3302; x_wconf 89' lang='grc' dir='ltr'><strong>ιιι</strong></span> <span class='ocrx_word' id='word_1_728' title='bbox 1964 3251 2128 3318; x_wconf 90' lang='lat' dir='ltr'><strong>potui,</strong></span> <span class='ocrx_word' id='word_1_729' title='bbox 2145 3260 2198 3303; x_wconf 91' lang='lat' dir='ltr'><strong>et</strong></span> <span class='ocrx_word' id='word_1_730' title='bbox 2216 3249 2450 3319; x_wconf 85' lang='lat' dir='ltr'><strong>Epistula</strong></span> <span class='ocrx_word' id='word_1_731' title='bbox 2473 3251 2697 3305; x_wconf 89' lang='lat' dir='ltr'><strong>disserui</strong></span> <span class='ocrx_word' id='word_1_732' title='bbox 2721 3251 2959 3319; x_wconf 88' lang='lat' dir='ltr'><strong>longiore</strong></span> <span class='ocrx_word' id='word_1_733' title='bbox 2978 3250 3269 3320; x_wconf 80' lang='lat' dir='ltr'><strong>(Superior.</strong></span> <span class='ocrx_word' id='word_1_734' title='bbox 3291 3249 3457 3319; x_wconf 77' lang='lat' dir='ltr'><strong>Epist.</strong></span> 
     </span>
    </p>
   </div>
   <div class='ocr_carea' id='block_1_101' title="bbox 1880 3339 3460 3411">
    <p class='ocr_par' dir='ltr' id='par_1_101' title="bbox 1880 3339 3460 3411">
     <span class='ocr_line' id='line_1_101' title="bbox 1880 3339 3460 3411; baseline 0.001 -18"><span class='ocrx_word' id='word_1_735' title='bbox 1880 3339 2177 3410; x_wconf 78' lang='lat' dir='ltr'><strong>XLVIII),</strong></span> <span class='ocrx_word' id='word_1_736' title='bbox 2201 3357 2308 3411; x_wconf 90' lang='lat' dir='ltr'><strong>quo</strong></span> <span class='ocrx_word' id='word_1_737' title='bbox 2326 3342 2742 3411; x_wconf 84' lang='lat' dir='ltr'><strong>unumquodque</strong></span> <span class='ocrx_word' id='word_1_738' title='bbox 2763 3355 2920 3396; x_wconf 82' lang='lat' dir='ltr'><strong>sensu</strong></span> <span class='ocrx_word' id='word_1_739' title='bbox 2943 3341 3190 3396; x_wconf 77' lang='lat' dir='ltr'><strong>dixerim.</strong></span> <span class='ocrx_word' id='word_1_740' title='bbox 3219 3340 3460 3396; x_wconf 86' lang='lat' dir='ltr'><strong>Imitatus</strong></span> 
     </span>
    </p>
   </div>
   <div class='ocr_carea' id='block_1_102' title="bbox 1881 3431 3458 3501">
    <p class='ocr_par' dir='ltr' id='par_1_102' title="bbox 1881 3431 3458 3501">
     <span class='ocr_line' id='line_1_102' title="bbox 1881 3431 3458 3501; baseline -0.001 -15"><span class='ocrx_word' id='word_1_741' title='bbox 1881 3433 2067 3486; x_wconf 86' lang='lat' dir='ltr'><strong>saltem</strong></span> <span class='ocrx_word' id='word_1_742' title='bbox 2099 3432 2283 3486; x_wconf 80' lang='lat' dir='ltr'><strong>fuisset</strong></span> <span class='ocrx_word' id='word_1_743' title='bbox 2316 3441 2458 3486; x_wconf 89' lang='lat' dir='ltr'><strong>tuam</strong></span> <span class='ocrx_word' id='word_1_744' title='bbox 2487 3432 2864 3487; x_wconf 88' lang='lat' dir='ltr'><strong>verecundiam</strong></span> <span class='ocrx_word' id='word_1_745' title='bbox 2887 3473 2900 3493; x_wconf 93' lang='lat'><strong>,</strong></span> <span class='ocrx_word' id='word_1_746' title='bbox 2935 3432 3025 3501; x_wconf 88' lang='lat' dir='ltr'><strong>qui</strong></span> <span class='ocrx_word' id='word_1_747' title='bbox 3057 3445 3119 3485; x_wconf 84' lang='lat' dir='ltr'><strong>ea</strong></span> <span class='ocrx_word' id='word_1_748' title='bbox 3153 3431 3267 3484; x_wconf 87' lang='lat' dir='ltr'><strong>loca</strong></span> <span class='ocrx_word' id='word_1_749' title='bbox 3291 3471 3305 3495; x_wconf 87' lang='lat'><strong>,</strong></span> <span class='ocrx_word' id='word_1_750' title='bbox 3336 3445 3458 3499; x_wconf 82' lang='lat' dir='ltr'><strong>qua:</strong></span> 
     </span>
    </p>
   </div>
   <div class='ocr_carea' id='block_1_103' title="bbox 1880 3522 3459 3594">
    <p class='ocr_par' dir='ltr' id='par_1_103' title="bbox 1880 3522 3459 3594">
     <span class='ocr_line' id='line_1_103' title="bbox 1880 3522 3459 3594; baseline -0.003 -14"><span class='ocrx_word' id='word_1_751' title='bbox 1880 3525 2188 3580; x_wconf 86' lang='lat' dir='ltr'><strong>scandalum</strong></span> <span class='ocrx_word' id='word_1_752' title='bbox 2211 3524 2529 3594; x_wconf 87' lang='lat' dir='ltr'><strong>quibusdam</strong></span> <span class='ocrx_word' id='word_1_753' title='bbox 2558 3525 2732 3578; x_wconf 86' lang='lat' dir='ltr'><strong>facere</strong></span> <span class='ocrx_word' id='word_1_754' title='bbox 2759 3523 3096 3588; x_wconf 86' lang='lat' dir='ltr'><strong>videbantur,</strong></span> <span class='ocrx_word' id='word_1_755' title='bbox 3117 3533 3367 3591; x_wconf 82' lang='lat' dir='ltr'><strong>excerpta</strong></span> <span class='ocrx_word' id='word_1_756' title='bbox 3391 3522 3459 3576; x_wconf 92' lang='lat' dir='ltr'><strong>de</strong></span> 
     </span>
    </p>
   </div>
   <div class='ocr_carea' id='block_1_104' title="bbox 1884 3614 3452 3686">
    <p class='ocr_par' dir='ltr' id='par_1_104' title="bbox 1884 3614 3452 3686">
     <span class='ocr_line' id='line_1_104' title="bbox 1884 3614 3452 3686; baseline -0.002 -17"><span class='ocrx_word' id='word_1_757' title='bbox 1884 3617 2154 3670; x_wconf 89' lang='lat' dir='ltr'><strong>volumine</strong></span> <span class='ocrx_word' id='word_1_758' title='bbox 2211 3631 2310 3686; x_wconf 87' lang='lat' dir='ltr'><strong>per</strong></span> <span class='ocrx_word' id='word_1_759' title='bbox 2355 3615 2596 3670; x_wconf 88' lang='lat' dir='ltr'><strong>ordinem</strong></span> <span class='ocrx_word' id='word_1_760' title='bbox 2645 3616 2949 3684; x_wconf 87' lang='lat' dir='ltr'><strong>digessisti,</strong></span> <span class='ocrx_word' id='word_1_761' title='bbox 2991 3629 3218 3682; x_wconf 85' lang='lat' dir='ltr'><strong>poscens</strong></span> <span class='ocrx_word' id='word_1_762' title='bbox 3267 3621 3325 3666; x_wconf 91' lang='lat' dir='ltr'><strong>ut</strong></span> <span class='ocrx_word' id='word_1_763' title='bbox 3370 3614 3452 3666; x_wconf 79' lang='lat' dir='ltr'><strong>vel</strong></span> 
     </span>
    </p>
   </div>
   <div class='ocr_carea' id='block_1_105' title="bbox 1883 3707 3461 3774">
    <p class='ocr_par' dir='ltr' id='par_1_105' title="bbox 1883 3707 3461 3774">
     <span class='ocr_line' id='line_1_105' title="bbox 1883 3707 3461 3774; baseline -0.004 -12"><span class='ocrx_word' id='word_1_764' title='bbox 1883 3709 2245 3771; x_wconf 82' lang='lat' dir='ltr'><strong>emendarem,</strong></span> <span class='ocrx_word' id='word_1_765' title='bbox 2275 3707 2355 3762; x_wconf 89' lang='lat' dir='ltr'><strong>vel</strong></span> <span class='ocrx_word' id='word_1_766' title='bbox 2389 3721 2735 3774; x_wconf 79' lang='lat' dir='ltr'><strong>exponerem,</strong></span> <span class='ocrx_word' id='word_1_767' title='bbox 2756 3715 2809 3759; x_wconf 89' lang='lat' dir='ltr'><strong>et</strong></span> <span class='ocrx_word' id='word_1_768' title='bbox 2835 3722 2940 3758; x_wconf 86' lang='lat' dir='ltr'><strong>non</strong></span> <span class='ocrx_word' id='word_1_769' title='bbox 2971 3715 3131 3757; x_wconf 81' lang='lat' dir='ltr'><strong>tautae</strong></span> <span class='ocrx_word' id='word_1_770' title='bbox 3161 3719 3247 3756; x_wconf 88' lang='lat' dir='ltr'><strong>me</strong></span> <span class='ocrx_word' id='word_1_771' title='bbox 3276 3713 3461 3771; x_wconf 88' lang='lat' dir='ltr'><strong>putas-</strong></span> 
     </span>
    </p>
   </div>
   <div class='ocr_carea' id='block_1_106' title="bbox 1884 3793 3462 3862">
    <p class='ocr_par' dir='ltr' id='par_1_106' title="bbox 1884 3793 3462 3862">
     <span class='ocr_line' id='line_1_106' title="bbox 1884 3793 3462 3862; baseline -0.003 -11"><span class='ocrx_word' id='word_1_772' title='bbox 1884 3807 1966 3852; x_wconf 88' lang='lat' dir='ltr'><strong>set</strong></span> <span class='ocrx_word' id='word_1_773' title='bbox 1989 3799 2275 3854; x_wconf 68' lang='lat' dir='ltr'><strong>dementiae</strong></span> <span class='ocrx_word' id='word_1_774' title='bbox 2295 3839 2309 3860; x_wconf 90' lang='lat'><strong>,</strong></span> <span class='ocrx_word' id='word_1_775' title='bbox 2341 3808 2396 3850; x_wconf 89' lang='grc' dir='ltr'><strong>ιιι</strong></span> <span class='ocrx_word' id='word_1_776' title='bbox 2428 3797 2480 3849; x_wconf 87' lang='lat' dir='ltr'><strong>itt</strong></span> <span class='ocrx_word' id='word_1_777' title='bbox 2527 3811 2635 3850; x_wconf 91' lang='lat' dir='ltr'><strong>uno</strong></span> <span class='ocrx_word' id='word_1_778' title='bbox 2677 3804 2836 3862; x_wconf 88' lang='lat' dir='ltr'><strong>atque</strong></span> <span class='ocrx_word' id='word_1_779' title='bbox 2861 3793 3050 3847; x_wconf 88' lang='lat' dir='ltr'><strong>eodem</strong></span> <span class='ocrx_word' id='word_1_780' title='bbox 3090 3793 3256 3857; x_wconf 88' lang='lat' dir='ltr'><strong>libro,</strong></span> <span class='ocrx_word' id='word_1_781' title='bbox 3285 3801 3337 3845; x_wconf 90' lang='lat' dir='ltr'><strong>et</strong></span> <span class='ocrx_word' id='word_1_782' title='bbox 3364 3807 3462 3861; x_wconf 82' lang='lat' dir='ltr'><strong>pro</strong></span> 
     </span>
    </p>
   </div>
   <div class='ocr_carea' id='block_1_107' title="bbox 1885 3883 2982 3959">
    <p class='ocr_par' dir='ltr' id='par_1_107' title="bbox 1885 3883 2982 3959">
     <span class='ocr_line' id='line_1_107' title="bbox 1885 3883 2982 3959; baseline -0.008 -15"><span class='ocrx_word' id='word_1_783' title='bbox 1885 3891 2104 3959; x_wconf 90' lang='lat' dir='ltr'><strong>nuptiis,</strong></span> <span class='ocrx_word' id='word_1_784' title='bbox 2135 3900 2183 3942; x_wconf 89' lang='lat' dir='ltr'><strong>et</strong></span> <span class='ocrx_word' id='word_1_785' title='bbox 2211 3896 2397 3941; x_wconf 88' lang='lat' dir='ltr'><strong>contra</strong></span> <span class='ocrx_word' id='word_1_786' title='bbox 2428 3887 2642 3953; x_wconf 88' lang='lat' dir='ltr'><strong>nuptias</strong></span> <span class='ocrx_word' id='word_1_787' title='bbox 2666 3883 2982 3937; x_wconf 89' lang='lat' dir='ltr'><strong>scriberem.</strong></span> 
     </span>
    </p>
   </div>
   <div class='ocr_carea' id='block_1_108' title="bbox 1888 3973 3459 4053">
    <p class='ocr_par' dir='ltr' id='par_1_108' title="bbox 1888 3973 3459 4053">
     <span class='ocr_line' id='line_1_108' title="bbox 1888 3973 3459 4053; baseline -0.008 -14"><span class='ocrx_word' id='word_1_788' title='bbox 1888 3983 2049 4053; x_wconf 73' lang='lat'><strong>239</strong></span> <span class='ocrx_word' id='word_1_789' title='bbox 2119 3981 2176 4034; x_wconf 71' lang='grc'><strong>4.</strong></span> <span class='ocrx_word' id='word_1_790' title='bbox 2199 3979 2390 4033; x_wconf 88' lang='lat' dir='ltr'><strong>Pareat</strong></span> <span class='ocrx_word' id='word_1_791' title='bbox 2415 3978 2554 4042; x_wconf 90' lang='lat' dir='ltr'><strong>sibi,</strong></span> <span class='ocrx_word' id='word_1_792' title='bbox 2590 3984 2772 4045; x_wconf 89' lang='lat' dir='ltr'><strong>parcat</strong></span> <span class='ocrx_word' id='word_1_793' title='bbox 2821 3973 2975 4035; x_wconf 85' lang='lat' dir='ltr'><strong>mihi,</strong></span> <span class='ocrx_word' id='word_1_794' title='bbox 3021 3979 3202 4041; x_wconf 87' lang='lat' dir='ltr'><strong>parcat</strong></span> <span class='ocrx_word' id='word_1_795' title='bbox 3255 3973 3459 4026; x_wconf 88' lang='lat' dir='ltr'><strong>nomini</strong></span> 
     </span>
    </p>
   </div>
   <div class='ocr_carea' id='block_1_109' title="bbox 1875 4061 3465 4132">
    <p class='ocr_par' dir='ltr' id='par_1_109' title="bbox 1875 4061 3465 4132">
     <span class='ocr_line' id='line_1_109' title="bbox 1875 4061 3465 4132; baseline -0.006 -6"><span class='ocrx_word' id='word_1_796' title='bbox 1875 4072 2214 4127; x_wconf 77' lang='lat' dir='ltr'><strong>Christiano.</strong></span> <span class='ocrx_word' id='word_1_797' title='bbox 2250 4068 2563 4123; x_wconf 82' lang='lat' dir='ltr'><strong>Monachum</strong></span> <span class='ocrx_word' id='word_1_798' title='bbox 2606 4081 2664 4120; x_wconf 90' lang='lat' dir='ltr'><strong>se</strong></span> <span class='ocrx_word' id='word_1_799' title='bbox 2686 4079 2807 4120; x_wconf 84' lang='lat' dir='ltr'><strong>esse</strong></span> <span class='ocrx_word' id='word_1_800' title='bbox 2834 4080 2939 4118; x_wconf 87' lang='lat' dir='ltr'><strong>non</strong></span> <span class='ocrx_word' id='word_1_801' title='bbox 2972 4061 3238 4132; x_wconf 85' lang='lat' dir='ltr'><strong>loquendo</strong></span> <span class='ocrx_word' id='word_1_802' title='bbox 3260 4103 3274 4126; x_wconf 90' lang='lat'><strong>,</strong></span> <span class='ocrx_word' id='word_1_803' title='bbox 3303 4073 3357 4115; x_wconf 88' lang='lat' dir='ltr'><strong>et</strong></span> <span class='ocrx_word' id='word_1_804' title='bbox 3381 4062 3465 4116; x_wconf 84' lang='lat' dir='ltr'><strong>tli-</strong></span> 
     </span>
    </p>
   </div>
   <div class='ocr_carea' id='block_1_110' title="bbox 1889 4153 3465 4227">
    <p class='ocr_par' dir='ltr' id='par_1_110' title="bbox 1889 4153 3465 4227">
     <span class='ocr_line' id='line_1_110' title="bbox 1889 4153 3465 4227; baseline -0.007 -9"><span class='ocrx_word' id='word_1_805' title='bbox 1889 4160 2207 4227; x_wconf 83' lang='lat' dir='ltr'><strong>scursando,</strong></span> <span class='ocrx_word' id='word_1_806' title='bbox 2252 4159 2347 4214; x_wconf 88' lang='lat' dir='ltr'><strong>sed</strong></span> <span class='ocrx_word' id='word_1_807' title='bbox 2394 4157 2654 4220; x_wconf 89' lang='lat' dir='ltr'><strong>tacendo,</strong></span> <span class='ocrx_word' id='word_1_808' title='bbox 2685 4165 2741 4211; x_wconf 90' lang='lat' dir='ltr'><strong>et</strong></span> <span class='ocrx_word' id='word_1_809' title='bbox 2766 4155 3006 4211; x_wconf 86' lang='lat' dir='ltr'><strong>sedendo</strong></span> <span class='ocrx_word' id='word_1_810' title='bbox 3041 4153 3268 4208; x_wconf 84' lang='lat' dir='ltr'><strong>noverit.</strong></span> <span class='ocrx_word' id='word_1_811' title='bbox 3300 4153 3465 4223; x_wconf 85' lang='lat' dir='ltr'><strong>Legat</strong></span> 
     </span>
    </p>
   </div>
   <div class='ocr_carea' id='block_1_111' title="bbox 1888 4246 3467 4315">
    <p class='ocr_par' dir='ltr' id='par_1_111' title="bbox 1888 4246 3467 4315">
     <span class='ocr_line' id='line_1_111' title="bbox 1888 4246 3467 4315; baseline -0.006 -7"><span class='ocrx_word' id='word_1_812' title='bbox 1888 4252 2195 4315; x_wconf 82' lang='lat' dir='ltr'><strong>Jeremiam,</strong></span> <span class='ocrx_word' id='word_1_813' title='bbox 2210 4250 2474 4305; x_wconf 86' lang='lat' dir='ltr'><strong>dicentem</strong></span> <span class='ocrx_word' id='word_1_814' title='bbox 2496 4264 2509 4300; x_wconf 76' lang='grc' dir='ltr'><strong>ε</strong></span> <span class='ocrx_word' id='word_1_815' title='bbox 2532 4267 2551 4300; x_wconf 72' lang='grc' dir='ltr'><strong>ι</strong></span> <span class='ocrx_word' id='word_1_816' title='bbox 2580 4249 2784 4302; x_wconf 83' lang='lat' dir='ltr'><strong>Bonum</strong></span> <span class='ocrx_word' id='word_1_817' title='bbox 2804 4255 2889 4302; x_wconf 91' lang='lat' dir='ltr'><strong>est</strong></span> <span class='ocrx_word' id='word_1_818' title='bbox 2905 4247 3022 4300; x_wconf 91' lang='lat' dir='ltr'><strong>viro</strong></span> <span class='ocrx_word' id='word_1_819' title='bbox 3042 4261 3161 4299; x_wconf 92' lang='lat' dir='ltr'><strong>cum</strong></span> <span class='ocrx_word' id='word_1_820' title='bbox 3177 4246 3467 4314; x_wconf 90' lang='lat' dir='ltr'><strong>portaverit</strong></span> 
     </span>
    </p>
   </div>
   <div class='ocr_carea' id='block_1_112' title="bbox 1884 4336 3465 4414">
    <p class='ocr_par' dir='ltr' id='par_1_112' title="bbox 1884 4336 3465 4414">
     <span class='ocr_line' id='line_1_112' title="bbox 1884 4336 3465 4414; baseline -0.004 -18"><span class='ocrx_word' id='word_1_821' title='bbox 1884 4343 2069 4414; x_wconf 90' lang='lat' dir='ltr'><strong>jugnm</strong></span> <span class='ocrx_word' id='word_1_822' title='bbox 2095 4344 2162 4396; x_wconf 89' lang='lat' dir='ltr'><strong>ab</strong></span> <span class='ocrx_word' id='word_1_823' title='bbox 2187 4340 2546 4396; x_wconf 82' lang='lat' dir='ltr'><strong>adolescentia</strong></span> <span class='ocrx_word' id='word_1_824' title='bbox 2581 4354 2696 4394; x_wconf 86' lang='lat' dir='ltr'><strong>sua.</strong></span> <span class='ocrx_word' id='word_1_825' title='bbox 2728 4337 2946 4393; x_wconf 87' lang='lat' dir='ltr'><strong>Sedebit</strong></span> <span class='ocrx_word' id='word_1_826' title='bbox 2974 4336 3120 4390; x_wconf 84' lang='lat' dir='ltr'><strong>solus</strong></span> <span class='ocrx_word' id='word_1_827' title='bbox 3149 4343 3205 4391; x_wconf 89' lang='lat' dir='ltr'><strong>et</strong></span> <span class='ocrx_word' id='word_1_828' title='bbox 3227 4336 3419 4389; x_wconf 88' lang='lat' dir='ltr'><strong>tacebit</strong></span> <span class='ocrx_word' id='word_1_829' title='bbox 3451 4352 3465 4389; x_wconf 94' lang='lat'><strong>:</strong></span> 
     </span>
    </p>
   </div>
   <div class='ocr_carea' id='block_1_113' title="bbox 1891 4427 3461 4505">
    <p class='ocr_par' dir='ltr' id='par_1_113' title="bbox 1891 4427 3461 4505">
     <span class='ocr_line' id='line_1_113' title="bbox 1891 4427 3461 4505; baseline -0.005 -15"><span class='ocrx_word' id='word_1_830' title='bbox 1891 4437 2014 4505; x_wconf 90' lang='lat' dir='ltr'><strong>quia</strong></span> <span class='ocrx_word' id='word_1_831' title='bbox 2043 4435 2162 4489; x_wconf 91' lang='lat' dir='ltr'><strong>tulit</strong></span> <span class='ocrx_word' id='word_1_832' title='bbox 2190 4448 2350 4505; x_wconf 85' lang='lat' dir='ltr'><strong>super</strong></span> <span class='ocrx_word' id='word_1_833' title='bbox 2371 4447 2430 4486; x_wconf 89' lang='lat' dir='ltr'><strong>se</strong></span> <span class='ocrx_word' id='word_1_834' title='bbox 2449 4432 2634 4501; x_wconf 83' lang='lat' dir='ltr'><strong>jugum</strong></span> <span class='ocrx_word' id='word_1_835' title='bbox 2660 4449 2680 4482; x_wconf 73' lang='grc' dir='ltr'><strong>ι</strong></span> <span class='ocrx_word' id='word_1_836' title='bbox 2707 4430 2924 4500; x_wconf 76' lang='grc' dir='ltr'><strong>(ΤΙιι-εη.</strong></span> <span class='ocrx_word' id='word_1_837' title='bbox 2954 4429 3009 4482; x_wconf 78' lang='grc'><strong>5.</strong></span> <span class='ocrx_word' id='word_1_838' title='bbox 3036 4428 3125 4481; x_wconf 71' lang='lat'><strong>27.</strong></span> <span class='ocrx_word' id='word_1_839' title='bbox 3149 4427 3266 4497; x_wconf 74' lang='grc'><strong>28).</strong></span> <span class='ocrx_word' id='word_1_840' title='bbox 3292 4427 3396 4481; x_wconf 81' lang='lat' dir='ltr'><strong>Aut</strong></span> <span class='ocrx_word' id='word_1_841' title='bbox 3422 4442 3461 4482; x_wconf 79' lang='lat' dir='ltr'><strong>st</strong></span> 
     </span>
    </p>
   </div>
   <div class='ocr_carea' id='block_1_114' title="bbox 1891 4518 3472 4592">
    <p class='ocr_par' dir='ltr' id='par_1_114' title="bbox 1891 4518 3472 4592">
     <span class='ocr_line' id='line_1_114' title="bbox 1891 4518 3472 4592; baseline -0.008 -11"><span class='ocrx_word' id='word_1_842' title='bbox 1891 4535 2038 4581; x_wconf 89' lang='lat' dir='ltr'><strong>certe</strong></span> <span class='ocrx_word' id='word_1_843' title='bbox 2078 4525 2130 4579; x_wconf 91' lang='lat' dir='ltr'><strong>in</strong></span> <span class='ocrx_word' id='word_1_844' title='bbox 2167 4538 2356 4579; x_wconf 89' lang='lat' dir='ltr'><strong>omnes</strong></span> <span class='ocrx_word' id='word_1_845' title='bbox 2384 4522 2686 4592; x_wconf 83' lang='lat' dir='ltr'><strong>Scriptores</strong></span> <span class='ocrx_word' id='word_1_846' title='bbox 2722 4520 3025 4576; x_wconf 87' lang='lat' dir='ltr'><strong>censoriam</strong></span> <span class='ocrx_word' id='word_1_847' title='bbox 3057 4521 3260 4589; x_wconf 85' lang='lat' dir='ltr'><strong>accepit</strong></span> <span class='ocrx_word' id='word_1_848' title='bbox 3287 4518 3472 4586; x_wconf 76' lang='lat' dir='ltr'><strong>virgu-</strong></span> 
     </span>
    </p>
   </div>
   <div class='ocr_carea' id='block_1_115' title="bbox 1956 4699 3465 4777">
    <p class='ocr_par' dir='ltr' id='par_1_115' title="bbox 1956 4699 3465 4777">
     <span class='ocr_line' id='line_1_115' title="bbox 1956 4699 3465 4777; baseline -0.008 -13"><span class='ocrx_word' id='word_1_849' title='bbox 1956 4715 2023 4777; x_wconf 86' lang='lat' dir='ltr'><strong>(e)</strong></span> <span class='ocrx_word' id='word_1_850' title='bbox 2057 4712 2174 4763; x_wconf 68' lang='lat' dir='ltr'><strong>llaec</strong></span> <span class='ocrx_word' id='word_1_851' title='bbox 2197 4713 2338 4761; x_wconf 90' lang='lat' dir='ltr'><strong>nobis</strong></span> <span class='ocrx_word' id='word_1_852' title='bbox 2363 4711 2588 4777; x_wconf 73' lang='lat' dir='ltr'><strong>probatur</strong></span> <span class='ocrx_word' id='word_1_853' title='bbox 2613 4707 2760 4758; x_wconf 90' lang='lat' dir='ltr'><strong>lectio</strong></span> <span class='ocrx_word' id='word_1_854' title='bbox 2779 4716 3009 4777; x_wconf 68' lang='lat' dir='ltr'><strong>quamet:</strong></span> <span class='ocrx_word' id='word_1_855' title='bbox 3036 4699 3465 4777; x_wconf 58' lang='lat' dir='ltr'><strong>Cistercieps.</strong></span> 
     </span>
    </p>
   </div>
   <div class='ocr_carea' id='block_1_116' title="bbox 1892 4759 3446 4839">
    <p class='ocr_par' dir='ltr' id='par_1_116' title="bbox 1892 4759 3446 4839">
     <span class='ocr_line' id='line_1_116' title="bbox 1892 4759 3446 4839; baseline -0.016 -12"><span class='ocrx_word' id='word_1_856' title='bbox 1892 4759 2435 4839; x_wconf 22' lang='lat' dir='ltr'><strong>eximes-.s—Emiusjwattt&#39;ea&#39;</strong></span> <span class='ocrx_word' id='word_1_857' title='bbox 2454 4772 2586 4839; x_wconf 79' lang='lat' dir='ltr'><strong>enim</strong></span> <span class='ocrx_word' id='word_1_858' title='bbox 2609 4778 2716 4839; x_wconf 72' lang='lat' dir='ltr'><strong>erat</strong></span> <span class='ocrx_word' id='word_1_859' title='bbox 2738 4759 2885 4839; x_wconf 58' lang='lat' dir='ltr'><strong>uerba</strong></span> <span class='ocrx_word' id='word_1_860' title='bbox 2917 4771 3176 4839; x_wconf 53' lang='lat' dir='ltr'><strong>(ornasset,</strong></span> <span class='ocrx_word' id='word_1_861' title='bbox 3208 4759 3290 4839; x_wconf 68' lang='lat' dir='ltr'><strong>vel</strong></span> <span class='ocrx_word' id='word_1_862' title='bbox 3313 4768 3446 4831; x_wconf 54' lang='lat' dir='ltr'><strong>tomis</strong></span> 
     </span>
    </p>
   </div>
   <div class='ocr_carea' id='block_1_117' title="bbox 1890 4822 3472 4898">
    <p class='ocr_par' dir='ltr' id='par_1_117' title="bbox 1890 4822 3472 4898">
     <span class='ocr_line' id='line_1_117' title="bbox 1890 4822 3472 4898; baseline -0.011 -10"><span class='ocrx_word' id='word_1_863' title='bbox 1890 4822 2002 4898; x_wconf 58' lang='lat' dir='ltr'><strong>£éi‘,’</strong></span> <span class='ocrx_word' id='word_1_864' title='bbox 2026 4822 2128 4886; x_wconf 70' lang='lat' dir='ltr'><strong>non</strong></span> <span class='ocrx_word' id='word_1_865' title='bbox 2161 4822 2425 4898; x_wconf 78' lang='lat' dir='ltr'><strong>incongrua</strong></span> <span class='ocrx_word' id='word_1_866' title='bbox 2461 4831 2617 4898; x_wconf 78' lang='lat' dir='ltr'><strong>solum</strong></span> <span class='ocrx_word' id='word_1_867' title='bbox 2651 4829 2902 4898; x_wconf 67' lang='lat' dir='ltr'><strong>lectione,</strong></span> <span class='ocrx_word' id='word_1_868' title='bbox 2921 4826 3009 4874; x_wconf 91' lang='lat' dir='ltr'><strong>sed</strong></span> <span class='ocrx_word' id='word_1_869' title='bbox 3045 4823 3194 4898; x_wconf 54' lang='lat' dir='ltr'><strong>falsa,</strong></span> <span class='ocrx_word' id='word_1_870' title='bbox 3222 4822 3299 4898; x_wconf 80' lang='lat' dir='ltr'><strong>hic</strong></span> <span class='ocrx_word' id='word_1_871' title='bbox 3341 4823 3472 4898; x_wconf 76' lang='lat' dir='ltr'><strong>enim</strong></span> 
     </span>
    </p>
   </div>
   <div class='ocr_carea' id='block_1_118' title="bbox 1888 4882 3464 4949">
    <p class='ocr_par' dir='ltr' id='par_1_118' title="bbox 1888 4882 3464 4949">
     <span class='ocr_line' id='line_1_118' title="bbox 1888 4882 3464 4949; baseline -0.012 0"><span class='ocrx_word' id='word_1_872' title='bbox 1888 4882 2453 4949; x_wconf 30' lang='lat' dir='ltr'><strong>iliérSui—adversarium</strong></span> <span class='ocrx_word' id='word_1_873' title='bbox 2475 4891 2694 4949; x_wconf 86' lang='lat' dir='ltr'><strong>irrideat,</strong></span> <span class='ocrx_word' id='word_1_874' title='bbox 2709 4888 2841 4939; x_wconf 86' lang='lat' dir='ltr'><strong>solos</strong></span> <span class='ocrx_word' id='word_1_875' title='bbox 2858 4882 2964 4949; x_wconf 79' lang='lat' dir='ltr'><strong>ejus</strong></span> <span class='ocrx_word' id='word_1_876' title='bbox 2980 4891 3150 4949; x_wconf 79' lang='lat' dir='ltr'><strong>gestus</strong></span> <span class='ocrx_word' id='word_1_877' title='bbox 3163 4889 3283 4949; x_wconf 70' lang='lat' dir='ltr'><strong>ante</strong></span> <span class='ocrx_word' id='word_1_878' title='bbox 3298 4882 3464 4949; x_wconf 78' lang='lat' dir='ltr'><strong>verba,</strong></span> 
     </span>
    </p>
   </div>
   <div class='ocr_carea' id='block_1_119' title="bbox 1957 4924 3473 5026">
    <p class='ocr_par' dir='ltr' id='par_1_119' title="bbox 1957 4924 3473 5026">
     <span class='ocr_line' id='line_1_119' title="bbox 1957 4924 3464 4948; baseline -0.015 0"><span class='ocrx_word' id='word_1_879' title='bbox 1957 4924 2029 4948; x_wconf 69' lang='lat' dir='ltr'><strong>ut.</strong></span> <span class='ocrx_word' id='word_1_880' title='bbox 2052 4924 2103 4946; x_wconf 84' lang='lat' dir='ltr'><strong>ut.</strong></span> <span class='ocrx_word' id='word_1_881' title='bbox 2124 4924 2264 4947; x_wconf 71' lang='lat' dir='ltr'><strong>uuch</strong></span> <span class='ocrx_word' id='word_1_882' title='bbox 2275 4924 2346 4944; x_wconf 67' lang='lat' dir='ltr'><strong>aut</strong></span> <span class='ocrx_word' id='word_1_883' title='bbox 2359 4924 2453 4942; x_wconf 77' lang='lat' dir='ltr'><strong>“Iul</strong></span> <span class='ocrx_word' id='word_1_884' title='bbox 2475 4924 2676 4941; x_wconf 70' lang='grc' dir='ltr'><strong>...ων-ι</strong></span> <span class='ocrx_word' id='word_1_885' title='bbox 2709 4924 2841 4939; x_wconf 63' lang='grc' dir='ltr'>συινυ</span> <span class='ocrx_word' id='word_1_886' title='bbox 2859 4924 2888 4935; x_wconf 79' lang='grc' dir='ltr'>ν</span> <span class='ocrx_word' id='word_1_887' title='bbox 2909 4924 2964 4935; x_wconf 69' lang='grc' dir='ltr'><strong>υ...</strong></span> <span class='ocrx_word' id='word_1_888' title='bbox 2980 4924 3149 4947; x_wconf 61' lang='grc' dir='ltr'><strong>οη-..</strong></span> <span class='ocrx_word' id='word_1_889' title='bbox 3163 4924 3273 4930; x_wconf 77' lang='grc'><strong>..----</strong></span> <span class='ocrx_word' id='word_1_890' title='bbox 3307 4924 3316 4929; x_wconf 77' lang='grc'>,</span> <span class='ocrx_word' id='word_1_891' title='bbox 3335 4924 3373 4928; x_wconf 69' lang='grc' dir='ltr'>η</span> <span class='ocrx_word' id='word_1_892' title='bbox 3388 4924 3464 4939; x_wconf 56' lang='grc' dir='ltr'><strong>--.Ἴ</strong></span> 
     </span>
     <span class='ocr_line' id='line_1_120' title="bbox 1957 4924 3473 5026; baseline -0.001 0"><span class='ocrx_word' id='word_1_893' title='bbox 1957 4962 2108 5026; x_wconf 71' lang='lat' dir='ltr'><strong>misse</strong></span> <span class='ocrx_word' id='word_1_894' title='bbox 2144 4959 2263 5006; x_wconf 69' lang='lat' dir='ltr'><strong>dicit</strong></span> <span class='ocrx_word' id='word_1_895' title='bbox 2303 4953 2582 5026; x_wconf 63' lang='grc' dir='ltr'><strong>ρηςειίείω</strong></span> <span class='ocrx_word' id='word_1_896' title='bbox 2611 4924 3473 5026; x_wconf 42' lang='lat' dir='ltr'><strong>1955????.li‘ﬁf’rﬁﬁffe‘flllf‘ﬂ&quot;</strong></span> 
     </span>
    </p>
   </div>
   <div class='ocr_carea' id='block_1_120' title="bbox 1890 4975 3470 5071">
    <p class='ocr_par' dir='ltr' id='par_1_120' title="bbox 1890 4975 3470 5071">
     <span class='ocr_line' id='line_1_121' title="bbox 1957 4975 3470 5064; baseline -0.015 -55"><span class='ocrx_word' id='word_1_897' title='bbox 1957 4975 2108 5009; x_wconf 80' lang='lat' dir='ltr'><strong>misse</strong></span> <span class='ocrx_word' id='word_1_898' title='bbox 2144 4975 2263 5006; x_wconf 84' lang='lat' dir='ltr'><strong>UtClt</strong></span> <span class='ocrx_word' id='word_1_899' title='bbox 2283 4975 2582 5064; x_wconf 50' lang='lat' dir='ltr'><strong>Jlrwaugian</strong></span> <span class='ocrx_word' id='word_1_900' title='bbox 2611 4975 2857 5013; x_wconf 72' lang='lat' dir='ltr'><strong>juuiuuua</strong></span> <span class='ocrx_word' id='word_1_901' title='bbox 2887 4975 3067 5016; x_wconf 64' lang='grc' dir='ltr'>Ιιιυξῐιῠ-</span> <span class='ocrx_word' id='word_1_902' title='bbox 3105 4975 3307 4991; x_wconf 64' lang='grc' dir='ltr'>ηυιιμυιι</span> <span class='ocrx_word' id='word_1_903' title='bbox 3345 4975 3470 4992; x_wconf 65' lang='lat' dir='ltr'><strong>um...</strong></span> 
     </span>
     <span class='ocr_line' id='line_1_122' title="bbox 1890 4975 3470 5071; baseline -0.015 0"><span class='ocrx_word' id='word_1_904' title='bbox 1890 4975 2090 5071; x_wconf 63' lang='lat' dir='ltr'><strong>Bgrbam</strong></span> <span class='ocrx_word' id='word_1_905' title='bbox 2113 5026 2284 5069; x_wconf 87' lang='lat' dir='ltr'><strong>tornan</strong></span> <span class='ocrx_word' id='word_1_906' title='bbox 2319 5031 2334 5062; x_wconf 91' lang='grc' dir='ltr'><strong>ι</strong></span> <span class='ocrx_word' id='word_1_907' title='bbox 2355 5018 2461 5064; x_wconf 86' lang='lat' dir='ltr'><strong>sive</strong></span> <span class='ocrx_word' id='word_1_908' title='bbox 2485 5027 2536 5060; x_wconf 80' lang='lat' dir='ltr'><strong>in</strong></span> <span class='ocrx_word' id='word_1_909' title='bbox 2557 5023 2728 5071; x_wconf 79' lang='lat' dir='ltr'><strong>gyrum</strong></span> <span class='ocrx_word' id='word_1_910' title='bbox 2751 5007 2992 5071; x_wconf 88' lang='lat' dir='ltr'><strong>movendt_</strong></span> <span class='ocrx_word' id='word_1_911' title='bbox 3009 5017 3192 5071; x_wconf 71' lang='lat' dir='ltr'><strong>morem</strong></span> <span class='ocrx_word' id='word_1_912' title='bbox 3210 5037 3228 5062; x_wconf 63' lang='grc' dir='ltr'><strong><em>τ</em></strong></span> <span class='ocrx_word' id='word_1_913' title='bbox 3249 5012 3470 5064; x_wconf 79' lang='lat' dir='ltr'><strong>gestum-</strong></span> 
     </span>
    </p>
   </div>
   <div class='ocr_carea' id='block_1_121' title="bbox 1890 5065 3472 5144">
    <p class='ocr_par' dir='ltr' id='par_1_121' title="bbox 1890 5065 3472 5144">
     <span class='ocr_line' id='line_1_123' title="bbox 1890 5065 3472 5144; baseline -0.012 -13"><span class='ocrx_word' id='word_1_914' title='bbox 2313 5075 2372 5144; x_wconf 61' lang='grc' dir='ltr'><strong>δᾳ</strong></span> <span class='ocrx_word' id='word_1_915' title='bbox 2404 5065 2661 5124; x_wconf 72' lang='lat' dir='ltr'><strong>dicendum</strong></span> <span class='ocrx_word' id='word_1_916' title='bbox 2694 5076 2919 5133; x_wconf 86' lang='lat' dir='ltr'><strong>paratur,</strong></span> <span class='ocrx_word' id='word_1_917' title='bbox 2951 5067 3013 5115; x_wconf 88' lang='lat' dir='ltr'><strong>ab</strong></span> <span class='ocrx_word' id='word_1_918' title='bbox 3034 5065 3142 5114; x_wconf 83' lang='lat' dir='ltr'><strong>aliis</strong></span> <span class='ocrx_word' id='word_1_919' title='bbox 3162 5077 3360 5126; x_wconf 86' lang='lat' dir='ltr'><strong>quoque</strong></span> <span class='ocrx_word' id='word_1_920' title='bbox 3383 5077 3472 5113; x_wconf 77' lang='lat' dir='ltr'><strong>no-</strong></span> 
     </span>
    </p>
   </div>
   <div class='ocr_carea' id='block_1_122' title="bbox 1892 5135 2814 5204">
    <p class='ocr_par' dir='ltr' id='par_1_122' title="bbox 1892 5135 2814 5204">
     <span class='ocr_line' id='line_1_124' title="bbox 1892 5135 2814 5204; baseline 0.007 -12"><span class='ocrx_word' id='word_1_921' title='bbox 1892 5135 1984 5193; x_wconf 72' lang='lat' dir='ltr'><strong>tari</strong></span> <span class='ocrx_word' id='word_1_922' title='bbox 1997 5135 2128 5204; x_wconf 65' lang='lat' dir='ltr'><strong>apud</strong></span> <span class='ocrx_word' id='word_1_923' title='bbox 2152 5135 2444 5204; x_wconf 55' lang='lat' dir='ltr'><strong>orientales“.</strong></span> <span class='ocrx_word' id='word_1_924' title='bbox 2478 5201 2485 5204; x_wconf 94' lang='lat'>_</span> <span class='ocrx_word' id='word_1_925' title='bbox 2553 5193 2565 5204; x_wconf 71' lang='grc'><em>,</em></span> <span class='ocrx_word' id='word_1_926' title='bbox 2669 5199 2696 5204; x_wconf 88' lang='lat'>_</span> 
     </span>
    </p>
   </div>
   <div class='ocr_carea' id='block_1_123' title="bbox 1957 5188 3470 5265">
    <p class='ocr_par' dir='ltr' id='par_1_123' title="bbox 1957 5188 3470 5265">
     <span class='ocr_line' id='line_1_125' title="bbox 1957 5188 3470 5265; baseline -0.011 -15"><span class='ocrx_word' id='word_1_927' title='bbox 2064 5188 2292 5265; x_wconf 66' lang='lat' dir='ltr'><strong>Erasmus</strong></span> <span class='ocrx_word' id='word_1_928' title='bbox 2310 5205 2364 5246; x_wconf 89' lang='lat' dir='ltr'><strong>et</strong></span> <span class='ocrx_word' id='word_1_929' title='bbox 2383 5193 2630 5265; x_wconf 71' lang='lat' dir='ltr'><strong>Victorius</strong></span> <span class='ocrx_word' id='word_1_930' title='bbox 2659 5188 2953 5265; x_wconf 57' lang='lat' dir='ltr'><strong>peliqg&#39;onent</strong></span> <span class='ocrx_word' id='word_1_931' title='bbox 2965 5192 3194 5265; x_wconf 62' lang='lat' dir='ltr'><strong>nostram</strong></span> <span class='ocrx_word' id='word_1_932' title='bbox 3222 5198 3470 5265; x_wconf 45' lang='lat' dir='ltr'><strong>paginarat</strong></span> 
     </span>
    </p>
   </div>
   <div class='ocr_carea' id='block_1_124' title="bbox 1891 5248 3477 5327">
    <p class='ocr_par' dir='ltr' id='par_1_124' title="bbox 1891 5248 3477 5327">
     <span class='ocr_line' id='line_1_126' title="bbox 1891 5248 3477 5327; baseline -0.012 -11"><span class='ocrx_word' id='word_1_933' title='bbox 1891 5248 2400 5327; x_wconf 38' lang='lat' dir='ltr'><strong>(iic‘ér&#39;efplartiapjeus</strong></span> <span class='ocrx_word' id='word_1_934' title='bbox 2439 5253 2670 5327; x_wconf 58' lang='lat' dir='ltr'><strong>Religioni</strong></span> <span class='ocrx_word' id='word_1_935' title='bbox 2697 5248 3160 5327; x_wconf 40' lang='lat' dir='ltr'><strong>postne-pugnant,</strong></span> <span class='ocrx_word' id='word_1_936' title='bbox 3188 5248 3477 5327; x_wconf 53' lang='lat' dir='ltr'><strong>etc.;lfobis</strong></span> 
     </span>
    </p>
   </div>
   <div class='ocr_carea' id='block_1_125' title="bbox 1891 5310 3472 5390">
    <p class='ocr_par' dir='ltr' id='par_1_125' title="bbox 1891 5310 3472 5390">
     <span class='ocr_line' id='line_1_127' title="bbox 1891 5310 3472 5390; baseline -0.013 -14"><span class='ocrx_word' id='word_1_937' title='bbox 1891 5310 2045 5390; x_wconf 48' lang='lat' dir='ltr'><strong>afui</strong></span> <span class='ocrx_word' id='word_1_938' title='bbox 2059 5310 2236 5386; x_wconf 88' lang='lat' dir='ltr'><strong>placuit</strong></span> <span class='ocrx_word' id='word_1_939' title='bbox 2247 5310 2723 5390; x_wconf 38' lang='lat' dir='ltr'><strong>.codieumz‘e‘t.</strong></span> <span class='ocrx_word' id='word_1_940' title='bbox 2739 5310 3020 5386; x_wconf 73' lang='lat' dir='ltr'><strong>vetustioris</strong></span> <span class='ocrx_word' id='word_1_941' title='bbox 3043 5310 3272 5360; x_wconf 88' lang='lat' dir='ltr'><strong>editionis</strong></span> <span class='ocrx_word' id='word_1_942' title='bbox 3294 5310 3434 5390; x_wconf 67' lang='lat' dir='ltr'><strong>[idem</strong></span> <span class='ocrx_word' id='word_1_943' title='bbox 3453 5343 3472 5369; x_wconf 86' lang='lat'><strong>,</strong></span> 
     </span>
    </p>
   </div>
   <div class='ocr_carea' id='block_1_126' title="bbox 1895 5375 3470 5450">
    <p class='ocr_par' dir='ltr' id='par_1_126' title="bbox 1895 5375 3470 5450">
     <span class='ocr_line' id='line_1_128' title="bbox 1895 5375 3470 5450; baseline -0.011 -16"><span class='ocrx_word' id='word_1_944' title='bbox 1895 5375 2224 5450; x_wconf 40' lang='lat' dir='ltr'><strong>enduesensu</strong></span> <span class='ocrx_word' id='word_1_945' title='bbox 2247 5379 2594 5450; x_wconf 62' lang='lat' dir='ltr'><strong>intelligimus,</strong></span> <span class='ocrx_word' id='word_1_946' title='bbox 2617 5376 2932 5450; x_wconf 62' lang='lat' dir='ltr'><strong>Religionem</strong></span> <span class='ocrx_word' id='word_1_947' title='bbox 2949 5375 2998 5422; x_wconf 91' lang='lat' dir='ltr'><strong>in</strong></span> <span class='ocrx_word' id='word_1_948' title='bbox 3019 5385 3229 5450; x_wconf 67' lang='lat' dir='ltr'><strong>ppgnam</strong></span> <span class='ocrx_word' id='word_1_949' title='bbox 3251 5379 3470 5450; x_wconf 41' lang='lat' dir='ltr'><strong>vAerteIre,</strong></span> 
     </span>
    </p>
   </div>
   <div class='ocr_carea' id='block_1_127' title="bbox 1895 5432 3476 5500">
    <p class='ocr_par' dir='ltr' id='par_1_127' title="bbox 1895 5432 3476 5500">
     <span class='ocr_line' id='line_1_129' title="bbox 1895 5432 3476 5500; baseline -0.012 -1"><span class='ocrx_word' id='word_1_950' title='bbox 1895 5432 2158 5499; x_wconf 50' lang='lat' dir='ltr'><strong>animum]</strong></span> <span class='ocrx_word' id='word_1_951' title='bbox 2196 5443 2366 5492; x_wconf 83' lang='lat' dir='ltr'><strong>habitu</strong></span> <span class='ocrx_word' id='word_1_952' title='bbox 2405 5432 2459 5491; x_wconf 67' lang='lat' dir='ltr'><strong>Et</strong></span> <span class='ocrx_word' id='word_1_953' title='bbox 2494 5432 2768 5500; x_wconf 44' lang='lat' dir='ltr'><strong>religione:</strong></span> <span class='ocrx_word' id='word_1_954' title='bbox 2806 5434 2936 5486; x_wconf 88' lang='lat' dir='ltr'><strong>aliud</strong></span> <span class='ocrx_word' id='word_1_955' title='bbox 2966 5432 3132 5500; x_wconf 75' lang='lat' dir='ltr'><strong>verbis</strong></span> <span class='ocrx_word' id='word_1_956' title='bbox 3171 5443 3223 5500; x_wconf 74' lang='lat' dir='ltr'><strong>et</strong></span> <span class='ocrx_word' id='word_1_957' title='bbox 3243 5432 3476 5500; x_wconf 61' lang='lat' dir='ltr'><strong>moribus</strong></span> 
     </span>
    </p>
   </div>
   <div class='ocr_carea' id='block_1_128' title="bbox 1894 5493 3473 5567">
    <p class='ocr_par' dir='ltr' id='par_1_128' title="bbox 1894 5493 3473 5567">
     <span class='ocr_line' id='line_1_130' title="bbox 1894 5493 3473 5567; baseline -0.013 -6"><span class='ocrx_word' id='word_1_958' title='bbox 1894 5493 2159 5561; x_wconf 67' lang='lat' dir='ltr'><strong>Illoaacbus</strong></span> <span class='ocrx_word' id='word_1_959' title='bbox 2179 5505 2265 5556; x_wconf 85' lang='lat' dir='ltr'><strong>ille</strong></span> <span class='ocrx_word' id='word_1_960' title='bbox 2290 5517 2386 5567; x_wconf 65' lang='lat' dir='ltr'><strong>pm</strong></span> <span class='ocrx_word' id='word_1_961' title='bbox 2401 5515 2469 5567; x_wconf 80' lang='lat' dir='ltr'><strong>se</strong></span> <span class='ocrx_word' id='word_1_962' title='bbox 2484 5493 2656 5561; x_wconf 60' lang='lat' dir='ltr'><strong>ferre&#39;t,</strong></span> <span class='ocrx_word' id='word_1_963' title='bbox 2683 5493 2763 5567; x_wconf 84' lang='lat' dir='ltr'><strong>vel</strong></span> <span class='ocrx_word' id='word_1_964' title='bbox 2783 5500 2941 5567; x_wconf 82' lang='lat' dir='ltr'><strong>potius</strong></span> <span class='ocrx_word' id='word_1_965' title='bbox 2959 5497 3085 5562; x_wconf 89' lang='lat' dir='ltr'><strong>quod</strong></span> <span class='ocrx_word' id='word_1_966' title='bbox 3113 5495 3365 5558; x_wconf 87' lang='lat' dir='ltr'><strong>religionis</strong></span> <span class='ocrx_word' id='word_1_967' title='bbox 3386 5493 3473 5541; x_wconf 86' lang='lat' dir='ltr'><strong>do-</strong></span> 
     </span>
    </p>
   </div>
   <div class='ocr_carea' id='block_1_129' title="bbox 1895 5561 3476 5635">
    <p class='ocr_par' dir='ltr' id='par_1_129' title="bbox 1895 5561 3476 5635">
     <span class='ocr_line' id='line_1_131' title="bbox 1895 5561 3476 5635; baseline -0.011 -13"><span class='ocrx_word' id='word_1_968' title='bbox 1895 5577 2060 5635; x_wconf 81' lang='lat' dir='ltr'><strong>gmata</strong></span> <span class='ocrx_word' id='word_1_969' title='bbox 2087 5571 2136 5620; x_wconf 90' lang='lat' dir='ltr'><strong>in</strong></span> <span class='ocrx_word' id='word_1_970' title='bbox 2160 5561 2503 5631; x_wconf 75' lang='lat' dir='ltr'><strong>disputationis</strong></span> <span class='ocrx_word' id='word_1_971' title='bbox 2535 5567 2588 5614; x_wconf 90' lang='lat' dir='ltr'><strong>ct</strong></span> <span class='ocrx_word' id='word_1_972' title='bbox 2610 5561 2957 5614; x_wconf 71' lang='lat' dir='ltr'><strong>controversia:</strong></span> <span class='ocrx_word' id='word_1_973' title='bbox 2983 5561 3341 5624; x_wconf 83' lang='lat' dir='ltr'><strong>argumentum</strong></span> <span class='ocrx_word' id='word_1_974' title='bbox 3366 5568 3476 5605; x_wconf 68' lang='grc' dir='ltr'><strong>νυνι</strong></span> 
     </span>
    </p>
   </div>
   <div class='ocr_carea' id='block_1_130' title="bbox 1898 5643 2045 5686">
    <p class='ocr_par' dir='ltr' id='par_1_130' title="bbox 1898 5643 2045 5686">
     <span class='ocr_line' id='line_1_132' title="bbox 1898 5643 2045 5686; baseline -0.027 0"><span class='ocrx_word' id='word_1_975' title='bbox 1898 5643 2045 5686; x_wconf 79' lang='lat' dir='ltr'><strong>teret.</strong></span> 
     </span>
    </p>
   </div>
  </div>
