4078 6198
601 305 712 368 δίε

602 419 739 486 iatn,
768 423 828 473 et
855 412 1054 471 idcirco
1078 421 1137 462 se
1155 400 1419 460 eruditum
1446 391 1767 486 putata-quia
1787 388 2127 486 lpvinianum
2155 423 2172 448 ,

546 517 555 523 ’
609 478 758 565 solus
783 501 1028 570 intelligit
1052 495 1154 569 (est
1173 491 1370 562 quippe
1398 482 1733 556 proverbium
1762 495 1779 539 :
1805 478 2030 534 Balbum
2060 488 2179 530 me-

608 600 713 654 lius
750 594 893 652 balbi
917 587 1076 644 verba
1114 579 1460 652 cognoscere)
1492 574 1601 646 (a)
1630 578 1797 633 πάντις
1829 575 1883 625 οὐ
1913 580 2182 638 ειη-γραφαῖς

610 689 938 761 appellamur
970 677 1154 734 Attitio
1180 672 1380 744 judice.
1425 670 1543 738 Ipse
1576 679 1789 736 quoque
1829 660 2140 761 Iovinianus
2164 697 2179 722 ,

612 745 889 845 lippam.
920 772 1230 839 ἀγράμματος
1258 802 1274 827 ,
1308 760 1360 814 id
1386 758 1436 814 ei
1460 755 1756 827 justissime
1788 745 2137 821 proclamabit
2162 784 2179 810 ,

786 839 874 918 ine
901 861 1158 915 damnant
1184 850 1457 923 Episcopi,
1486 863 1595 903 non
1615 854 1698 902 est
1718 843 1887 909 ratio,
1914 839 2010 896 sed
2039 853 2175 894 con-

608 935 851 1029 spiratio.
880 951 1014 1006 Nolo
1041 946 1170 1004 mihi
1199 945 1308 1006 ille,
1337 942 1419 997 vel
1445 941 1534 995 ille
1563 935 1886 1006 respondeat
1911 973 1927 997 ,
1957 942 2185 1001 quorum

610 1025 696 1103 me
721 1043 1014 1101 auctoritas
1046 1037 1351 1108 opprimere
1383 1039 1589 1101 potest,
1618 1027 1818 1082 docere
1849 1037 1955 1077 non
1984 1025 2181 1089 potest.

607 1135 820 1195 Scribat
842 1140 1027 1189 contra
1055 1142 1141 1184 me
1168 1127 1267 1186 vir,
1289 1123 1444 1192 cujus
1458 1130 1513 1176 ct
1535 1133 1636 1189 ego
1658 1118 1891 1186 linguam
1920 1109 2185 1178 intelligo:

610 1243 772 1297 quem
813 1221 1181 1282 cum'vicero,
1219 1226 1411 1271 omnes
1458 1212 1703 1267 homines
1732 1206 1890 1262 simul
1942 1201 2187 1261 vicerim.

613 1289 727 1389 ligo
751 1317 894 1372 enim
918 1313 1053 1368 bene
1083 1307 1206 1364 novi
1238 1307 1256 1376 (
1282 1311 1506 1374 experto
1534 1297 1778 1366 credite)
1818 1313 1837 1347 ι
1866 1300 2101 1389 quantus
2132 1289 2187 1344 In

612 1384 861 1478 clvitettttt
902 1407 1178 1468 assurgat,
1219 1409 1326 1465 quo
1368 1391 1578 1447 turbine
1616 1394 1868 1456 torqueat
1916 1384 2122 1437 hastam
2164 1396 2185 1431 ι

615 1471 859 1570 (ίέηοίιί.
882 1493 972 1547 lib.
1002 1490 1097 1561 X).
1126 1487 1304 1544 Fortis
1332 1494 1435 1548 est,
1455 1483 1579 1538 etin
1606 1474 1930 1548 disputando
1956 1471 2196 1570 nodosas

615 1561 672 1644 et
698 1596 880 1650 tenax,
907 1592 962 1637 et
988 1581 1076 1651 qui
1098 1577 1316 1647 obliquo
1347 1573 1420 1644 (ὁ)
1446 1582 1501 1626 et
1520 1578 1737 1626 arcuato
1766 1573 1965 1637 pugnet
1993 1561 2190 1651 capite.

617 1679 774 1747 Smpe
799 1674 868 1730 de
893 1650 1053 1728 nocte
1072 1681 1241 1739 usque
1259 1664 1329 1720 ad
1350 1675 1628 1732 vesperam
1649 1666 1835 1712 contra
1866 1653 2048 1747 nosin
2080 1650 2197 1721 pla-

620 1743 726 1824 teis
759 1762 1013 1821 clamavit
1040 1777 1055 1813 :
1086 1757 1249 1812 habet
1278 1756 1442 1809 latera
1466 1760 1520 1805 et
1547 1749 1872 1804 athletarum
1900 1743 2066 1798 robur
2088 1781 2105 1807 ,
2142 1747 2199 1795 et

622 1857 764 1913 belle
787 1852 1133 1923 corpulentus
1158 1855 1265 1902 est.
1295 1844 1526 1900 Videtur
1551 1839 1680 1894 mihi
1716 1834 1929 1891 occulte
1959 1832 2064 1923 mei
2096 1829 2198 1923 do-

621 1946 823 2020 gmatis
851 1919 972 1999 esse
999 1944 1252 1995 sectator.
1298 1935 1564 1990 Praeterea
1595 1940 1865 1996 nunquam
1891 1919 2198 1986 erubescit,

623 2012 726 2094 nec
759 2031 1069 2090 considerat
1101 2025 1228 2098 quid
1253 2066 1269 2092 ,
1311 2021 1406 2078 sed
1433 2028 1689 2091 quantum
1713 2015 1857 2071 dicat
1880 2029 1896 2079 ;
1919 2020 1976 2068 et
2002 2012 2054 2066 in
2079 2019 2204 2065 tan-

625 2139 733 2183 tam
757 2123 903 2178 venit
922 2120 1228 2190 opiuionem
1253 2111 1594 2183 eloquentia,
1614 2116 1672 2163 ut
1693 2106 1902 2162 soleant
1922 2104 2066 2158 dicta
2086 2100 2202 2170 ejus

626 2220 956 2275 Cirtatorum
986 2226 1105 2265 esse
1131 2208 1348 2263 dictata.
1388 2201 1610 2271 Quoties
1648 2212 1734 2253 me
1774 2198 1876 2252 iste
1904 2195 1957 2250 in
1989 2193 2206 2249 circulis

625 2305 946 2365 stomachari
976 2301 1099 2356 fecit
1125 2309 1183 2354 et
1210 2295 1431 2351 adduxit
1452 2293 1517 2347 ad
1542 2290 1815 2346 choleram
1843 2287 1867 2341 ?
1895 2286 1969 2358 (c)
1998 2285 2207 2356 quoties

626 2400 911 2470 conspuit,
938 2405 991 2451 et
1024 2399 1317 2461 consputns
1363 2381 1667 2442 abscessit?
1695 2380 1802 2437 Sed
1836 2380 1951 2434 haec
1972 2376 2207 2445 vulgaria

628 2467 778 2556 sunt,
795 2498 851 2543 et
877 2502 906 2540 a
935 2484 1175 2556 quolibet
1200 2480 1268 2534 de
1288 2475 1642 2534 sectatoribus
1660 2472 1795 2528 meis
1821 2479 2043 2541 possunt
2066 2467 2204 2521 lteri:

629 2581 698 2636 ad
721 2580 889 2633 libros
927 2586 1189 2644 provoco,
1220 2569 1286 2624 ad
1326 2565 1639 2623 memoriam
1677 2565 1729 2617 in
1762 2570 2006 2632 posteros
2037 2569 2211 2612 trans-

633 2668 968 2727 mittendam.
1007 2665 1314 2733 Loquamur
1355 2658 1568 2726 scriptis
1592 2697 1609 2723 ,
1645 2665 1704 2709 ut
1733 2653 1802 2708 dc
1833 2652 1989 2707 nobis
2013 2652 2208 2706 tacitus

634 2762 803 2815 lector
835 2756 1077 2826 judicet;
1111 2761 1167 2806 ιιι
1206 2747 1477 2820 quomodo
1517 2759 1617 2815 ego
1657 2742 2043 2811 discipulorum
2084 2754 2212 2811 gre-

632 2866 753 2921 gent
780 2846 1023 2909 ductito;
1070 2842 1148 2897 sic
1192 2856 1258 2896 ex
1307 2837 1464 2908 hujus
1501 2833 1716 2891 nomine
1762 2831 2106 2897 Gnathonici,
2130 2829 2213 2884 vel

634 2934 998 2997 Phormionici
1016 2941 1293 2987 vocentur.

706 3032 762 3087 5.
791 3029 908 3085 Non
937 3035 1018 3081 est
1045 3022 1279 3096 grande,
1320 3021 1389 3075 mi
1439 3016 1737 3083 Domnion,
1777 3013 1984 3085 garrire
2057 3010 2218 3084 240

637 3138 735 3195 per
750 3121 997 3191 angulos.
1009 3126 1063 3173 et
1080 3115 1407 3170 medicorum
1424 3110 1694 3174 tabernas,
1707 3124 1770 3162 ac
1782 3107 1848 3163 de
1862 3106 2060 3162 mundo
2078 3107 2218 3160 ferre

638 3196 961 3271 sententiain
993 3229 1006 3264 :
1037 3208 1124 3263 hic
1151 3206 1286 3260 bene
1315 3203 1455 3258 dixit
1477 3242 1492 3265 ,
1514 3201 1605 3255 ille
1632 3200 1773 3254 male
1801 3217 1813 3252 :
1843 3199 1946 3253 iste
1972 3197 2219 3266 Scriptu-

640 3319 730 3361 ras
756 3302 921 3365 novit,
951 3300 1041 3354 ille
1066 3297 1262 3353 delirat
1286 3312 1300 3349 :
1329 3294 1431 3348 iste
1459 3292 1672 3362 loquax,
1708 3290 1797 3344 ille
1823 3287 2219 3343 infantissimus

639 3403 748 3451 est.
793 3389 866 3447 Ut
891 3388 958 3444 de
983 3386 1234 3442 omnibus
1273 3382 1513 3452 judicct,
1554 3379 1709 3450 cujus
1748 3383 1850 3434 hoc
1871 3376 2074 3449 judicio
2102 3392 2217 3433 me-

640 3481 790 3538 ruit?
812 3483 1009 3534 Contra
1030 3473 1325 3544 quemlibet
1354 3471 1551 3541 passim
1581 3470 1635 3523 in
1661 3469 1832 3524 triviis
1859 3478 2104 3538 strepere
2123 3506 2141 3532 ,
2168 3475 2223 3521 et

644 3581 937 3641 congerere
965 3562 1250 3619 maledicta
1278 3600 1294 3626 ,
1324 3575 1432 3614 non
1458 3557 1686 3614 crimina
1707 3597 1726 3623 ,
1754 3572 2062 3613 scurrarum
2087 3564 2173 3610 est
2202 3572 2219 3621 ;

648 3672 705 3720 et
742 3666 1048 3732 paratarum
1084 3650 1179 3725 [aL
1211 3646 1573 3723 parasitorum]
1595 3662 1812 3717 semper
1840 3647 1907 3702 ad
1935 3647 2077 3702 lites.
2109 3644 2223 3701 blo-

708 3812 781 3875 (a)
813 3809 919 3860 Non
954 3808 1265 3875 immutamus
1281 3799 1636 3875 B-enedietittar
1653 3799 1886 3875 editionis
1921 3799 2186 3875 lectionem
2207 3838 2222 3862 ,

646 3861 875 3926 cuin'non
899 3870 1018 3920 satis
1040 3865 1180 3916 nobis
1201 3863 1370 3914 auxilii
1393 3861 1644 3926 conferant
1670 3868 1880 3926 veteres
1912 3863 2107 3912 codices
2142 3861 2228 3911 no.

644 3923 754 3987 stri.
775 3933 869 3983 lilii
893 3939 1055 3982 tamen
1080 3927 1218 3987 editi,
1243 3928 1318 3976 sin
1338 3925 1522 3987 verius,
1545 3923 1842 3987 concinniori
1877 3932 2017 3987 certe
2039 3936 2189 3987 sensu
2210 3962 2225 3981 ,

646 3983 790 4049 QQ.
805 4005 1016 4057 ,νημψιις
1037 3983 1389 4057 pellairius,_cui
1415 3983 1637 4057 lec_tiqp_i,_
1654 3997 1799 4057 quam
1821 3985 2057 4057 praeferre
2079 3985 2227 4057 etiam

646 4012 790 4049 πάντα
805 4005 1016 4057 “mata,
1037 3999 1289 4052 peuamus,
1314 3999 1389 4035 cut
1415 3999 1630 4042 tecttout,
1691 3999 1799 4032 nam
1821 3999 2057 4047 praeterre
2079 3999 2227 4034 etiam

646 4057 932 4122 manemus.
951 4052 1161 4122 maxime
1182 4049 1347 4122 ςεμνεξη
1372 4046 1503 4122 alios!
1524 3999 2227 4122 alibi(iliaPHt.m"§.de.aPi-

649 4097 1073 4173 Eligaiﬁ'iitfiio’
1101 4111 1194 4173 sibi
1217 4097 1406 4159 tantum
1426 4108 1731 4173 tribuerent,
1750 4107 1813 4173 ut
1835 4097 1958 4158 alios
1978 4097 2228 4173 fractam-

649 4167 735 4228 res
754 4178 819 4225 de
841 4167 1143 4232 Scriptorum
1165 4170 1352 4232 honore
1374 4182 1431 4232 ac
1449 4168 1599 4232 gradu
1625 4167 1955 4232 expellerent.
1980 4169 2063 4218 Sic
2082 4181 2125 4229 et
2135 4169 2225 4232 _ist.

649 4240 710 4288 ad
734 4237 919 4285 Rustic.
942 4228 1162 4282 Monach.
1200 4231 1265 4280 de
1302 4228 1489 4278 Bullini)
1512 4228 1728 4291 loquens
1746 4264 1760 4286 ,
1792 4248 1815 4276 ι
1837 4230 2101 4282 Censor-em
2118 4228 2231 4279 Ἠο-

652 4312 809 4350 naua:
831 4295 1425 4355 htcunditeguqtarequem
1448 4289 1629 4355 vellei,
1651 4298 1704 4341 et
1721 4291 1809 4355 de
1840 4292 2028 4343 Senatu
2060 4292 2229 4342 docto-

652 4373 760 4410 rum
793 4352 1187 4417 EXCLUDFJtE.
1208 4350 1443 4417 alterum
1482 4352 1630 4414 epist.
1675 4353 1736 4401 ad
1778 4350 2023 4417 Riparium
2061 4360 2230 4417 contra

650 4418 984 4482 Vigilantiam,
1016 4414 1183 4482 ¢_'l‘_ih.i_
1187 4412 1278 4463 soli
1303 4412 1422 4482 licet
1436 4430 1488 4476 τᾳ
1510 4412 1697 4482 egenas...
1715 4428 1817 4477 ιρινῑ
1836 4412 1866 4479 ς.
1883 4416 1948 4482 de
1968 4413 2158 4463 cunctis
2179 4420 2233 4482 et

655 4472 859 4537 Graecis,
878 4486 931 4527 et
946 4472 1130 4526 Latinis
1140 4472 1659 4537 fl‘ragtgttqribttsiert‘e
1680 4472 2003 4537 sententiam,
2019 4482 2073 4524 et
2090 4476 2230 4537 quasi

652 4532 875 4594 censoria
898 4537 1086 4600 virgula
1109 4535 1230 4600 alios
1247 4533 1474 4600 EtCljl-BE
1494 4534 1558 4600 (_l_e
1588 4532 1937 4600 Bibliothecis,
1961 4534 2083 4600 alios
2105 4532 2232 4600 reci-

654 4593 796 4666 pere,
822 4615 845 4644 ι
877 4593 1152 4649 θιοΪΡοιτο
1185 4595 1250 4646 Μ.
1277 4593 1472 4644 Attilius
1504 4593 1726 4656 Regulus
1763 4596 1876 4644 beic
1909 4593 2044 4644 iunui
2084 4596 2232 4659 vulgo

653 4663 901 4723 creditur,
924 4656 1262 4723 qui_(‘.ensoris
1295 4655 1514 4723 ofﬁciunt
1537 4657 1689 4723 amita
1720 4659 1992 4723 severitate
2028 4659 2229 4723 tenuit,

652 4695 2235 4788 milia;azigsm'aaaaaafi.‘iss'éfsajgau'siiu

653 4786 714 4835 ad
734 4797 842 4835 rem
864 4790 1077 4834 nostram
1101 4787 1232 4830 sunt.
1261 4778 1411 4828 Nobis
1433 4778 1631 4828 Attilius
1667 4778 1765 4828 iste
1786 4791 1882 4828 non
1919 4778 2043 4828 alius
2078 4782 2141 4829 ah
2174 4794 2237 4831 eo

655 4846 870 4906 videtur,
897 4844 1036 4913 cujus
1057 4839 1467 4913 meminitjuttior
1487 4838 1784 4913 lflipiuslib.
1808 4839 1856 4891 1.
1883 4839 2090 4913 epistola
2108 4842 2168 4913 9.Δ
2184 4849 2238 4913 et

653 4921 803 4971 quem
840 4899 1221 4971 eruditissimum
1256 4899 1438 4971 simul,
1471 4908 1524 4971 et
1559 4899 1930 4971 facetissimum:
1948 4909 2115 4971 voc_a_t._
2141 4903 2239 4971 Aut

658 4959 827 5074 Pierius
848 4975 913 5019 ιι.
940 4962 1109 5037 Atilius
1134 4961 1262 5074 ξείνῳ
1300 4959 1498 5025 acilius)
1524 4960 1807 5035 Palicanus,
1834 4964 1920 5034 qui
1951 4964 2003 5014 in
2034 4963 2235 5015 Salustii

676 5025 1052 5074 ramitenlisltb.
1088 5024 1127 5074 ν
1159 5059 1173 5072 .
1205 5022 1416 5074 dicitur.
1455 5023 1624 5074 Ιησηιιι
1662 5022 1799 5074 loco.
1836 5032 2025 5074 Picens.
2060 5024 2235 5074 ianuas

653 5029 944 5093 fragmentis
964 5025 1065 5093 lib._
1088 5022 1173 5074 Vl.
1204 5022 1416 5093 dicitur,
1455 5022 1624 5093 Inmiti
1662 5022 1818 5093 loco,_
2060 5024 2238 5093 ιαίυατ

657 5083 1015 5163 Ψαέίβρ..φιαεη
1034 5083 1306 5163 (“infima
1331 5084 1999 5163 ate,_>:er91_es_.sahssuo
2029 5083 2235 5163 metm.

662 5144 943 5210 Quintilian.
969 5144 1084 5210 Li'i.
1108 5159 1155 5197 c.
1178 5147 1229 5210 ᾖ.
1259 5152 1312 5195 et
1334 5144 1551 5206 Gellius;
1576 5147 1861 5210 quin_etiatn
1885 5148 1993 5210 ipse
2029 5145 2236 5210 Hieron.

658 5205 824 5322 $113?
838 5209 1142 5321 iHelvidium.
1168 5207 1288 5268 Quae
1309 5205 1582 5270 sequuntur
1594 5205 1669 5257 ἐκ
1691 5205 1934 5256 Joviniani
1956 5218 2048 5256 ore
2072 5207 2240 5257 viden-

713 5287 739 5321 r
793 5286 836 5322 te
862 5308 874 5321 .

658 5282 739 5324 tur
758 5282 874 5322 dict.

722 5332 794 5396 (lt)
828 5333 1120 5396 Anteaerat
1152 5326 1759 5396 acuminato,__incongrua
1774 5327 2007 5396 lectione
2031 5362 2047 5385 ,
2092 5340 2238 5396 quam

661 5389 925 5450 Victorius,
949 5390 1131 5454 aliique
1155 5397 1373 5454 tuentur.
1406 5391 1532 5454 Alibi
1571 5389 1737 5440 contra
1774 5389 1926 5453 Vigil.
1949 5389 2091 5440 liter.
2114 5389 2240 5440 dixit

660 5461 862 5505 arcuato
884 5450 1078 5502 subiere
1106 5464 1125 5513 .1
1147 5451 1261 5501 alibi
1284 5457 1483 5500 arcuato
1498 5450 1695 5513 impetu.
1746 5511 1773 5513 ᾉ
1842 5450 1861 5453 ⁷
1992 5474 1995 5477 ν

724 5516 797 5575 (c)
831 5514 909 5559 De
935 5511 1527 5575 veteri__bac_conspue_ndi
1552 5511 1723 5571 injuria
1735 5511 2007 5575 Petronius
2023 5548 2037 5571 ,
2063 5520 2242 5562 Convo-

661 5569 746 5627 σαί
760 5569 925 5621 anates
940 5569 1303 5641 rrmassillnarias,
1319 5569 1613 5641 [amitaeque
1630 5571 2013 5641 sordidissimam
2025 5569 2240 5641 partem,

659 5644 825 5739 glria;
840 5629 1041 5690 conspui
1067 5629 1220 5688 jubet.
1245 5629 1358 5680 Vid.
1384 5629 1625 5680 Senecaut
1661 5632 1725 5682 de
1765 5633 1935 5696 injuria
1974 5629 2236 5696 Sapientis,

667 5706 772 5751 cap.
806 5706 848 5739 ι.

810 5912 843 5928 Ι

1896 270 2143 334 SANCTI
2180 264 2550 326 HIERONOHI

3757 256 3887 316 516

2289 387 2415 436 veat
2438 392 2656 434 manum
2678 415 2695 444 ,
2734 375 2859 447 ngat
2886 374 3105 440 stilum,
3136 379 3475 430 commoveat
3497 386 3592 439 se;
3624 381 3682 429 et
3706 374 3889 444 quid-

2287 469 2414 538 quid
2442 476 2616 538 potest
2642 467 2858 537 scriptis
2891 464 3157 521 ostendat.
3194 465 3292 520 Dct
3325 463 3482 518 nobis
3513 466 3879 521 occasionem

2287 560 2650 633 respondendi
2697 557 3058 614 disertitudini
3085 571 3217 612 suae.
3268 556 3497 611 Possum
3551 556 3884 613 remordere

2289 653 2381 726 [al.
2410 650 2734 724 respondere]
2761 693 2776 717 ,
2801 651 2845 705 si
2871 649 3030 704 velim
3053 689 3067 713 ,
3115 662 3341 718 possum
3364 648 3661 718 genuinum
3706 648 3887 705 [3:808

2290 745 2530 813 inﬁgere.
2587 744 2652 797 Et
2699 734 2797 796 nos
2840 741 3123 795 didicimus
3168 739 3405 801 litteras;
3443 756 3466 791 ι
3498 738 3563 792 Et
3587 753 3688 793 nos
3727 754 3888 808 saepe

2289 851 2508 891 manum
2553 834 2735 890 ferula:
2776 832 3138 888 subtraximus
3162 848 3182 883 ι
3219 828 3484 901 (Juuettal.
3518 830 3635 885 Sat.
3670 829 3752 902 Ι).
3802 831 3887 887 De

2292 926 2447 981 nobis
2473 940 2687 995 quoque
2720 923 2825 979 dici
2858 932 3033 993 potest
3064 939 3079 987 ;
3127 921 3351 976 Faenum
3380 920 3542 976 habet
3573 920 3626 975 in
3657 936 3837 976 cornu
3865 961 3884 985 ,

2296 1020 2456 1089 longe
2485 1018 2608 1088 fuge
2636 1017 2655 1089 (
2681 1016 2810 1070 Hor.
2844 1015 3015 1070 Serm.
3052 1016 3104 1070 l.
3135 1022 3236 1068 sat.
3262 1014 3296 1068 4
3319 1015 3358 1080 ).
3378 1013 3485 1069 Sed
3519 1013 3689 1083 magis
3721 1013 3889 1067 volu-

2301 1123 2419 1163 mus
2450 1122 2572 1163 esse
2599 1105 2845 1176 discipuli
2877 1106 2993 1173 ejus
3018 1144 3033 1168 ,
3080 1103 3171 1173 qui
3218 1102 3295 1158 ait
3324 1120 3337 1156 :
3374 1121 3395 1155 ι
3430 1103 3658 1157 Dorsutn
3689 1118 3884 1158 meum

2294 1199 2448 1270 posui
2499 1198 2566 1253 ad
2607 1196 2854 1267 ﬂagella;
2899 1204 2957 1250 et
3000 1194 3188 1249 faciem
3244 1210 3417 1248 meam
3466 1209 3572 1249 non
3625 1196 3798 1250 averti
3846 1211 3881 1252 a

2295 1290 2610 1345 confusione
2630 1300 2909 1357 Sputorum
2934 1306 2954 1339 ι
2978 1285 3131 1356 (Isai.
3155 1286 3245 1341 50.
3272 1285 3324 1340 6.
3348 1286 3503 1355 juxta
3520 1284 3748 1353 LXX):
3777 1284 3883 1352 Qui

2297 1396 2418 1436 cum
2448 1379 2876 1445 malediceretur,
2908 1392 3010 1432 non
3043 1375 3375 1432 remaledisit
3398 1395 3418 1428 ι
3450 1377 3529 1440 (i.
3552 1376 3736 1432 Ptr.2.
3760 1378 3882 1449 23);

2297 1479 2352 1527 et
2383 1471 2719 1541 postalapas,
2748 1484 2985 1534 crucem,
3015 1468 3245 1538 ﬂagella,
3278 1467 3658 1537 blasphemias,
3693 1471 3879 1525 novis-

2299 1561 2435 1616 sime
2485 1575 2584 1630 pro
2629 1558 3068 1628 cruciﬁgentibus
3108 1557 3430 1627 deprecatus
3473 1568 3598 1623 est,
3639 1558 3883 1614 dicens:

2306 1670 2326 1704 ι
2347 1653 2504 1707 Pater
2524 1652 2742 1722 ignosce
2755 1651 2850 1713 eis,
2863 1649 3002 1719 quod
3020 1649 3161 1704 enim
3180 1648 3396 1708 faciunt.
3411 1648 3653 1702 nesciunt
3677 1666 3697 1701 ι
3723 1647 3887 1718 (Luc.

2305 1745 2394 1800 15.
2417 1742 2530 1815 54).
2588 1742 2656 1796 Ει
2691 1755 2793 1811 ego
2833 1742 3051 1811 ignosco
3092 1739 3263 1794 errori
3305 1738 3482 1793 fratris
3521 1754 3538 1794 :
3583 1738 3835 1809 intelligo
3862 1778 3885 1805 ,

2303 1836 2424 1905 quia
2451 1832 2649 1887 diaboli
2673 1840 2789 1886 arte
2809 1831 3064 1900 deceptus
3087 1839 3188 1884 est.
3221 1827 3364 1883 inter
3391 1828 3731 1884 mulierculas
3747 1829 3893 1883 scio-

2306 1927 2388 1981 lus
2432 1926 2535 1979 sibi
2579 1933 2636 1979 et
2678 1926 2934 1993 eloquens
2980 1920 3279 1976 videbatur.
3317 1920 3605 1989 Postquam
3652 1918 3889 1973 Romam

2308 2032 2424 2072 mea
2450 2014 2707 2085 Opuscula
2731 2020 3110 2083 pervenerunt,
3128 2012 3279 2081 quasi
3301 2009 3555 2065 aemulum
3577 2009 3885 2066 exhorruit.

2307 2118 2363 2162 et
2384 2108 2452 2161 de
2481 2122 2565 2161 tne
2592 2120 2808 2175 quoque
2833 2103 3064 2172 captavit
3092 2102 3336 2172 gloriam.
3366 2110 3425 2155 ut
3450 2100 3626 2156 nullus
3650 2109 3801 2156 esset
3832 2101 3887 2155 in

2310 2199 2466 2253 terris
2485 2238 2501 2261 ,
2525 2198 2619 2266 qui
2650 2210 2755 2249 non
2780 2194 2898 2263 ejus
2923 2193 3241 2262 eloquentia:
3275 2191 3618 2261 displiceret,
3648 2190 3891 2259 exceptis

2311 2289 2395 2344 his
2435 2302 2664 2358 quorum
2712 2284 2966 2357 potentiae
3006 2300 3112 2338 non
3171 2284 3379 2354 parcit,
3411 2282 3505 2338 sed
3551 2281 3732 2347 cedit;
3780 2282 3892 2336 imo

2310 2393 2445 2450 quos
2473 2393 2579 2432 non
2618 2376 2884 2439 honorat,
2913 2375 3009 2430 sed
3041 2374 3249 2429 metuit.
3282 2373 3460 2429 Voluit
3494 2372 3698 2428 scilicet
3727 2371 3891 2427 homo

2314 2470 2697 2540 peritissimus,
2728 2477 2787 2522 ut
2826 2475 3115 2521 veteranus
3158 2465 3315 2519 miles
3357 2479 3464 2518 uno
3510 2473 3687 2519 rotatu
3726 2463 3891 2534 gladii

2315 2571 2592 2633 percutere
2615 2570 2917 2630 utrumque,
2947 2568 3002 2613 et
3027 2557 3313 2613 ostendere
3340 2558 3549 2627 p0pulis
3569 2558 3708 2627 quod
3738 2556 3893 2626 quid-

2313 2655 2438 2727 quid
2465 2656 2580 2725 ipse
2606 2654 2785 2717 vellet,
2819 2653 2922 2707 hoc
2948 2652 3221 2720 Scriptura
3240 2651 3482 2705 sentiret.
3502 2650 3765 2719 ,Dignetnr
3791 2650 3892 2719 igi-

2317 2758 2405 2805 tur
2429 2749 2583 2803 nobis
2613 2762 2919 2803 sermonem
2945 2760 3100 2799 suum
3128 2745 3362 2809 mittere,
3389 2732 3572 2797 etnon
3600 2740 3895 2811 reprehen-

2317 2839 2513 2902 dendo,
2537 2838 2630 2893 sed
2655 2837 2917 2900 docendo,
2944 2836 3304 2906 garrulitatem
3332 2844 3569 2889 nostram
3598 2833 3891 2902 corrigere.

2319 2932 2469 2986 'l‘unc
2499 2930 2759 3000 intelliget
2785 2929 2946 2982 aliam
2976 2928 3079 2982 vim
3107 2926 3212 2981 furi
3235 2940 3356 2982 esse
3383 2965 3400 2992 ,
3430 2924 3587 2979 aliam
3627 2923 3841 2979 triclinii
3871 2938 3889 2987 ;

2319 3038 2426 3078 non
2451 3036 2602 3092 atque
2632 3021 2770 3074 inter
2799 3019 2946 3073 fusos
2969 3027 3023 3071 et
3047 3018 3289 3072 calathos
3317 3017 3609 3086 puellarum
3634 3056 3650 3078 ,
3673 3024 3730 3070 et
3755 3014 3897 3070 inter

2321 3112 2560 3168 eruditos
2585 3112 2729 3165 viros
2754 3111 2821 3165 de
2853 3110 3048 3164 divina:
3088 3108 3222 3179 legis
3248 3106 3587 3177 dogmatibus
3613 3105 3893 3175 diSputari.

2320 3203 2473 3259 Nunc
2499 3203 2688 3265 libere,
2721 3210 2777 3256 et
2803 3200 3142 3270 impudenter
3157 3200 3325 3267 jactat
3351 3198 3404 3252 in
3436 3198 3658 3267 vulgus,
3737 3194 3894 3267 24],

2323 3304 2377 3349 et
2399 3294 2710 3364 perstrepit,
2742 3291 2821 3364 (ά)
2844 3291 3059 3346 damnat
3078 3290 3325 3359 nuptias;
3348 3297 3403 3344 et
3428 3288 3570 3342 inter
3600 3295 3782 3342 uterus
3815 3296 3898 3340 tn-

2324 3383 2841 3451 mentes,int‘antium
2862 3383 3153 3453 vagitus,et
3173 3379 3405 3435 lectulos
3419 3380 3752 3440 maritorum,
3769 3374 3896 3445 quid

2326 3477 2615 3547 Apostolus
2658 3475 2875 3540 dixerit,
2924 3483 3103 3538 tacet,
3142 3481 3199 3527 ut
3250 3485 3337 3526 me
3361 3470 3537 3525 solum
3565 3470 3617 3523 in
3647 3467 3895 3522 invidiam

2329 3578 2499 3624 vocet.
2546 3568 2678 3622 Cum
2709 3576 2884 3621 autem
2905 3566 2973 3619 ad
2997 3565 3176 3619 libros
3191 3561 3400 3619 venerit
3422 3603 3438 3628 ,
3483 3570 3539 3616 et
3566 3558 3754 3629 pedem
3778 3558 3898 3628 pedi

2327 3658 2633 3720 contulerit,
2652 3666 2707 3712 et
2725 3658 2808 3710 vel
2833 3655 3170 3725 proposuerit
3194 3652 3392 3721 aliquid
3407 3651 3475 3705 de
3486 3649 3798 3719 Scripturis.
3816 3647 3899 3704 Vel

2328 3749 2503 3806 audiet
2519 3749 2560 3804 it
2586 3759 2970 3818 proponentem
2996 3786 3013 3811 ,
3063 3729 3188 3799 tunc
3216 3742 3465 3805 sudabit,
3499 3751 3626 3795 tunc
3654 3738 3897 3794 haerebit.

2326 3841 2520 3898 Procul
2550 3840 2809 3909 Epicurus
2834 3878 2851 3901 ,
2883 3838 3038 3905 longe
3064 3834 3366 3903 Aristippus
3387 3873 3403 3900 ,
3435 3831 3644 3887 subulci
3674 3848 3779 3887 non
3803 3831 3899 3886 ad.

2330 3941 2513 3998 erunt,
2540 3929 2768 3999 scropha
2795 3943 2900 3981 tton
2924 3926 3196 3996 grunniet.

2337 4042 2357 4075 ι
2384 4024 2446 4078 Et
2475 4036 2573 4076 nos
2595 4021 2720 4086 tela,
2749 4027 2919 4090 pater,
2951 4016 3257 4084 let-rumque
3284 4012 3421 4067 haud
3448 4012 3625 4068 debile
3645 4012 3833 4067 dextra

2337 4134 2359 4168 ι
2391 4114 2723 4186 Spargitnus,
2742 4122 2798 4166 et
2823 4119 3009 4164 nostro
3024 4109 3268 4178 sequitur
3287 4106 3356 4161 de
3377 4106 3599 4160 vulnere
3619 4106 3853 4175 sanguis.
3877 4122 3897 4156 ι

2332 4207 2577 4278 (Eadd.
2609 4204 2698 4259 lib.
2725 4201 2887 4273 ΧΗ).

2404 4301 2572 4357 Porro
2598 4296 2645 4352 si
2685 4310 2793 4350 non
2824 4293 2937 4348 vult
2963 4291 3199 4347 scribere
3221 4330 3238 4357 ,
3283 4298 3339 4345 et
3367 4297 3570 4343 tantum
3617 4285 3905 4341 maledictis

2334 4390 2595 4463 agendum
2626 4395 2796 4458 putat,
2822 4384 3004 4438 audiat
3029 4391 3109 4436 tot
3137 4379 3574 4450 interjacentibus
3601 4377 3787 4441 terris,
3814 4375 3907 4429 lla-

2336 4482 2533 4547 etibus,
2561 4478 2773 4550 p0pu|is
2796 4517 2810 4541 ,
2843 4477 2912 4545 (e)
2944 4473 3134 4528 saltem
3165 4472 3314 4529 Echo
3340 4469 3592 4525 clamoris
3621 4469 3725 4523 tnei
3755 4483 3767 4519 :
3796 4466 3905 4520 Non

2336 4575 2533 4630 damno
2559 4572 2795 4641 nuptias,
2835 4582 2942 4623 non
2969 4568 3165 4621 danmo
3186 4564 3511 4635 conjttgiutn.
3542 4563 3608 4618 Et
3633 4573 3688 4616 nt
3715 4563 3908 4616 certius

2338 4664 2655 4720 sententiam
2685 4676 2858 4715 meant
2891 4666 3091 4723 teneat,
3120 4658 3243 4711 volo
3270 4670 3458 4711 ornnes
3482 4655 3569 4722 qni
3603 4664 3820 4722 propter
3845 4653 3908 4724 (ῃ

2340 4765 2631 4812 nocturnos
2657 4753 2881 4808 forsitan
2910 4761 3085 4807 metus
3123 4749 3224 4805 soli
3252 4748 3491 4805 cubitare
3531 4759 3635 4799 non
3666 4755 3907 4814 possunt,

2340 4861 2535 4903 uxores
2559 4844 2779 4902 ducere.

2390 5027 2481 5109 ~(tl)
2514 5043 2571 5094 Id
2593 5050 2673 5109 est
2691 5041 3023 5109 Hieronymus
3040 5077 3054 5097 ,
3079 5039 3273 5109 cui-hoc
3293 5036 3478 5087 crimen
3501 5031 3798 5095 impingitur.
3822 5030 3895 5081 Ali

2341 5101 2506 5158 tanien
2528 5107 2724 5156 codices
2746 5101 2929 5153 habent
2951 5101 3211 5151 damnavit.

2403 5152 2741 5231 (efl‘jroeclto
2766 5166 2937 5231 vitiose
2962 5168 3068 5231 erat
3089 5170 3235 5231 antea
3268 5163 3313 5208 et
3336 5155 3457 5231 hog,
3490 5152 3621 5231 quod
3658 5152 3912 5203 emendare

2342 5216 2442 5279 uoii
2453 5216 2959 5287 'dubitavitnusgetiam
2981 5223 3169 5287 absque
3192 5220 3308 5269 Mss.
3332 5216 3582 5287 suffragio.

2405 5272 2492 5358 ("ri
2774 5272 2901 5358 ihs?
2919 5272 3178 5358 ,δφειιυῦἑίει
3208 5287 3405 5358 Si?"
3415 5272 3824 5358 -E“1-9‘°EE‘1'1‘5
3845 5272 3914 5358 ,δι’

2343 5334 2884 5401 Ωιόἱιῖοῗὰἷέῑὲὲείθωθ
2918 5351 3085 5395 tamen
3106 5338 3359 5402 exemplar
3375 5370 3391 5400 ,
3414 5336 3597 5405 postibat
3634 5348 3808 5389 uxores
3828 5334 3904 5384 ila-

2344 5424 2471 5462 cere.
