4078 6198
238 261 345 320 M7

766 372 826 427 Et
852 370 1087 426 ISTOLA
1133 372 1192 425 LI
1235 372 1310 439 (ιι)

241 488 300 539 S.
338 485 609 538 Rennuit
634 484 709 537 An
735 483 974 536 .lostvssl
1014 482 1331 551 Episcopum
1358 481 1814 551 .lerosolyntorum

596 574 635 625 Λ
667 572 990 641 llieronymo
1018 570 1204 625 Latine
1233 570 1459 624 reddita.

241 703 559 773 Epiphanius
618 702 902 773 Episcopus
959 701 1244 756 Salamina:
1297 698 1455 769 Cypri
1505 708 1713 752 excusat
1764 716 1817 752 se

305 797 498 850 Joamn'
527 795 783 866 Episcopo
802 794 1258 865 Jerosolymitano,
1284 794 1420 862 quod
1448 791 1813 844 Paulinanium

307 886 663 955 Presbyterum
685 886 966 940 ordinasse!
987 887 1097 955 ipso
1118 885 1425 938 inconsulto.
1457 882 1657 936 Deinde
1678 899 1815 936 com-

303 986 492 1042 mouet,
523 989 576 1030 ut
606 976 669 1031 ab
699 977 936 1047 Oriyem's
956 976 1211 1029 erroribus
1240 974 1506 1030 abstineat.

228 1088 456 1143 Durniuo
499 1083 756 1144 dilectiss.
803 1074 974 1140 Fratri
1016 1085 1203 1141 losum
1242 1086 1415 1156 Episc.
1466 1074 1806 1139 Ertptumus.

299 1201 349 1253 l.
372 1200 668 1269 Oportebat
701 1198 774 1271 (b)
802 1213 922 1265 nos,
948 1198 1337 1275 dileCtissime,
1381 1197 1677 1252 Clericatus
1716 1182 1811 1250 ho-

219 1306 358 1357 nore
386 1306 492 1344 non
519 1290 667 1344 abuti
697 1291 750 1342 in
782 1289 1111 1358 superbiant,
1139 1289 1234 1344 sed
1260 1287 1500 1343 custodia
1528 1287 1809 1342 mandato-

216 1395 344 1433 rum
369 1380 486 1446 Dei,
506 1389 558 1434 et
578 1379 953 1434 observatione
973 1379 1376 1449 diligentissima
1399 1381 1500 1433 hoc
1522 1394 1644 1433 esse
1663 1378 1808 1448 quod

212 1468 469 1523 dicimur.
501 1469 558 1523 Si
585 1470 731 1524 enim
772 1478 955 1523 sancta
995 1469 1269 1537 Scriptura
1309 1468 1589 1538 loquitur:
1624 1486 1643 1520 ι
1666 1470 1806 1524 Cleri

213 1572 405 1612 eorum
437 1572 543 1611 non
576 1559 870 1627 proderunt
893 1559 974 1612 eis
1004 1556 1214 1625 (Jcrem.
1238 1576 1258 1610 ι
1286 1557 1374 1611 12.
1394 1559 1559 1626 iuxta.
1581 1556 1755 1627 LXX)
1787 1573 1802 1612 :

214 1664 338 1717 qua:
374 1649 681 1717 arrogantia
711 1649 999 1702 clericatus
1043 1648 1347 1702 conducere
1386 1647 1542 1701 nobis
1585 1646 1803 1716 poterit,

213 1741 305 1809 qui
336 1755 443 1795 non
485 1739 659 1793 solum
689 1741 1031 1808 cogitatione,
1075 1748 1129 1793 et
1175 1752 1336 1792 sensu
1360 1778 1377 1802 ,
1425 1754 1610 1792 verum
1638 1739 1799 1793 etiam

213 1846 463 1886 sermone
489 1833 819 1900 peccamus?
891 1829 1052 1901 242
1125 1829 1314 1884 Audivi
1335 1831 1531 1899 quippe
1549 1831 1690 1900 quod
1715 1840 1800 1885 tu-

211 1938 363 1979 meas
386 1934 570 1978 contra
598 1938 718 1983 nos,
742 1933 799 1978 et
816 1923 1087 1987 irascaris,
1109 1929 1164 1977 et
1188 1920 1452 1976 miniteris
1479 1922 1716 1978 scribere
1743 1923 1797 1976 in

212 2024 484 2068 extremos
503 2012 639 2066 fines
660 2022 836 2075 teme,
856 2021 913 2064 ut
934 2011 1050 2065 loca
1079 2010 1486 2080 provinciasque
1500 2025 1606 2065 non
1627 2011 1799 2065 nomi-

214 2118 361 2157 nem.
392 2104 451 2157 Et
480 2102 567 2157 ubi
590 2111 676 2157 est
699 2102 790 2156 Dei
819 2100 995 2165 timor,
1025 2099 1117 2169 qui
1143 2114 1241 2153 nos
1259 2098 1421 2155 debet
1446 2100 1541 2154 illo
1562 2110 1798 2156 tremore

207 2202 520 2258 concutere,
538 2193 627 2262 qui
648 2191 822 2247 dictus
841 2198 923 2245 est
941 2205 972 2243 a
998 2190 1224 2243 Domino
1244 2205 1257 2241 :
1281 2208 1301 2241 ι
1322 2188 1379 2243 Si
1405 2194 1523 2258 quis
1549 2189 1797 2244 irascitur

211 2283 364 2337 fratri
388 2298 485 2338 suo
512 2285 627 2338 sine
652 2298 810 2339 causa
834 2322 850 2348 ,
877 2297 1002 2337 reus
1023 2282 1124 2337 erit
1158 2280 1404 2351 judicio?
1433 2299 1454 2333 ι
1484 2281 1711 2353 (Matth.
1737 2269 1790 2337 3.

204 2374 332 2443 33.)
364 2373 477 2427 Non
518 2375 658 2444 quod
710 2388 1033 2444 magnopere
1073 2387 1293 2438 curent,
1341 2373 1386 2426 si
1420 2374 1625 2429 scribas
1653 2374 1795 2443 quod

206 2464 490 2533 placuerit.
516 2463 902 2519 Seriln-bantur
919 2463 1086 2527 enim,
1115 2470 1171 2517 et
1202 2462 1278 2534 (ε)
1308 2462 1550 2531 epistola:
1580 2461 1795 2519 biblinz

202 2553 358 2620 juxta
383 2551 569 2608 Isaiam
599 2561 692 2609 :ct
730 2554 1079 2630 mittebantur
1100 2566 1264 2619 super
1298 2566 1498 2622 aquas,
1541 2569 1660 2622 qua:
1686 2555 1795 2610 cito

205 2656 334 2697 eum
356 2643 559 2698 saeculo
590 2653 886 2699 transeunt.
916 2642 1060 2697 Nihil
1092 2632 1184 2697 tibi
1214 2644 1513 2707 nocuimus.
1549 2644 1677 2700 nihil
1705 2645 1789 2702 iu-

198 2733 362 2803 jurize
391 2732 646 2800 fecimus,
692 2749 790 2790 uec
836 2735 1123 2804 quicquam
1154 2733 1418 2811 violenter
1439 2735 1788 2791 extorsimus.

205 2818 270 2877 In
293 2824 619 2878 monasterio
649 2825 891 2887 fratrum,
915 2832 970 2879 et
1000 2822 1224 2877 fratrum
1247 2810 1681 2894 Peregrinarum,
1707 2810 1791 2896 (Α)

204 2917 298 2985 qui
324 2914 618 2984 provincia:
643 2915 775 2969 nihil
794 2923 896 2970 tua:
917 2915 1209 2970 deberent:
1238 2922 1292 2969 et
1311 2925 1528 2984 propter
1550 2926 1789 2971 nostram

206 3006 549 3075 parvitatem,
569 3013 622 3059 et
654 3005 1030 3076 litteras,quas
1058 3004 1125 3060 ad
1151 3019 1246 3060 eos
1267 3004 1458 3060 crebro
1474 3006 1786 3073 direximus,

204 3098 605 3153 communionis
645 3113 854 3168 quoque
896 3108 1000 3151 tua:
1033 3106 1313 3166 coeperunt
1353 3097 1550 3153 habere
1586 3098 1792 3153 discor-

200 3188 375 3255 diam,
416 3204 484 3244 ne
521 3188 829 3243 viderentur
855 3188 1082 3256 quadam
1114 3187 1311 3242 duritia
1335 3229 1351 3254 ,
1381 3196 1437 3243 et
1465 3188 1791 3243 conscientia

204 3288 413 3341 nostra,
441 3278 675 3347 antiqua:
704 3277 827 3333 fidei
862 3266 930 3332 ab
967 3276 1207 3332 Ecclesia
1238 3277 1498 3345 separari.
1523 3276 1792 3333 ordinavi-

205 3381 333 3422 mus
362 3367 653 3422 Diaconum
694 3383 709 3420 :
756 3375 810 3421 et
854 3378 1136 3437 postquam
1180 3367 1531 3433 ministravit,
1578 3371 1789 3421 rursum

209 3456 613 3527 Presbyterum,
643 3471 806 3528 super
832 3473 938 3528 quo
971 3456 1241 3512 debueras
1262 3456 1549 3528 gratulari,
1592 3453 1790 3516 intelli-

208 3564 345 3619 gens
376 3548 516 3620 quod
545 3551 616 3607 ob
647 3551 740 3606 Dei
783 3552 1028 3607 timorem
1066 3551 1168 3629 hoc
1208 3567 1394 3607 sumus
1425 3536 1602 3607 facere
1642 3558 1790 3609 com-

208 3641 350 3711 pulsi
384 3656 400 3695 :
433 3642 665 3699 maxime
688 3657 807 3698 cum
832 3644 974 3697 nulla
1000 3644 1073 3698 sit
1095 3642 1379 3698 diversitas
1406 3644 1457 3698 in
1489 3643 1791 3701 sacerdotio

208 3731 333 3798 Dei,
360 3740 417 3788 et
442 3733 529 3788 ubi
560 3734 774 3789 utilitati
808 3733 1060 3789 Ecclesia:
1098 3734 1431 3804 providetur.
1460 3719 1630 3800 Ναιιι,
1662 3730 1716 3791 et
1744 3735 1791 3790 si

277 3852 352 3913 (α)
385 3852 512 3916 alios
531 3853 613 3903 eo.
660 3853 846 3916 Scripta
887 3867 948 3904 ac
982 3854 1128 3904 latittc
1170 3854 1366 3906 reddita
1405 3855 1542 3908 citat
1567 3859 1792 3910 eteadem

136 3948 149 3958 .
200 3926 391 3963 annon
409 3914 519 3962 394,

274 3974 350 4083 :2
370 3969 581 4025 Consttle
604 3972 725 4021 intra
747 3975 890 4035 c’pist.
916 3965 993 4023 57.
1024 3973 1087 4023 de
1122 3973 1299 4037 optimo
1347 3988 1522 4039 genere
1550 3976 1791 4041 interpre.

354 4071 367 4083 .
394 4047 491 4083 una
521 4046 579 4081 se
599 4040 768 4081 tuetur
807 4034 944 4082 Hier.
984 4039 1153 4082 oontra
1203 4035 1445 4083 numnum
1486 4038 1791 4083 mvillantem

204 4034 367 4120 (aridi,
394 4047 504 4120 qua
521 4046 579 4120 se
599 4034 789 4120 tutetur
807 4034 967 4120 Hier.“
1203 4034 1445 4120 Rpﬂltium
1486 4034 1792 4120 (antistitem

205 4096 378 4158 priora
399 4093 506 4142 haec
529 4093 780 4158 Epiphztnii
819 4096 989 4152 verba,
1025 4106 1137 4155 qua:
1169 4096 1218 4143 in
1241 4094 1557 4158 Graecosunt
1579 4134 1593 4157 ,
1627 4107 1704 4150 ιειι

207 4153 326 4217 ξμς,
346 4166 525 4226 ιτακητι.
548 4153 667 4226 μῃῇ
689 4153 804 4214 item
824 4172 895 4205 τῶν
924 4153 1059 4216 ιλιιρώ
1082 4164 1248 4218 φιρισοει
1290 4168 1320 4206 a
1349 4154 1403 4206 S.
1421 4153 1635 4207 Doctore
1665 4153 1794 4211 male

209 4227 451 4268 conversa
475 4223 520 4263 ιιι
547 4223 781 4265 Latinum.

274 4252 451 4339 {5'13"
474 4252 848 4327 iieiié'i’éiim
871 4283 1011 4326 textu
1048 4282 1127 4335 est
1156 4252 1416 4332 κτιλῦεὲ
1433 4312 1449 4338 ,
1483 4278 1613 4341 quod
1647 4285 1723 4330 est
1744 4281 1795 4332 in

212 4349 337 4401 navis
360 4350 553 4412 papyri,
577 4352 628 4397 at
649 4345 790 4395 ω.
816 4341 960 4412 altam
976 4352 1018 4402 ’.ι
1038 4345 1252 4396 litteram
1277 4361 1366 4409 pro
1389 4355 1421 4401 ει
1442 4362 1552 4412 qua:
1566 4342 1795 4401 facillime

212 4408 591 4491 commutantur,
616 4430 848 4494 legentes
1015 4442 1204 4489 ιιιοτολδις
1223 4408 1385 4493 statim,
1409 4408 1791 4497 transtulerunt,

213 4502 510 4562 accipientes
532 4506 654 4555 una
672 4514 765 4550 seu
789 4512 1031 4566 papyrum
1051 4501 1140 4563 pro
1161 4501 1310 4562 epist.
1332 4502 1463 4565 quod
1486 4503 1717 4555 videlicet
1745 4506 1794 4555 in

213 4583 393 4632 papyro
426 4572 778 4632 scriberentur.
816 4568 1302 4632 Videndmil’linius
1330 4570 1417 4632 lib.
1457 4570 1588 4621 Xlll.
1625 4587 1669 4623 e.
1714 4576 1789 4623 tl.

215 4628 568 4682 et'i‘assiodor.
610 4629 645 4679 l.
679 4628 764 4681 XI.
790 4633 938 4693 epist.
976 4631 1055 4682 38.
1089 4630 1213 4682 Hinc
1248 4630 1502 4683 Aldelmus
1531 4634 1596 4684 de
1632 4634 1794 4699 Nycti-

211 4700 384 4742 corace
403 4731 418 4753 ,

213 4803 276 4864 Et
589 4752 773 4804 scribor
787 4752 944 4814 biblis,
962 4754 1050 4805 sed
1067 4766 1178 4805 voce
1196 4754 1418 4819 Pelasga.

342 4828 568 4863 nnoatus:

338 4877 447 4924 otia
470 4874 665 4926 Niliacis
684 4889 778 4926 non
812 4890 980 4940 passus
1011 4876 1230 4927 carmina
1265 4876 1404 4928 biblis

341 4936 522 4985 Sulcavi
542 4970 557 4985 .
581 4945 676 4985 etc.

341 4944 522 4985 Sulcum
542 4970 557 4985 .
581 4945 676 4985 etc.

280 4970 710 5066 sémﬁéuiifda
729 4998 876 5066 huius
896 4998 987 5066 loci
1011 5012 1158 5066 sensu
1210 5007 1358 5066 atque
1383 5013 1473 5066 usu
1492 5040 1507 5059 ,
1551 5000 1688 5066 plura
1723 5002 1796 5051 di-

215 5056 373 5125 cenda
398 5055 538 5125 nobis
555 5064 698 5125 erunt
729 5060 774 5106 in
814 5060 896 5108 lib.
936 5060 981 5125 2.
1008 5062 1203 5125 advers.
1231 5055 1397 5123 Pelag.
1426 5055 1628 5112 Interim
1650 5076 1797 5125 supe-

216 5114 516 5180 rioremjibi
538 5116 757 5180 voculatn
777 5124 1077 5180 reposuimus
1100 5134 1130 5169 θ
1159 5122 1272 5172 Mss.

283 5177 366 5256 (1!).
396 5176 976 5256 ¹Ξ.ι19.ν,εξὲξιὲἓοςεξὲοεις¹τ
999 5182 1260 5256 Vaticani
1281 5182 1542 5256 ρνουέηςίφ
1565 5183 1687 5234 nihil
1710 5185 1798 5234 de-

216 5237 384 5307 ﬂuere.
410 5237 528 5286 Erat
547 5246 709 5287 autem
733 5238 1043 5307 liaulinianus
1063 5242 1116 5291 S.
1140 5237 1420 5307 Hieronymi
1445 5244 1595 5294 frater
1610 5279 1626 5303 ,
1649 5258 1797 5305 quem

217 5300 507 5369 Qiaeonum,
534 5307 585 5348 et
606 5312 717 5348 mox
742 5299 1089 5369 Presbyterum
1111 5299 1345 5369 ordinavit
1379 5299 1708 5369 Epiphanius,
1747 5307 1798 5354 in

214 5361 603 5426 Peregrinorunt
626 5361 935 5426 monasterio.
957 5365 1086 5426 quod
1108 5366 1168 5414 ad
1202 5368 1402 5417 Joannis
1423 5361 1665 5417 dihscesln
1699 5361 1796 5416 non

251 5422 514 5490 ertinebat.
554 5422 706 5473 Porro
741 5422 1073 5490 Cistereiehs._
1093 5426 1182 5475 Ms.
1216 5447 1237 5475 ιι
1273 5442 1338 5479 ne
1369 5429 1799 5490 viderenturqu-

213 5485 324 5553 glam
345 5485 937 5553 durit.ia_et_eonseientia
963 5486 1328 5553 lldeiantiqure,
1361 5502 1507 5552 quam
1538 5489 1679 5553 simul
1701 5485 1799 5538 "ha-

217 5545 425 5603 butmus,
444 5547 514 5617 an
528 5544 744 5617 Ecclesia
765 5549 1001 5617 separari.
1019 5565 1042 5593 ι
1064 5544 1488 5617 ὃρᾴμιὶωιιέυέιξιιι.
1514 5550 1659 5615 paulo
1681 5559 1797 5617 ante

213 5614 461 5720 mitem:
495 5607 671 5657 habere
692 5607 957 5669 consortia,
983 5622 1072 5659 nec
1106 5610 1383 5665 viderentur
1408 5607 1624 5675 qundam
1660 5612 1798 5662 duri-

290 5698 305 5720 .
417 5705 425 5714 .
676 5718 679 5720 ,

290 5698 305 5728 ο
332 5698 425 5720 vw-

580 5752 638 5811 S.
692 5752 1059 5813 HIEIIONYMI
1108 5756 1131 5815 ι

1624 255 1946 312 EPISTULA
1986 258 2069 312 LI.

3407 274 3510 332 518

1932 370 1999 437 (ρ)
2027 369 2217 440 singuli
2249 371 2608 425 Ecclesiarum
2644 372 2885 444 Episcopi
2916 377 3108 433 habent
3133 380 3232 434 Sub
3252 398 3307 434 se
3328 382 3511 440 Eccle-

1928 461 2068 524 sias,
2110 462 2302 529 quibus
2336 478 2518 516 curam
2565 464 2810 518 videntur
2851 467 3161 536 impendere
3202 492 3215 526 :
3259 485 3313 528 et
3353 480 3510 532 uetno

1926 564 2086 619 super
2116 552 2344 605 alienam
2386 568 2688 608 mensuram
2716 556 3044 624 extenditur,
3081 568 3255 617 tamen
3294 581 3504 636 pnepo.

1926 638 2071 693 nitur
2095 641 2343 696 omnibus
2365 644 2563 698 caritas
2592 645 2812 708 Christi,
2847 648 2899 700 in
2930 663 3032 718 qua
3066 641 3206 706 nulla
3233 657 3510 717 simulatio

1923 741 2005 784 est
2045 749 2058 783 :
2097 747 2195 787 nec
2224 734 2671 789 considerandum
2711 738 2837 807 quid
2876 737 3074 795 factum
3119 745 3223 811 sit,
3268 749 3361 802 sed
3401 769 3507 820 quo

1923 832 2185 892 tempore,
2209 834 2263 880 et
2287 842 2393 896 quo
2422 828 2603 892 modo,
2628 839 2681 883 et
2714 831 2764 883 in
2801 831 3016 900 quibus,
3046 844 3099 888 et
3126 851 3290 904 quare
3311 838 3505 897 factum

1918 913 2009 969 sit.
2040 914 2173 970 Cum
2202 919 2343 971 enim
2377 918 2628 973 vidissem
2654 961 2670 986 ,
2698 920 2819 991 quia
2865 922 3152 979 multitudo
3198 937 3504 985 sanctorum

1919 1004 2138 1059 fratrum
2158 1007 2209 1060 in
2237 1008 2565 1064 menastcrio
2579 1011 2918 1077 consisteret,
2941 1022 2994 1067 et
3015 1017 3182 1070 sancti
3203 1016 3505 1092 Presbyteri

1917 1094 2295 1171 llicronymus,
2324 1110 2388 1178 et
2410 1099 2721 1156 Vincentius
2753 1113 2972 1173 propter
3007 1110 3419 1179 verecundiam,
3452 1124 3508 1167 et

1914 1184 2267 1264 humilitatem
2309 1190 2512 1269 nollent
2545 1190 2725 1269 debita
2759 1195 2959 1249 nomini
3002 1212 3101 1251 suo
3136 1214 3391 1258 exercere
3420 1220 3506 1257 sa-

1916 1274 2118 1363 criﬁcia
2143 1316 2160 1340 ,
2200 1287 2255 1331 et
2295 1264 2543 1335 laborare
2590 1266 2643 1335 in
2696 1268 2796 1363 hac
2840 1295 2989 1353 parte
3030 1271 3353 1358 tttiniSterii,
3384 1311 3504 1363 qua:

1916 1362 2343 1420 Christianorum
2365 1369 2630 1439 prarcipua
2650 1362 2794 1426 salus
2814 1383 2925 1428 e-t:
2952 1375 3194 1432 invenire
3214 1362 3414 1448 autem,
3446 1398 3503 1438 et

1911 1457 2370 1524 comprehendere
2398 1475 2609 1515 servum
2642 1464 2736 1517 Dei
2764 1480 2869 1519 non
2903 1481 3112 1535 pos~es,
3135 1472 3221 1539 qui
3246 1460 3314 1543 (f)
3343 1484 3413 1541 te,
3434 1492 3499 1530 eo

1911 1544 2070 1618 ω
2143 1551 2284 1617 quod
2307 1568 2471 1620 grave
2501 1570 2638 1610 onus
2665 1557 2951 1613 sacerdotii
2995 1561 3160 1616 nollet
3202 1568 3495 1636 suscipere,

1906 1650 2050 1705 saepe
2079 1638 2312 1707 fugiebat
2347 1661 2359 1694 :
2388 1643 2483 1696 sed
2531 1658 2632 1699 nec
2678 1646 2814 1699 alius
2852 1648 2973 1715 quis
3005 1651 3387 1721 Episcoporum
3415 1656 3495 1711 fa-

1904 1728 2007 1781 cile
2027 1744 2148 1783 eum
2172 1733 2452 1799 reperiret.
2490 1733 2659 1801 Unde,
2690 1746 2745 1790 et
2774 1738 2906 1793 satis
2935 1741 3160 1796 miratus
3189 1757 3329 1812 sum,
3358 1761 3493 1816 quo-

1904 1816 2066 1871 tnndo
2094 1818 2495 1889 dispensatione
2520 1824 2613 1878 Dei
2636 1824 2702 1878 ad
2730 1841 2830 1881 nos
2856 1829 3058 1883 venerit
3090 1846 3209 1885 cum
3245 1816 3493 1892 Diaconis

1902 1910 2236 1975 monasterii,
2271 1919 2322 1964 et
2347 1914 2560 1967 casteris
2585 1913 2861 1981 fratribus,
2890 1926 2947 1971 ut
2977 1920 3104 1974 mihi
3132 1921 3487 1991 satisfaceret,

1899 2000 2020 2069 quia
2062 2004 2244 2057 nescio
2283 2003 2409 2073 quid
2458 2009 2743 2063 adversum
2788 2025 2882 2065 eos
2929 2010 3189 2068 habebam
3236 2017 3488 2073 tristitiar.

1899 2089 2033 2144 Cum
2077 2093 2238 2161 igitur
2285 2093 2652 2150 celebraretur
2696 2097 2931 2153 Collecta
2970 2101 3020 2153 in
3063 2103 3288 2159 ecclesia
3323 2101 3485 2173 vill:e,

1898 2195 2018 2249 qu.e
2062 2193 2143 2237 est
2184 2182 2333 2251 juxta
2386 2185 2769 2241 monasterium
2816 2194 3060 2244 nostttlnt
3091 2232 3106 2256 ,
3150 2193 3484 2262 ignorantem

1897 2286 2059 2334 eum,
2103 2281 2157 2326 ct
2213 2274 2415 2328 nullam
2474 2276 2684 2344 penitus
2743 2264 3026 2334 habentem
3089 2283 3485 2353 suSpiciouem.

1900 2377 1994 2430 per
2023 2362 2517 2441 multosDiaconos
2541 2365 2872 2435 apprehendi
2898 2353 3160 2439 iussimus
3183 2413 3198 2439 ,
3229 2382 3285 2431 et
3315 2378 3483 2433 teneri

1894 2468 1957 2507 os
1978 2454 2116 2523 ejus,
2138 2470 2206 2533 ne
2222 2453 2361 2511 forte
2386 2456 2606 2513 liberari
2632 2472 2692 2513 se
2712 2459 2955 2529 cupiens,
2973 2448 3247 2533 adjuraret
3265 2481 3364 2521 nos
3388 2484 3483 2537 per

1895 2560 2089 2600 nomen
2124 2545 2325 2603 Christi
2360 2565 2373 2601 :
2407 2546 2461 2604 et
2505 2549 2735 2619 primum
2768 2551 3061 2609 DiaCnnum
3091 2544 3478 2623 ordinavitnus,

1895 2635 2256 2710 propenenles
2277 2639 2323 2719 ei
2357 2640 2603 2695 timorem
2635 2623 2749 2706 Dei,
2777 2651 2830 2697 et
2855 2631 3259 2715 compelleutes,
3289 2646 3346 2702 ut
3374 2649 3479 2703 nii-

1893 2730 2178 2795 nistraret;
2228 2729 2381 2785 valde
2430 2731 2625 2801 quippe
2668 2732 3050 2801 obnitehatur,
3098 2736 3370 2807 indignum
3419 2754 3480 2794 se

1893 2833 2015 2874 esse
2042 2818 2119 2890 (9)
2148 2820 2450 2887 clamitans,
2473 2830 2528 2875 et
2547 2835 2709 2891 grave
2737 2837 2873 2876 onus
2896 2824 3030 2879 ultra
3058 2825 3198 2880 vires
3215 2841 3338 2882 suas
3355 2841 3478 2883 esse

1892 2919 2220 2968 contestans.
2250 2912 2348 2967 Vix
2375 2928 2504 2985 ergo
2529 2914 2885 2982 compulimus
2914 2930 3060 2983 cum,
3079 2928 3130 2971 et
3155 2917 3477 2987 persuadere

1894 3004 2162 3072 potuimus
2193 3004 2514 3058 testimoniis
2556 3003 2950 3072 Scripturarum‘
2973 3046 2989 3071 ,
3030 3016 3078 3060 et
3109 3007 3505 3075 propOsiti0tte~

1893 3092 2264 3147 mandatorum
2297 3094 2410 3148 Dei.
2445 3093 2511 3147 Et
2539 3108 2660 3148 cum
2688 3090 3049 3151 ministrasset
3079 3094 3187 3169 [aL
3219 3096 3476 3153 ministra.

1891 3182 1991 3254 rell
2014 3183 2067 3236 in
2087 3180 2285 3236 sanctis
2329 3183 2627 3249 sacrificiis,
2660 3199 2845 3239 rursus
2868 3200 2989 3240 cum
3020 3186 3216 3258 ingenti
3246 3175 3479 3246 difficul-

1894 3284 2002 3330 tate
2041 3282 2187 3329 teuto
2225 3286 2319 3331 ore
2358 3275 2509 3345 ejus,
2551 3276 2915 3333 ordinavimus
2952 3264 3332 3351 Presbyterum
3365 3300 3379 3337 :
3419 3293 3476 3342 ct

1893 3365 2085 3421 iisdem
2114 3364 2311 3430 verbis,
2340 3365 2533 3436 quibus
2562 3376 2717 3422 antea
2753 3382 3096 3443 suaseratuus
3115 3412 3132 3439 ,
3165 3372 3473 3443 impulimus

1894 3466 1952 3511 ut
1977 3456 2192 3513 sederet
2215 3456 2268 3510 in
2292 3457 2482 3513 ordine
2502 3456 2847 3531 Presbyterii.
2870 3442 2998 3515 Post
3020 3461 3134 3517 lucc
3160 3442 3476 3535 scripsimus

1889 3550 1959 3605 ad
1989 3561 2205 3607 sanctos
2235 3550 2585 3624 Presbyteros
2629 3554 2978 3624 monasterii,
3020 3565 3076 3612 et
3114 3566 3340 3615 creteros
3368 3558 3477 3613 fra-

1894 3651 2006 3699 tres
2037 3661 2051 3698 :
2084 3654 2139 3700 et
2175 3645 2569 3717 increpavimus
2596 3660 2693 3703 eos
2715 3686 2732 3712 ,
2775 3663 2945 3717 quare
2985 3664 3091 3705 non
3133 3652 3477 3723 scripsissent

1893 3748 2054 3805 super
2077 3749 2145 3791 eo
2172 3775 2185 3799 ,
2221 3750 2343 3792 cum
2372 3744 2500 3791 ante
2525 3749 2725 3791 annum
2755 3738 2953 3793 multos
2978 3754 3167 3794 eorum
3190 3743 3345 3811 queri
3374 3748 3474 3799 au-

1891 3823 2128 3892 dissem,
2168 3840 2265 3881 cur
2295 3840 2401 3880 non
2443 3824 2742 3899 haberent,
2781 3826 2872 3894 qui
2913 3812 3013 3881 sibi
3052 3828 3262 3885 Demini
3295 3846 3478 3886 sacra-

1894 3926 2075 3971 menta
2121 3915 2494 3983 conficerent,
2544 3923 2601 3969 et
2641 3913 2791 3969 illum
2834 3927 3024 3971 omnes
3060 3930 3160 3972 suo
3192 3922 3479 3989 poscerent

1895 4006 2205 4062 testimonio
2225 4047 2241 4071 ,
2275 4015 2332 4061 et
2368 4003 2627 4076 grandem
2659 4002 2940 4062 utilitatem
2973 4006 3024 4061 in
3052 4022 3338 4066 commune
3363 4028 3480 4068 mo-

1896 4097 2117 4154 nasterii
2158 4105 2487 4153 testarentur
2513 4112 2528 4150 :
2558 4108 2728 4168 quare
2761 4104 2885 4153 tunc
2920 4109 3133 4169 reperta
3162 4104 3481 4171 opportuni-

1898 4200 2007 4245 tate
2037 4204 2144 4244 non
2165 4189 2507 4258 scripsissent
2534 4188 2719 4256 nobis,
2754 4204 2929 4260 neque
2955 4203 3117 4262 super
3141 4178 3478 4252 ordinatione

1895 4280 2012 4349 ejus
2039 4280 2237 4349 aliquid
2274 4279 2659 4349 poposcissent.

1967 4370 2023 4425 Ω.
2053 4368 2178 4425 llaac
2207 4370 2278 4424 ita
2304 4378 2421 4424 acta
2450 4377 2610 4434 sunt,
2646 4376 2702 4423 ut
2747 4369 2959 4426 locutus
2984 4386 3102 4427 sum
3124 4414 3139 4438 ,
3170 4374 3221 4429 in
3248 4375 3471 4434 caritate

1897 4459 2131 4527 Christi,
2176 4476 2336 4531 quam
2383 4470 2435 4516 te
2471 4475 2598 4532 erga
2642 4460 2954 4530 parvitatem
2998 4473 3235 4520 nostram
3282 4468 3470 4527 habere

1897 4553 2181 4608 credebam
2212 4572 2227 4607 :
2254 4567 2557 4624 quanquam
2585 4553 2635 4606 in
2665 4557 2992 4611 menasterio
3018 4556 3400 4625 ordinaverint,
3427 4571 3473 4616 et

1898 4658 2004 4697 non
2029 4644 2080 4697 in
2105 4645 2362 4713 parteeia,
2393 4658 2514 4714 qua:
2555 4642 2650 4697 tibi
2678 4644 2917 4715 subjecta
2952 4647 3041 4702 sit.
3078 4648 3123 4702 0
3152 4663 3278 4702 vere
3312 4648 3476 4703 bene-

1896 4735 2037 4789 dicta
2067 4735 2452 4806 Episcoporum
2495 4733 2657 4807 Cypri
2689 4737 3043 4795 mansuetudo
3072 4746 3127 4793 et
3161 4732 3392 4803 bonitas,
3423 4751 3475 4796 et

1897 4835 2080 4881 nostra
2108 4827 2380 4883 rusticitas
2406 4842 2568 4882 sensu
2600 4836 2690 4881 tuo
2716 4837 2770 4882 et
2790 4816 3052 4882 arbitratu
3083 4827 3239 4897 digna
3271 4828 3482 4885 miseri-

1895 4918 2078 4975 cordia
2107 4918 2221 4974 Dei.
2253 4917 2385 4972 Nam
2413 4914 2563 4971 multi
2596 4904 2843 4986 EplseOpi
2867 4916 3259 4972 communionis
3283 4928 3482 4974 nostra:

1897 5020 1952 5065 et
1973 5010 2323 5080 Presbyteros
2351 5008 2401 5061 in
2429 5016 2609 5062 uestra
2627 5006 3010 5061 ordinaverunt
3032 4998 3324 5077 provincia,
3345 5019 3483 5081 quos

1964 5168 2377 5248 (etl’rzrpostcro
2398 5180 2570 5248 ordine
2611 5178 2863 5248 vetustiss.
2896 5179 3051 5230 Vatic.
3080 5174 3332 5248 exemplar

1899 5238 2105 5313 singulo!
2126 5238 2354 5313 Ecclesia:
2375 5239 2715 5313 Episcoporton
2737 5238 2928 5313 habent,
2955 5249 3053 5313 etc.
3077 5238 3481 5313 quenradmodum

1901 5301 2051 5358 etiam
2083 5307 2131 5355 in
2170 5305 2327 5355 veteri
2360 5301 2513 5366 prima
2544 5301 2762 5352 editione
2802 5301 3069 5365 legendum
3093 5301 3188 5354 est.
3217 5305 3328 5355 llos
3366 5307 3483 5355 Am;

1900 5370 2034 5417 bros.
2059 5379 2203 5423 super
2221 5376 2368 5414 unam
2386 5376 2673 5413 mensuram.

1963 5428 2034 5491 (Γ)
2069 5427 2270 5476 Rectius
2306 5425 2432 5475 forte
2453 5425 2759 5474 Ambrosiam
2787 5423 3041 5487 exemplar
3064 5431 3108 5476 te
3133 5427 3350 5479 voculam
3385 5437 3479 5482 nol

1902 5491 2136 5540 agnoscit.

1932 5504 2232 5614 gaiwéﬁia
2254 5544 2590 5614 clstntizmtsvf‘
2608 5559 2753 5614 9m”
2776 5560 2895 5598 om“
2917 5544 3048 5614 "ur-ﬂ
3071 5549 3196 5601 fit“
3214 5565 3326 5603 sum
3344 5554 3448 5606 es”
3462 5593 3479 5611 ’

1902 5609 2109 5723 ﬂuida
2138 5613 2387 5675 hucusque
2420 5610 2567 5661 editis
2603 5609 2845 5670 deerant,
2880 5609 3216 5673 suppleviznus
3254 5628 3314 5663 es
3363 5609 3482 5665 Λιιιξ

1939 5687 2036 5723 ros.
2115 5687 2154 5723 s.
3188 5718 3193 5723 .

1905 5678 2036 5725 hros.
2065 5678 2154 5723 Iis.

2742 5754 3125 5839 (Βία-σεεμ.)
3188 5718 3195 5725 η
