4078 6198
609 310 719 366 619

614 443 717 482 nos
740 416 1191 495 comprehendere
1231 425 1331 462 non
1376 418 1679 475 poteramus
1706 446 1720 469 ,
1763 410 1815 455 et
1842 400 2100 453 miserunt
2122 393 2188 447 ad

619 532 721 571 nos
750 489 1010 571 Diaconos
1034 515 1086 560 ct
1111 499 1537 572 llypodiaeouos,
1558 508 1696 564 quos
1716 489 2050 557 suscepimus
2068 500 2189 539 cum

618 606 811 675 gratia.
843 603 907 657 Et
937 602 1047 666 ipse
1071 591 1376 645 cohortatus
1403 601 1520 639 stitit
1552 585 1721 638 beatm
1751 578 2024 634 memoria:
2064 575 2191 630 Phi-

623 668 797 750 iouem
820 689 1158 757 Episcopum,
1186 689 1240 734 et
1266 686 1507 732 sanctqu
1532 675 1610 744 (α)
1630 673 2033 740 Theoprepmn,
2052 677 2110 721 nt
2139 668 2192 720 in

621 780 861 838 ccclesiis
885 774 1065 846 Cypri,
1087 785 1206 841 qua:
1227 770 1375 838 juxta
1404 781 1463 821 se
1490 775 1663 831 erant,
1686 762 1752 816 ad
1826 757 1991 832 2M
2063 772 2195 812 meae

621 880 797 929 autem
828 866 1073 939 parmcia:
1117 858 1432 915 videbantur
1472 853 1753 912 ecclesiam
1797 852 2065 922 pertinere
2086 889 2101 914 ,
2131 862 2197 901 eo

621 960 762 1033 quod
786 936 1003 1029 grandis
1031 960 1195 1015 esset,
1226 958 1281 1005 et
1320 948 1425 1002 late
1459 955 1646 1015 patens
1675 940 1966 1013 provincia,
2011 936 2196 991 ordiua

623 1026 742 1111 rent
758 1026 1125 1119 Presbyteros,
1144 1051 1201 1098 et
1213 1038 1409 1095 Christi
1424 1034 1675 1091 Ecclesia:
1691 1026 2200 1103 providerent.Nun-

623 1160 780 1216 quam
807 1117 984 1196 autem
1015 1150 1117 1206 ego
1145 1129 1387 1188 ordinavi
1419 1127 1756 1182 Diaconissas
1778 1164 1793 1188 ,
1818 1129 1875 1177 et
1900 1119 1967 1174 ad
1995 1117 2203 1172 alienas

624 1208 742 1293 misi
791 1230 1126 1306 provincias,
1164 1237 1337 1294 neque
1374 1219 1473 1277 feci
1502 1218 1785 1289 quicquam
1824 1221 1883 1267 ut
1922 1208 2203 1306 ecclesiam

624 1296 952 1383 scinderem.
982 1318 1118 1387 Quid
1146 1328 1276 1385 ergo
1301 1312 1397 1368 tibi
1422 1311 1595 1365 visum
1623 1315 1727 1367 est.
1750 1304 1832 1359 sic
1858 1299 2092 1373 graviter
2124 1296 2205 1350 in-

625 1428 925 1473 tumescere
952 1384 1427 1478 et'jactaricontra
1456 1412 1557 1453 nos
1583 1412 1681 1467 pro
1704 1408 1870 1464 opere
1900 1389 1994 1446 Dei
2017 1429 2032 1454 ,
2064 1384 2205 1457 quod

626 1514 677 1565 iu
711 1503 1115 1564 mdificationem
1138 1540 1153 1565 ,
1190 1504 1247 1552 et
1285 1508 1392 1550 non
1432 1493 1486 1546 in
1524 1487 1945 1545 destructionem
1982 1480 2205 1535 fratrum

608 1603 825 1657 'factum
853 1597 969 1655 est?
990 1594 1096 1651 Sed
1122 1602 1176 1647 et
1201 1588 1328 1645 illud
1360 1584 1707 1641 vehementer
1729 1576 2022 1633 admiratus
2043 1585 2163 1625 sum
2190 1611 2204 1635 ,

628 1693 770 1766 quod
799 1690 933 1746 meis
976 1689 1185 1743 locutus
1211 1694 1273 1737 es
1314 1676 1537 1735 Clericis
1560 1714 1576 1741 ,
1604 1682 1854 1727 asserens
1884 1675 1936 1720 te
1965 1677 2061 1735 per
2086 1675 2211 1716 san-

631 1753 775 1843 ctttm
803 1781 1178 1851 Presbyterum
1208 1782 1263 1829 et
1298 1769 1559 1826 Abbatem
1586 1759 1971 1818 menachorum
2001 1753 2206 1823 Grego-

633 1878 770 1933 rium
802 1847 1083 1929 mandasse
1112 1864 1242 1920 mihi
1269 1902 1285 1928 ,
1318 1874 1387 1915 ne
1420 1858 1741 1927 quemquam
1781 1847 2082 1902 urdinarem
2112 1861 2124 1895 :
2150 1850 2210 1897 et

633 1985 734 2041 ego
763 1968 865 2022 hoc
886 1961 1154 2035 pollicitus
1181 1956 1306 2021 sim,
1325 1951 1512 2007 dicens
1530 1965 1543 2000 :
1563 1942 1810 2013 Nunquid
1841 1936 2049 2010 juvenis
2072 1948 2210 1996 sum,

613 2026 726 2116 'siit
759 2026 996 2114 cano-nes
1030 2047 1257 2122 ignoro“!
1302 2041 1439 2099 Audi
1486 2038 1643 2108 igitur
1686 2030 1963 2087 veritatem
2009 2026 2062 2079 in
2102 2038 2216 2078 ser-

638 2167 794 2205 mone
818 2147 933 2211 Dei,
962 2158 1049 2198 me
1078 2140 1182 2195 hoc
1207 2150 1305 2191 nec
1333 2131 1566 2189 audisse,
1597 2140 1696 2181 nec
1724 2136 1906 2185 nosse,
1938 2131 2038 2173 nec
2064 2115 2215 2170 istius

636 2240 904 2299 sermonis
930 2234 1141 2306 penitus
1174 2222 1468 2289 recordari.
1511 2217 1824 2285 Suspicatus
1851 2218 2030 2263 autem
2072 2219 2214 2266 sum,

639 2348 708 2389 ne
741 2300 962 2387 forsitan
990 2325 1131 2378 inter
1167 2317 1330 2373 multa
1348 2353 1369 2380 ,
1405 2308 1555 2381 quasi
1585 2306 1747 2360 homo
1774 2300 1972 2355 oblitus
2000 2308 2174 2351 essem
2201 2308 2213 2344 :

738 2421 807 2477 ob
848 2418 990 2472 hanc
1026 2423 1243 2469 causam
1281 2413 1524 2460 sanctum
1564 2393 1880 2465 Gregorium
1922 2386 2221 2444 sciscitatus

644 2526 784 2576 smn,
815 2517 870 2564 et
894 2505 1169 2560 Zenonem
1199 2494 1616 2565 Presbyterum,
1652 2486 1747 2556 qui
1782 2495 1905 2539 cum
1938 2494 2007 2536 eo
2042 2485 2146 2533 est.
2177 2473 2220 2529 E

646 2569 837 2674 quibus
882 2595 1060 2651 Abbas
1093 2588 1382 2660 Gregorius
1423 2579 1736 2652 respondit,
1780 2589 1840 2631 se
1878 2574 1983 2628 hoc
2010 2569 2222 2640 penitus

628 2661 913 2763 «ignorare.
957 2684 1139 2741 Zenon
1164 2688 1340 2734 autem
1368 2674 1531 2738 dixit,
1559 2670 1679 2741 quia
1702 2682 1824 2723 cum
1855 2665 1905 2721 ei
1938 2661 2224 2730 Presbyter

628 2751 890 2838 τνιῖιιΐηηιιε
915 2776 1099 2833 nescio
1119 2786 1238 2844 quae
1262 2768 1363 2823 alia
1386 2762 1686 2822 transitorie
1705 2759 2037 2830 loqueretur,
2061 2751 2224 2807 etiam

648 2876 749 2928 hoc
776 2870 972 2925 dixerit
1002 2886 1013 2920 :
1047 2866 1278 2920 Putasne
1300 2857 1504 2927 aliquos
1526 2852 1871 2908 ordinaturus
1899 2852 1983 2902 est
2007 2849 2226 2899 sanctus

633 2964 944 3035 Episcopus
966 2958 1075 3033 [al.
1108 2954 1406 3026 Epiphanius
1420 2947 1481 3022 ]?
1501 2956 1555 3003 et
1574 2946 1850 3013 hucusque
1868 2937 2083 3035 stetisse
2107 2934 2223 2990 ser-

630 3027 883 3110 .m'oueni.
915 3027 1025 3120 Ego
1046 3056 1223 3103 autem
1243 3038 1573 3112 Epiphanius
1592 3047 1691 3090 nec
1714 3027 1892 3087 audivi
1916 3028 2224 3097 quicquam,

632 3162 752 3203 «uec
778 3115 1050 3214 respondi.
1083 3136 1257 3201 Unde,
1284 3130 1630 3188 dilectissime
1653 3167 1667 3191 ,
1701 3137 1814 3180 non
1851 3130 1904 3177 te
1938 3115 2231 3191 praeveniat

652 3239 819 3303 furor,
977 3236 1202 3299 occupet
1229 3221 1543 3293 indignatio,
1568 3230 1667 3271 nec
1692 3214 1887 3269 frustra
1912 3206 2179 3264 movearis
2210 3221 2224 3256 :

629 3337 707 3384 ~et
730 3298 874 3381 aliud
897 3298 1123 3386 dolens,
1142 3325 1195 3372 te
1230 3321 1408 3369 vertas
1430 3308 1499 3364 ad
1525 3308 1627 3363 alia
1653 3347 1667 3371 ,
1710 3314 1767 3359 ut
1792 3298 2049 3374 peccandi
2076 3310 2231 3351 occa-

634 3419 863 3474 sionem
893 3408 1162 3469 invenisse
1186 3405 1439 3461 videaris.
1477 3396 1631 3468 Quod
1671 3395 1932 3464 Propheta
1966 3389 2227 3450 devitans,

660 3506 942 3563 Dominum
965 3506 1231 3573 precatur,
1254 3494 1438 3550 dicens
1465 3506 1480 3545 :
1508 3505 1529 3541 ι
1552 3487 1668 3542 Non
1688 3483 1924 3539 declines
1941 3494 2039 3535 cor
2057 3490 2233 3533 meum

636 3601 709 3653 ~in
751 3593 917 3652 verba
953 3565 1220 3647 malitia:
1263 3583 1331 3638 ad
1373 3574 1742 3637 excusandans
1781 3569 2151 3628 excusationes
2180 3565 2235 3619 in

648 3685 891 3759 peccatis
917 3702 937 3737 ι
972 3680 1095 3755 (Ps.
1118 3676 1242 3734 ηο.
1271 3673 1350 3745 4).

730 3780 785 3835 ‘5.
817 3775 950 3833 l'lud
976 3749 1189 3844 quoque
1206 3763 1429 3821 audiens
1452 3757 1747 3814 admiratus
1776 3766 1917 3815 sum,
1949 3749 2091 3819 quod
2120 3749 2239 3818 qui-

644 3847 782 3933 .dam
808 3908 825 3935 ,
852 3867 941 3938 qui
980 3840 1155 3920 solent
1192 3857 1334 3914 ultro
1358 3852 1599 3922 citroque
1626 3856 1839 3919 portare
1882 3840 2238 3905 rumusculos,

648 3932 720 4021 'et
747 3930 832 4016 his
858 3930 978 4028 qua:
1006 3951 1291 4009 audierunt
1319 3957 1530 4014 semper
1566 3937 1761 4008 aliquid
1800 3935 1997 3991 addere
2020 3975 2034 3997 ,
2065 3943 2120 3987 ut
2147 3930 2242 3984 tri-

652 4053 841 4110 stitias
867 4054 923 4104 et
946 4044 1089 4099 rixas
1116 4041 1255 4094 inter
1280 4034 1470 4091 fratres
1497 4030 1781 4093 concitent,
1820 4034 1873 4083 te
1901 4039 2111 4096 quoque
2132 4034 2242 4078 tur-

664 4147 966 4203 baverunt,
1019 4143 1076 4192 et
1124 4132 1408 4197 dixerunt,
1468 4126 1608 4198 quod
1646 4125 1699 4179 in
1738 4122 1979 4178 oratione
2029 4116 2243 4188 quanto

664 4232 947 4292 oderimus
984 4222 1242 4284 sacrificia
1282 4221 1391 4277 Deo
1417 4261 1433 4287 ,
1472 4218 1741 4275 soleamus
1780 4229 1877 4285 pro
1914 4220 1968 4266 te
2003 4209 2184 4265 dicere
2227 4224 2240 4259 :

676 4350 696 4383 ι
730 4323 973 4391 Domine,
1001 4328 1193 4392 praesta
1216 4314 1431 4380 Joanui,
1452 4324 1512 4370 ut
1540 4319 1686 4366 recte
1709 4306 1911 4364 credat.
1945 4323 1964 4357 ι
1990 4302 2107 4358 Noli
2148 4314 2246 4356 nos

672 4427 724 4480 in
751 4427 956 4476 tantum
1002 4427 1188 4488 putare
1220 4411 1467 4471 rusticos,
1489 4413 1549 4461 ut
1583 4407 1684 4459 hoc
1715 4410 1824 4457 tam
1852 4405 2039 4469 aperte
2068 4396 2247 4451 dicere

674 4510 1023 4584 potuerimus.
1049 4505 1363 4574 Quanquam
1392 4495 1536 4553 enim
1565 4493 1668 4548 hoc
1694 4493 1746 4546 in
1775 4489 1938 4546 corde
1963 4501 2083 4542 meo
2107 4497 2249 4540 sem-

673 4576 768 4678 per
794 4615 942 4659 orem
970 4640 984 4666 ,
1018 4604 1192 4652 tamen
1224 4601 1281 4649 ut
1321 4587 1637 4659 simpliciter
1665 4583 1862 4647 fatear,
1897 4592 2164 4648 nunquam
2196 4576 2248 4630 in

671 4668 877 4757 alienas
904 4705 1061 4750 aures
1082 4686 1299 4759 protuli,
1326 4697 1394 4737 ne
1421 4678 1473 4735 te
1499 4677 1710 4732 viderer
1736 4670 2141 4744 parvipendcre,
2168 4668 2249 4724 di-

673 4787 986 4848 lectissime.
1015 4776 1240 4849 Quando
1312 4771 1472 4845 255
1544 4777 1723 4822 autem
1771 4762 2101 4832 complemus
2130 4775 2254 4814 ora-

679 4883 882 4940 tionem
904 4869 1198 4932 secundum
1217 4867 1374 4922 ritum
1395 4860 1795 4933 mysteriorum,
1810 4864 1867 4910 et
1892 4869 1991 4925 pro
2006 4852 2255 4905 omnibus

678 4983 731 5030 et
751 4985 850 5044 pro
872 4978 924 5025 te
943 4975 1159 5039 quoque
1184 4957 1412 5015 dicimus
1440 4971 1454 5008 :
1479 4970 1498 5004 ι
1524 4949 1744 5006 Custodi
1773 4947 1923 5003 illum
1953 4946 2041 5015 qui
2067 4942 2257 5013 pra-di-

679 5034 772 5120 cai
785 5034 1064 5118 veritatem
1088 5072 1103 5109 :
1142 5071 1163 5106 ι
1190 5050 1274 5106 vel
1297 5056 1446 5105 certe
1471 5044 1545 5099 ita
1574 5059 1591 5102 :
1626 5061 1645 5095 ι
1671 5040 1749 5096 Τιι
1776 5048 1989 5109 praesta,
2009 5034 2255 5101 Domine,

681 5164 737 5211 et
763 5148 1075 5217 custodl,ut
1095 5143 1184 5199 ille
1212 5140 1433 5197 verbum
1466 5134 1724 5206 przedicet
1743 5128 1985 5185 veritatis
2017 5143 2031 5180 :
2071 5144 2091 5177 ι
2122 5124 2261 5179 sicut

681 5246 895 5300 occasio
918 5234 1184 5296 sermonis
1209 5246 1269 5288 se
1291 5227 1496 5293 tulerit,
1518 5235 1574 5282 et
1601 5221 1849 5278 habuerit
1872 5218 2046 5274 oratio
2066 5230 2262 5271 conse-

686 5333 977 5405 quentiam.
1006 5326 1343 5395 Quapropter
1385 5317 1611 5373 obsecro
1641 5322 1694 5369 te
1716 5352 1732 5377 ,
1775 5307 2123 5366 dilectissime
2150 5346 2167 5373 ,
2210 5312 2266 5360 et

745 5525 819 5587 (α)
851 5523 935 5572 Sic
960 5516 1322 5587 emendavimus
1353 5527 1416 5564 ex
1443 5512 1697 5587 antiquiss.
1718 5506 2031 5587 Vaticanoket
2063 5501 2269 5587 Allobro-

684 5563 822 5633 δίςδδό
853 5563 1341 5643 Ἑξέεὶῆἐιρίἑῖζὸιίω
1368 5563 1526 5643 antea
1747 5564 2069 5630 Theoprobum
2113 5563 2267 5643 latino

688 5622 860 5705 $563“.
881 5622 942 5705 Ei
958 5622 1559 5705 ipairtitngrteeomomine.
1584 5629 1737 5682 Paulo
1760 5622 1904 5689 supra
1938 5638 2111 5677 vocem
2154 5622 2269 5671 Dia-

690 5694 832 5752 ἓοηοε
855 5694 1052 5747 vetusta
1076 5695 1191 5740 edit.
1217 5705 1311 5739 non
1334 5694 1498 5741 habet.

1910 280 2150 341 SANCTI
2190 276 2565 334 lllERONYHI

3777 275 3895 331 520

2299 392 2579 445 advolutus
2607 391 2828 460 pedibus
2855 392 2957 444 tuis
2991 404 3197 459 precor,
3222 399 3417 458 pr:esta
3441 388 3571 444 mihi
3598 396 3656 444 et
3680 387 3805 450 tibi,
3830 397 3895 443 ut

2297 484 2555 547 salveris,
2587 484 2742 537 sicuti
2780 482 3040 551 scriptum
3079 490 3162 535 est
3190 523 3205 547 ,
3252 500 3272 532 ι
3299 496 3328 533 a
3367 479 3722 551 generatione
3764 496 3897 549 per-

2297 592 2483 642 versa;
2516 596 2534 626 »
2565 586 2621 630 et
2645 575 2836 629 recede
2864 574 2933 627 ab
2968 574 3160 627 haeresi
3200 573 3449 642 Origems
3472 612 3490 638 ,
3530 581 3587 627 et
3614 587 3644 625 a
3673 573 3894 626 cunctis

2300 668 2632 730 haeresibus,
2677 666 3045 720 dilectissime.
3091 665 3259 719 Video
3286 665 3429 719 enim
3470 664 3614 733 quod
3666 672 3896 732 propter

2300 757 2437 811 hanc
2481 770 2697 810 causam
2736 756 2913 810 omnis
2952 762 3132 808 vestra
3172 751 3289 825 [aL
3332 752 3551 824 nostra]
3592 752 3900 821 indignatio

2300 848 2561 903 concitata
2590 848 2682 910 sit,
2714 845 2856 916 quod
2881 845 3109 899 dixerim
3143 844 3294 898 vobis
3316 844 3415 916 (b),
3442 844 3552 897 Arii
3578 852 3812 912 patrem,
3845 853 3902 897 et

2303 940 2524 995 aliarum
2555 939 2834 994 hrcreseou
2858 938 3125 1003 radicem,
3153 947 3208 992 et
3232 945 3511 1007 parentem
3532 934 3751 990 laudare
3786 951 3899 990 non

2303 1031 2529 1087 debetis.
2562 1030 2778 1086 Etcum
2825 1045 2919 1085 vos
2949 1044 3231 1099 rogarem,
3286 1043 3357 1082 ne
3388 1028 3459 1081 ita
3502 1027 3757 1082 erraretis
3783 1068 3802 1093 ,
3844 1038 3901 1080 et

2306 1139 2600 1189 monerem,
2632 1122 3057 1189 contradixistis,
3088 1131 3143 1175 et
3181 1119 3252 1193 (c)
3286 1136 3370 1174 me
3398 1118 3465 1173 ad
3495 1119 3766 1173 tristitiam
3814 1128 3899 1171 at-

2307 1233 2413 1288 que
2440 1218 2706 1287 Iacrymas
2730 1214 3049 1269 adduxistis.
3081 1213 3197 1267 Non
3226 1213 3399 1266 solum
3432 1219 3612 1266 autem
3640 1224 3765 1276 me,
3801 1209 3897 1263 sed

2308 1315 2363 1363 et
2389 1306 2526 1361 alios
2554 1305 2815 1375 plurimos
2849 1303 3145 1358 catholicos
3170 1301 3260 1370 qui
3291 1302 3606 1354 intererant.
3639 1298 3765 1353 Inde
3788 1339 3804 1363 ,
3842 1307 3899 1349 ut

2311 1396 2570 1466 intelligo,
2602 1395 2719 1450 haec
2740 1404 2823 1449 est
2851 1393 3028 1448 omnis
3054 1390 3348 1461 indignatio
3372 1432 3387 1452 ,
3415 1401 3468 1444 et
3498 1390 3600 1445 istc
3627 1389 3792 1444 furor.
3833 1387 3898 1440 Et

2311 1485 2511 1542 ideirco
2538 1483 2938 1540 comminamiui
2965 1524 2979 1546 ,
3023 1481 3164 1550 quod
3213 1480 3443 1534 mittatis
3482 1479 3767 1535 adversum
3807 1492 3897 1532 me

2312 1575 2587 1647 epistolas,
2618 1583 2675 1628 ut
2702 1574 2807 1628 huc
2855 1573 3087 1642 illucque
3133 1585 3314 1626 sermo
3365 1580 3540 1625 veSIer
3588 1569 3893 1628 discurrat;

2312 1674 2370 1722 et
2408 1673 2626 1735 propter
2649 1662 3015 1718 defensionem
3050 1661 3318 1715 hzl‘l'CSCOS
3346 1659 3622 1714 adversum
3649 1672 3735 1712 me
3762 1657 3898 1711 odia

2313 1759 2635 1813 suscitantes
2654 1796 2669 1821 ,
2698 1754 2944 1824 rumpitis
2967 1753 3247 1807 caritatem
3292 1765 3449 1821 quam
3480 1750 3539 1805 in
3568 1765 3663 1803 vos
3702 1748 3901 1802 habui-

2316 1863 2436 1904 mus
2475 1865 2490 1903 :
2536 1848 2800 1902 iutantum
2845 1854 2904 1898 ut
2946 1843 3183 1900 feceritis
3210 1856 3310 1897 nos
3338 1841 3500 1895 etiam
3528 1837 3900 1908 pomitmtiam

2312 1956 2496 2012 agere,
2528 1953 2694 2011 quare
2718 1937 2874 1993 vobis
2897 1933 3476 1991 communicaverixnns
3496 1971 3511 1995 ,
3539 1930 3610 1985 ita
3645 1928 3902 1999 Origenis

2317 2044 2535 2086 errores
2562 2038 2618 2084 et
2644 2027 2891 2098 dogmata
2915 2024 2994 2095 (at)
3019 2022 3398 2079 defendentes.

2388 2122 2443 2176 4.
2475 2118 2803 2189 Simpliciter
2838 2116 3029 2186 loquor
3057 2113 3151 2185 [aL
3184 2108 3385 2183 loquar]
3417 2128 3432 2163 :
3463 2124 3564 2165 nos
3596 2108 3891 2164 secundum

2320 2212 2464 2285 quod
2487 2212 2744 2281 scriptum
2765 2216 2870 2274 est,
2892 2219 2992 2261 nec
3014 2204 3173 2261 oculo
3197 2212 3385 2258 nostro
3402 2201 3690 2271 parcimus,
3709 2208 3771 2253 ut
3794 2213 3899 2252 non

2320 2304 2638 2362 effodiamus
2662 2316 2783 2358 eum
2810 2341 2826 2363 .
2842 2301 2896 2356 si
2926 2313 3026 2355 nos
3049 2296 3530 2353 seandalizaverit:
3558 2307 3659 2348 nec
3685 2291 3896 2357 manui,

2322 2411 2494 2467 neque
2518 2394 2640 2465 pedi
2666 2434 2682 2459 ,
2710 2393 2756 2447 si
2785 2391 2940 2447 nobis
2977 2387 3290 2444 scandalum
3318 2385 3525 2442 fecerit.
3556 2382 3626 2438 Et
3651 2396 3750 2437 vos
3776 2395 3902 2451 ergo

2323 2488 2440 2544 sive
2474 2486 2617 2542 oculi
2652 2484 2864 2549 nostri,
2902 2482 3018 2537 sive
3057 2491 3283 2542 manus,
3321 2477 3437 2531 sive
3462 2475 3627 2545 pedes
3664 2471 3899 2533 fueritis.

2324 2577 2522 2634 similia
2566 2573 2917 2653 sustinebitis.
2955 2571 3086 2636 Quis
3122 2568 3269 2625 enim
3308 2565 3694 2623 catholicorum
3739 2561 3905 2632 possit

2327 2684 2482 2741 aequo
2517 2668 2698 2723 animo
2740 2665 3049 2730 sustinere,
3096 2670 3150 2716 et
3191 2674 3379 2717 eorum
3421 2657 3514 2728 qui
3554 2656 3715 2711 fidem
3754 2668 3902 2708 suam

2328 2761 2482 2819 bonis
2507 2758 2763 2830 operibus
2788 2762 3071 2819 exornant,
3102 2762 3160 2807 ut
3188 2750 3406 2806 audiant
3431 2746 3676 2818 Origenis
3746 2743 3907 2817 246

2327 2852 2625 2909 doctrinam
2654 2856 2814 2918 atque
2834 2845 3145 2909 consilium,
3175 2840 3399 2897 credant
3442 2838 3718 2910 pra-clara:
3768 2837 3906 2890 illius

2323 2942 2693 3016 praedicationi
2719 2958 2733 2995 ε
2756 2939 2873 2994 Non
2899 2946 3072 3007 potest
3094 2935 3260 2990 Filius
3273 2932 3458 2989 videre
3482 2931 3716 2997 Patrem,
3739 2944 3908 2998 neque

2330 3010 2561 3106 Spiritus
2584 3039 2800 3086 sanctus
2828 3027 3013 3082 videre
3027 3025 3221 3081 Filium
3243 3023 3408 3078 illaec
3434 3021 3489 3076 in
3519 3021 3667 3075 libris
3695 3029 3799 3091 περὶ
3819 3010 3909 3089 Sp—

2335 3139 2427 3196 χῶν
2453 3124 2764 3181 scribuntur
2785 3161 2799 3182 .
2828 3120 2914 3175 his
2940 3118 3118 3173 verbis
3146 3116 3389 3186 legimus,
3415 3120 3471 3169 et
3497 3113 3570 3168 ita
3599 3112 3806 3167 locutus
3829 3121 3911 3165 est

2334 3218 2611 3288 Origenes.
2646 3233 2668 3266 ι
2689 3213 2838 3269 Sicut
2864 3211 3009 3266 enim
3036 3209 3386 3278 incongruum
3415 3213 3498 3260 est
3525 3202 3704 3258 dicere
3724 3243 3739 3268 ,
3769 3200 3911 3273 quod

2335 3310 2504 3380 possit
2544 3306 2714 3361 Filius
2749 3304 2931 3359 videre
2975 3302 3187 3357 Patrem
3211 3340 3226 3365 ,
3277 3298 3356 3353 sic
3398 3297 3789 3365 inconsequens
3830 3302 3913 3350 est

2334 3399 2564 3469 opinari,
2587 3396 2731 3467 quod
2755 3393 2986 3463 Spiritus
3010 3400 3227 3446 sanctus
3253 3388 3425 3459 possit
3444 3385 3625 3440 videre
3645 3384 3855 3439 Filium.
3886 3403 3905 3437 ι

2341 3489 2473 3543 lIlud
2504 3501 2716 3559 quoque
2741 3486 2859 3555 quis
2891 3482 3175 3552 Origenem
3204 3479 3470 3533 dicentem
3494 3474 3748 3546 patiatur,
3774 3473 3913 3543 quod

2340 3580 2532 3636 anima:
2560 3620 2575 3645 ,
2617 3575 2794 3647 angeli
2823 3574 3021 3629 fuerint
3052 3572 3104 3626 in
3135 3569 3283 3626 ca-lis
3307 3587 3320 3623 :
3343 3576 3397 3623 et
3424 3574 3706 3637 postquam
3734 3579 3915 3635 pecca-

2341 3674 2513 3731 verint
2541 3672 2593 3726 in
2624 3668 2905 3740 superuis,
2930 3665 3167 3735 dejectas
3195 3675 3317 3716 esse
3346 3662 3398 3715 in
3425 3660 3585 3714 istum
3622 3655 3873 3711 mundum
3899 3697 3915 3722 ,

2338 3775 2398 3821 et
2425 3761 2574 3834 quasi
2616 3760 2668 3814 in
2714 3756 2946 3814 tumulos
2970 3764 3027 3810 et
3054 3753 3331 3823 sepulcra,
3364 3749 3444 3805 sic
3481 3747 3534 3802 in
3570 3760 3794 3817 corpora
3821 3746 3917 3802 ista

2341 3855 2609 3925 relegatas
2632 3892 2647 3919 ,
2679 3863 2870 3921 ptenas
2903 3846 3243 3916 antiquorum
3282 3842 3432 3896 luere
3454 3838 3841 3911 peccatorum?
3865 3844 3920 3892 et

2345 3959 2573 4017 corpora
2614 3940 2950 3998 credentium
2998 3951 3105 3992 non
3151 3933 3347 4003 templa
3388 3930 3590 3988 Christi
3633 3944 3788 3994 esse,
3829 3927 3919 3982 sed

2344 4049 2596 4096 carceres
2634 4028 3048 4088 damnatorum?
3092 4024 3298 4079 Exinde
3336 4021 3612 4076 veritatem
3648 4017 3918 4079 historiar,

2348 4125 2621 4202 allegoria:
2649 4120 2948 4190 depravans
2978 4113 3259 4171 mendacio
3282 4154 3296 4176 ,
3328 4110 3531 4165 inﬁnita
3558 4109 3718 4164 verba
3745 4106 3921 4165 multi-

2351 4198 2512 4291 plicat
2535 4236 2549 4272 :
2573 4224 2628 4271 ct
2652 4212 2924 4280 simplices
2966 4220 3204 4276 quosque
3243 4203 3387 4257 varia
3429 4198 3775 4271 persuasione
3800 4213 3921 4265 sup-

2354 4310 2622 4381 plantans,
2654 4318 2797 4358 nunc
2822 4299 3013 4355 asserit
3035 4297 3264 4362 animas,
3285 4293 3434 4365 juxta
3457 4291 3699 4347 Graacam
3725 4300 3926 4360 etymo~

2354 4377 2547 4469 iogiam
2580 4393 2655 4465 (c)
2695 4398 2846 4460 ψυχὰς
2885 4391 2983 4443 ἀπὸ
3017 4396 3102 4442 τοῦ
3133 4390 3391 4454 pexi-xeat,
3418 4379 3617 4436 idcirco
3638 4377 3925 4441 vocitatas,

2354 4488 2476 4560 quia
2516 4487 2585 4542 de
2622 4481 2934 4539 coelestibus
2976 4477 3044 4534 ad
3081 4475 3336 4532 inferiora
3363 4472 3675 4538 venientes,
3701 4469 3928 4525 calorem

2358 4558 2644 4650 pristinum
2675 4570 2993 4628 amiserint:
3019 4581 3163 4622 nunc
3188 4578 3388 4635 corpus
3412 4562 3517 4617 hoc
3538 4603 3553 4628 ,
3583 4561 3654 4616 ob
3693 4559 3747 4614 id
3785 4558 3930 4629 juxta

2358 4668 2577 4725 Gnaeos
2603 4670 2769 4731 δέμας,
2799 4662 2851 4716 id
2876 4668 2979 4727 est,
3007 4657 3284 4721 vinculum,
3314 4654 3427 4710 sive
3453 4653 3601 4724 juxta
3627 4650 3783 4704 aliam
3814 4663 3933 4718 pro-

2362 4757 2663 4830 prietatem,
2689 4752 2761 4826 (ι’)
2785 4751 3012 4807 cadaver
3032 4747 3138 4805 diei
3164 4764 3179 4804 :
3201 4745 3325 4819 quia
3350 4744 3541 4799 anima:
3562 4740 3629 4796 de
3650 4740 3790 4794 οωιο
3814 4754 3936 4795 ruc-

2423 4888 2499 4954 (b)
2531 4887 2643 4938 Duo
2658 4885 2815 4954 vel»
2834 4881 3092 4954 ονίειαιαπ
3337 4868 3833 4954 [οξξὲηξεητεῌτν

2365 4937 2587 5003 inserunt
2610 4948 2765 5005 editi,
2789 4956 2901 5008 quae
2922 4937 3103 4993 "tamen
3138 4939 3260 5008 nulli
3281 4937 3397 5008 uss.
3420 4937 3691 5008 agnoscunt
3699 4937 3823 5008 Ξ..εξ-ξ
3852 4943 3940 4977 nos

2365 4991 3083 5067 ém'ihéfdiidﬁiiinqm
3103 5014 3135 5052 e
3152 4998 3428 5065 glossauris
3446 4991 3588 5045 nianu
3609 4991 3829 5053 profecta
3850 5004 3936 5039 ex-

2366 5085 2723 5186 Nicimiimihm
2742 5142 2770 5179 a
2792 5127 2950 5176 Vatie.
2977 5122 3161 5175 vocula:
3182 5133 3260 5171 me
3280 5120 3346 5170 ad
3365 5153 3380 5178 ,
3404 5124 3458 5167 et
3468 5113 3622 5186 paulo
3658 5119 3767 5183 post
3784 5185 3789 5186 γ

2428 5134 2501 5259 8:)
2533 5134 2723 5182 Ahsunt
2742 5142 2770 5179 a
2792 5134 2950 5176 Vatie.
2977 5134 3161 5175 vocula:
3182 5134 3260 5171 me
3280 5134 3346 5170 aa
3365 5153 3380 5178 ,
3404 5134 3458 5167 ei.
3478 5134 3622 5178 pauiu
3660 5134 3767 5183 post
3808 5134 3930 5195 mar.

2490 5198 2511 5259 )
2547 5192 2670 5242 Illud
2706 5189 3014 5253 defendentes
3050 5185 3108 5234 ad
3138 5196 3225 5232 nos
3262 5179 3514 5230 commode
3534 5177 3940 5282 referrrwttst:

2428 5257 2651 5286 ηιιιιηαίιη
2698 5258 2860 5286 ιειηιρη
2886 5245 3140 5286 exomnis?
3161 5255 3271 5286 cuin
3294 5241 3429 5286 leuat
3449 5234 3627 5286 defend
3790 5247 3835 5286 8ο
3857 5245 3936 5281 re‘

2698 5232 3140 5310 diagéiéthpur
3161 5255 3271 5295 cum
3294 5241 3429 5302 legat
3449 5232 3835 5301 defendentibus,
3857 5245 3936 5281 re-

2432 5352 2832 5441 (ἓῖἶίὲῖιῖἆὼτρε
2846 5369 2969 5441 editi
2990 5380 3064 5441 te
3080 5382 3146 5441 τῷ
3418 5352 3941 5441 ‘éﬂfﬂmﬂ

2372 5416 2560 5489 idEtib
2570 5416 3256 5495 Ῑῖῐὸξλιῖἀϊῶὶᾱέιὶέᾴἠᾴό
3271 5416 3291 5482 ,⁷
3311 5422 3413 5484 leg.

2376 5482 2705 5560 ῖῖᾶίίέἱῖςέἐά
2725 5504 2938 5560 sum!!!
2958 5482 3461 5560 summa?!
3713 5487 3947 5560 Ἀεεςεξ

2378 5540 2533 5619 aia};
2546 5540 2760 5619 ῑᾱῐίὶξοῖ
2885 5540 3035 5619 rom")
3054 5540 3826 5619 ειτηιῖειιιίεείιξζιξεξιρᾱὲλυξεεπθ
3844 5542 3947 5598 9°“

2382 5602 2663 5675 Euhan:
2680 5602 2949 5675 Origenem
2972 5610 3211 5675 hausisse,
3232 5612 3311 5655 est
3334 5602 3824 5675 longenotissimum.

2450 5657 2744 5741 {Fidian}
2754 5657 2929 5737 'f’péiiﬁi
2942 5657 3089 5719 etiam
3123 5657 3335 5728 gracum
3371 5657 3549 5712 nomen
3573 5662 3755 5723 inseri,
3780 5667 3830 5709 et
3852 5657 3947 5719 leg!
