4078 6198
191 330 297 391 52!

192 445 306 497 rint
336 465 347 496 ;
374 456 404 494 a
435 440 695 509 plerisque
722 446 895 490 autem
925 434 1215 489 secundum
1239 434 1437 489 variant
1460 434 1630 489 Glauci
1658 450 1768 488 scr-

190 536 380 587 munis
406 530 781 601 supellectilem
808 531 962 594 σῶμα,
988 528 1037 582 id
1062 536 1164 591 est,
1187 543 1392 594 corpus,
1419 542 1570 592 σῆμα,
1601 526 1650 581 id
1674 535 1775 589 est,

192 632 581 681 monumentum
613 619 946 687 interpretari
973 636 987 671 :
1009 632 1077 672 eo
1100 618 1243 687 quod
1286 618 1357 670 ita
1381 617 1611 671 animam
1638 615 1690 668 in
1718 630 1777 671 sc

190 717 440 769 clausam
482 712 706 775 habeat,
737 708 1009 778 quomodo
1048 708 1294 778 sepulcra
1316 716 1375 762 et
1400 707 1587 761 tumuli
1615 706 1776 761 cada-

190 820 323 856 vera
354 812 710 857 mortuorum.
740 800 806 853 Et
850 798 894 852 si
925 798 1028 852 hoc
1053 813 1236 852 verum
1264 804 1348 851 est
1368 838 1385 863 ,
1416 796 1505 850 ubi
1533 806 1615 850 est
1645 794 1778 850 lides

187 906 381 948 nostra
396 893 423 946 ?
445 891 532 947 ubi
552 891 879 961 praycouium
902 887 1350 942 resurrectionis?
1371 885 1777 956 ubiApostoiica

182 984 462 1049 doctrina,
491 998 610 1053 qua:
630 981 684 1035 in
706 980 950 1035 ecclesiis
966 977 1164 1034 Christi
1188 978 1464 1047 hucusque
1487 976 1777 1047 perdurat?

183 1081 274 1135 ubi
308 1081 406 1135 illa
437 1077 741 1135 benedictio
766 1075 834 1131 ad
860 1076 1054 1140 Adam,
1081 1083 1138 1130 et
1161 1073 1229 1127 ad
1256 1087 1442 1127 semen
1470 1072 1608 1141 ejus,
1634 1082 1689 1126 ct
1709 1070 1775 1125 ad

180 1171 318 1233 Noe,
340 1180 401 1225 et
427 1169 495 1224 ad
524 1169 663 1222 lilios
688 1167 806 1232 ejus
825 1182 843 1218 :
865 1163 1083 1219 Crescite
1101 1172 1147 1218 et
1165 1162 1595 1234 multiplicamini,
1623 1171 1666 1214 et
1696 1176 1777 1215 re-

178 1261 319 1328 plete
347 1258 576 1314 terram?
591 1256 797 1327 (lienes.
822 1256 875 1310 Ι.
897 1255 985 1319 18,
1001 1264 1048 1308 et
1066 1254 1124 1310 9.
1144 1254 1228 1323 7.)
1246 1252 1365 1307 Jam
1381 1254 1521 1307 enim
1545 1267 1648 1306 non
1670 1252 1776 1305 erit

174 1353 523 1416 benedictio,
599 1348 758 1422 247
832 1348 929 1404 sed
955 1346 1442 1416 maledictio,juxla
1470 1345 1773 1414 Origcncm,

172 1447 269 1511 qui
289 1442 523 1512 angelos
539 1443 695 1497 vertit
722 1442 774 1494 in
795 1440 1001 1494 animas
1025 1456 1039 1492 :
1062 1438 1206 1494 etde
1227 1437 1439 1492 sublimi
1463 1434 1669 1505 fastigio
1690 1435 1773 1487 di-

174 1533 411 1601 gnttatis
440 1531 566 1587 facit
591 1532 658 1585 ad
688 1529 940 1584 inferiora
965 1528 1316 1592 descendere,
1339 1527 1490 1597 quasi
1516 1527 1654 1581 Deus
1682 1539 1772 1594 ge-

176 1622 297 1677 neri
347 1622 588 1676 humano
634 1636 745 1675 non
772 1621 939 1690 possit
987 1620 1196 1674 animas
1224 1634 1321 1688 per
1344 1618 1771 1673 benedictionem

174 1712 334 1776 dare,
367 1710 476 1766 nisi
497 1711 670 1779 angeli
695 1710 1031 1779 peccaverint
1058 1728 1072 1763 :
1099 1719 1153 1764 et
1183 1717 1260 1762 tot
1283 1709 1334 1760 in
1363 1708 1503 1761 ccelo
1531 1706 1637 1759 sint
1663 1705 1772 1759 rui-

175 1817 286 1864 nas.
318 1809 457 1870 quot
495 1800 551 1855 in
578 1810 716 1854 terra
755 1799 1080 1853 nativitates.
1112 1796 1431 1851 Dimittenda
1457 1811 1588 1865 ergo
1616 1795 1769 1849 nobis

178 1900 265 1946 est
281 1891 531 1946 doctrina
556 1889 935 1958 Apostolorum
955 1897 1014 1942 et
1033 1886 1440 1957 Pmpltetarum,
1458 1898 1512 1941 et
1543 1885 1694 1955 Legis
1714 1892 1769 1940 ct

177 1982 351 2052 ipsius
401 1980 617 2036 Domini
644 1979 944 2036 Salvatoris
990 1979 1044 2033 in
1080 1979 1373 2050 Evangelia
1416 1978 1766 2047 pertonantis.

177 2072 507 2128 Eeontrario
534 2072 794 2142 Origenes
825 2070 1104 2140 praecipit,
1134 2080 1190 2126 et
1227 2071 1399 2141 legem
1424 2070 1546 2133 dat,
1576 2078 1633 2123 ut
1659 2082 1766 2124 non

175 2163 352 2217 dicam
393 2162 724 2232 constringit
761 2161 1058 2230 discipulos
1101 2175 1265 2227 suos,
1312 2175 1379 2214 ue
1404 2159 1523 2228 quis
1556 2166 1674 2213 oret
1713 2159 1765 2213 in

176 2253 373 2308 ctelum
415 2250 713 2306 ascendere
732 2290 749 2314 ,
779 2266 847 2304 ne
877 2249 1027 2320 pejus
1053 2250 1246 2304 iterum
1274 2263 1502 2319 peccans
1526 2262 1684 2318 quam
1712 2248 1767 2303 in

172 2344 336 2398 terris
382 2351 517 2397 ante
567 2350 919 2411 peccaverat,
971 2339 1331 2408 praecipitetur
1380 2336 1434 2390 in
1484 2336 1763 2391 mundum.

171 2434 500 2504 Quanquam
548 2433 847 2489 istiusmodi
890 2447 1060 2503 nugas
1094 2440 1150 2486 et
1185 2431 1539 2486 deliramenta
1585 2430 1759 2485 soleat

175 2527 263 2582 ille
306 2526 712 2597 Scripturarum
759 2525 1199 2596 interpretatione
1238 2538 1487 2595 perversa
1526 2532 1584 2579 ct
1620 2522 1764 2577 aliud

170 2621 541 2691 signiﬁcante,
562 2634 728 2690 quam
748 2619 892 2689 quod
918 2632 1100 2673 verum
1120 2628 1204 2672 εει
1222 2616 1515 2679 afllrmare,
1536 2615 1721 2669 dicens
1745 2630 1758 2671 :

177 2709 495 2781 Priusquam
523 2726 555 2762 a
584 2710 782 2763 malitia
808 2707 1128 2773 buntiliarer,
1150 2721 1242 2777 ego
1281 2706 1469 2775 deliqui
1495 2704 1610 2776 (Ps.
1637 2706 1758 2760 H8.

170 2801 283 2872 Π).
310 2801 380 2857 Et
407 2799 552 2856 illud
579 2816 592 2854 :
617 2798 770 2853 Rere:
782 2806 882 2852 tere
916 2797 1092 2851 anima
1120 2812 1232 2850 mea
1268 2796 1320 2850 in
1360 2795 1579 2867 requiem
1620 2805 1760 2847 tuam

173 2892 288 2963 (Ps;
332 2894 470 2949 tu.
504 2892 584 2962 7).
615 2891 830 2946 Necnon
854 2898 914 2945 et
942 2889 1069 2946 illud
1094 2908 1109 2944 :
1134 2889 1280 2943 Educ
1314 2889 1377 2943 de
1402 2903 1605 2942 carcere
1641 2887 1758 2939 aui-

167 2999 301 3036 mam
328 2998 507 3039 meam
549 2981 669 3053 (Ps.
697 2982 821 3036 Ml.
850 2981 934 3052 8).
962 2980 1030 3037 Et
1058 2981 1111 3035 iu
1138 2979 1247 3033 alio
1276 2979 1395 3035 loco
1425 2996 1441 3033 :
1472 2976 1760 3045 Conﬁtebor

169 3076 386 3132 Domino
436 3078 500 3131 in
527 3076 733 3146 regione
758 3076 983 3129 vivorum
1016 3072 1132 3143 (Ps.
1177 3072 1299 3126 1M.
1331 3069 1387 3139 8)
1420 3088 1435 3124 ;
1464 3084 1585 3127 cum
1624 3068 1759 3123 alius

171 3167 353 3234 procul
383 3165 563 3223 dubio
590 3179 787 3220 sensus
810 3163 1105 3232 Scriptura:
1135 3162 1331 3217 divina:
1359 3162 1452 3227 sit,
1481 3175 1641 3225 quam
1671 3159 1759 3216 ille

168 3258 219 3312 in
244 3258 508 3315 lueresim
541 3271 692 3311 suam
722 3254 951 3325 maligna
983 3253 1429 3322 interpretationi.
1452 3251 1755 3320 detorquet.

164 3349 313 3415 Quod
341 3349 560 3404 faciunt
588 3357 642 3402 et
660 3344 959 3410 Manicluei,
986 3355 1039 3398 et
1064 3342 1324 3408 Gnostici,
1352 3350 1407 3396 et
1436 3339 1754 3405 Hebiouitze,

162 3451 217 3496 et
244 3440 542 3496 Marcionis
566 3448 860 3495 sectatores
881 3478 898 3503 ,
929 3444 985 3490 et
1008 3435 1130 3489 alia:
1161 3435 1394 3490 haereses
1424 3448 1648 3488 numero
1677 3431 1755 3502 (α)

165 3535 469 3604 itctogiuta,
499 3547 620 3602 quae
642 3530 714 3587 de
738 3529 1027 3599 purissimo
1059 3527 1455 3598 Scripturarum
1485 3525 1634 3581 funtc
1662 3540 1753 3580 as-

165 3632 449 3678 sumcntes
466 3623 790 3686 testimonia,
812 3636 916 3675 non
935 3622 1003 3674 ita
1022 3620 1464 3688 interpretantur,
1486 3629 1541 3671 ut
1555 3617 1753 3686 scripta

167 3723 315 3773 sunt.
341 3714 447 3769 sed
474 3713 872 3783 simplicitatem
903 3713 1168 3767 sermonis
1193 3711 1545 3768 ecclesiastici
1578 3709 1629 3764 id
1661 3724 1754 3764 vo-

171 3803 288 3857 lunt
314 3806 643 3875 significare,
671 3804 813 3872 quod
844 3804 947 3873 ipsi
976 3804 1234 3858 sentiunt.

238 3897 296 3951 5.
326 3896 462 3951 Illud
506 3909 720 3965 quoque
762 3894 903 3963 quod
946 3908 1188 3949 asserere
1220 3894 1438 3959 nititur,
1463 3891 1753 3948 doleamne

163 4131 313 4194 iam
329 4130 482 4181 aliam
502 4130 999 4194 proprietatemm
1024 4129 1077 4180 id
1099 4135 1168 4180 est
1187 4130 1549 4194 cadaver,ng
1587 4141 1753 4194 graece

170 4191 349 4257 corpus
374 4191 604 4257 examine
625 4209 755 4257 πτςμ
774 4191 948 4257 dicitur
967 4203 1039 4257 δετρ
1059 4206 1124 4240 τοῦ
1138 4205 1299 4257 first“,
1322 4198 1379 4257 tit
1422 4191 1569 4239 latine
1596 4191 1754 4239 rada-

174 4251 540 4314 per'deducitur
564 4266 590 4301 a
612 4252 849 4314 cadendo,
874 4251 1111 4313 siquidem
1138 4253 1292 4314 ipsam
1314 4251 1534 4314 Graecam
1560 4257 1749 4314 etymo-

178 4312 347 4378 logiam
362 4349 378 4375 ,
401 4326 549 4378 quam
572 4313 632 4363 ad
655 4313 884 4362 haeresim
927 4311 1062 4378 Suam
1103 4311 1361 4378 torquebat
1383 4311 1646 4378 Origenes,
1673 4311 1755 4361 hic

178 4372 372 4435 all'erre'
396 4372 551 4424 satius
572 4381 681 4424 erat
697 4410 712 4433 ,
737 4381 792 4425 ut
825 4386 970 4435 supra
992 4374 1087 4435 sit,
1118 4372 1265 4434 atque
1288 4372 1447 4435 infra:
1472 4372 1557 4435 ubi
1591 4380 1763 4421 tamen-

180 4432 329 4485 Vatic.
351 4444 405 4486 et
425 4437 651 4486 Ambros.
674 4435 790 4485 Mss.
807 4432 1047 4484 vocabulo
1068 4432 1201 4490 1...”;
1222 4440 1275 4482 et
1295 4434 1466 4482 vocula
1487 4432 1542 4483 id
1565 4439 1635 4482 est
1660 4446 1751 4482 ex-

188 4453 329 4485 VIUC.
351 4453 405 4486 ει
425 4453 651 4486 Αιιιοτοε.
675 4453 790 4485 IIS.
807 4453 1047 4484 γυαωωυ
1186 4473 1198 4490 ,
1222 4453 1275 4482 υι
1296 4453 1466 4482 νυςυιίι
1487 4453 1540 4483 ια
1565 4453 1634 4482 σδι
1660 4453 1751 4482 cx-

181 4498 393 4560 puuctis,
416 4500 647 4560 continuo
669 4496 869 4560 legunt,
901 4511 925 4541 ι
946 4453 1214 4560 secumm
1245 4493 1607 4560 variamGrzeci
1642 4506 1751 4543 ser-

183 4558 334 4607 monis
362 4553 923 4620 supellectilem'corpus
944 4572 1044 4617 σῆμα
1068 4557 1115 4605 id
1139 4562 1216 4620 est
1236 4553 1626 4620 memoriamjal.
1653 4567 1753 4604 mo-

184 4614 473 4681 !mmcntmit)
496 4614 851 4681 interpretari;
868 4614 1008 4681 Plato
1025 4630 1089 4681 ex
1107 4618 1244 4678 cujus
1255 4614 1753 4681 sententiaorigenes

183 4672 368 4753 item
389 4672 485 4753 εξίι
508 4682 559 4730 in
581 4672 789 4753 εδειγιον
814 4687 868 4753 (Ξὲ
889 4678 1098 4753 (insveta.
1131 4672 1353 4753 circae,
1369 4672 1750 4753 ministres!-

187 4737 287 4786 vire
310 4737 642 4801 sepulcrorum
664 4737 792 4799 vice,
816 4739 969 4797 dixit,
994 4737 1049 4790 et
1070 4757 1197 4799 σεμι.
1217 4737 1357 4800 quasi
1380 4754 1480 4798 σῆμα
1501 4750 1750 4800 nuncupa-

185 4805 299 4847 tum.
326 4814 398 4851 Kal
414 4815 481 4866 γὰρ
502 4820 602 4863 σῆμα
621 4816 714 4861 elue
730 4815 835 4867 μων
976 4814 1066 4852 livet
1094 4818 1159 4858 τῆς
1181 4812 1293 4863 ψυχῆς
1312 4810 1619 4867 “fugatum
1643 4811 1752 4867 irai

184 4873 242 4906 νῦν
264 4858 437 4922 κράντιᾷ
463 4858 514 4925 et
535 4858 715 4914 caetera
737 4858 849 4925 qua
870 4861 1020 4925 latine
1063 4858 1257 4924 praestat
1290 4858 1537 4925 audires
1554 4858 1750 4925 Etenim

185 4935 288 4984 σρμ
311 4919 524 4984 nonnulli
564 4925 703 4973 aiunt
724 4919 839 4975 esse
871 4923 1019 4972 animi
1041 4919 1168 4984 εἰμι,
1194 4919 1502 4984 tanquamad
1524 4919 1616 4969 hoc
1637 4921 1749 4984 qui-

184 4976 299 5026 dem
317 4983 509 5042 tempus
529 4986 684 5046 anima
703 4985 769 5033 sit
789 4985 838 5032 in
860 4976 1099 5046 corpore,~
1111 4976 1306 5046 sepulta
1318 5018 1333 5040 ,
1370 4980 1449 5031 vel
1469 4988 1612 5046 recte
1627 4976 1750 5046 ideo

187 5045 265 5086 est
288 5055 412 5100 cum.
432 5044 655 5102 quoniam
677 5046 892 5104 corporis
923 5042 1194 5094 ministerio
1224 5043 1378 5104 utitur
1405 5042 1561 5104 anima
1583 5042 1640 5089 ad
1665 5053 1753 5091 eas

186 5110 287 5166 ges,
315 5113 437 5166 qgas
453 5100 546 5166 sibi
568 5100 835 5163 obsignavit
866 5105 1229 5166 signiticandas,
1265 5100 1697 5165 expllcandasque.
1720 5118 1742 5147 ι

118 5183 123 5188 ‘
187 5155 247 5227 Ει
273 5155 523 5224 ίαῖἰοτεῖε
545 5198 562 5223 ν
580 5176 653 5215 ιω
671 5155 773 5222 ivssu
792 5182 846 5213 τι
865 5155 1041 5224 ﬁt...
1060 5155 1253 5227 τιοναμᾷ,
1271 5155 1358 5227 δεαὲ
1379 5171 1547 5223 ἥδηται,
1567 5155 1672 5225 ei".
1693 5177 1754 5214 ut

187 5225 1751 5289 wwwmhmmdmmewwwrww:

186 5276 249 5328 Et
287 5294 376 5331 nos
409 5276 870 5349 rev'era'moriinu'r.
894 5276 1019 5335 Ill'ud
1054 5276 1236 5337 euim'a
1256 5276 1561 5349 sapientibus
1594 5276 1753 5333 audivi

191 5352 448 5461 moratae
488 5348 635 5406 mori,
681 5354 737 5397 et
783 5355 1003 5397 nostrum
1036 5366 1139 5409 σει..
1175 5348 1755 5411 corpus,esseqp.,se-

221 5414 421 5454 uterum.

191 5482 322 5591 usa)
353 5486 652 5561 Ambrosiam
678 5489 879 5555 triginta
896 5499 1137 5565 numerat,
1156 5492 1235 5542 alii
1259 5490 1376 5541 Mss.
1402 5487 1757 5563 quadraginta;

290 5550 413 5591 (mod
435 5560 618 5591 ninimp.
641 5559 757 5591 ante
788 5565 877 5591 nm
896 5553 1145 5591 Vicini-ma
1173 5564 1375 5591 animum
1398 5551 1757 5591 animadverte-

290 5550 413 5608 αυοά
435 5553 618 5615 optime
641 5550 764 5615 ante'
787 5565 877 5601 nos
896 5553 1145 5603 Victorius
1173 5564 1375 5615 quoque
1397 5550 1757 5615 animadverte-

191 5611 809 5683 l3‘;llrfll‘lt‘l‘eapctogitttu
830 5616 1044 5683 utiminat
1067 5611 1381 5683 Epiphanius,
1401 5615 1540 5683 cujus
1559 5611 1664 5659 haec
1683 5618 1762 5683 est

192 5674 234 5736 9t
252 5666 414 5727 istola',
441 5674 572 5736 quod
599 5666 765 5722 con'tra
784 5675 989 5736 totidem
1017 5666 1232 5726 him-eses
1268 5666 1513 5736 scripserit
1529 5711 1543 5734 ,
1569 5686 1678 5734 qua:
1701 5672 1761 5721 ad
1788 5694 1792 5698 ~

192 5733 268 5773 sua
291 5741 439 5780 usoue
464 5733 689 5795 tempora
714 5734 1023 5795 pullularunt.

1599 320 1921 378 EPISTULA
1963 323 2047 381 LI.

3358 338 3462 393 522

1889 448 1955 486 an
1987 434 2187 490 rideam
2220 440 2419 493 nescio.
2450 440 2643 495 Doctor
2669 446 2912 515 egregius
2940 451 3014 522 (ὁ)
3046 456 3204 514 audet
3230 460 3428 519 docere
3450 507 3464 525 .

1886 524 2157 580 diabolum
2189 528 2239 582 id
2269 545 2483 584 rursum
2512 530 2747 588 futurum
2778 551 2897 592 esse
2923 544 3064 609 quod
3096 545 3286 617 fuerat,
3316 564 3370 609 et
3397 557 3463 608 ad

1884 617 2129 671 eamdem
2160 618 2456 674 rediturum
2484 620 2820 691 dignitatem,
2848 635 2905 683 et
2929 644 3346 697 conscensurum
3375 661 3465 698 re.

1881 723 1984 777 gua
2025 708 2306 765 caelorum.
2338 712 2479 767 Proh
2510 713 2660 770 nefas
2680 757 2695 781 ,
2730 717 2849 787 quis
2880 729 2987 776 tam
3019 738 3204 782 vecors
3229 740 3284 786 et
3310 736 3462 789 stoli-

1883 801 2005 867 dus,
2037 814 2095 857 ut
2122 803 2221 858 hoc
2249 805 2491 875 recipiat,
2518 808 2663 877 quod
2693 820 2909 865 sanctus
2940 813 3178 874 Joannes
3205 819 3461 892 Baptista,

1880 904 1937 949 et
1969 894 2179 960 Petrus,
2204 903 2260 950 et
2277 895 2514 954 Joannes
2536 898 2827 969 Apostolus
2848 913 2901 957 et
2918 903 3277 976 Emugelista,
3304 910 3463 969 Isaias

1881 999 2115 1053 quoque,
2148 992 2204 1039 et
2227 984 2512 1055 Jeremias,
2544 998 2598 1044 et
2626 991 2813 1061 reliqui
2846 993 3128 1064 Propheta:
3151 999 3462 1061 colueredes

1885 1073 2010 1147 tiam
2030 1075 2229 1130 diaboli
2248 1077 2299 1131 iu
2322 1093 2486 1149 regno
2497 1080 2790 1136 calorum?
2807 1083 3076 1142 Praetereo
3092 1086 3334 1147 frivolam
3348 1094 3465 1162 ejus

1881 1165 2271 1235 expositionem
2301 1182 2465 1238 super
2486 1170 2680 1225 tunicis
2702 1171 2937 1239 pelliceis
2957 1215 2973 1241 ,
3003 1184 3204 1246 quanto
3228 1193 3422 1237 conatu
3444 1224 3461 1247 ,

1880 1257 2202 1327 quantisque
2219 1260 2755 1331 egeritargumentis,
2774 1273 2828 1319 ut
2848 1269 3050 1324 tunicas
3074 1272 3328 1341 pelliceas
3358 1275 3460 1330 hu-

1885 1362 2038 1401 mana
2070 1362 2193 1405 esse
2224 1364 2450 1421 corpora
2471 1352 2833 1411 crederemus.
2856 1359 2956 1424 Qui
2991 1360 3130 1417 inter
3153 1364 3318 1419 multa
3347 1367 3459 1423 ait:

1881 1435 2045 1508 248
2086 1456 2106 1489 ι
2124 1437 2368 1509 Nunquid
2388 1442 2649 1499 corlarius
2675 1453 2764 1499 aut
2791 1448 3145 1505 sordisearius
3160 1450 3256 1525 [al.
3283 1458 3462 1510 sterti-

1878 1528 2063 1600 sarius]
2074 1538 2190 1583 crat
2207 1531 2364 1600 Deus,
2377 1542 2429 1586 ut
2440 1533 2725 1589 conficeret
2745 1538 2911 1606 pelles
2924 1541 3253 1611 animalium,
3265 1557 3319 1602 et
3333 1562 3465 1602 cou-

1876 1628 2055 1673 suerct
2080 1636 2145 1674 ex
2175 1621 2254 1676 eis
2279 1623 2484 1678 tunicas
2512 1626 2760 1692 pelliceas
2790 1626 2958 1684 Adam
2977 1641 3030 1686 et
3050 1632 3217 1689 Eva}?
3240 1635 3462 1694 Manife-

1872 1716 2015 1762 stum
2030 1719 2112 1765 est
2130 1725 2281 1781 ergo,
2293 1712 2480 1782 inquit,
2495 1716 2636 1783 quod
2648 1716 2715 1770 de
2730 1720 3044 1788 corporibus
3061 1725 3258 1781 nostris
3273 1726 3460 1797 loqua-

1876 1804 1981 1852 tur.
1996 1817 2017 1851 ι
2041 1798 2105 1853 Ει
2127 1799 2173 1854 si
2197 1800 2297 1857 hoc
2320 1802 2390 1857 ita
2408 1812 2513 1871 est,
2533 1806 2804 1874 quomodo
2819 1808 3040 1879 legimus
3062 1822 3189 1869 aute
3206 1815 3459 1884 pelliceas

1875 1889 2101 1954 tunicas,
2123 1898 2176 1945 et
2199 1899 2323 1946 ante
2346 1892 2782 1965 inobedieutiam,
2807 1908 2863 1954 et
2882 1900 2951 1955 de
2972 1903 3219 1971 paradiso
3241 1906 3452 1963 ruinam

1871 1977 2043 2035 Adam
2064 1980 2368 2051 loquentem
2394 1999 2499 2039 non
2516 1986 2811 2043 secundum
2833 1989 3162 2061 allegorian,
3182 1995 3277 2052 sed
3294 2012 3453 2052 vere:

1878 2089 1897 2121 ι
1918 2070 2029 2126 [loc
2050 2086 2189 2126 nunc
2207 2087 2270 2129 os
2297 2087 2366 2128 ex
2385 2075 2596 2131 ossibus
2617 2077 2771 2143 meis,
2788 2087 2843 2134 et
2862 2093 2988 2135 caro
3008 2082 3076 2138 de
3097 2097 3263 2140 carne
3286 2101 3401 2142 mea
3427 2109 3450 2141 ο

1871 2158 2198 2231 (Gen.2.23)
2225 2164 2487 2220 Autunde
2502 2176 2832 2237 assumptum
2851 2180 2935 2225 est
2970 2170 3277 2243 illud,quod
3312 2176 3449 2229 divi-

1870 2263 1969 2302 uus
1980 2265 2159 2305 sermo
2176 2260 2425 2308 testatur:
2447 2273 2466 2306 ι
2489 2254 2555 2309 Et
2572 2256 2753 2326 injecit
2768 2257 2909 2314 Deus
2924 2274 3174 2330 soporem
3189 2264 3242 2319 in
3257 2265 3451 2329 Adam.

1868 2347 1922 2393 et
1943 2337 2195 2395 dormivit
2215 2358 2229 2395 :
2253 2352 2307 2398 et
2328 2345 2556 2413 sumpsit
2576 2361 2734 2401 unam
2754 2347 2822 2402 de
2842 2350 3006 2404 costis
3026 2350 3144 2421 ejus
3165 2367 3182 2418 ;
3204 2362 3259 2409 et
3276 2355 3451 2410 adiat-

1870 2427 2034 2498 plevit
2072 2446 2170 2500 pro
2211 2446 2276 2488 ea
2321 2448 2538 2490 carnem
2564 2477 2580 2500 ,
2610 2446 2666 2493 et
2694 2437 2977 2494 aediﬁcavit
3013 2452 3219 2498 custam
3242 2483 3259 2511 ,
3292 2462 3449 2515 quam

1869 2519 2065 2575 tulerat
2091 2537 2154 2577 ex
2186 2537 2274 2588 eo,
2305 2524 2380 2579 illi
2422 2526 2475 2579 in
2526 2529 2788 2584 uxorem?
2821 2547 2841 2581 ο
2878 2528 3041 2601 (Ibid.
3074 2533 3166 2604 2i)
3196 2534 3304 2589 Aut
3330 2553 3450 2604 qum

1865 2624 2091 2681 corpora
2117 2615 2439 2684 contegebat
2468 2616 2641 2672 Adam
2671 2626 2727 2673 et
2762 2617 2873 2673 Eva
2919 2618 3060 2677 foliis
3098 2623 3232 2679 licus
3253 2665 3268 2689 ,
3302 2639 3450 2695 post-

1864 2714 2022 2771 quam
2049 2702 2398 2760 comederunt
2430 2704 2498 2761 de
2526 2706 2722 2763 arbore
2743 2709 2953 2764 vetita?
2978 2710 3113 2779 Quis
3141 2722 3318 2767 autem
3348 2730 3447 2784 pa-

1864 2788 2058 2845 tienter
2095 2791 2231 2847 ferat
2277 2794 2563 2865 Urigcncm
2616 2796 2835 2853 lubricis
2890 2801 3446 2868 argumentationibus

1864 2882 2312 2938 resurrectian
2332 2885 2510 2939 carnis
2537 2883 2693 2955 hujus
2715 2898 3001 2956 negantem
3019 2905 3033 2942 :
3051 2889 3191 2944 sicut
3208 2888 3447 2947 declarat

1864 2971 2302 3031 manifestissime
2346 2977 2399 3031 in
2450 2978 2727 3033 volumine
2781 2978 3239 3049 Explanationum
3285 2983 3444 3050 primi

1864 3064 2091 3133 psalmi,
2132 3075 2187 3120 et
2232 3067 2286 3122 it;
2316 3068 2438 3122 aliis
2467 3067 2650 3123 multis
2689 3068 2861 3125 locis?
2890 3070 2998 3125 Aut
3034 3073 3156 3142 quis
3178 3073 3361 3129 audiat
3386 3075 3442 3131 in

1864 3153 2023 3209 tertio
2048 3157 2189 3210 cmlo
2219 3157 2506 3212 donautem
2532 3158 2690 3214 nobis
2711 3159 2999 3231 Origenem
3030 3164 3354 3233 paradisum,
3384 3176 3440 3222 ct

1862 3243 2008 3298 illum
2036 3259 2193 3315 quem
2222 3245 2495 3316 Scriptura
2519 3260 2937 3318 commemorat,
2967 3252 3035 3309 de
3066 3264 3208 3310 terra
3235 3257 3301 3310 ad
3324 3270 3440 3312 eaa-

1863 3334 2014 3390 lestia
2042 3336 2450 3394 transferentem
2476 3357 2489 3394 :
2511 3349 2567 3395 et
2591 3355 2780 3397 omnes
2796 3341 3023 3398 arbores
3045 3359 3165 3414 qua:
3186 3345 3437 3402 scribun-

1863 3434 1950 3481 tur
1991 3427 2044 3481 in
2092 3427 2323 3497 Genesi,
2374 3430 2452 3485 sic
2497 3431 2788 3502 allegorice
2834 3433 3221 3505 intelligentem
3252 3454 3267 3492 :
3294 3437 3440 3508 quod

1859 3518 2059 3575 scilicet
2086 3519 2338 3586 arbores,
2372 3521 2629 3592 angelica:
2654 3523 3016 3580 Fortitudincs
3043 3526 3169 3593 sint,
3191 3539 3314 3583 cum
3335 3527 3439 3586 hoc

1859 3611 2058 3666 veritas
2100 3626 2206 3667 non
2252 3612 2527 3684 recipiat?
2564 3614 2751 3685 Neque
2796 3617 2944 3671 enim
2980 3616 3119 3673 dixit
3157 3619 3437 3690 Scriptura

1857 3697 2033 3755 divina
2054 3717 2069 3756 :
2089 3701 2347 3773 Deposuit
2362 3703 2505 3759 Deus
2526 3702 2696 3760 Adam
2717 3714 2774 3759 et
2797 3706 2960 3760 Evam
2983 3707 3036 3761 in
3060 3716 3256 3764 terram
3281 3710 3435 3774 :sed,

1857 3792 2000 3861 eiecit
2036 3808 2121 3848 eos
2162 3794 2225 3847 de
2258 3795 2530 3863 paradiso,
2559 3804 2607 3849 et
2637 3796 2865 3849 habitare
2889 3798 2963 3864 (ι’)
2993 3799 3112 3865 fecit
3136 3815 3223 3852 eos
3252 3811 3432 3856 contra

1857 3885 2169 3951 paradisum.
2204 3883 2321 3937 Non
2365 3885 2478 3945 ait,
2515 3885 2616 3937 sub
2661 3884 2929 3951 paradiso.
2974 3884 3041 3937 Et
3092 3888 3260 3954 posuit
3300 3906 3437 3942 rom-

1858 3974 2057 4042 pltwam
2098 3976 2387 4042 ﬂammeam
2411 4014 2428 4038 ,
2473 3985 2521 4027 et
2558 3973 2830 4029 Cherubim
2871 3975 3131 4031 custodire
3170 3976 3433 4032 introitum

1860 4062 1986 4131 ligni
2010 4063 2126 4116 uiue
2152 4062 2360 4133 (Cenes.
2388 4061 2469 4134 5).
2499 4062 2614 4118 Non
2643 4063 2795 4130 dixit,
2821 4078 3123 4119 ascensum.
3161 4064 3228 4121 Et
3251 4068 3438 4137 ﬂauius

1857 4151 2205 4224 egrediebatur
2235 4170 2298 4208 ex
2328 4152 2474 4207 Edeu
2499 4169 2518 4207 :
2538 4169 2643 4208 non
2675 4154 2831 4219 dixit,
2861 4155 3140 4211 descendit
3166 4171 3229 4212 ex
3264 4158 3434 4214 Eden.

1860 4241 1967 4297 Iste
1982 4241 2225 4294 dividitur
2255 4244 2306 4296 iu
2334 4254 2552 4312 quatuor
2578 4243 2828 4314 principia
2856 4260 2875 4298 :
2896 4260 3076 4299 nomen
3102 4246 3192 4301 uni
3216 4246 3433 4315 Phison,

1858 4343 1907 4388 et
1931 4349 2111 4387 nomen
2140 4335 2349 4387 secundi
2376 4333 2516 4388 (ἱεοη
2546 4332 2705 4404 (Ibid.
2741 4333 2795 4388 2.
2841 4333 2953 4405 10).
2989 4336 3098 4407 Ego
3126 4336 3231 4391 vidi
3270 4353 3437 4409 aquas

1857 4422 2008 4478 Geon
2034 4462 2049 4487 ,
2080 4438 2247 4492 aquas
2273 4437 2409 4493 quas
2437 4423 2520 4478 bis
2548 4424 2759 4479 carneis
2786 4425 2959 4479 oculis
2986 4427 3189 4494 aspexi.
3218 4424 3325 4483 iste
3352 4439 3437 4484 est

1857 4512 2027 4579 Geon,
2054 4530 2211 4585 quem
2240 4513 2502 4570 Jeremias
2526 4513 2858 4571 demonstrat
2886 4516 3110 4572 dicens:
3132 4517 3269 4584 Quid
3293 4522 3434 4574 vobis

1858 4612 1905 4659 et
1919 4605 2013 4659 vita
2030 4603 2267 4675 Egypti,
2286 4603 2530 4659 utbibatis
2549 4610 2731 4675 aquam
2751 4604 2889 4660 Geou
2908 4606 3198 4661 turbidam?
3217 4607 3431 4676 (Jerem.

1856 4694 1911 4748 2.
1945 4694 2055 4767 10.)
2085 4694 2201 4751 Bibi
2228 4695 2374 4751 etde
2398 4693 2478 4766 (ά)
2504 4709 2697 4765 magno
2735 4694 2953 4751 ﬂumine
2975 4695 3247 4765 Euphrate
3269 4710 3436 4763 aquas

1856 4785 2170 4855 simpliciter
2194 4828 2206 4849 ,
2237 4800 2373 4856 quas
2400 4800 2560 4840 manu
2592 4795 2746 4854 potes
2766 4793 2988 4856 tangere
3014 4825 3029 4851 ,
3055 4798 3152 4839 ore
3177 4783 3395 4838 sorbere
3415 4823 3432 4847 ,

1859 4896 1963 4933 nun
1980 4895 2143 4949 aquas
2159 4879 2445 4946 spiritales.
2461 4877 2560 4933 Ubi
2577 4886 2753 4932 autem
2774 4877 2992 4932 ﬂumina
3012 4881 3157 4940 sunt,
3168 4887 3287 4943 qua:
3299 4880 3355 4927 et
3369 4875 3440 4928 vi.

1856 4969 2049 5024 dentur
2067 4981 2119 5022 ct
2141 4968 2410 5031 bibuntur,
2431 4966 2499 5020 ibi
2517 4978 2851 5033 consequens
2872 4962 3119 5033 estquod
3150 4971 3205 5018 et
3226 4960 3356 5016 licus
3378 4970 3437 5017 et

1857 5058 1959 5112 alia
1974 5060 2114 5129 ligna
2137 5058 2246 5111 siut
2268 5074 2281 5110 :
2303 5056 2372 5111 de
2390 5055 2580 5125 quibus
2642 5051 2805 5123 3&9
2865 5050 3279 5109 dicitDeuszEx
3297 5055 3437 5108 omni

1857 5150 1999 5220 ligno
2024 5149 2159 5218 quod
2187 5158 2259 5201 est
2284 5147 2339 5200 in
2362 5145 2603 5216 paradiso
2629 5143 2859 5198 camertes
2893 5141 3100 5213 (Gem.
3124 5141 3181 5198 2.
3204 5141 3298 5211 l6)
3323 5158 3336 5196 :
3362 5141 3436 5216 (e)

1920 5304 1995 5368 (ὸ)
2027 5302 2153 5368 Hinc
2173 5300 2394 5368 priameia
2413 5312 2591 5357 nomen
2601 5337 2624 5368 _,
2643 5299 2773 5363 quod
2795 5311 2962 5364 neque
2984 5298 3105 5350 Mss.
3129 5309 3295 5362 neque
3321 5296 3440 5346 editi

1859 5362 2155 5417 vetustiores
2174 5363 2374 5419 habent,
2401 5362 2744 5421 expunximus.

1922 5426 1994 5489 (e)
2026 5424 2182 5493 Vatia.
2209 5417 2427 5493 et_ve_t_us
2448 5417 2595 5493 editio
2628 5422 2846 5493 habitare
2878 5420 2991 5486 fecit
3033 5427 3205 5472 contra
3240 5417 3444 5483 paradi-

1861 5482 1988 5545 sum;
2006 5491 2054 5536 et
2075 5495 2169 5533 non
2188 5482 2370 5538 adiecit
2388 5494 2467 5545 eos
2488 5482 2575 5545 sub
2598 5482 2846 5545 paradiso.

1925 5538 2004 5610 (ά)
2038 5545 2196 5610 Antea
2219 5555 2376 5610 penes
2397 5538 2619 5592 Martiae.
2638 5541 2857 5610 aliosque
2874 5578 2889 5603 ,
2909 5541 2977 5610 de
2999 5541 3088 5610 hoc
3104 5553 3296 5610 magno.
3323 5538 3439 5610 Mog

1925 5556 2004 5610 (α)
2038 5556 2196 5595 Antea
2219 5556 2376 5605 penes
2399 5556 2619 5592 maruan.
2638 5556 2857 5653 suosque
2874 5578 2889 5603 ,
2914 5556 2977 5593 ae
2999 5556 3088 5593 uoc
3104 5556 3296 5605 magna.
3324 5556 3439 5588 mox

1863 5609 1974 5658 dua:
2012 5608 2202 5676 pripres
2238 5603 2520 5676 Editioues,
2562 5616 2618 5653 ac
2664 5604 2751 5676 toti
2789 5618 2869 5676 em
2909 5604 3021 5655 Mss.
3044 5601 3246 5671 [lautitia
3269 5604 3444 5652 suntet

1867 5666 2253 5732 aquw'bibimtur
2276 5675 2321 5716 et
2343 5666 2565 5716 videntur
2590 5678 2607 5715 :
2631 5666 2919 5717 rectissime.
3044 5666 3057 5669 '
3160 5666 3185 5701 μ’

1939 5731 2009 5791 (e)
2042 5729 2175 5777 Duos
2199 5740 2371 5778 versus
2391 5729 2527 5787 istos,
2546 5726 2719 5778 sindlia
2736 5733 2841 5778 sunt
2857 5727 2997 5786 liquis
3020 5726 3157 5785 aliis,
3175 5722 3437 5777 etc.Victo-
