4078 6198
180 331 297 389 59.5

182 464 305 509 suae
331 441 677 519 proprietatis
706 437 853 496 dedit
886 438 935 494 ei
968 409 998 490 i~
1019 436 1173 505 (Sap.
1214 435 1268 488 9..
1312 434 1431 504 23).
1465 432 1528 486 Et
1562 447 1775 486 t‘ttrsttm

183 549 318 617 post
345 530 617 606 annos(a)
643 530 890 587 millenos
922 537 1182 584 centenos
1227 525 1471 579 undenos
1511 524 1628 592 plus
1672 522 1776 574 mi-

185 610 321 698 nus,
354 628 413 684 in
446 639 581 681 novo
604 621 833 693 legimus
855 619 1226 683 Testamento,
1269 614 1414 685 quod
1450 627 1557 667 non
1603 610 1778 681 perdi.

184 722 394 779 derunt
426 716 668 773 homines
706 712 993 782 imaginem
1040 707 1156 764 Dei.
1189 704 1424 762 Iacobus
1453 702 1595 759 enim
1638 702 1780 770 Apo-

181 809 364 866 stolus
392 814 448 862 et
485 805 649 860 frater
681 802 915 869 Domini,
936 813 1093 869 cujus
1134 806 1187 852 et
1217 810 1378 866 supra
1415 793 1772 855 meminimus,

180 899 413 961 instruit
444 913 563 964 uos,
609 911 677 951 ne
706 893 954 972 Origcnls
990 889 1199 960 laqueis
1243 888 1535 958 capiamur,
1581 884 1781 939 habere
1836 886 1841 889 ’

180 992 471 1044 hominem
504 987 790 1058 imaginem
820 992 877 1040 et
900 979 1302 1038 similitudinem
1337 977 1451 1035 Dei.
1485 976 1617 1031 Nam
1658 991 1780 1030 cum

175 1081 244 1135 de
276 1081 466 1150 lingua
494 1076 727 1132 hominis
756 1074 916 1129 latius
934 1072 1277 1141 disputassct,
1301 1067 1496 1138 adjecit
1521 1085 1534 1121 :
1564 1084 1582 1116 ι
1612 1065 1783 1120 Insta-

180 1174 292 1227 bile
341 1171 575 1235 malum,
608 1169 659 1222 in
701 1166 815 1235 ipsa
856 1164 1052 1233 quippe
1082 1158 1450 1215 benedicimus
1488 1157 1657 1211 Deum
1687 1169 1784 1227 pa-

179 1271 355 1325 trem,
392 1270 450 1315 et
478 1259 531 1313 iu
559 1259 671 1326 ipsa
699 1253 1068 1310 maledicimus
1092 1250 1357 1311 homines,
1401 1247 1492 1318 qui
1533 1246 1598 1301 ad
1627 1246 1750 1300 simi
1768 1275 1783 1284 ο

178 1353 480 1410 litudiuem
527 1349 624 1405 Dei
673 1345 873 1403 conditi
925 1352 1051 1399 sunt
1085 1362 1104 1396 ι
1159 1340 1362 1410 (Iacob.
1419 1341 1472 1394 5.
1521 1338 1577 1393 8.
1626 1346 1675 1391 et
1704 1336 1781 1407 9).

179 1445 397 1498 Paulus
422 1455 634 1513 quoque
653 1454 749 1494 vas
774 1436 1077 1503 electionis,
1101 1443 1155 1490 et
1174 1435 1265 1504 qui
1291 1432 1587 1487 doctrinam
1611 1429 1787 1484 Evan-

179 1535 426 1605 gelicam
452 1547 547 1585 sua
578 1529 958 1600 pnedicatioue
984 1523 1293 1594 complevit,
1315 1523 1474 1578 docet
1496 1537 1615 1587 nos,
1642 1521 1784 1591 quod

184 1625 360 1678 homo
389 1621 459 1675 ad
500 1618 807 1689 imaginem,
854 1626 908 1673 et
954 1614 1359 1670 similitudinem
1400 1612 1495 1668 Dei
1538 1611 1786 1673 conditus

186 1719 280 1781 sit,
338 1715 573 1769 dicens:
610 1728 631 1762 ι
666 1710 762 1765 Vir
800 1724 907 1764 non
955 1708 1115 1763 debet
1153 1705 1360 1761 nutrire
1400 1717 1633 1766 comam,
1662 1718 1783 1763 cum

186 1806 362 1879 gloria
418 1814 474 1859 et
504 1804 680 1872 imago
709 1800 801 1854 Dei
827 1800 897 1853 sit
934 1817 961 1853 r
993 1797 1065 1873 (‘2.
1097 1795 1215 1851 Cor.
1251 1795 1335 1849 ll.
1366 1794 1421 1863 7)
1451 1809 1466 1846 :
1496 1793 1783 1861 imaginem

190 1896 518 1968 simpliciter
544 1891 824 1965 appellans
860 1903 959 1943 suo
984 1886 1222 1948 nomine,
1248 1882 1651 1939 similitudinem
1684 1897 1781 1938 au-

192 2000 300 2044 tem
331 1987 524 2064 gloria:
552 1980 912 2053 appellatione
932 1974 1263 2055 signiﬁcans.

261 2063 477 2135 7.77Pro
507 2075 676 2131 tribus
711 2072 871 2147 igitur
910 2066 1253 2132 testimoniis,
1299 2079 1421 2134 quae
1461 2064 1592 2129 tibi,
1633 2065 1677 2119 si
1717 2063 1785 2118 de

190 2172 478 2243 Scriptura
506 2175 689 2223 sancta
713 2163 1026 2234 reperirem,
1063 2158 1280 2215 dicebas
1313 2171 1469 2227 posse
1494 2157 1742 2212 sufficere
1767 2175 1779 2209 :

192 2277 321 2316 ecce
352 2268 567 2329 septem
595 2253 894 2312 testimonia
913 2250 1179 2308 dedimus.
1195 2248 1328 2317 Quis
1352 2262 1481 2317 ergo
1503 2246 1788 2301 sustinebit

189 2350 448 2422 Origenis
509 2340 669 2418 252
728 2343 956 2413 ineptias
978 2343 1003 2394 τ
1028 2348 1084 2395 ut
1112 2354 1220 2395 non
1245 2338 1460 2409 gravius
1488 2335 1690 2406 aliquid
1708 2335 1789 2390 lo-

189 2456 349 2521 quar,
365 2449 419 2494 et
448 2437 643 2493 similis
662 2421 865 2491 efﬁciar
893 2430 1103 2501 velipsi
1129 2429 1213 2485 vel
1229 2427 1510 2497 discipulis
1536 2426 1674 2495 ejus,
1698 2427 1786 2495 qui

189 2518 392 2587 audent
418 2531 482 2585 in
501 2527 737 2599 periculo
763 2525 957 2586 anima:
981 2538 1093 2579 sua:
1123 2534 1390 2587 asserere,
1411 2518 1788 2589 quodcumque

188 2623 268 2678 cis
296 2621 351 2676 in
379 2622 611 2677 buccam
641 2615 871 2676 venerit,
904 2622 960 2668 ct
1000 2612 1169 2681 magis
1198 2609 1390 2680 jubere
1431 2608 1565 2675 Deo,
1598 2616 1652 2662 et
1682 2623 1786 2661 non

188 2712 257 2766 ab
283 2726 350 2766 eo
376 2708 476 2764 vel
498 2721 653 2762 orare
682 2705 761 2759 vel
790 2702 1000 2757 discere
1041 2701 1344 2756 veritatem.
1372 2697 1600 2765 Quidam
1640 2697 1784 2752 cnim

190 2815 375 2855 eorum
404 2798 624 2862 dicunt,
651 2792 794 2865 quod
825 2793 1001 2859 imago
1038 2790 1155 2858 Dei,
1185 2804 1343 2860 quam
1390 2786 1542 2858 prius
1583 2787 1791 2855 accepit

190 2890 381 2958 Adam,
414 2888 522 2943 illo
551 2893 827 2956 peccante,
870 2882 1112 2953 perierit.
1148 2880 1251 2935 Alii
1280 2879 1625 2945 suSpicantur
1663 2889 1787 2930 eor-

190 2995 307 3050 pus,
340 2978 499 3052 quod
526 2975 691 3031 Filius
713 2975 804 3029 Dei
835 2973 1115 3028 habiturus
1142 2978 1288 3026 esset
1312 2984 1378 3024 ex
1400 2967 1585 3032 Maria,
1615 2967 1787 3035 ipsum

191 3086 310 3127 esse
338 3068 636 3140 imaginem
660 3067 740 3137 (ὑ)
769 3063 1086 3120 conditoris.
1113 3059 1367 3116 Nonnulli
1406 3058 1639 3113 animam
1668 3070 1790 3111 csse

191 3160 514 3231 imaginem,
540 3157 629 3211 alii
657 3170 898 3220 sensum,
927 3153 1015 3208 alii
1041 3153 1294 3207 virtutem
1326 3167 1339 3202 :
1365 3150 1454 3203 isti
1481 3148 1745 3217 baptisma
1771 3164 1784 3200 :

191 3251 266 3317 hi,
298 3250 454 3321 quod
488 3249 648 3305 homo
674 3245 740 3298 ad
768 3244 1053 3314 imaginem
1078 3241 1169 3296 Dei
1187 3239 1492 3294 dominetur
1517 3238 1787 3302 omnibus,

191 3342 481 3397 chriarum
512 3351 661 3391 more
686 3335 803 3389 lucc
830 3335 915 3388 vel
945 3333 1030 3387 illa
1067 3339 1362 3395 ructantes,
1404 3342 1538 3399 quos
1573 3335 1790 3398 oporte-

193 3432 282 3487 bat
310 3440 534 3486 tantum
564 3427 819 3496 ell‘ugerc,
853 3424 1164 3487 discrimen,
1203 3436 1303 3477 nec
1333 3435 1529 3499 negare
1563 3435 1681 3489 quae
1712 3420 1793 3475 lo-

193 3523 374 3591 quitur
413 3521 586 3583 Deus,
633 3527 685 3572 et
730 3516 1014 3572 credentes
1065 3512 1381 3584 simpliciter
1420 3511 1600 3567 salvos
1650 3510 1789 3575 fieri,

195 3611 414 3682 Deoque
452 3607 748 3664 concedere
778 3604 1084 3662 donationis
1111 3619 1222 3658 suae
1266 3601 1335 3674 (c)
1368 3612 1572 3658 certam
1611 3609 1667 3654 et
1697 3615 1789 3655 ve-

199 3717 312 3755 ram
358 3701 670 3762 scientiam,
712 3697 764 3751 in
815 3711 915 3765 qua
966 3695 1301 3764 potissimum
1347 3702 1498 3762 parte
1544 3691 1790 3746 homines

203 3792 506 3846 condiderit
531 3790 598 3843 ad
631 3789 915 3858 imaginem
954 3797 1010 3842 et
1053 3785 1462 3840 similitudinem
1490 3799 1666 3839 suam.
1689 3782 1791 3851 Qui

205 3884 322 3937 lucc
365 3884 755 3950 relinquentes,
804 3878 985 3932 multis
1014 3892 1075 3930 se
1118 3877 1504 3946 qumstionibus
1546 3876 1790 3944 implica-

203 3980 417 4033 carunt,
450 3978 507 4024 et
545 3984 637 4032 per
663 3967 758 4019 has
788 3968 839 4019 iu
878 3980 1089 4020 caenum
1120 3964 1353 4019 demersi
1382 3975 1505 4018 sunt
1541 3974 1788 4032 peccato-

205 4077 348 4114 rum.
384 4058 495 4112 Nos
516 4065 716 4121 autem,
746 4054 1111 4119 dilectissime,
1141 4054 1408 4107 credimus
1437 4054 1540 4119 his,
1572 4068 1691 4122 qua:
1718 4054 1795 4107 lo-

204 4158 365 4203 cutus
419 4155 504 4202 est
548 4145 841 4210 Dominus,
894 4152 960 4198 et-
999 4144 1195 4198 scimus
1222 4183 1236 4206 ,
1286 4143 1445 4210 quod
1483 4141 1535 4195 in
1589 4143 1797 4197 cunctis

208 4237 520 4301 hominibus
545 4237 719 4306 imago
747 4235 836 4290 Dei
867 4241 1197 4304 permaneat,
1228 4231 1431 4301 ipsique
1455 4231 1799 4286 concedimus

210 4348 390 4399 nosse,
424 4333 476 4386 in
506 4346 607 4401 qua
636 4339 785 4400 parte
821 4330 981 4384 homo
1008 4327 1076 4383 ad
1117 4326 1398 4396 imaginem
1436 4326 1528 4382 Dei
1554 4325 1801 4385 conditus

211 4424 300 4477 sit.
322 4424 429 4480 Sed
454 4437 628 4494 neque
655 4421 804 4485 illud,
833 4419 975 4491 quod
1015 4419 1229 4489 quidam
1257 4418 1309 4472 in
1333 4417 1556 4487 epistola
1579 4416 1801 4475 Joannis

214 4518 452 4587 legentes
472 4533 577 4572 nou
605 4514 923 4584 intcliigunt,
953 4525 1274 4581 quemquam
1314 4509 1564 4579 decipiat,
1598 4509 1686 4564 ubi
1715 4509 1799 4563 lo-

215 4609 393 4674 quitur
424 4626 437 4663 :
475 4626 493 4660 ι
528 4606 678 4662 Nunc
705 4606 795 4659 lilii
830 4604 919 4658 Ι)ιοί
947 4615 1132 4658 sumus
1161 4601 1263 4672 (τι),
1297 4612 1351 4656 et
1382 4599 1799 4669 nescimus-qua.

248 4740 352 4809 "((1)
385 4740 469 4809 Sic
507 4740 808 4809 vetustiores
836 4737 1091 4809 editiones
1105 4736 1234 4809 "dua:
1268 4742 1385 4809 ante
1422 4748 1500 4783 an.
1696 4742 1797 4784 tum

219 4795 463 4851 Victorius
481 4814 509 4849 e
532 4800 646 4850 Mss.
671 4808 723 4849 et.
740 4800 1020 4848 Vaticanum
1036 4796 1432 4857 acCisterciense
1456 4795 1708 4857 exgmplar
1731 4809 1794 4845 ex

224 4860 314 4922 illis
337 4875 447 4922 qua:
472 4876 559 4911 nos
580 4861 900 4918 contulimus;
927 4859 1126 4922 reliqui»
1146 4870 1320 4906 omnes
1354 4855 1495 4909 libri.
1519 4855 1706 4922 Erasm.
1738 4862 1792 4922 _ct

226 4916 525 4975 alar-ti'anaeus
543 4924 712 4984 supino
735 4916 1024 4984 erroregnon
1038 4916 1130 4984 nisi
1152 4929 1302 4984 annos
1322 4923 1552 4984 trecentos
1573 4916 1801 4984 undecim

227 4990 513 5043 numerant,
553 4977 662 5031 cum
697 4982 848 5043 palam
881 4982 941 5030 sit
983 4994 1046 5030 ex
1081 4979 1280 5043 historia
1302 4977 1612 5033 aSalomone
1626 5012 1665 5043 ,_
1666 4978 1797 5027 unde

229 5041 515 5089 numerandi
549 5038 731 5090 initium
760 5042 840 5090 hic
872 5042 1117 5101 sumitur,
1140 5040 1205 5088 ad
1240 5052 1414 5101 novum
1439 5052 1596 5101 usque
1627 5038 1796 5101 Testa-

230 5106 450 5171 mentum
469 5134 484 5159 ,
511 5110 562 5151 et
581 5101 806 5171 Iacobum
831 5101 1049 5171 Fratrem
1070 5100 1263 5150 Domini
1298 5099 1552 5162 plusquam
1584 5099 1722 5150 mille
1747 5107 1799 5149 ct

232 5169 429 5209 centum
456 5174 604 5211 annos
627 5164 975 5211 intercessisse.
1034 5168 1041 5173 ‘

294 5219 367 5280 (b)
400 5220 617 5272 Deerant
640 5223 743 5291 hac
764 5219 938 5289 maliis
955 5223 1101 5272 editis
1116 5236 1173 5272 ac
1193 5221 1309 5291 biss.
1340 5222 1490 5291 verba
1504 5260 1517 5278 ,
1537 5234 1649 5291 quae
1671 5221 1800 5269 inter

234 5287 489 5344 utramque
502 5297 664 5334 vocem
676 5282 953 5343 imaginem,
962 5297 1069 5345 quae
1078 5285 1258 5346 repetit
1263 5282 1483 5346 ur,modo
1499 5282 1798 5346 sunt,‘eaque

236 5342 703 5414 inpotenecessaria
718 5380 730 5404 ,
760 5342 942 5414 et‘quge
966 5342 1188 5414 veterum
1213 5345 1520 5414 librariorum
1541 5342 1798 5414 oscitantis

234 5401 373 5467 futile
397 5407 701 5464 exciderint,
719 5401 790 5454 ἐκ
810 5401 1121 5467 Ainhrosiano
1154 5405 1426 5467 exemplari
1449 5403 1798 5467 supplevimus.

233 5517 242 5526 _
297 5465 364 5527 (ε)
399 5467 545 5530 Turpi
572 5480 740 5530 errore
765 5467 811 5514 in
838 5466 1087 5530 hucusque
1113 5466 1258 5530 editis
1280 5465 1386 5514 erat
1417 5465 1687 5530 certamen,
1714 5475 1803 5525 pro

240 5525 415 5576 certum
436 5536 481 5578 et
501 5525 692 5578 duabus
716 5525 915 5586 voculis,
936 5536 985 5576 ut
1008 5525 1358 5587 castigavimus
1382 5541 1411 5574 e
1437 5527 1552 5577 Mss.

300 5586 375 5650 (cl)
409 5588 561 5639 Antea
585 5596 690 5638 erat
712 5602 821 5650 cum
841 5588 1044 5650 Vulgata
1064 5586 1280 5650 quidem,
1309 5594 1359 5650 et
1381 5589 1549 5638 Graeco
1572 5590 1801 5650 textu,_ct

239 5644 440 5717 {tutulum
463 5657 660 5717 apparet
684 5648 809 5710 quod
829 5644 1022 5698 minias.
1043 5644 1156 5717 Sed
1175 5644 1288 5701 Mss.
1318 5647 1617 5717 Ambrosiam
1644 5644 1810 5699 Vatic.’

241 5706 542 5765 (istcrcitus'.
568 5706 746 5776 alitque
770 5724 876 5761 cum
901 5712 1053 5759 veteri
1083 5711 1317 5767 editione,
1343 5719 1395 5760 ut
1421 5706 1680 5770 edidimus;
1707 5722 1797 5755 sm-

1585 314 1913 369 EPISTULA
1961 310 2046 367 LI.

3371 326 3475 386 526

1888 432 1966 486 les
1993 431 2150 487 futuri
2179 450 2381 492 sumus.
2409 433 2663 496 Novimus
2692 447 2892 506 autem,
2920 441 3040 510 quia
3069 457 3190 499 cum
3219 443 3307 501 ille
3331 459 3477 503 reve-

1887 522 2021 577 latus
2061 523 2238 590 fuerit,
2272 527 2475 584 similes
2503 529 2551 585 ei
2592 530 2811 586 erimus.
2843 531 3153 590 Videbimus
3180 536 3322 590 enim
3352 552 3473 593 cum

1884 614 2040 668 sicuti
2065 624 2147 670 cst
2184 634 2203 668 ι
2252 617 2331 686 (l.
2368 616 2528 672 Joan.
2572 620 2626 675 5.
2657 620 2739 691 2).
2770 620 2883 675 llec
2929 622 3073 677 enim
3102 634 3321 691 proiiler
3358 627 3473 696 glo-

1884 704 2042 771 riam,
2072 720 2192 775 qua:
2214 707 2282 761 ibi
2315 708 2597 764 revelanda
2622 718 2706 767 est
2731 710 2931 765 sanctis
2954 710 3093 780 ejus,
3126 712 3327 769 dictum
3351 726 3430 771 est
3460 735 3473 770 :

1886 793 2024 850 sicut
2047 805 2102 851 et
2130 796 2184 852 in
2210 797 2317 853 alio
2333 799 2451 855 loco
2479 800 2706 871 legimus
2739 819 2752 855 :
2787 819 2815 853 ι
2837 802 2879 856 Α
2917 801 3086 872 gloria
3126 802 3177 856 in
3198 803 3431 874 gloriam.
3457 827 3474 859 ι

1886 882 1964 945 (9..
2006 884 2124 940 Cor.
2166 887 2222 957 '5)
2266 906 2279 941 :
2336 889 2487 959 cujus
2516 891 2700 962 gloria:
2722 890 2833 961 jam
2864 891 2916 946 in
2946 890 3050 946 isto
3075 892 3275 949 sarculo
3307 897 3480 951 sancti

1888 974 2206 1031 arrabonem
2234 987 2284 1032 et
2316 979 2706 1049 portiunculam
2738 991 3108 1050 susceperunt.
3142 982 3352 1038 Primus
3384 999 3479 1040 eo-

1888 1080 2005 1118 rum
2036 1065 2264 1145 Moyses,
2293 1070 2447 1139 cujus
2473 1069 2620 1131 fulsit
2649 1071 2811 1125 facies
2837 1071 3012 1139 valde,
3040 1082 3092 1126 ct
3122 1072 3363 1130 radiabat
3391 1090 3482 1131 ve-

1890 1153 1982 1209 luti
2005 1154 2181 1225 fulgor
2204 1168 2260 1213 et
2287 1159 2388 1214 sol.
2414 1159 2696 1216 Secundus
2718 1160 2882 1224 Elias,
2918 1162 3074 1232 igneo
3098 1177 3259 1218 curru
3295 1175 3481 1235 raptus

1891 1245 1944 1300 in
1968 1247 2187 1315 caelum,
2203 1259 2258 1305 et
2277 1251 2416 1321 ignis
2436 1252 2757 1308 detrimenta
2779 1266 2883 1307 non
2904 1254 3161 1310 sentiens.
3176 1254 3479 1326 Stephanus

1891 1336 2050 1408 253
2124 1338 2478 1409 lapidabatur,
2501 1350 2556 1397 et
2575 1344 2763 1398 faciem
2784 1344 3015 1401 habebat
3038 1346 3241 1417 angeli,
3262 1362 3383 1417 qum
3411 1347 3480 1402 ab

1890 1428 2139 1484 omnibus
2164 1431 2504 1488 cernebatur.
2531 1432 2644 1489 Hoc
2668 1443 2849 1489 autem
2872 1435 3013 1505 quod
3045 1436 3098 1491 in
3130 1439 3312 1507 paucis
3336 1437 3475 1493 dixi-

1892 1532 2031 1586 mus,
2074 1518 2143 1574 de
2192 1521 2442 1576 omnibus
2495 1523 2896 1597 intelligendqu
2943 1538 3047 1589 cst,
3106 1536 3163 1582 ut
3197 1526 3480 1597 impleatur

1891 1608 2019 1663 illud
2042 1609 2183 1680 quod
2207 1612 2462 1683 scriptum
2492 1622 2575 1669 est
2602 1632 2615 1667 :
2650 1633 2669 1666 ι
2701 1613 2891 1670 Omnis
2927 1617 3017 1686 qui
3062 1615 3363 1673 sanctificat
3387 1631 3477 1673 se-

1890 1701 2208 1770 metipsum,
2268 1704 2408 1759 inter
2457 1705 2645 1762 beatos
2695 1707 3087 1762 numerabitur.
3135 1708 3282 1764 Beati
3332 1710 3474 1764 enim

1889 1793 2088 1847 mundo
2113 1794 2296 1861 corde,
2328 1795 2579 1865 quoniam
2611 1796 2710 1866 ipsi
2729 1796 2899 1852 Deum
2923 1797 3221 1853 videbunt:
3255 1798 3473 1868 (.llauls.

1887 1884 1940 1940 5.
1969 1885 2051 1953 8).

1956 1974 2011 2029 8.
2039 1974 2172 2029 Cum
2216 1973 2332 2031 haec
2376 1975 2445 2031 ita
2478 1992 2539 2033 se
2582 1977 2830 2044 habeant,
2862 1978 3237 2049 dilectissime,
3268 1982 3476 2037 custodi

1887 2065 2132 2119 animam
2151 2077 2321 2132 tuam,
2348 2077 2404 2122 et
2428 2067 2617 2124 desine
2662 2080 2853 2125 contra
2884 2068 2977 2140 [aL
3010 2069 3168 2142 circa]
3211 2085 3478 2126 nosmur.

1893 2173 2125 2214 murare.
2170 2158 2303 2214 Dicit
2332 2160 2473 2214 enim
2504 2159 2779 2230 Scriptura
2806 2160 2983 2216 divina
3014 2178 3029 2216 :
3070 2179 3088 2213 ι
3126 2161 3300 2217 Nolite
3329 2179 3477 2221 nutr-

1892 2264 2107 2311 murare
2132 2249 2430 2306 adinvfcem
2449 2290 2464 2316 ,
2493 2251 2632 2309 sicut
2660 2251 2877 2321 quidam
2906 2261 3395 2315 murmuraverunt,
3424 2263 3479 2309 et

1888 2359 1919 2399 a
1946 2342 2572 2413 serpentibuspcricrunt
2610 2362 2628 2396 ι
2664 2344 2740 2414 (1.
2761 2343 2879 2399 Cor.
2914 2343 2995 2399 10.
3026 2343 3080 2399 9.
3115 2354 3160 2399 et
3194 2343 3283 2413 l0)
3318 2361 3330 2398 :
3361 2359 3476 2397 ma~

1890 2436 1973 2505 gis
2012 2434 2298 2503 acquiesce
2324 2433 2561 2502 veritati,
2585 2444 2642 2492 et
2675 2434 2840 2506 dilige
2880 2448 2978 2490 nos
3007 2435 3290 2505 diligentes
3319 2444 3479 2501 tc,.et

1892 2525 2192 2580 veritatem.
2222 2523 2366 2581 Deus
2385 2532 2562 2583 autem
2582 2524 2727 2594 pacis
2742 2533 2959 2593 pnestet
2984 2523 3141 2582 nobis
3158 2524 3306 2594 juxta
3326 2538 3476 2581 suam

1891 2616 2339 2681 clementiamLut
2362 2625 2675 2677 conteratur
2694 2614 2919 2679 Satanas
2944 2615 3045 2673 sub
3075 2614 3300 2686 pedibus
3321 2613 3481 2673 Citri-

1891 2707 2208 2772 stianorum,
2240 2716 2301 2763 et
2341 2706 2620 2776 abjiciatur
2648 2707 2820 2762 omnis
2845 2706 3057 2761 occasio
3098 2718 3481 2775 perversa,,ne

1892 2798 2166 2858 scindatur
2212 2797 2266 2851 in
2310 2795 2468 2853 nobis
2505 2796 2776 2854 vinculum
2816 2795 3055 2853 caritatis
3100 2806 3152 2850 ct
3196 2794 3377 2866 pacis,
3425 2802 3481 2849 et

1892 2895 2055 2947 recta:
2085 2886 2207 2942 fidei
2233 2885 2567 2958 praedicatio.

1964 2982 2015 3038 9.
2056 2978 2105 3033 Ν
2111 2979 2299 3033 otanda
2329 2980 2615 3034 liistoriola.
2638 3009 2709 3020 --
2731 2979 2803 3051 (e)
2826 2983 3088 3036 Praeterea
3113 2976 3291 3033 audivi
3316 2992 3479 3048 quos-

1893 3074 2016 3130 dam
2048 3087 2385 3128 murmurare
2412 3081 2598 3127 contra
2632 3086 2739 3135 me,
2768 3070 2890 3143 quia
2920 3070 3136 3141 quando
3168 3069 3327 3125 simul
3354 3084 3479 3140 per-

1894 3164 2149 3234 gebamus
2178 3160 2245 3215 ad
2293 3170 2536 3216 sanctum
2568 3161 2745 3215 locum
2789 3161 2880 3232 qui
2923 3169 3147 3215 vocatur
3173 3159 3392 3226 Bcthel,
3421 3170 3482 3220 ut

1894 3253 1965 3309 ibi
1992 3251 2287 3307 Collectam
2320 3260 2493 3306 tecum
2523 3265 2591 3306 ex
2633 3265 2784 3307 more
2810 3249 3175 3307 ecclesiastico
3207 3249 3483 3318 laceretur,

1894 3354 1949 3399 et
1978 3343 2245 3398 venissem
2273 3341 2339 3397 ad
2370 3341 2548 3396 villam
2596 3356 2715 3412 qua:
2740 3340 2935 3397 dicitur
2957 3341 3277 3409 Anablatha,
3317 3341 3481 3405 vidis:

1893 3450 2116 3506 semque
2145 3434 2215 3489 ibi
2260 3432 2577 3504 praeteriens
2608 3432 2879 3489 lucernam
2910 3432 3209 3501 ardentem,
3238 3444 3288 3489 et
3317 3433 3484 3491 inter-

1895 3541 2187 3598 rogassem,
2213 3526 2334 3596 quis
2365 3525 2514 3580 locus
2538 3533 2703 3594 esset,
2727 3524 3142 3596 didicissemquc
3158 3540 3278 3581 esse
3303 3526 3480 3587 eccle:

1895 3620 2062 3684 siam,
2112 3629 2167 3673 et
2212 3619 2495 3681 intrassem
2549 3626 2605 3677 ut
2652 3633 2911 3678 orarem:
2955 3618 3131 3674 iuveni
3180 3618 3250 3676 ibi
3303 3618 3479 3674 velum

1896 3712 2133 3780 pendens
2165 3711 2217 3773 in
2265 3710 2467 3775 foribus
2495 3709 2736 3779 ejusdem
2782 3708 3025 3763 ecclesiae
3068 3709 3291 3764 tinctum
3321 3718 3482 3777 atque

1895 3802 2183 3872 depictum,
2215 3810 2269 3854 et
2291 3800 2492 3863 habens
2519 3799 2806 3869 imaginem
2828 3799 2980 3865 quasi
3002 3797 3223 3864 Christi,
3248 3799 3329 3852 vel
3354 3812 3480 3852 san-

1896 3897 1964 3952 eti
2011 3895 2287 3964 cujusdam
2308 3908 2323 3956 ;
2344 3907 2462 3957 anon
2494 3890 2637 3948 enim
2685 3889 2815 3942 satis
2844 3887 3088 3952 memini,
3116 3886 3270 3955 cujus
3307 3888 3483 3958 imago

1898 3982 2078 4039 fuerit.
2099 3982 2230 4038 Cum
2253 3996 2383 4050 ergo
2403 3981 2503 4034 hoc
2536 3979 2602 4049 (ί)
2626 3977 2902 4044 vidissem,
2926 3985 2977 4031 et
2997 3976 3290 4032 detestatus
3306 3991 3481 4033 essem

1900 4079 1965 4137 in.
1978 4076 2201 4135 ecclesia
2229 4073 2426 4128 Christi
2458 4079 2641 4126 contra
2680 4069 3053 4126 auctoritatem
3088 4068 3503 4141 Scripturarum.

1902 4166 2137 4221 hominis
2164 4162 2399 4233 pendere
2426 4161 2735 4231 imaginem,
2764 4161 2897 4216 scidi
2925 4160 3076 4229 illud,
3100 4170 3154 4218 et
3173 4161 3341 4232 magis
3361 4161 3499 4216 dedi

1901 4251 2520 4314 consiliumcustodibus
2536 4250 2778 4321 ejusdem
2797 4251 2920 4318 loci,
2949 4260 3008 4307 ut
3025 4265 3313 4323 pauperem
3335 4266 3482 4306 mor-

1903 4358 2051 4405 tuum
2092 4363 2159 4404 eo
2199 4345 2553 4402 obvolvcrent
2590 4352 2645 4400 et
2692 4343 2967 4400 etierrent.
3007 4363 3026 4397 ι
3071 4344 3257 4416 illique
3298 4352 3485 4406 contra

1903 4447 2295 4497 murmurantes
2315 4436 2574 4493 dixerunt
2599 4452 2614 4491 :
2644 4435 2702 4493 Si
2723 4435 2971 4493 scindere
2994 4434 3483 4506 voluerat,justum

1902 4538 2041 4598 erat,
2084 4537 2142 4584 ut
2186 4526 2330 4583 aliud
2370 4526 2526 4582 daret
2563 4526 2738 4582 velum
2783 4534 2943 4597 atque
2986 4535 3237 4587 mutaret.
3277 4545 3298 4579 ι
3332 4527 3485 4602 Quod

1901 4640 2022 4681 cum
2050 4625 2340 4689 audissem,
2388 4637 2475 4678 me
2517 4621 2768 4678 daturum
2796 4634 2917 4677 esse
2948 4620 3219 4692 pollicitus
3262 4633 3402 4684 sum,
3432 4628 3495 4675 et-

1904 4718 2042 4772 illico
2067 4731 2187 4771 esse
2216 4716 2525 4771 missurum.
2569 4714 2849 4770 Paululum
2875 4720 3051 4770 autem
3080 4725 3355 4767 morarum
3391 4710 3489 4771 ftu't

1902 4812 1954 4865 in
1978 4809 2173 4875 medio,
2201 4808 2327 4862 dum
2348 4822 2532 4878 qumro
2556 4807 2815 4877 optimum
2836 4805 3010 4861 velum
3036 4820 3130 4872 pro
3151 4817 3217 4857 eo
3240 4800 3492 4867 mittere;

1902 4902 2199 4959 arbitrabar
2228 4901 2373 4957 enim
2394 4900 2462 4955 de
2485 4900 2664 4970 Cypro
2686 4898 2818 4953 mihi
2837 4910 2956 4951 esse
2980 4892 3315 4949 mittendum.
3336 4892 3485 4949 Nunc

1903 5004 2079 5049 autem
2098 4992 2218 5047 misi
2240 4990 2382 5060 quod
2402 4990 2546 5058 potui
2566 4988 2822 5056 reperire,
2845 4996 2898 5040 et
2919 4997 3112 5053 precor
3128 4993 3179 5038 ut
3204 4982 3391 5052 iubeas
3405 4983 3482 5052 (ει)

1902 5088 2217 5158 presbytero
2245 5082 2484 5153 ejusdem
2559 5079 2722 5163 25E;
2750 5145 2763 5155 ν
2792 5078 2895 5133 loci
2930 5076 3203 5147 suspicere
3249 5074 3487 5140 velum,a

1937 5222 2010 5270 ius
2034 5224 2199 5284 autem
2234 5216 2356 5284 locis
2375 5228 2405 5264 e
2428 5214 2678 5284 Scriptura
2717 5213 2884 5284 petitis
2923 5211 3087 5284 utitur
3108 5209 3410 5284 Epiphanius
3426 5211 3484 5284 in

1904 5224 2010 5330 plus
2034 5224 2199 5271 autem
2236 5224 2356 5284 locis
2375 5228 2405 5264 e
2428 5224 2678 5283 Scriptqra
2717 5224 2884 5273 petitis
2923 5224 3077 5260 ullllll'
3110 5224 3410 5320 [Spl‘lll‘lanlus
3433 5224 3484 5259 ιιι

1939 5295 1995 5329 ac
2018 5278 2249 5350 epistola,
2276 5289 2359 5337 qui
2382 5288 2491 5323 cum
2517 5273 2762 5323 hodiernis
2799 5271 3169 5333 exemplaribus
3256 5269 3337 5321 iud
3369 5271 3489 5319 satis

1905 5345 2242 5462 wgf
2266 5396 2575 5462 hlartiantcus
2595 5406 2704 5462 eum
2726 5393 2832 5462 aliis
2853 5392 3144 5462 quibusdam
3165 5393 3327 5454 editis,
3358 5400 3486 5442 Prae-

1907 5453 2037 5513 terea
2072 5458 2199 5523 quod
2233 5455 2399 5507 audivi
2426 5468 2443 5515 ;
2468 5456 2560 5505 nisi
2594 5455 2719 5505 forte
2762 5453 3032 5516 legendum
3066 5455 3179 5506 hcic
3224 5453 3329 5512 est,
3354 5462 3499 5507 ma:-

1908 5530 2039 5645 Μδᾳ)
2068 5580 2227 5630 Verba
2256 5586 2310 5645 _e_t
2351 5578 2608 5645 delegatus
2642 5590 2818 5634 essent,
2844 5590 2954 5640 qua:
2988 5578 3123 5641 prius
3161 5578 3367 5629 deerant
3387 5611 3401 5635 ,
3427 5588 3486 5626 ex

1909 5635 2072 5708 probae
2092 5650 2222 5708 notze
2394 5635 2690 5689 suti'ecimus.

1975 5707 2048 5769 (ῃ)
2091 5702 2279 5766 Vttlgali
2320 5703 2526 5767 pluruun
2553 5714 2784 5758 Immero,
2810 5707 3126 5768 presbyteros,
3158 5708 3210 5753 et
3233 5712 3339 5757 mox
3366 5713 3396 5748 α
3420 5696 3469 5746 la
