4078 6198
204 321 310 378 52‘)

207 433 389 489 carnis
413 430 756 494 titillationes,
776 428 924 502 quasi
944 427 1078 498 ignis
1098 426 1150 479 in
1174 422 1328 493 lignis
1350 418 1606 476 viridibus
1627 416 1788 471 δυσο-

210 533 387 586 cetur,
401 531 457 577 et
476 536 628 576 suum
645 535 747 575 non
768 518 934 585 possit
949 515 1213 584 explicare
1232 512 1511 582 fulgorem.
1531 508 1789 564 Senectus

211 626 348 667 vero
372 626 577 675 eorum,
598 608 687 678 qui
715 605 1129 663 adolescentiam
1157 618 1307 657 suam
1336 597 1792 656 honestisartibus

214 701 603 765 instruxerunt,
632 705 688 753 et
714 697 766 750 in
794 696 921 766 lege
952 693 1168 749 Domini
1190 691 1426 747 meditati
1457 696 1584 744 sunt
1613 685 1699 740 die
1728 698 1791 740 ac

212 797 395 852 nocte,
426 796 583 841 :ctate
609 786 669 840 lit
692 784 922 849 doctior,
954 797 1052 837 usu
1080 781 1276 846 tritior,
1305 792 1561 848 processu
1588 783 1794 842 tempo-

213 877 293 930 ris
339 876 670 946 sapientior,
717 883 771 929 ct
817 882 1061 928 veterum
1106 870 1403 926 studiorum
1456 864 1791 924 dulcissimos

213 963 416 1018 fructus
441 965 594 1019 metit
624 963 851 1036 (Confer.
884 962 1098 1034 Prcfat.
1137 962 1225 1017 (ib.
1246 960 1303 1014 Ξ.
1331 960 1384 1013 iu
1409 958 1607 1027 Amos).
1640 954 1791 1011 Unde

212 1065 270 1111 et
315 1056 533 1125 sapiens
581 1056 669 1109 ille
710 1055 790 1108 vir
835 1053 1054 1113 Grazcia:
1090 1051 1169 1128 (α)
1211 1050 1638 1111 Themistocles,
1671 1061 1789 1103 cum

212 1146 441 1214 expletis
477 1152 695 1200 centum
724 1152 777 1197 et
801 1154 1004 1211 septem
1034 1143 1212 1207 annis,
1242 1155 1301 1196 se
1329 1141 1461 1195 mori
1483 1145 1755 1197 :ceruerct
1773 1178 1790 1202 ,

209 1235 414 1290 dixisse
433 1235 621 1299 fertur,
645 1248 705 1288 se
724 1233 931 1295 dolere,
949 1232 1090 1301 quod
1113 1242 1238 1286 tunc
1258 1230 1602 1301 egrederetur
1617 1243 1646 1281 e
1664 1226 1790 1291 vita,

207 1324 430 1393 quando
451 1338 643 1393 sapere
662 1323 932 1392 cmpisset.
958 1322 1113 1376 Plato
1127 1321 1457 1391 octogesimo
1470 1319 1639 1387 primo
1654 1330 1795 1371 anno

208 1414 480 1476 scribens,
510 1422 753 1466 mortuus
781 1420 881 1466 est.
914 1412 975 1466 Et
1005 1409 1081 1480 (ὁ)
1118 1410 1402 1475 Isocrates,
1435 1407 1719 1477 nenaginta
1742 1412 1798 1460 ct

209 1516 408 1556 novem
439 1515 612 1554 annos
658 1501 709 1553 in
749 1498 974 1553 docendi
1001 1497 1375 1564 scribendique
1418 1496 1602 1550 labore
1643 1509 1791 1550 com-

211 1588 397 1658 plevit.
447 1587 624 1643 Taceo
672 1597 899 1642 cmtcros
953 1586 1346 1655 Philos0phos,
1400 1584 1750 1655 Pythagoram
1777 1625 1791 1648 ,

217 1678 603 1744 Democritum,
643 1678 1024 1742 Xenocratem,
1079 1678 1374 1740 Zenonem,
1417 1684 1472 1730 et
1498 1673 1790 1738 Cleantem,

214 1772 302 1840 qui
354 1770 464 1837 jam
511 1778 671 1824 a-tate
719 1768 956 1838 longmva
1014 1768 1067 1820 in
1126 1765 1403 1835 sapientia:
1450 1765 1639 1819 studiis
1695 1764 1793 1817 Ilo-

218 1869 460 1914 ruerunt.
514 1858 596 1913 Ad
634 1858 826 1913 Poctas
875 1857 1069 1922 venio,
1109 1856 1430 1919 llomerum,
1463 1854 1750 1909 Hesiodum
1775 1894 1792 1920 ,

217 1951 571 2015 Simonidem,
590 1949 974 2012 Stesichorum,
1000 1949 1087 2017 qui
1114 1946 1344 2017 grandes
1369 1956 1515 2011 natu,
1535 1959 1793 2015 cygneum

219 2043 403 2096 nescio
435 2039 585 2111 quid,
616 2048 671 2095 et
696 2039 853 2094 solito
891 2036 1119 2102 dulcius,
1153 2035 1324 2091 vicina
1362 2044 1552 2096 morte.
1582 2034 1795 2088 cecine-

219 2141 367 2185 runt.
395 2129 689 2200 Sophocles
715 2142 837 2183 cum
880 2138 1099 2198 propter
1127 2126 1345 2181 nimiam
1387 2133 1716 2181 senectutem
1744 2132 1798 2178 et

218 2222 297 2274 rei
331 2218 603 2273 familiaris
630 2218 1026 2288 negligentiam,
1053 2232 1082 2269 a
1109 2218 1232 2272 liliis
1257 2224 1597 2272 accusaretur
1616 2230 1797 2270 amen.

219 2310 538 2380 tias,0Edipi
611 2309 767 2381 257
843 2309 1271 2379 fabulam,quam
1295 2321 1462 2376 nuper
1486 2307 1795 2375 scripserat,

220 2402 469 2457 recitavit
490 2401 756 2470 judicibus
780 2416 795 2465 ;
827 2408 882 2456 et
901 2408 1104 2454 tantum
1134 2399 1410 2469 sapientiai
1428 2399 1482 2454 in
1511 2406 1669 2452 (etate.
1688 2398 1797 2465 jam

220 2491 387 2545 fracta
419 2490 686 2560 specimen
711 2488 880 2554 dedit,
912 2498 971 2543 ut
1009 2489 1347 2543 severitatem
1366 2487 1718 2542 tribunalium
1747 2487 1801 2540 in

222 2579 417 2633 theatri
441 2578 672 2632 favorem
698 2587 949 2633 verteret.
965 2578 1073 2633 Nec
1099 2579 1313 2640 mirum,
1332 2594 1450 2633 cum
1482 2580 1639 2632 etiam
1667 2578 1799 2632 Cato

218 2668 535 2736 Censorius,
549 2668 769 2723 Ilomani
782 2669 992 2738 generis
1010 2669 1394 2724 disertissimus
1411 2668 1520 2739 jam
1540 2678 1592 2723 ct
1612 2685 1796 2734 senex,

220 2761 438 2817 Graecas
465 2761 670 2816 litteras
697 2760 928 2828 discere,
956 2775 1057 2816 nec
1080 2761 1378 2828 erubuerit,
1421 2775 1520 2816 nec
1545 2760 1796 2830 despera-

220 2851 382 2905 verit.
410 2850 569 2907 Certe
595 2851 854 2906 Homerus
871 2851 1060 2919 refert,
1090 2851 1231 2922 quod
1251 2852 1319 2907 de
1346 2852 1521 2923 lingua
1536 2851 1794 2912 Nestoris,

228 2940 336 3005 iam
378 2940 539 2994 vetuli
584 2950 637 2994 et
682 2955 819 3010 pene
857 2940 1135 3011 decrepiti,
1181 2942 1393 2996 dulcior
1426 2942 1583 2999 melle
1628 2944 1800 2998 oratio

222 3032 457 3085 uixerit.
488 3029 592 3085 Sed
618 3039 672 3085 et
708 3030 874 3099 ipsius
901 3031 1129 3086 nominis
1156 3031 1341 3104 Abisag
1368 3042 1794 3097 sacramentum,

287 3142 361 3203 (ιι)
393 3142 477 3190 Sic
509 3141 705 3203 quidem
743 3142 859 3190 editi
895 3154 1068 3191 omnes
1101 3155 1160 3191 ac
1188 3143 1305 3192 Mss.
1331 3144 1529 3200 habent.
1563 3150 1799 3254 quantum

287 3205 544 3254 sneximus.
571 3201 671 3250 Sed
701 3214 811 3251 cum
832 3202 1210 3253 Themistoclem
1235 3203 1464 3254 inclvtum
1488 3204 1622 3252 illum
1644 3210 1706 3253 At
1744 3219 1799 3254 e-

222 3201 544 3266 inspeximttsl
571 3201 671 3250 Sed
701 3214 811 3266 eum
832 3202 1210 3266 Themistoclem
1235 3203 1464 3266 inclytum
1488 3201 1622 3252 illum
1644 3201 1799 3255 Allie-

222 3261 466 3326 nieusium
491 3261 686 3326 Ducem
707 3261 803 3326 hic
832 3261 1115 3326 intelligere
1148 3263 1273 3326 haud
1308 3261 1471 3326 liceat,
1520 3278 1683 3326 neque
1704 3268 1801 3317 duo

220 3325 307 3372 alii
329 3319 684 3386 'l‘ltemistocles
704 3320 873 3386 Stoici,
896 3319 1329 3386 quorum_alterum
1352 3319 1799 3386 Longinus'tnetno-

218 3391 330 3447 rat,
356 3383 562 3447 alterum
600 3382 891 3447 Plutarchus
908 3382 991 3431 lib.
1020 3384 1072 3447 1.
1091 3384 1253 3447 Symp.
1282 3382 1560 3447 loqueuiem
1599 3387 1797 3447 inducit,

222 3441 323 3511 huc
339 3441 513 3511 referri
536 3443 655 3511 satis
676 3443 925 3511 commode
949 3441 1151 3511 possint,
1178 3441 1589 3511 verosimillimnm
1614 3455 1690 3511 est
1711 3441 1800 3511 pro

228 3503 564 3569 [Itemistogles
603 3502 868 3569 legendum
911 3502 1287 3569 theophrastus,
1324 3508 1407 3569 qui
1445 3502 1801 3559 celeberriritus

224 3566 426 3615 Gracia:
462 3565 811 3625 Philosophus,
836 3573 891 3614 ut
914 3580 979 3614 ex
1009 3565 1207 3616 Laertia
1239 3565 1442 3624 antistat,
1475 3582 1586 3617 cum
1622 3570 1798 3619 diutis-

224 3629 351 3674 sime
390 3626 621 3683 vixisset,
645 3625 851 3674 necdum
882 3628 1001 3675 salis
1045 3629 1224 3677 vixisse
1244 3629 1337 3677 sibi
1363 3631 1493 3677 visus
1515 3637 1609 3679 est.
1633 3630 1799 3680 Annos

223 3686 424 3758 quidem
447 3686 559 3758 vitae
583 3688 691 3748 ejus
714 3695 971 3758 enumerat.
993 3688 1124 3758 idem
1150 3688 1374 3758 Laertius
1392 3689 1472 3758 ἓξ.
1511 3691 1599 3739 sed
1633 3693 1698 3740 ibi
1723 3695 1796 3741 vi-

225 3749 374 3809 tiatus
395 3754 472 3796 est
493 3759 723 3809 numerus
748 3761 833 3809 pro
875 3749 983 3797 105.
1007 3750 1113 3798 sive
1136 3756 1189 3799 ut
1210 3751 1393 3798 rectius
1411 3750 1545 3800 Hier.
1570 3760 1798 3809 supputat

226 3807 336 3855 107.
361 3819 471 3854 nam
498 3809 608 3869 ipse
644 3806 1006 3869 Theophrastus
1036 3822 1093 3859 se
1115 3822 1346 3858 annorum
1367 3811 1582 3861 99.,cum
1622 3806 1797 3864 Chara-

223 3865 679 3929 cteres_s_eriberet¢
696 3865 849 3917 fuisse
870 3867 1122 3929 profitetur
1139 3870 1189 3917 in
1208 3870 1514 3921 Praefatione.

291 3927 364 3988 (υ)
398 3927 585 3994 Vitiose
605 3932 842 3994 Socratem
857 3927 944 3994 pro
966 3935 1169 3994 Isocrate
1182 3932 1445 3980 obtrudunt
1466 3933 1655 3994 quidam
1678 3934 1794 3984 Mss.

225 3987 375 4049 atque
391 3987 525 4049 editi
554 3987 873 4049 vetustiores;
902 3987 1142 4037 Isocratis.
1161 3998 1322 4039 autem
1356 3987 1505 4040 annos
1527 3994 1724 4043 totidem
1750 3998 1797 4045 in

225 4044 744 4116 MacrobiisLucianus
768 4055 1038 4116 enumerat,
1064 4054 1118 4096 ut
1137 4049 1382 4116 sciasAfalIi
1405 4050 1687 4116 Vit-torium,
1711 4044 1799 4116 qui

225 4115 429 4157 centum
454 4112 505 4154 et
524 4118 671 4178 unu‘m
695 4118 759 4154 ex
783 4107 956 4178 eodem
980 4116 1223 4178 supputat.
1249 4110 1372 4178 Sunt
1394 4118 1554 4178 autem
1575 4126 1636 4161 ex
1658 4107 1797 4178 Ciée-

222 4180 350 4218 roue
388 4172 578 4229 sumpta
616 4163 722 4214 haec
760 4169 959 4229 omnia,
983 4163 1177 4229 Dialog.
1228 4169 1288 4219 de
1327 4176 1614 4221 senectute:
1658 4163 1685 4220 ἆ
1712 4163 1800 4225 Est

225 4231 358 4293 enim
395 4227 569 4289 quiete
592 4233 646 4276 et
678 4239 797 4293 pure
834 4232 885 4276 et
915 4227 1170 4293 eleganter
1200 4232 1355 4293 aetatis
1375 4238 1494 4293 acta:
1527 4233 1708 4293 placida
1741 4248 1801 4285 ac

226 4288 354 4341 leuis
386 4286 620 4355 senectus
646 4286 877 4355 {qualem
911 4286 1188 4351 accepimus
1223 4290 1465 4355 Platonis,
1501 4286 1583 4355 q'nj
1621 4307 1716 4343 uno
1746 4302 1801 4347 et

224 4349 523 4416 ocuigesimo
542 4360 695 4416 anno__
704 4349 926 4416 scribens
940 4383 956 4416 ,
974 4349 1309 4416 mortuusest.
1332 4349 1535 4411 Qualem
1552 4353 1799 4416 Isocratis,

227 4411 328 4475 qui!
342 4409 520 4459 librum
542 4410 626 4472 qui
657 4409 1047 4475 Panathenaicus
1066 4409 1369 4475 insta-ibitur;
1379 4422 1553 4475 quarto
1574 4423 1627 4464 et
1646 4409 1797 4465 noua;

228 4471 827 4538 ges'tmqannoscripsisse
851 4471 1044 4529 dicitur,
1070 4471 1286 4532 vixitque
1308 4471 1689 4538 quinquennium
1712 4490 1798 4538 po-

228 4529 389 4598 Stea...
405 4529 743 4598 Sophoclesad
766 4544 1002 4579 summam
1032 4529 1339 4598 senectutem
1363 4529 1643 4598 Tragoedias
1662 4529 1798 4598 fecit,

227 4594 307 4653 qui
344 4589 782 4658 propterstudium
807 4605 916 4658 eum
937 4605 1046 4640 rem
1075 4589 1360 4641 familiarem
1382 4589 1640 4658 negligere
1661 4589 1797 4647 vide;

228 4650 383 4725 retur,
415 4650 445 4699 ἑ
476 4650 584 4700 filiis
613 4652 664 4725 in
681 4651 1270 4725 judicium_vocatus_est,
1309 4661 1364 4725 ut
1394 4650 1799 4725 qtietftadntod.um

228 4718 391 4780 nostro
413 4724 550 4761 more
572 4712 699 4780 male
722 4714 1010 4780 regentibus
1023 4714 1393 4780 patribushonis
1410 4712 1630 4768 interdici
1650 4718 1797 4780 solet,

227 4773 297 4843 sic
320 4772 452 4843 illum
477 4774 615 4833 quasi
646 4772 982 4843 dissipatorem
1004 4772 1037 4823 εἰ
1067 4785 1124 4843 re
1141 4773 1365 4843 lautiliari
1387 4787 1701 4843 removerent
1717 4772 1796 4843 ju-'

226 4832 376 4898 dices.
400 4832 521 4881 Tum
543 4846 717 4898 senex,
740 4832 917 4898 dicitur
951 4848 1059 4883 eam
1095 4832 1302 4898 ﬁbulam
1333 4848 1477 4898 quam
1506 4839 1553 4887 in
1577 4832 1799 4891 manilius

229 4892 537 4957 habebathet.
561 4895 775 4954 proxime
792 4895 1069 4957 iscripsm'at
1089 4894 1338 4957 OEdipum
1351 4892 1366 4898 ’
1381 4897 1645 4949 Coloneum
1666 4903 1796 4951 reci-

228 4957 361 5019 tasse
377 4951 632 5019 judicibus,
654 4951 1034 5019 quaesivisseque
1056 4970 1181 5019 nunt,
1192 4951 1309 5019 illud
1333 4971 1527 5008 carmen
1549 4961 1797 5019 desipien-

229 5012 292 5058 tis
317 5012 708 5080 videretur,_quo_
728 5012 1229 5080 reeitatofseutentiis
1261 5018 1475 5077 judicmn
1511 5030 1588 5071 est
1619 5012 1796 5072 libera-

229 5079 337 5146 tus:
364 5068 492 5146 Eunt
508 5068 672 5146 igitur
698 5074 839 5133 hunc,
871 5068 985 5125 num
1014 5068 1297 5146 Hesiodum,
1328 5094 1442 5128 num
1475 5068 1794 5146 Simonidem,

228 5143 342 5180 num
360 5129 718 5206 ﬁtesicltorum,
735 5129 844 5206 nutri
865 5150 987 5206 quos
1003 5145 1117 5206 ante
1137 5138 1240 5188 dixi
1258 5129 1796 5206 Isocratenntiorgiain

227 5204 345 5267 rrum
360 5189 641 5267 ﬂoruerunt,
662 5189 778 5267 llll‘n‘l'
792 5189 1180 5267 Philosophorum
1196 5189 1443 5265 principes
1459 5189 1796 5267 l’ylhago‘i-ain",

225 5251 584 5326 Democritum,
597 5265 713 5326 num
726 5251 1115 5326 l’la_tonem,'num
1126 5251 1399 5326 Socratem,
1409 5251 1523 5326 ιιυηῖ
1532 5251 1798 5326 Ἵιλόδῗὲεὲιῖἑί

226 5325 422 5384 portem,
446 5309 712 5384 Cleantem,
734 5321 816 5364 aut
838 5328 949 5384 eum
966 5309 1396 5384 ῥυείη-φοξὸίῦἧῖ
1406 5309 1778 5377 Ϊὶὖῦἰὼτῦἷᾶᾗῧέ

222 5365 498 5443 lliogetiem
509 5365 721 5443 Stoicum
733 5378 895 5443 coegit
905 5365 1799 5443 suis’siiiaiiéatﬁﬁi‘ésfééﬁéei

226 5434 294 5524 ﬁn
312 5449 402 5483 non
427 5434 476 5524 in
494 5437 715 5484 omnibus
733 5438 790 5524 ilis
810 5434 1069 5491 studiorum
1086 5434 1281 5524 agitatio
1293 5434 1413 5500 viii?
1422 5434 1625 5524 niuatis
1642 5434 1788 5497 fuit?)—

224 5499 615 5574 9“'~Et*’§‘.t°:“9?
648 5500 1062 5574 exhauserat.
1096 5499 1418 5574 Hieronymus
1449 5499 1523 5574 his
1562 5523 1796 5574 εειφιεηηι

1010 5564 1172 5641 tacitur
1194 5557 1659 5641 ’ποιτῶἒὲιςῦἓξνίύῖἵἱ
1674 5557 1793 5641 quae

222 5621 385 5698 nescio
405 5632 465 5666 an
481 5632 629 5698 Ivero,
649 5622 687 5667 si
713 5621 961 5698 Sophoclis
982 5626 1228 5688 singulare
1253 5621 1530 5698 exemplum
1556 5621 1788 5694 excipias,

220 5678 311 5730 dici
331 5679 394 5727 de.
420 5678 624 5744 reliquis
649 5678 846 5743 possint.

1594 303 1918 361 EPISTOLA
1956 302 2062 358 Lll.

3365 303 3468 360 530

1894 415 2205 481 sapientiam
2250 428 2436 473 senum
2478 413 2675 469 indicat
2720 416 3051 484 ampliorem.
3087 416 3473 487 Interpretatur

1893 505 2060 566 enini.
2101 514 2244 574 pater
2272 521 2409 559 meus
2437 506 2745 576 superﬂuus,
2788 506 2877 560 vel
2920 508 3076 575 patris
3115 510 3211 562 mei
3254 510 3468 581 rugitus.

1897 593 2129 648 Verbum
2179 596 2457 664 super/lui,
2498 594 2802 665 ambiguum
2847 603 2964 660 est;
3006 598 3100 650 sed
3132 598 3182 651 in
3227 604 3472 668 pra-senti

1895 685 2013 739 loco
2044 686 2293 740 virtutem
2322 694 2501 752 sonat,
2530 684 2670 756 quod
2709 685 2935 755 amplior
2962 686 3029 739 sit
3071 688 3122 742 in
3159 691 3395 757 senibus,
3420 702 3473 749 et

1894 774 2200 829 redundans
2228 789 2292 830 ac
2318 775 2467 845 larga
2492 775 2772 844 sapientia.
2800 774 2857 829 In
2886 774 2991 831 alio
3020 785 3196 831 autem
3236 778 3354 834 loco
3382 795 3467 836 su-

1892 863 2311 935 perfluus,quasi
2355 880 2461 921 non
2499 865 2831 921 necessarius
2871 865 3106 935 ponitur.
3154 866 3352 939 Abisag
3382 884 3475 925 au-

1896 963 2025 1016 tem,
2049 953 2101 1008 id
2136 963 2240 1020 est,
2261 955 2480 1025 rugitus,
2509 955 2723 1026 proprie
2769 964 3120 1025 nuncupatur,
3149 972 3267 1013 eum
3317 962 3478 1017 maris

1895 1043 2085 1099 fluctus
2113 1054 2349 1111 resonat,
2399 1056 2455 1101 et
2495 1055 2552 1101 ut
2595 1047 2665 1101 ita
2711 1046 2906 1114 dicam,
2938 1047 3005 1103 de
3035 1050 3222 1121 pelago
3263 1053 3480 1109 veniens

1897 1134 2141 1191 fremitus
2185 1137 2417 1191 auditur.
2470 1137 2546 1192 Ex
2591 1154 2698 1209 quo
2744 1141 3047 1199 ostenditur
3088 1142 3480 1202 abundantissi-

1901 1242 2068 1290 mum,
2098 1238 2150 1282 et
2189 1230 2324 1283 ultra
2358 1231 2644 1284 humanam
2684 1247 2868 1286 vocem
2913 1233 3077 1289 divini
3122 1239 3385 1292 sermonis
3429 1241 3478 1292 in

1898 1319 2114 1374 senibus
2162 1321 2454 1374 tonitruum
2501 1322 2845 1378 commorari.
2894 1324 3059 1380 Porro
3105 1326 3386 1383 Sunamitis
3426 1331 3475 1383 in

1900 1407 2079 1477 lingua
2108 1419 2290 1465 nostra
2312 1413 2544 1467 coccinea
2569 1413 2763 1469 dicitur
2794 1432 2807 1470 :
2835 1424 2893 1469 ut
2916 1416 3176 1488 significet
3199 1420 3374 1475 calere
3398 1436 3482 1474 sa-

1901 1496 2152 1565 pientiam
2192 1509 2247 1554 et
2274 1500 2452 1556 divina
2487 1503 2717 1560 lectione
2761 1504 2964 1561 fervere
2995 1525 3007 1561 :
3040 1508 3181 1576 quod
3223 1509 3345 1567 licet
3377 1511 3479 1566 Do-

1900 1586 2077 1640 minici
2105 1588 2377 1656 sanguinis
2408 1588 2603 1645 indicet
2633 1602 3047 1659 sacramentum,
3079 1604 3255 1650 tamen
3296 1606 3350 1653 ct
3377 1598 3479 1654 fer-

1900 1689 2084 1729 vorem
2110 1676 2343 1729 ostendit
2397 1679 2693 1746 sapientize.
2739 1680 2892 1736 Unde
2931 1692 2985 1736 et
3029 1684 3287 1739 obstetrix
3315 1686 3400 1739 illa
3429 1689 3480 1741 in

1898 1763 2094 1818 Genesi
2126 1762 2197 1836 (c.
2224 1764 2316 1834 58)
2344 1766 2622 1821 coccinum
2651 1768 2778 1838 ligat
2800 1771 2852 1824 in
2875 1785 3033 1825 manu
3062 1773 3279 1841 Phares,
3308 1774 3399 1844 qui
3416 1776 3482 1829 ab

1898 1868 1963 1908 co
1991 1853 2133 1922 quod
2173 1854 2435 1925 parietem
2463 1856 2740 1924 diviserat,
2768 1859 2903 1915 duos
2927 1870 3050 1918 ante
3080 1863 3303 1933 populos
3326 1878 3481 1934 scpa.

1899 1954 2126 2009 rantem,
2147 1944 2400 2014 divisoris,
2435 1947 2486 2003 id
2517 1959 2618 2015 est,
2652 1949 2873 2016 Phares,
2910 1954 3130 2008 sortitus
3154 1963 3239 2010 est
3263 1970 3479 2011 nomen.

1901 2035 1968 2090 Et
1990 2036 2178 2090 Rahab
2206 2039 2458 2094 meretrix
2485 2040 2539 2095 in
2571 2049 2697 2112 typo
2730 2042 2985 2098 Ecclesia:
3011 2045 3343 2112 resticulam,
3369 2064 3482 2118 my—

1901 2126 2124 2179 sterium
2154 2128 2429 2197 sanguinis
2469 2130 2860 2197 continentem,
2889 2141 2946 2186 ut
2974 2132 3188 2188 Jerieho
3230 2147 3483 2204 pereunte

1903 2213 2095 2269 domus
2123 2216 2240 2287 ejus
2269 2217 2585 2285 salvaretur,
2614 2222 2864 2290 appendit
2893 2222 2986 2294 [aL
3020 2223 3233 2278 additur
3258 2226 3311 2279 iu
3341 2231 3482 2296 fenc-

1901 2304 2051 2376 stra].
2086 2305 2237 2363 Unde
2277 2318 2331 2363 et
2361 2309 2412 2363 in
2439 2309 2546 2363 alio
2575 2310 2694 2365 loco
2718 2311 2787 2367 de
2814 2296 2945 2366 viris
2970 2315 3170 2369 sanctis
3210 2314 3481 2384 Sc'iptura

1904 2406 2294 2453 commemorat
2324 2416 2337 2451 :
2368 2398 2442 2453 Ili
2478 2409 2615 2469 sunt,
2643 2403 2732 2472 qui
2755 2413 2992 2458 venerunt
3021 2406 3083 2458 de
3109 2406 3277 2462 calore
3307 2408 3483 2462 domus

1903 2487 2063 2555 patris
2089 2486 2293 2541 Rechab
2315 2488 2394 2567 (I.
2422 2488 2600 2545 Paral.
2625 2492 2681 2546 2.
2714 2492 2827 2564 55).
2856 2493 2923 2548 Et
2952 2494 3207 2550 Dominus
3233 2507 3413 2552 noster
3433 2499 3482 2553 itt

1905 2575 2234 2646 Evangelia:
2266 2578 2468 2649 Ignem,
2512 2581 2700 2652 inquit,
2741 2585 2849 2638 veni
2890 2586 3084 2641 mittere
3119 2587 3172 2641 in
3204 2598 3410 2655 terram,
3440 2602 3484 2643 ct

1901 2682 2050 2736 quam
2064 2668 2176 2722 volo
2191 2678 2245 2722 ut
2258 2669 2432 2725 ardeat
2459 2670 2611 2742 (Luc.
2643 2672 2731 2728 l2.
2755 2672 2867 2745 49).
2891 2675 2990 2743 Qui
3022 2677 3074 2732 in
3099 2678 3481 2749 discipulorum

1901 2755 2059 2810 corda
2085 2772 2396 2824 succensus,
2438 2760 2600 2832 258
2647 2763 2981 2833 cogebateos
3007 2766 3188 2823 dicere
3209 2785 3222 2822 :
3243 2788 3261 2819 ι
3297 2769 3485 2823 Nolano

1901 2861 1997 2901 eor
2025 2859 2267 2903 nostrum
2292 2849 2490 2905 ardens
2516 2860 2634 2907 erat
2663 2852 2715 2909 in
2746 2853 2919 2921 nobis,
2951 2856 3077 2911 dum
3105 2858 3410 2927 loqueretur
3432 2862 3484 2914 itt

1904 2940 2006 3004 via,
2030 2951 2085 2995 et
2109 2943 2342 3010 aperiret
2368 2943 2523 2997 nobis
2546 2942 2887 3014 Seripturas?
2919 2965 2939 2997 ι
2971 2946 3076 3014 (Ib.
3107 2949 3197 3003 24.
3226 2949 3343 3018 52.)

1974 3033 2026 3087 4.
2054 3034 2317 3100 Quorsum
2358 3033 2473 3089 hznc
2517 3042 2622 3089 tam
2648 3036 2807 3105 longo
2839 3038 3061 3107 repetita
3083 3040 3386 3109 principio?
3408 3040 3486 3095 Ne
3580 3054 3587 3061 '

1903 3135 1939 3173 ar
1964 3136 2049 3175 me
2097 3137 2304 3190 quaeras
2350 3125 2582 3192 pueriles
2620 3125 3057 3195 declamationes,
3103 3131 3482 3187 sententiarum

1903 3213 2171 3275 ﬂosculos.
2205 3214 2489 3269 verborum
2530 3215 2814 3284 lenocinia,
2851 3225 2907 3272 et
2938 3233 3034 3289 per
3061 3220 3194 3277 ﬁnes
3221 3223 3479 3292 capitulo

1903 3317 2019 3356 rum
2040 3303 2367 3373 singulorum
2396 3313 2548 3361 aeota
2571 3306 2815 3376 qua-dam
2842 3307 3181 3379 breviterque
3212 3313 3481 3382 conclusa,

1901 3410 2023 3464 qua:
2061 3396 2277 3465 plausus
2309 3405 2364 3451 et
2400 3397 2663 3453 clamores
2690 3400 2925 3456 excitent
2963 3401 3310 3458 audientium.
3358 3406 3482 3459 Am-

1902 3484 2146 3554 plexetur
2172 3500 2259 3540 me
2287 3486 2448 3542 modo
2474 3489 2753 3559 sapientia,
2782 3499 2838 3546 et
2889 3491 3084 3562 Abisag
3132 3487 3332 3560 nostra,
3366 3511 3484 3566 quae

1902 3576 2457 3645 nunquamsenescit,
2490 3578 2542 3631 in
2570 3592 2692 3633 meo
2719 3579 3019 3650 requiescat
3041 3580 3178 3636 sinu.
3209 3583 3487 3653 Impollu'a

1900 3664 2039 3718 enim
2060 3673 2163 3730 est,
2197 3665 2616 3737 virginitatisque
2646 3677 2946 3738 perpetuat,
2969 3679 3024 3725 et
3061 3687 3181 3740 qua:
3207 3657 3259 3725 in
3295 3674 3478 3728 simili-

1901 3756 2137 3813 tudinem
2189 3757 2386 3824 Marite,
2438 3775 2558 3813 cum
2601 3760 2840 3829 quotidie
2879 3771 3117 3831 generet,
3169 3778 3486 3833 semperque

1902 3848 2180 3916 parturiat,
2215 3848 2520 3916 incorrupta
2548 3857 2648 3901 est.
2674 3849 2807 3903 llinc
2831 3864 2955 3903 reor
2973 3849 3171 3903 dixisse
3186 3863 3237 3903 et
3259 3852 3493 3919 Aposto,

1902 3939 2031 4005 lum,
2059 3939 2241 4008 spiritu
2269 3942 2511 4006 ferventes
2540 3939 2557 4008 (
2582 3939 2726 3993 Rom.
2749 3940 2837 3996 I2.
2869 3941 2926 3995 ll
2948 3940 2992 4010 ).
3026 3940 3093 3994 Et
3123 3942 3174 3997 in
3197 3938 3489 4013 Evangelii»

1902 4028 2185 4081 Dominum
2227 4027 2580 4096 prtedicassc,
2631 4028 2772 4097 quod
2814 4029 2872 4083 in
2911 4030 3015 4084 line
3040 4030 3244 4095 mundi,
3273 4033 3489 4102 quando

1895 4116 2045 4185 juxta
2069 4115 2389 4184 Pr0phetam
2411 4115 2744 4183 Zachariam,
2760 4118 2953 4174 stultus
2974 4129 3154 4189 pastor
3165 4135 3286 4176 esse
3304 4136 3491 4192 δωρον

1901 4206 1990 4266 rit.
2020 4203 2282 4272 sapientia
2321 4205 2684 4273 decrescente,
2731 4207 3040 4280 refrigescet
3065 4209 3260 4267 caritas
3283 4213 3485 4268 multo-

1903 4308 2018 4346 rum
2046 4292 2263 4365 (Matth.
2295 4294 2386 4358 24;
2410 4293 2570 4349 Zach.
2597 4297 2655 4351 Il
2682 4296 2724 4369 ).
2754 4299 2895 4354 Audi
2917 4300 3096 4370 igitur,
3118 4310 3176 4358 ut
3192 4303 3386 4361 Beatus
3400 4305 3491 4377 (α).
3517 4350 3523 4355 .

1901 4387 2199 4456 Cyprianus
2234 4389 2326 4455 ait,
2362 4404 2467 4444 non
2502 4390 2723 4459 diserta,
2753 4392 2846 4449 sed
2874 4392 3053 4450 fortia.
3097 4397 3234 4453 Audi
3262 4398 3480 4457 fratrem

1901 4478 2148 4549 collegio,
2173 4488 2376 4549 patrem
2414 4483 2585 4548 senio,
2615 4484 2703 4554 qui
2742 4494 2792 4540 te
2839 4486 2909 4541 ab
2951 4486 3491 4557 incunabulis-fidei,

1903 4583 2072 4637 usque
2121 4569 2188 4625 ad
2235 4569 2524 4640 perfectam
2565 4572 2725 4630 ducat
2765 4585 2997 4640 aetatem,
3027 4586 3083 4632 et
3109 4594 3204 4649 per
3242 4581 3483 4650 singulos

1900 4659 2096 4728 gradus
2137 4660 2347 4717 vivendi
2377 4674 2641 4734 prtecepta
2685 4666 3035 4732 constituens,
3067 4669 3121 4724 in
3161 4679 3212 4725 te
3256 4679 3515 4725 cteteros-

1900 4750 2125 4806 erudiat.
2156 4751 2279 4807 Scio
2324 4754 2537 4823 quidem
2582 4756 2650 4810 ab
2674 4759 2952 4814 avunculo
2988 4767 3079 4814 tuo
3107 4759 3262 4815 beato
3298 4759 3479 4815 Helio-

1902 4841 2053 4908 doro,
2091 4845 2179 4914 qui
2231 4860 2367 4900 nunc
2392 4845 2640 4901 Pontifex
2663 4848 2875 4903 Christi
2898 4860 3003 4915 est,
3036 4857 3087 4903 te
3113 4859 3169 4903 et
3193 4848 3479 4914 didicisse,

1900 4949 2018 5001 qua:
2072 4945 2255 4988 sancta
2295 4944 2439 4997 sunt,
2486 4945 2538 4990 et
2563 4938 2798 5004 quotidie
2839 4938 3046 4991 discere
3086 4952 3497 5008 :normamque.

1899 5024 2021 5077 vita:
2046 5024 2194 5094 ejus.
2231 5025 2532 5093 exemplum
2561 5026 2755 5079 habere
2781 5028 3052 5081 virtutum.
3079 5027 3181 5083 Sed
3217 5037 3271 5084 et
3299 5040 3529 5087 nostra».

1899 5116 2304 5184 qualiacumque
2333 5127 2456 5171 sunt
2475 5116 2708 5185 suscipe,
2737 5127 2793 5173 et
2820 5118 3056 5174 libellum
3087 5119 3257 5187 hunc,
3300 5122 3485 5178 libello
3508 5162 3530 5177 ρ.

1967 5329 2038 5391 (c)
2078 5329 2130 5379 S.
2174 5328 2433 5403 Qyprianus
2454 5330 2682 5403 Eligant.
2719 5332 2778 5383 ad
2802 5333 3077 5403 Donatum,
3104 5357 3125 5385 ε
3148 5337 3375 5403 Denique
3398 5352 3478 5391 ae.

1899 5390 2007 5463 _c_i_pe
2046 5405 2141 5463 non
2173 5390 2381 5463 diserta,
2414 5390 2508 5442 sed
2537 5392 2697 5463 fortia,
2741 5408 2834 5446 nec
2867 5396 2926 5463 ad
2949 5398 3211 5463 audientite
3234 5390 3495 5463 Impulsu-is.

1899 5450 2179 5524 illecebrae}
2203 5450 2334 5524 culto
2348 5466 2576 5524 sermone
2599 5450 2966 5524 fucata,_scd__ad
2989 5459 3197 5524 divinam
3222 5450 3476 5524 indulgeri:

1901 5513 2014 5585 tiam
2026 5512 2730 5585 jtr:tdimntla_titrudit/eritne
2755 5512 3047 5585 simplicia»-
3059 5522 3211 5585 Paulo
3237 5512 3474 5585 posti-um

1900 5572 2184 5647 ξισριηᾱυεεεειῃ
2220 5572 2395 5623 Christi
2421 5575 2735 5627 Heliodorum
2766 5572 2896 5647 dicit,
2930 5572 3479 5647 intelligeret-iniiinii

1899 5632 2046 5711 fuisse
2084 5634 2270 5711 limitem
2289 5649 2369 5711 tit-l1
2386 5651 2517 5711 2‘qua
2540 5647 2736 5711 ornatus
2763 5632 2996 5711 dignitate
3024 5632 3472 5711 Atfuileieitsil‘on:

1902 5696 2011 5746 cilio
2033 5708 2109 5745 an.
2136 5696 2242 5746 581.
2270 5698 2361 5746 sth
2384 5696 2623 5752 Damnasti
2642 5696 2873 5754 interfuit.
