4078 6198
206 308 306 367 535

207 428 305 479 sint
336 423 452 490 Imp:
475 429 703 473 ratorum
730 416 878 479 scita,
907 400 1062 482 quam
1081 402 1293 470 Christi,
1324 410 1463 475 leges
1495 409 1760 470 timemus,

210 511 479 579 Evangelia
508 508 909 563 contemnimus.
954 504 1034 557 Sit
1059 503 1254 566 hrcres,
1301 501 1397 553 sed
1436 506 1602 551 mater
1626 497 1763 550 lilio-

209 620 343 668 rum,
367 603 414 656 id
435 609 537 662 est,
565 598 739 669 gregis
762 597 842 651 sui
869 596 944 665 (ιι)
964 593 1198 648 Ecclesia
1220 634 1235 657 ,
1263 605 1383 660 qua:
1404 589 1524 643 illos
1548 588 1764 658 genuit,

208 694 411 748 nutrivit
435 701 485 745 et
507 691 663 759 pavit.
687 688 822 755 Quid
845 700 942 741 nos
962 685 1269 745 inserimus,
1297 683 1436 736 inter
1455 689 1681 733 matrem
1711 685 1767 732 et

207 782 437 836 liberos?
501 780 700 834 GLOBIA
762 776 1005 830 EPISCOPI
1052 774 1170 833 ssi,
1232 783 1522 839 pauperum
1575 766 1767 835 inopia:

206 870 474 938 [Plerique
501 869 622 923 Mss.
651 863 869 937 opibus]
892 861 1188 932 providere.
1216 857 1502 928 Ignominia
1531 856 1765 910 omnium

210 958 542 1013 Sacerdotmn
594 966 713 1022 est,
767 953 994 1023 prepriis
1036 949 1252 1006 studere
1280 949 1478 1003 divtiis.
1507 946 1671 1001 Natus
1714 945 1768 1000 in

196 1062 423 1117 palmare
458 1047 642 1109 domo,
680 1053 735 1099 et
772 1044 824 1096 in
855 1041 1063 1111 tugurio
1100 1041 1402 1102 rusticano;
1437 1038 1524 1108 qui
1554 1038 1640 1091 vix
1670 1036 1770 1090 nti-

196 1142 261 1192 lio
284 1147 338 1193 et
365 1138 571 1192 cibario
598 1150 752 1204 pane.
782 1133 1072 1202 rugientem
1096 1140 1335 1185 saturare
1360 1138 1595 1183 ventrem
1616 1138 1768 1197 pote-

190 1242 323 1292 ram,
371 1240 520 1280 nunc
542 1224 772 1279 similam
815 1231 869 1274 et
899 1220 1055 1274 mella
1087 1219 1314 1273 fastidio.
1343 1219 1473 1273 Novi
1498 1229 1551 1272 et
1575 1232 1768 1287 genera

187 1328 238 1371 et
290 1316 517 1370 nomina
571 1313 791 1382 piscium
817 1352 832 1376 ,
867 1312 919 1362 in
970 1325 1076 1379 quo
1102 1310 1280 1363 littore
1310 1309 1383 1377 (ὁ)
1407 1308 1608 1362 conclia
1638 1308 1771 1362 lecta

186 1408 254 1458 sit
283 1404 455 1457 calleo
482 1420 498 1455 :
531 1401 810 1470 saporibus
853 1400 1028 1452 avium
1057 1396 1308 1452 discerno
1357 1396 1687 1463 provincias;
1720 1405 1774 1450 et

185 1496 430 1548 ciborum
462 1492 817 1560 pretiosorum
838 1504 926 1544 tne
946 1489 1156 1553 raritas,
1182 1503 1246 1543 ac
1269 1487 1555 1542 novissime
1580 1487 1772 1541 damna

191 1585 304 1652 ipsa
323 1582 616 1636 delectant.
638 1580 811 1633 Audio
828 1588 1081 1648 prmterea
1103 1578 1152 1631 in
1169 1590 1345 1643 senes,
1359 1585 1556 1630 etantts
1573 1577 1773 1645 absque

197 1673 395 1738 liberis,
455 1670 807 1740 quorumdam
856 1679 1010 1739 turpe
1038 1670 1333 1724 servitium.
1364 1669 1468 1737 Ipsi
1497 1676 1773 1736 apponunt

198 1760 444 1813 matulam
470 1757 577 1830 [aL
611 1757 962 1828 mappulam],
991 1757 1241 1811 obsident
1266 1756 1492 1820 lectum,
1525 1756 1771 1823 ptirulen-

198 1853 318 1904 tiam
345 1848 627 1914 stomachi,
661 1857 716 1902 et
738 1848 1038 1918 phlegmata
1059 1845 1344 1914 pulmonis,
1374 1859 1532 1898 manu
1559 1844 1767 1912 propria

197 1937 505 2008 suscipiunt.
529 1938 731 1993 Pavent
750 1936 816 1991 ad
847 1936 1121 1990 introitum
1146 1934 1360 2000 medici,
1392 1934 1769 1988 trementibus-

197 2045 296 2098 que
322 2027 493 2090 labiis,
523 2042 591 2081 an
630 2023 963 2081 commodius
991 2015 1221 2078 habeant
1240 2063 1255 2087 ,
1305 2023 1640 2078 sciscitantur
1668 2040 1683 2078 :
1716 2032 1770 2078 et

194 2122 235 2173 si
265 2119 535 2189 paululum
564 2132 723 2173 senex
774 2117 1005 2186 vegetior
1043 2116 1220 2181 fuerit,
1261 2115 1667 2184 periclitantur:
1697 2130 1769 2170 st-

191 2226 506 2274 It'LATAQUE
533 2210 709 2265 lmtitia
729 2250 743 2273 ,
782 2223 930 2262 mens
953 2207 1271 2261 intrinsecus
1290 2220 1448 2259 avara
1470 2214 1765 2275 torquetur.

190 2302 395 2355 Timent
442 2301 614 2365 enim,
672 2315 737 2354 ne
766 2299 988 2369 perdant
1019 2296 1371 2351 ministerium
1396 2313 1411 2353 :
1436 2305 1490 2350 et
1533 2298 1768 2352 vivacem

185 2405 395 2455 senem,
420 2389 738 2444 Mathusalae
766 2391 918 2442 annis
955 2394 1286 2456 comparant.
1319 2385 1364 2440 0
1388 2394 1583 2455 quanta
1629 2387 1768 2455 apud

187 2481 353 2535 Deum
368 2495 621 2544 merces,
652 2480 697 2533 si
720 2479 769 2533 in
795 2478 1040 2547 prteseuti
1070 2477 1294 2545 pretium
1323 2490 1430 2530 non
1456 2477 1764 2544 sperarent!

183 2572 390 2637 Quantis
425 2570 724 2625 sudoribus
753 2568 1036 2622 hmreditas
1065 2580 1217 2621 cassa
1247 2564 1549 2635 expetitur!
1580 2563 1767 2621 Minori

181 2661 355 2717 labore
374 2664 728 2732 margaritum
755 2659 950 2713 Christi
979 2657 1084 2712 emi
1116 2664 1341 2725 poterat.

248 2755 299 2807 7.
328 2755 555 2808 Divitias
578 2753 877 2821 Scripturas
899 2750 1092 2818 saepius
1118 2748 1253 2817 lege,
1276 2748 1384 2802 imo
1407 2761 1673 2816 nunquam
1699 2747 1767 2801 de

183 2847 415 2901 manibus
440 2846 564 2901 tuis
606 2859 755 2898 sacra
799 2842 954 2897 lectio
1025 2840 1186 2911 262
1259 2839 1578 2907 deponatur.
1614 2839 1766 2893 Disce
1792 2908 1809 2915 ο

187 2934 321 3003 quod
367 2937 570 2989 doceas
602 2951 616 2987 :
647 2932 831 2987 obtine
870 2946 991 2987 eum
1020 2932 1109 3000 qui
1152 2929 1444 2984 secundum
1470 2929 1765 2984 doctrinam

190 3035 288 3091 est,
304 3025 514 3080 fidelem
532 3038 836 3079 sermonem
858 3038 873 3086 ;
894 3031 952 3074 ut
967 3019 1136 3090 possis
1158 3020 1428 3074 exhortari
1456 3020 1506 3073 in
1526 3019 1765 3073 doctrina

191 3132 334 3182 sana,
360 3126 415 3173 et
438 3114 866 3171 contradicentes
890 3113 1178 3167 revincere.
1202 3112 1460 3165 Permane
1477 3111 1530 3163 in
1547 3109 1633 3164 his
1650 3124 1767 3177 qua:

189 3205 435 3270 didicisti,
467 3215 523 3260 et
551 3204 752 3258 credita
780 3210 904 3256 sunt
942 3200 1034 3253 tibi
1060 3217 1074 3262 ;
1103 3200 1325 3253 sciensa
1350 3214 1457 3267 quo
1476 3198 1727 3252 didiceris
1752 3218 1764 3252 :

191 3304 403 3361 paratus
449 3307 665 3361 semper
703 3291 768 3345 ad
810 3290 1218 3345 satisfactionem
1253 3288 1397 3342 omni
1448 3288 1684 3357 poscenti
1718 3297 1769 3342 te

190 3387 473 3450 rationein,
499 3383 569 3438 dc
596 3398 656 3438 ea
683 3398 801 3452 qua:
830 3382 882 3436 itt
914 3389 965 3435 te
994 3387 1078 3434 est
1102 3393 1198 3448 Spe
1235 3388 1290 3434 et
1324 3378 1450 3434 fide.
1475 3378 1591 3433 Non
1637 3394 1768 3433 con-

193 3476 415 3530 fundant
440 3490 604 3546 Opera
642 3483 725 3528 tua
753 3486 1054 3527 sermonem
1085 3479 1268 3525 tuum:
1302 3486 1370 3525 ne
1414 3484 1534 3524 cum
1588 3469 1638 3522 in
1668 3469 1769 3523 Ec-

193 3568 350 3620 clesia
378 3565 634 3637 loqueris,
668 3564 858 3618 tacitus
877 3562 1096 3632 quilibet
1132 3561 1473 3627 respondeat,
1509 3560 1618 3613 Cur
1639 3575 1767 3625 ergo

196 3655 304 3710 hare
330 3672 448 3725 qua:
477 3656 610 3710 dicis
635 3696 650 3720 ,
682 3655 796 3724 ipse
827 3668 929 3706 non
970 3650 1139 3706 facis?
1166 3651 1461 3705 Dsucnus
1510 3664 1767 3705 HACISTER

196 3762 312 3811 ssr,
338 3748 425 3816 qui
454 3747 615 3818 pleno
660 3756 844 3800 ventre
879 3743 945 3798 de
973 3743 1185 3812 jejuniis
1211 3742 1466 3810 disputat.
1503 3742 1767 3794 Accusare

193 3839 466 3891 avaritiam
492 3847 546 3891 et
564 3838 697 3890 latro
718 3844 910 3905 potest.
932 3833 1235 3889 Sacerdotis
1250 3831 1447 3887 Christi
1478 3847 1560 3896 os,
1591 3845 1764 3896 mens,

196 3946 492 3999 manusque
520 3928 864 3981 concordent.
897 3926 1025 3979 Esto
1051 3924 1325 3989 subjectus
1364 3922 1608 3976 Pontifici
1656 3906 1767 3985 tuo,

193 4031 247 4071 et
274 4020 426 4087 quasi
453 4017 643 4070 anima:
682 4023 955 4084 parentem
996 4014 1226 4080 suscipe.
1278 4013 1471 4064 Amare
1515 4010 1764 4073 ﬁliorum,

198 4111 389 4161 timere
438 4120 715 4161 servorum
751 4113 855 4158 est.
891 4121 908 4153 ι
945 4103 999 4156 Si
1042 4110 1191 4169 pater
1243 4114 1383 4162 sum,
1441 4100 1628 4168 inqttit,
1683 4100 1768 4154 ubi

195 4209 275 4252 est
309 4198 481 4251 honor
508 4195 695 4249 meus?
719 4195 773 4248 Si
803 4192 1054 4246 Dominus
1085 4205 1184 4259 ego
1210 4204 1353 4253 sum,
1378 4188 1464 4242 ubi
1495 4197 1576 4241 est
1615 4188 1773 4241 timor

199 4288 392 4343 mens?
434 4308 452 4340 ι
488 4285 756 4357 (ΜηΙηεΙι.
790 4285 839 4338 1.
868 4282 942 4351 2)
977 4281 1129 4335 Plura
1174 4279 1268 4332 tibi
1313 4278 1366 4331 in
1422 4276 1610 4331 eodem
1659 4277 1773 4329 viro

200 4377 531 4431 observanda
558 4384 680 4429 sunt
705 4373 949 4434 nomina;
981 4367 1292 4430 Monachus,
1321 4366 1584 4430 Pontifex,
1610 4380 1776 4418 avun-

201 4470 348 4522 culus
378 4480 519 4531 tuus,
538 4467 628 4537 qui
655 4477 704 4519 te
727 4466 836 4534 jam
861 4463 911 4516 in
952 4460 1198 4514 omnibus
1220 4498 1236 4519 ,
1264 4472 1382 4526 quae
1412 4464 1591 4510 sancta
1629 4464 1772 4516 sunt,

203 4559 396 4613 docuit.
415 4559 547 4614 Illud
575 4555 888 4617 ctiamdico,
917 4551 1056 4622 quod
1086 4550 1354 4619 Episcopi,
1375 4548 1692 4603 Sacerdotes
1715 4561 1775 4601 se

204 4663 320 4701 esse
347 4648 610 4713 noverint,
640 4662 742 4699 non
770 4643 1015 4698 dominos
1045 4638 1205 4710 [Alibi
1236 4655 1289 4691 se
1331 4637 1513 4691 Patres
1539 4652 1647 4689 esse
1675 4652 1774 4688 non

207 4738 455 4810 dominos]
487 4738 787 4791 :ltonorent
832 4732 1071 4787 Clericos
1116 4727 1264 4797 quasi
1312 4726 1571 4790 Clericos,
1624 4734 1680 4779 nt
1720 4734 1775 4779 ct

210 4827 331 4893 ipsis
353 4846 380 4880 a
406 4827 646 4887 Clericis,
669 4823 816 4894 quasi
847 4819 1123 4889 Episcopis
1143 4819 1312 4871 honor
1333 4815 1620 4873 deferatur.
1654 4817 1774 4868 Sci-

213 4924 319 4969 ttnn
347 4919 470 4973 illud
491 4924 574 4972 est
598 4918 825 4970 oratoris
852 4911 925 4983 (ε)
952 4909 1163 4964 Domitii
1188 4925 1201 4972 ;
1230 4906 1337 4960 Cur
1358 4922 1456 4976 ego
1480 4917 1547 4968 te,
1581 4905 1772 4974 inquit,

275 5048 347 5107 (α)
380 5046 506 5095 Hine
528 5048 777 5107 verissime
807 5046 1091 5107 Ambrosius
1125 5042 1269 5107 citata
1294 5040 1447 5107 Epist.
1483 5042 1558 5107 ιδ.
1593 5059 1614 5085 α
1634 5040 1769 5107 Quod

213 5099 555 5156 Sacerdotibus
587 5105 677 5152 faui
709 5106 947 5163 legaverit
968 5104 1248 5167 Christiana
1263 5099 1431 5167 vidua,
1459 5100 1584 5167 valet
1606 5116 1620 5159 ;
1644 5099 1770 5161 quod

213 5168 443 5217 ministris
462 5168 584 5225 Dei,
623 5180 715 5214 non
755 5162 896 5213 valet.
924 5162 1176 5225 Siquidem
1214 5162 1564 5225 Ecclesiastjeis
1589 5170 1772 5225 tantum

214 5230 459 5286 personis,
484 5221 581 5278 non
602 5229 718 5276 item
742 5225 969 5275 Ecclesiis
992 5221 1153 5287 legata
1177 5236 1360 5286 capere
1386 5237 1448 5270 ea
1472 5221 1607 5283 Lege
1628 5223 1774 5269 inter-

214 5287 679 5411 d_|‘(lbl;lllii:{::cietis.
704 5348 896 5411 duoque
930 5345 1008 5395 alii
1038 5345 1230 5411 Mss.__i_n
1258 5357 1358 5411 quo
1382 5343 1538 5394 littore
1574 5340 1775 5391 collecta

212 5404 535 5468 sint,'vitiose.
562 5404 829 5460 Petronius
847 5409 1060 5471 Specim.
1083 5406 1201 5457 belli
1227 5404 1402 5465 civilis,

365 5565 505 5609 mlta
531 5556 765 5609 littoribus
788 5554 992 5604 vendunt
1016 5497 1468 5613 ronclrylfigms,

372 5628 427 5667 ιι
451 5626 671 5671 renovent
693 5631 776 5679 per
802 5618 980 5666 damna
1002 5616 1197 5675 funwm,
1226 5621 1326 5662 etc.

282 5699 348 5761 (ι’)
386 5700 468 5768 Est
489 5702 547 5765 L.
572 5700 744 5761 Licmii
768 5700 951 5759 Crassi,
984 5700 1067 5760 qui
1090 5696 1175 5747 Cn.
1205 5693 1396 5745 Domitii
1426 5687 1688 5741 fEllOllal‘bl
1734 5688 1781 5733 in

1578 284 1897 345 EPISTULA
1942 284 2041 340 ιιι.

3344 299 3449 354 δξιι

1875 404 2094 459 habeam
2134 412 2191 456 ut
2252 404 2581 473 principem,
2610 421 2730 459 cum
2794 413 2846 460 tu
2895 424 2995 471 me,
3029 424 3132 464 non
3166 409 3363 466 habt-as
3392 423 3448 467 ut

1871 494 2225 549 Senatorem?
2273 495 2422 561 Quod
2469 498 2646 549 Aaron
2691 507 2742 550 et
2791 497 2927 555 filios
2972 500 3108 568 ejus,
3170 502 3272 557 hoc
3326 518 3448 557 esse

1872 583 2193 652 Episcopum
2236 593 2289 637 et
2331 584 2674 654 Presbyteros
2717 588 3018 641 noverimus
3047 605 3061 641 :
3092 589 3240 646 Unus
3268 591 3448 645 Domi-

1872 689 1996 739 nus,
2039 688 2201 727 unum
2249 676 2528 743 templum,
2558 691 2721 729 unum
2762 676 2832 731 sit
2861 677 3021 731 etiam
3066 679 3441 739 ministerium.

1872 762 2237 818 Recordemur
2263 780 2478 834 semper
2497 766 2625 835 quid
2656 766 2941 834 Apostolus
2969 768 3159 822 Petrus
3181 771 3447 840 praecipiat

1871 850 2249 907 Sacerdotibus
2282 871 2295 906 :
2329 872 2348 905 ι
2382 854 2590 909 Pascite
2614 870 2736 909 eum
2756 856 2919 925 quiin
2953 857 3103 911 vobis
3126 865 3210 911 est
3232 872 3446 928 gregem

1874 940 2082 995 Domini
2109 959 2124 999 :
2155 942 2500 1012 providentes
2529 960 2634 997 non
2667 953 2885 1011 coacto,
2917 945 3012 1000 sed
3046 954 3340 1016 spontanee
3364 964 3449 1004 se-

1872 1030 2103 1087 cundum
2136 1033 2301 1087 Deum
2332 1051 2345 1086 :
2374 1050 2545 1103 neque
2577 1034 2744 1103 turpis
2770 1035 2901 1088 lucri
2925 1036 3113 1105 gratia,
3140 1036 3235 1090 sed
3262 1037 3449 1092 volun-

1876 1122 2009 1176 tarie
2054 1138 2068 1175 :
2126 1138 2300 1193 neque
2331 1134 2386 1178 ut
2404 1125 2751 1179 dominantes
2778 1126 2831 1182 in
2861 1126 3061 1181 clerum
3085 1167 3100 1193 ,
3144 1135 3239 1183 sed
3280 1127 3449 1185 forma

1877 1212 1997 1266 facti
2025 1213 2201 1283 gregis
2221 1228 2288 1267 ex
2321 1214 2541 1268 animo:
2579 1222 2635 1268 ut
2683 1229 2805 1270 eum
2851 1218 3154 1283 apparuerit
3197 1217 3447 1287 princeps

1878 1311 2173 1372 pastorum,
2218 1304 2521 1372 percipiatis
2549 1305 3046 1360 immarcescibilem
3072 1306 3257 1375 gloriae
3285 1322 3440 1362 coro-

1878 1407 1998 1445 nam
2029 1411 2047 1444 ι
2080 1392 2156 1457 (l.
2186 1391 2324 1446 Patr.
2344 1394 2397 1447 5.
2415 1392 2469 1448 2.
2484 1403 2530 1447 et
2555 1392 2737 1464 θείη).
2770 1393 3020 1450 Pessima:
3046 1397 3450 1459 consuetudinis

1876 1492 1958 1535 est
1979 1483 2033 1537 in
2059 1481 2372 1550 quibusdam
2391 1482 2664 1548 Eeelesiis,
2687 1492 2861 1538 tacere
2925 1484 3083 1555 263
3121 1484 3198 1556 (ά)
3216 1485 3448 1558 Presby-

1879 1579 2040 1635 teros,
2067 1579 2122 1625 et
2152 1573 2505 1640 praesentibus
2544 1573 2819 1643 Episcopis
2841 1588 2945 1628 non
2971 1574 3135 1643 loqui,
3180 1578 3329 1645 quasi
3359 1587 3452 1635 aut

1876 1661 2163 1727 invideant,
2204 1670 2296 1716 aut
2319 1677 2424 1716 non
2468 1662 2754 1732 dignentur
2798 1664 3005 1718 audire.
3064 1682 3085 1717 t
3121 1664 3255 1719 Etsi
3283 1666 3393 1732 alii,
3425 1686 3444 1718 ι

1876 1749 2044 1817 inquit
2083 1750 2369 1818 Apostolus
2399 1750 2615 1814 Paulus,
2649 1769 2669 1801 ι
2698 1750 2861 1806 fuerit
2890 1752 3179 1807 revelatum
3219 1752 3448 1818 sedenti,

1875 1838 2019 1907 prior
2050 1846 2240 1893 taceat.
2264 1838 2497 1895 Potestis
2521 1839 2668 1894 enim
2694 1852 2790 1907 per
2817 1839 3057 1909 singulos
3087 1844 3441 1910 prophetare,

1874 1935 1931 1982 ut
1951 1942 2140 1983 ornnes
2164 1928 2393 1995 discant,
2434 1939 2487 1984 et
2511 1944 2702 1986 omnes
2726 1931 3075 1986 consolentur
3108 1950 3121 1985 :
3151 1942 3206 1989 et
3234 1935 3452 2004 Spiritus

1873 2018 2256 2089 Prophetarum
2287 2019 2568 2090 Prophetis
2596 2021 2869 2086 subjectus
2898 2033 2998 2076 est.
3031 2022 3146 2077 Non
3182 2025 3325 2079 enim
3365 2035 3450 2080 est

1871 2112 2218 2167 dissensionis
2245 2113 2405 2177 Deus,
2425 2113 2520 2167 sed
2540 2113 2712 2182 pacis»
2748 2113 3044 2182 (t.t.‘or.l4.
3073 2115 3163 2169 30.
3190 2125 3237 2169 et
3262 2117 3447 2185 τειχει).

1880 2222 1899 2257 t
1929 2204 2105 2260 Gloria
2134 2204 2300 2272 patris
2320 2212 2404 2261 est
2425 2204 2562 2258 illius
2582 2203 2798 2272 sapiens
2826 2222 2845 2255 ι
2873 2204 3052 2274 (Prov.
3078 2206 3167 2259 10.
3199 2205 3290 2273 1).
3310 2207 3451 2262 Gau-

1873 2293 1996 2348 deat
2021 2294 2316 2363 Episcopus
2344 2293 2546 2362 judicio
2582 2307 2702 2359 suo,
2724 2307 2846 2349 cum
2875 2294 3006 2349 tales
3030 2293 3244 2350 Christo
3270 2295 3450 2365 elege-

1875 2383 1945 2439 rit
1971 2383 2304 2439 Sacerdotes.

1945 2478 1998 2530 8.
2030 2474 2306 2530 Contiones
2342 2475 2397 2528 in
2441 2473 2687 2529 Ecclesia.
2718 2505 2787 2523 —
2814 2476 3047 2532 Docente
3088 2487 3138 2533 te
3180 2480 3231 2533 in
3264 2480 3450 2538 Eccle-

1873 2571 1972 2630 sia,
2020 2582 2126 2621 non
2163 2568 2365 2621 clamor
2398 2566 2598 2636 populi,
2634 2566 2977 2637 sedgeniitus
3018 2569 3321 2625 suscitetur.
3346 2571 3449 2627 La-

1872 2675 2067 2731 crymze
2093 2659 2416 2721 auditorum,
2442 2658 2625 2713 Iaudes
2642 2669 2744 2713 tua:
2760 2661 2885 2714 sint.
2904 2659 3093 2716 Sermo
3123 2661 3444 2733 Presbyteri,

1871 2751 2260 2819 Scripturarum
2286 2751 2513 2806 lectione
2532 2752 2778 2806 conditus
2799 2753 2886 2805 sit.
2906 2752 3039 2808 Nolo
3066 2761 3117 2808 te
3134 2753 3453 2810 declamato-

1873 2860 1985 2900 rem
2002 2858 2121 2899 esse
2135 2852 2189 2899 et
2214 2842 2450 2897 rabulam
2461 2844 2837 2912 garrulumque
2852 2845 2965 2897 sine
2985 2845 3208 2910 ratione,
3227 2844 3320 2900 sed
3336 2859 3451 2916 my.

1871 2938 2155 2990 steriorum
2170 2932 2420 3002 peritum,
2437 2941 2492 2987 et
2502 2940 2953 2987 sacramentorum
2973 2933 3063 2988 Dei
3083 2934 3156 2987 tui
3168 2933 3453 2990 eruditissi-

1872 3023 2220 3078 mum.Verba
2234 3023 2470 3086 volvere,
2488 3032 2539 3075 et
2560 3021 2836 3076 celeritate
2849 3020 3056 3074 dicendi
3073 3022 3213 3091 apud
3234 3022 3453 3091 imperi-

1875 3125 1987 3170 tum
2004 3114 2189 3183 vulgus
2209 3112 2616 3167 admirationem
2638 3110 2719 3164 sui
2739 3109 3276 3176 facere,indoctorum
3289 3112 3452 3168 homi-

1873 3220 1999 3259 num
2013 3212 2113 3259 est.
2134 3204 2326 3257 Attrita
2352 3203 2502 3257 frons
2530 3203 3065 3272 interpretaturszepe
3085 3204 3227 3271 quod
3248 3206 3449 3259 nescit:

1873 3308 1928 3352 et
1947 3312 2065 3354 cum
2080 3298 2196 3351 aliis
2211 3296 2554 3366 persuaserit,
2573 3294 2673 3349 sibi
2693 3309 2902 3364 quoque
2916 3304 3136 3364 usurpat
3151 3295 3448 3351 scientiam.

1874 3389 2177 3457 Praeceptor
2218 3386 2484 3457 quondam
2535 3390 2685 3441 meus
2730 3385 3019 3454 Gregorius
3048 3386 3448 3452 Nazianzenus,

1874 3486 2089 3547 rogatus
2131 3492 2160 3529 a
2189 3492 2273 3531 me
2304 3485 2362 3530 ut
2387 3485 2701 3544 exponeret,
2731 3475 2856 3544 quid
2886 3475 2985 3528 sibi
3026 3476 3186 3530 vellet
3220 3476 3270 3528 in
3310 3474 3449 3531 Luca

1873 3568 2149 3623 sabbatum
2177 3572 2558 3637 δευτερόπρωτον,
2590 3565 2639 3619 id
2668 3573 2772 3629 est,
2804 3566 3267 3634 secundo-primum
3294 3567 3445 3634 (Luc.

1873 3660 1927 3714 6.
1962 3662 2056 3730 ι),
2086 3659 2357 3727 eleganter
2408 3659 2555 3723 lusit,
2610 3656 2822 3712 docebo
2854 3667 2904 3710 te
2929 3697 2943 3717 .
2974 3657 3220 3725 inquiens
3243 3699 3259 3721 ,
3291 3670 3452 3724 super

1876 3754 1974 3807 bac
1994 3767 2052 3806 re
2079 3752 2130 3804 in
2164 3751 2402 3804 Ecclesia
2428 3767 2441 3801 :
2472 3750 2524 3803 in
2565 3764 2666 3817 qua
2695 3747 2825 3802 mihi
2857 3749 3000 3800 omni
3048 3749 3243 3814 populo
3282 3749 3453 3801 accla-

1876 3850 2071 3902 mante,
2102 3840 2308 3908 cogct‘is
2352 3839 2547 3891 invitus
2586 3841 2725 3889 scire
2759 3836 2899 3903 quod
2947 3837 3143 3887 nescis.
3176 3837 3276 3887 Aut
3305 3846 3453 3889 certe

1876 3932 1921 3985 si
1947 3931 2093 3985 solus
2116 3927 2364 3983 tacueris.
2394 3924 2543 3978 solus
2595 3923 2662 3975 ab
2689 3922 2936 3975 omnibus
2971 3921 3208 3973 stultitia:
3260 3922 3458 3975 conde-

1881 4021 2168 4075 mnaberis.
2202 4018 2342 4072 Nihil
2370 4025 2474 4069 tam
2508 4014 2682 4077 facile,
2714 4028 2870 4082 quam
2913 4012 3071 4065 vilem
3127 4011 3453 4081 plebeculam

1878 4122 1934 4169 et
1962 4112 2227 4167 indoctam
2252 4109 2585 4172 concionem,
2610 4106 2803 4176 lingua:
2832 4104 3156 4159 volubilitate
3183 4103 3454 4171 decipere.

1880 4218 1999 4272 qua:
2020 4199 2274 4270 quidquid
2298 4212 2404 4252 non
2435 4195 2701 4265 intelligit,
2728 4195 2845 4264 plus
2872 4194 3115 4247 miratur.
3144 4192 3215 4247 M.
3248 4192 3457 4247 Tullius

1882 4294 1969 4365 (in
1996 4307 2153 4362 quem
2183 4289 2601 4358 pulcherrimum
2622 4285 2747 4344 illud
2779 4285 3008 4352 elogium
3051 4292 3132 4338 est
3161 4301 3173 4337 :
3204 4302 3222 4333 t
3259 4283 3454 4337 Demo—

1881 4387 2101 4440 sthenes
2129 4383 2218 4437 tibi
2250 4379 2545 4451 prmripttit,
2576 4393 2642 4433 ne
2675 4391 2823 4432 esses
2855 4378 3054 4445 primus
3078 4376 3269 4431 Orator
3300 4393 3313 4428 :
3348 4394 3368 4427 ι
3402 4386 3455 4429 ιιι

1883 4475 1979 4541 illi,
2008 4488 2076 4528 ne
2103 4472 2277 4539 solus)
2307 4471 2359 4525 in
2385 4469 2626 4524 oratione
2655 4483 2749 4537 pro
2768 4466 2969 4533 Quinto
2996 4466 3064 4536 (ε)
3094 4466 3291 4531 Gallio,
3321 4466 3449 4536 quid

1884 4653 2099 4702 Censura
2118 4649 2304 4704 collega
2331 4648 2419 4697 fuit
2437 4684 2449 4704 ,
2476 4656 2530 4696 ut
2566 4651 2780 4697 notatum
2806 4652 2883 4693 est
2906 4643 3124 4693 Vit-torio
3147 4682 3159 4700 ,
3202 4656 3267 4691 ex
3308 4642 3454 4704 tertio

1883 4700 2131 4763 Ciceronis
2151 4712 2214 4759 de
2238 4700 2458 4760 Cratere.
2484 4709 2539 4756 At
2565 4707 2649 4755 ille
2673 4709 2866 4757 vitiatos
2903 4706 3098 4753 codices
3140 4706 3274 4763 putat
3289 4736 3314 4763 ,Α
3345 4700 3448 4747 cul-

1884 4759 2093 4842 pamque
2117 4775 2163 4842 in
2191 4759 2411 4821 librarios
2436 4768 2721 4842 conferens,
2744 4765 2907 4842 crassi
2949 4759 3454 4842 legetidit'itrvultupm

1888 4829 2094 4885 Domitii.
2121 4833 2221 4882 Nos
2254 4832 2504 4881 memorize
2541 4829 2723 4890 lapsum
2750 4829 2796 4874 in
2822 4829 3034 4875 Anetore
3065 4830 3234 4890 nostro
3254 4859 3266 4877 ,
3305 4834 3367 4867 ex
3395 4835 3455 4867 eo

1885 4881 2241 4959 audistinam
2264 4896 2410 4959 ambo
2428 4881 2642 4959 fuerint,
2670 4896 2893 4959 putamus
2919 4881 3265 4959 venosimiliusn.‘
3295 4941 3304 4950 .
3367 4938 3405 4959 ν

2044 4940 2366 5016 ⁷Ριιέξῖιῇιιειῆὲ
2388 4940 2881 5016 τροιιιιειιρέιιξιιιὶιιιξιιι
2897 4944 3039 5016 Σουρί
3064 4940 3456 5016 ξἰιρίριιαίιιιι

1885 5002 2035 5066 clesia
2059 5002 2371 5065 concesserat
2391 5013 2550 5063 Conon
2568 5011 2647 5057 33.
2673 5002 2870 5073 Concilii
2895 5003 3173 5073 Cartltagin.
3202 5002 3247 5048 l.
3274 5007 3457 5048 tantum

1888 5064 1955 5127 in;
1975 5064 2134 5126 eoram
2155 5076 2395 5135 episcopis
2417 5072 2775 5135 crine-iuuarent:
2804 5064 2942 5135 Hunc
2968 5064 3229 5135 pessimum
3250 5073 3454 5135 morem,

1886 5121 2154 5202 ἓίῦεἰξιίἦυιι
2178 5121 2259 5183 diu
2284 5121 2585 5190 multumque
2609 5130 2654 5175 in
2672 5121 3212 5202 quibit-Silani'Ecellesils
3227 5121 3456 5177 obtinuit,

1890 5182 2125 5259 iiﬁpéﬁijai
2143 5196 2198 5259 ὃ.
2216 5182 2661 5259 'Doctortgu'quuc
2686 5182 2901 5259 imitatus
2926 5182 3116 5259 Ps‘eutlo
3133 5182 3459 5259 yieropvnius

1888 5241 2103 5321 Epistula
2126 5255 2189 5302 de
2203 5241 2664 5321 ‘SLEItlttlI-I:ECICICS;l:l‘B
2682 5245 2950 5321 ordinibus.
2975 5242 3084 5321 για.
3103 5241 3241 5321 aliam
3267 5243 3458 5321 Episto-

1892 5301 2346 5375 la'm—Auigustinfet
2366 5311 2524 5374 Alypii
2546 5309 2606 5357 ad
2628 5305 2881 5355 Aurelium
2899 5303 3122 5366 Cartbag.
3137 5302 3299 5365 Episc.
3312 5301 3445 5349 alios

1891 5393 1990 5442 que
2006 5373 2202 5442 passim
2216 5373 2468 5442 Auctores.

1956 5421 2166 5506 (εἷὐίέεξ
2191 5434 2295 5506 ιιίυεξ
2318 5433 2442 5506 ειπεά
2472 5430 2831 5506 Ηὲίὲῐοηέπηνὲ
2843 5421 3457 5506 Τξιὶ¹ί²9ε1ἱ¹ὶὲἐξὶεὲεὲἑὶεξῖ

1894 5483 2129 5561 uisiones
2150 5495 2331 5561 jamdiu
2351 5483 2629 5561 intereitlit2
2650 5483 2836 5561 mentio
2869 5495 2974 5561 est,
3001 5499 3095 5561 nec
3115 5487 3232 5535 satis
3258 5483 3458 5553 proinde

1894 5549 2097 5618 constat,
2125 5549 2275 5618 (fullio
2299 5569 2361 5604 ne
2381 5568 2440 5618 an
2457 5551 2594 5604 Gallo
2614 5549 2875 5618 legendum
2899 5551 2963 5599 sit
2979 5585 2993 5608 ,
3030 5555 3289 5618 utramque
3331 5549 3458 5618 enim

1898 5605 2158 5670 lectionem
2181 5605 2292 5668 Mss.
2308 5617 2512 5679 probant
2534 5605 2691 5679 atque
2701 5605 3059 5679 editihquorttm
3074 5605 3368 5679 vetustiores
3378 5605 3458 5679 ba-

1897 5685 2079 5735 bebant
2099 5680 2233 5742 olim,
2258 5670 2345 5744 pr'o
2367 5687 2420 5741 ρ.
2448 5670 2636 5741 Ligario
2658 5670 2806 5723 Gallo.
2834 5670 2983 5723 Paulo
3008 5680 3113 5735 post
3137 5670 3457 5721 Cistercienso
