4078 6198
655 272 764 327 555

659 388 727 442 de
757 387 940 444 favore
973 385 1107 455 vulgi
1135 426 1149 450 ,
1181 381 1325 437 etde
1364 377 1622 445 imperitis
1662 371 2123 427 coneionatorilnts
2150 368 2230 422 lo-

660 492 891 548 quatur,
935 477 1182 539 attende,
1213 488 1281 527 ne
1321 470 1403 523 bis
1433 468 1708 523 fraudibus
1746 465 1964 519 ludaris.
2014 462 2231 531 Loquor

659 572 825 635 enim,
854 584 971 639 qua:
998 580 1113 621 sum
1165 564 1279 630 ipse
1313 574 1483 629 nuper
1520 566 1790 627 expertus.
1823 553 1975 609 Unus
2015 552 2230 622 quidam

663 661 822 714 Poeta
852 657 1149 710 nominatus
1174 650 1357 715 homo,
1390 649 1771 717 pet-litteratus,
1801 644 1955 715 cujus
1982 652 2107 697 sunt
2135 642 2224 696 illa

658 745 915 812 colloquia
964 742 1248 797 Poetarum
1298 754 1362 793 ac
1411 737 1891 807 Philosophorum,
1945 749 2067 788 cum
2111 733 2235 787 facit

656 834 964 903 Euripidem
992 842 1047 887 et
1074 829 1416 885 Menandrum
1462 829 1601 882 inter
1626 841 1686 881 sc
1712 866 1727 889 ,
1800 822 1965 896 26h
2036 831 2093 878 et
2124 823 2231 876 alio

656 928 773 979 loco
812 926 1086 977 Socratem
1112 929 1271 990 atque
1300 918 1591 987 Epicurum
1632 916 1977 979 disserentes,
2004 928 2228 982 quorum

656 1023 844 1070 artates
864 1029 971 1068 non
993 1012 1169 1079 annis,
1192 1010 1286 1066 sed
1309 1009 1520 1064 smculis
1547 1007 1747 1063 scimus
1766 1020 1886 1061 esse
1911 1004 2228 1073 disjunetas,

654 1115 883 1177 quantos
915 1106 960 1160 is
991 1105 1206 1174 plausus
1234 1111 1290 1157 et
1324 1101 1588 1156 clamores
1614 1099 1835 1154 movet?
1858 1096 2050 1151 Multos
2086 1096 2228 1149 enim

653 1196 1045 1265 condiscipulos
1076 1194 1225 1249 habet
1262 1193 1313 1247 in
1345 1191 1574 1256 theatro,
1601 1189 1691 1259 qui
1709 1187 1869 1243 simul
1890 1187 2097 1241 litteras
2124 1200 2229 1238 non

654 1288 984 1343 didicerunt.

727 1382 782 1435 9.
840 1379 1019 1435 Cultus
1057 1376 1244 1447 qualis.
1286 1373 1497 1429 Diversa
1526 1374 1749 1426 membra
1799 1373 1853 1425 in
1884 1371 2133 1426 Ecclesia.
2159 1402 2228 1411 —

655 1472 844 1527 Vestes
871 1470 1038 1539 pullas
1064 1485 1213 1538 mque
1245 1466 1321 1539 (τι)
1342 1467 1543 1532 devita,
1592 1476 1646 1518 ut
1682 1464 1955 1519 candidas.
1997 1463 2231 1518 Ornatus

655 1574 712 1617 ιιι
741 1563 929 1617 sordes
951 1562 1061 1630 pari
1090 1559 1250 1613 modo
1273 1557 1534 1627 fugienda!
1561 1566 1712 1617 sunt,
1744 1557 1865 1624 quia
1892 1555 2115 1608 alterum
2137 1554 2231 1608 de-

660 1652 830 1715 licias,
862 1650 1086 1703 alterum
1130 1647 1353 1716 gloriam
1379 1647 1604 1700 redolet.
1637 1645 1750 1697 Non
1795 1644 1996 1712 absque
2032 1644 2228 1698 amictu

658 1742 798 1793 lineo
856 1738 1126 1799 incedere,
1170 1735 1264 1790 sed
1296 1735 1521 1804 pretium
1566 1735 1790 1786 vestium
1830 1733 2089 1787 linearum
2121 1747 2227 1786 nou

660 1828 876 1892 habere,
918 1825 1184 1880 laudabile
1214 1833 1318 1878 est.
1355 1822 1566 1892 Alioqui
1595 1822 1875 1876 ridiculum
1917 1830 1972 1877 ct
2014 1821 2229 1891 plenum

655 1919 935 1975 dedecoris
962 1926 1065 1981 est,
1097 1917 1293 1971 referto
1320 1916 1610 1985 marsupio,
1640 1915 1783 1984 quod
1807 1914 2078 1970 sudarium
2102 1931 2228 1969 ora-

657 2009 902 2077 riumque
944 2022 1047 2060 non
1081 2006 1276 2060 habeas
1297 2049 1311 2068 ,
1341 2004 1581 2075 gloriari.
1615 2004 1750 2059 Sunt
1790 2005 1879 2074 qui
1911 2007 2228 2075 pauperibus

655 2099 865 2167 paulum
893 2097 1149 2161 tribuunt,
1179 2104 1237 2150 ut
1275 2095 1502 2164 amplius
1532 2096 1828 2164 accipiant;
1857 2105 1911 2150 et
1957 2097 2057 2150 sub
2086 2113 2227 2164 pra:-

653 2196 797 2243 texlu
827 2187 1181 2257 clecntosyum
1202 2196 1448 2256 qumrunt
1467 2185 1697 2249 divitias,
1729 2202 1846 2255 qum
1870 2188 2037 2255 magis
2064 2203 2227 2241 vena-

654 2280 730 2333 tio
775 2276 1094 2348 appellauda
1138 2287 1240 2343 est,
1285 2292 1446 2347 quam
1498 2277 1855 2347 eleemosymc
1902 2292 2089 2346 genus.
2139 2280 2227 2333 Sic

647 2364 833 2420 bestia:
853 2407 869 2434 ,
896 2366 975 2421 sic
1009 2380 1141 2420 aves
1164 2407 1178 2430 ,
1210 2367 1288 2421 sic
1312 2367 1591 2435 capiuntur
1619 2377 1672 2421 et
1701 2368 1890 2435 pisces.
1931 2367 2130 2422 Modica
2170 2369 2221 2422 iu

652 2456 814 2509 hamo
847 2470 973 2510 esca
1016 2455 1248 2524 ponitur,
1294 2464 1352 2509 ιιι
1404 2464 1767 2510 matronarum
1815 2458 1867 2510 itt
1913 2473 1977 2512 eo
2027 2460 2225 2513 saeculi

650 2546 1050 2613 protrahantur.
1104 2546 1251 2601 Sciat
1306 2547 1626 2615 EpiscOpus,
1685 2549 1769 2602 cui
1805 2550 2094 2604 commissa
2142 2561 2227 2605 est

648 2636 928 2701 Ecclesia,
983 2651 1140 2705 quem
1193 2636 1573 2705 dispensationi
1624 2653 1912 2705 pauperum
1976 2655 2224 2709 curaeque

650 2728 928 2797 pneficiat.
994 2729 1197 2784 MELIUS
1236 2743 1330 2784 asr
1372 2744 1478 2783 non
1525 2729 1720 2784 habere
1762 2730 1901 2797 quod
1953 2730 2178 2784 tribuam
2206 2772 2221 2796 ,

642 2833 803 2886 quam
834 2819 1173 2887 impudenter
1199 2828 1379 2889 petere
1403 2820 1541 2889 quod
1582 2820 1888 2873 recondam.
1919 2820 2021 2875 Sed
2051 2831 2103 2875 ct
2131 2836 2224 2891 ge-

643 2923 744 2962 nus
775 2910 1094 2979 arrogantia:
1135 2919 1237 2973 est,
1291 2910 1694 2965 clementiorem
1744 2920 1794 2964 te
1838 2911 1972 2965 velle
2032 2912 2218 2978 videri,

646 3012 804 3065 quam
828 2996 1066 3051 Pontifex
1097 2998 1293 3053 Christi
1312 3007 1415 3053 est.
1443 2998 1559 3053 Non
1589 3000 1765 3053 omnia
1801 3015 2084 3068 possumus
2106 3016 2221 3054 om-

642 3103 761 3142 nes.
792 3088 943 3142 Alius
968 3090 1019 3142 in
1053 3088 1291 3143 Ecclesia
1318 3090 1506 3143 oculus
1534 3101 1611 3143 est
1643 3129 1657 3143 .
1691 3090 1827 3143 alius
1856 3090 2055 3159 lingua,
2083 3090 2220 3145 alius

645 3191 855 3242 manus,
877 3178 1012 3232 alius
1034 3194 1146 3245 pes,
1168 3180 1335 3244 auris,
1365 3191 1572 3243 venter,
1599 3190 1879 3235 etc:ctera.
1904 3180 2042 3251 Lege
2070 3181 2217 3236 Pauli

642 3267 932 3336 Epistulam
972 3269 1038 3323 ad
1065 3270 1369 3325 Corinthios
1404 3289 1416 3324 :
1445 3274 1713 3339 quomodo
1740 3272 1949 3327 diversa
1978 3274 2216 3328 membra

645 3372 805 3411 unum
833 3373 1029 3427 corpus
1061 3360 1299 3415 efficiunt
1328 3362 1404 3431 (l.
1437 3361 1556 3415 Cor.
1605 3363 1714 3432 1-2).
1750 3363 1857 3417 Nec
1881 3363 2112 3419 rusticus
2139 3372 2218 3417 ta-

640 3465 765 3503 men
786 3459 840 3503 et
868 3450 1092 3520 simplex
1116 3451 1277 3505 frater
1305 3452 1427 3506 ideo
1447 3466 1505 3506 se
1531 3463 1773 3507 sanctum
1805 3463 1954 3522 putet
1972 3494 1988 3519 ,
2012 3456 2059 3510 si
2088 3455 2218 3510 nihil

641 3540 853 3592 noverit
896 3556 910 3591 :
962 3555 1060 3593 nec
1100 3540 1301 3608 peritus
1343 3551 1399 3595 et
1447 3543 1722 3609 eloquens,
1765 3543 1940 3612 lingua
1988 3545 2217 3601 aestimet

640 3628 996 3683 sanctitatem.
1026 3628 1321 3692 Muuooue
1363 3644 1551 3684 nauus
1593 3646 1687 3685 ssr
1717 3647 1748 3686 e
1777 3632 1985 3687 duobus
2011 3633 2211 3703 imper-

643 3720 815 3785 fectis,
862 3721 1209 3776 rusticitatem
1242 3721 1440 3776 habere
1477 3730 1737 3786 sanetam,
1766 3736 1924 3791 quam
1957 3722 2215 3793 eloquen-

641 3810 766 3865 tiam
792 3812 1162 3881 peccatricem.

709 3902 797 3958 10.
827 3901 1153 3974 Temptarunt
1180 3913 1410 3958 ornatus.
1452 3934 1523 3945 —-
1566 3904 1714 3961 Multi
1739 3904 2007 3963 aedificant
2049 3908 2216 3976 parie-

638 4003 740 4057 tes,
793 4002 848 4048 et
897 3995 1175 4048 columnas
1227 3994 1469 4050 ecclesia:
1521 3995 1839 4052 substruont
1894 4014 1910 4050 :
1951 4012 2213 4055 marmora

638 4084 830 4147 nitent,
867 4097 1001 4138 auro
1026 4083 1306 4152 splendent
1328 4085 1621 4156 laquearia,
1651 4087 1881 4157 gemmis
1908 4087 2076 4143 altare
2104 4089 2215 4144 dis-

641 4172 934 4242 tinguitur,
969 4185 1023 4227 et
1068 4174 1432 4230 ministrorum
1477 4176 1678 4232 Christi
1717 4177 1859 4233 nulla
1888 4178 2082 4235 electio
2105 4190 2209 4238 est.

639 4263 820 4333 Neque
838 4278 962 4317 vero
980 4266 1106 4320 mihi
1128 4267 1322 4336 aliquis
1339 4278 1593 4339 opponat,
1612 4268 1761 4325 dives
1781 4268 1835 4324 in
1855 4269 2038 4326 Judtea
2060 4271 2212 4327 Tem-

643 4353 808 4422 plum,
827 4369 1085 4419 mensam,
1107 4355 1371 4424 Iueernas,
1392 4358 1678 4425 thuribula,
1702 4358 1943 4429 patellas,
1957 4361 2207 4432 scyphos,

640 4445 973 4511 mortariola,
1025 4457 1079 4502 et
1124 4459 1316 4503 caetera
1356 4464 1423 4504 ex
1457 4465 1589 4505 auro
1629 4449 1914 4506 fabrefacta
1948 4453 2045 4521 (3.
2084 4453 2208 4524 Reg.

638 4536 694 4591 5.
735 4546 780 4588 ct
807 4537 886 4608 6).
916 4538 1064 4593 Tunc
1094 4538 1206 4594 Iure
1233 4540 1590 4609 probabantur
1638 4556 1668 4594 a
1702 4543 1945 4607 Domino,
1997 4544 2210 4612 quando

637 4626 953 4686 Sacerdotes
989 4629 1188 4685 hostias
1231 4631 1595 4697 immolabant,
1627 4641 1682 4685 et
1707 4633 1921 4700 sanguis
1951 4634 2209 4701 pecudum

634 4732 751 4775 erat
822 4720 982 4791 265
1056 4721 1351 4791 redemptio
1370 4730 1728 4791 peccatorum.
1757 4722 2067 4792 Quanquam
2098 4724 2212 4778 Itazc

634 4813 811 4865 omnia
846 4811 1221 4881 praecesserint
1251 4815 1301 4868 iu
1331 4814 1495 4884 figura
1523 4830 1536 4867 :
1574 4832 1594 4864 ι
1627 4814 1839 4882 Scripta
1877 4823 2003 4868 sunt
2027 4822 2206 4868 autem

636 4911 850 4969 propter
894 4917 1010 4965 nos,
1054 4901 1107 4956 in
1135 4918 1269 4971 qqos
1297 4905 1428 4958 lines
1463 4904 1780 4957 seculorum
1801 4902 2139 4959 devenerunt
2182 4923 2201 4955 ι

634 4993 713 5060 (‘2.
742 4992 861 5048 Cor.
900 4993 989 5048 l0.
1052 4992 1163 5065 11).
1205 4992 1356 5049 Nunc
1385 5008 1512 5048 vero
1544 5008 1664 5048 cum
1707 5002 2071 5065 paupertatem
2101 4994 2205 5050 do-

635 5140 885 5214 exemplar
908 5143 1123 5218 camisia
1147 5143 1269 5218 legit
1292 5159 1379 5218 pro
1402 5145 1638 5218 relinquit:
1657 5182 1672 5205 ,
1691 5155 1750 5218 et
1773 5146 1899 5218 forte
1922 5151 2105 5209 verius,
2134 5151 2205 5199 sic

634 5205 761 5249 enim
775 5204 970 5272 inscribi
987 5204 1501 5269 solebant’hujusmodi
1514 5204 1723 5272 Dialogi,
1744 5216 1796 5259 et
1817 5210 1986 5260 Graece
2009 5204 2207 5272 σνμτὲυσια,

631 5265 1025 5321 cotnpotationes.
1295 5265 1310 5269 ⁷
1656 5265 1682 5272 ⁷
1709 5265 1717 5268 ⁷
2056 5265 2064 5272 ’
2099 5315 2102 5319 .

697 5323 769 5382 (η)
806 5323 1095 5393 Rectissime
1128 5326 1305 5393 Petrus
1334 5327 1666 5393 Cluniacensis
1698 5330 1828 5379 hunc
1862 5330 2021 5380 locum
2046 5345 2201 5393 expo-

633 5381 730 5455 nit,
755 5384 882 5453 quod
909 5391 1092 5455 tantum
1117 5387 1431 5438 admoneatur
1453 5390 1769 5455 Nepotianus,
1794 5393 1841 5438 iu
1861 5394 1984 5453 nigri
2009 5381 2203 5455 aluique

634 5441 811 5508 coloris
834 5457 923 5513 usu
949 5444 1318 5513 fastutn_cavere
1338 5462 1352 5506 ;
1376 5462 1468 5513 non
1502 5441 1555 5513 ut
1586 5452 1665 5498 alii
1692 5456 1744 5500 et
1760 5441 2019 5513 'praaciiitte
2044 5441 2194 5501 Baro-

633 5506 773 5573 nius,
798 5510 851 5550 ut
874 5506 1318 5573 probent__(‘.lerico_s
1340 5510 1603 5573 antiquitus
1642 5506 1804 5573 neque
1838 5506 1938 5561 atra
1965 5523 2102 5562 veste
2129 5516 2200 5560 iu-

844 5557 1007 5621 neque
1044 5565 1182 5625 alba,
1219 5568 1305 5615 sed
1345 5557 1474 5628 ejus',
1518 5557 1598 5631 qui
1640 5557 2197 5635 initi'ui‘iitiiiijit‘é'"cii.

1941 253 2181 311 SANCTI
2219 253 2592 310 lllERONYMI

3819 272 3926 326 556

2343 382 2462 422 mus
2485 382 2594 422 sum
2621 383 2819 439 pauper
2851 371 3103 428 Dominus
3124 374 3403 440 dedicarit,
3444 390 3751 433 LOGI‘I'EIIUS
3791 394 3919 434 cru-

2340 471 2457 511 cem
2483 458 2621 526 ejus,
2673 468 2730 513 et
2762 459 2971 514 divitias
3001 463 3167 516 lutum
3199 466 3522 532 putabimus.
3564 468 3703 535 Quid
3748 471 3917 525 mira-

2342 564 2482 611 mur,
2510 549 2650 617 (μιθά
2678 548 2926 607 Christus
2950 564 3105 607 vocat
3125 554 3363 624 iniquum
3391 561 3737 614 mammona?
3759 563 3917 634 (Luc.

2342 640 2455 710 16.)
2505 640 2640 706 Quid
2685 644 3007 712 suspicimus
3048 645 3142 717 (at.
3191 648 3520 721 suscipimus]
3547 662 3603 707 et
3644 668 3914 719 amamus,

2339 729 2481 797 quod
2501 730 2690 786 Petrus
2707 746 2768 786 se
2787 748 2891 787 non
2919 733 3379 805 habere,gloriose
3405 744 3660 797 testatur?
3680 742 3818 816 (Act.
3834 748 3917 818 5).

2338 818 2553 888 Alioqui
2570 821 2614 873 si
2644 830 2846 876 tantum
2860 824 3091 880 litteram
3113 827 3410 896 sequimur,
3433 840 3490 884 et
3515 831 3567 885 in
3598 848 3733 889 auro
3755 845 3916 907 atque

2340 908 2538 963 divitiis
2564 911 2789 980 simplex
2816 928 2914 967 nos
2947 913 3181 969 delectat
3206 917 3457 984 historia,
3488 936 3610 976 eum
3654 939 3786 979 auro
3813 928 3916 982 ob-

2340 1012 2616 1053 servemus
2651 1011 2708 1056 et
2729 1010 2945 1056 caetera.
2977 1003 3182 1059 Dueant
3225 1006 3513 1064 Pontifices
3539 1011 3758 1080 Christi,
3781 1031 3916 1073 uxo-

2342 1104 2428 1144 res
2443 1092 2675 1161 virgines
2697 1110 2712 1146 :
2733 1095 2979 1163 quamvis
3004 1095 3157 1151 bona:
3183 1099 3377 1153 mentis
3398 1101 3468 1154 sit
3486 1103 3578 1171 qui
3604 1105 3911 1163 cicatricem

2341 1181 2608 1251 habuerit,
2635 1194 2689 1239 et
2716 1182 2975 1240 deformis
2998 1198 3100 1252 est,
3129 1190 3369 1257 privetur
3393 1190 3707 1270 Sacerdotio
3728 1213 3742 1249 :
3761 1197 3907 1268 lepra

2339 1276 2617 1344 corporis,
2665 1277 2860 1331 animae
2914 1278 3057 1332 vitiis
3120 1279 3455 1349 pncferatur.
3502 1285 3823 1343 Crescamus
3857 1298 3914 1344 et

2339 1364 2753 1434 multiplicemur
2773 1407 2790 1433 ,
2815 1375 2868 1423 et
2886 1368 3185 1437 repleamus
3216 1379 3441 1426 terram:
3469 1375 3913 1432 necimmolemus

2339 1467 2553 1522 agnum,
2580 1470 2681 1510 nec
2723 1457 3006 1527 mysticum
3054 1458 3257 1515 Pascha
3296 1462 3627 1520 celebremus
3648 1507 3664 1529 ,
3692 1464 3767 1538 (ὁ)
3790 1468 3913 1537 quia

2340 1542 2454 1599 lucc
2474 1545 2673 1614 absque
2692 1546 2917 1617 Temple
2960 1548 3075 1603 fieri
3112 1550 3229 1620 lege
3261 1552 3625 1621 prohibentur.
3656 1554 3913 1626 Figamus

2338 1634 2565 1704 septimo
2586 1649 2773 1693 mense
2806 1637 3226 1705 tabernaculum,
3275 1650 3333 1696 et
3360 1643 3594 1698 solemne
3638 1644 3908 1712 jejunium

2339 1724 2558 1779 buccina
2599 1740 3006 1796 concrepemus.
3034 1728 3188 1796 Quod
3215 1730 3262 1785 si
3289 1730 3405 1786 lucc
3430 1733 3606 1787 omnia
3649 1735 3913 1802 spiritua-

2339 1815 2477 1870 libus
2496 1817 2791 1886 spiritualia
2810 1828 3203 1889 comparantes,
3221 1823 3555 1893 scientesque
3567 1839 3688 1879 cum
3709 1826 3881 1881 Paulo
3894 1868 3909 1892 ,

2337 1907 2477 1976 quod
2501 1908 2588 1963 lex
2609 1909 2904 1978 spiritualis
2928 1920 3010 1965 est
3030 1909 3208 1981 (llam.
3235 1913 3315 1982 7),
3337 1923 3394 1968 ct
3417 1914 3579 1969 David
3600 1916 3760 1971 verba
3780 1931 3911 1971 can-

2339 1998 2498 2050 tantis
2523 1996 2617 2070 [ιιι.
2644 1999 2924 2070 cantantes]
2960 2018 2973 2054 :
3004 2017 3023 2053 ε
3060 2001 3257 2057 Revela
3285 2003 3470 2059 oculos
3497 2019 3666 2071 meos,
3698 2015 3753 2060 et
3780 2021 3909 2061 con-

2336 2085 2852 2144 sidembomirabilia
2868 2089 2935 2145 de
2964 2091 3077 2161 lege
3103 2100 3192 2146 tua
3239 2109 3259 2145 ι
3289 2091 3406 2165 (Ps.
3436 2095 3561 2149 118.
3588 2093 3700 2164 18),
3727 2097 3804 2150 sic
3824 2096 3907 2150 in-

2337 2177 2654 2247 telligimus,
2697 2187 2755 2233 ut
2786 2179 3041 2235 Dominus
3078 2198 3291 2253 quoque
3324 2193 3509 2238 noster
3533 2185 3813 2252 intellexit,
3853 2198 3905 2242 et

2334 2264 2708 2336 interpretatus
2743 2278 2827 2324 est
2867 2270 3146 2326 sabbatum
3176 2289 3191 2326 :
3217 2284 3308 2328 aut
3329 2288 3518 2329 aurum
3561 2276 3899 2345 repudiemus

2331 2372 2452 2412 eum
2480 2359 2690 2415 caeteris
2714 2361 3185 2429 superstitionibus
3202 2363 3507 2420 Judzeorum
3540 2383 3555 2421 :
3584 2377 3709 2434 aut,
3739 2368 3784 2423 si
3812 2384 3901 2423 au-

2332 2464 2446 2504 rum
2478 2450 2693 2520 placet,
2722 2453 2967 2521 placeant
2988 2464 3044 2508 et
3071 2455 3276 2521 Judaei,
3314 2472 3451 2528 quos
3475 2473 3596 2513 cum
3633 2473 3787 2528 auro,
3817 2471 3911 2515 aut

2332 2540 2558 2608 probare
2576 2542 2730 2597 nobis
2758 2558 2979 2599 necesse
2998 2554 3102 2609 est,
3126 2556 3219 2600 aut
3237 2546 3512 2604 damnare.

2402 2633 2488 2686 11.
2518 2633 2753 2688 Convivia
2783 2637 3041 2705 fugienda.
3066 2638 3399 2694 —-Convivia
3427 2640 3520 2697 tibi
3545 2642 3755 2697 vitanda
3784 2654 3904 2699 sunt

2327 2724 2682 2791 smeularium,
2700 2735 2756 2781 et
2775 2728 3003 2782 maxime
3021 2744 3226 2795 eorum,
3248 2731 3338 2801 qui
3365 2731 3661 2790 honoribus
3677 2745 3898 2790 tument.

2327 2813 2504 2883 'f‘urpe
2530 2824 2613 2871 est
2652 2824 2779 2871 ante
2818 2816 2963 2873 fores
3004 2819 3307 2875 Sacerdotis
3343 2819 3540 2877 Christi
3580 2824 3823 2879 cruciﬁxi
3852 2838 3903 2880 et

2327 2906 2594 2972 pauperis,
2619 2914 2675 2960 et
2698 2906 2787 2975 qui
2812 2906 2934 2961 cibo
2958 2924 3167 2979 quoque
3191 2913 3502 2966 vescebatur
3528 2913 3725 2982 alieno,
3758 2917 3905 2971 licto-

2325 3008 2412 3048 res
2436 2994 2759 3065 Consulum,
2790 3006 2845 3053 et
2869 2999 3061 3054 milites
3087 3002 3352 3057 excubare
3370 3045 3384 3069 ,
3412 3003 3752 3076 judieemque
3778 3024 3901 3077 pro-

2326 3085 2512 3140 vincia:
2560 3087 2753 3144 melius
2796 3089 2939 3159 apud
2983 3100 3035 3146 te
3081 3092 3371 3160 prandere,
3402 3111 3558 3164 quam
3588 3096 3641 3151 iu
3690 3098 3899 3167 palatio.

2323 3175 2475 3240 Quod
2500 3177 2547 3232 si
2571 3178 2877 3235 obtenderis
2904 3189 2956 3236 te
2983 3180 3159 3238 facere
3189 3183 3323 3251 hinc,
3349 3194 3406 3240 ut
3430 3202 3584 3256 roges
3616 3204 3713 3258 pro
3741 3192 3901 3247 mise-

2323 3268 2398 3323 ris
2422 3277 2581 3339 atque
2604 3269 2879 3339 subjectis,
2901 3271 3069 3327 Juosx
3099 3288 3297 3329 sacuu
3325 3277 3441 3345 plus
3460 3277 3665 3334 deferet
3695 3281 3916 3336 Clerioo.

2321 3359 2647 3426 continenti,
2676 3375 2839 3430 quam
2878 3361 3028 3417 diviti
3056 3380 3071 3417 :
3101 3373 3156 3418 ct
3194 3367 3361 3436 magis
3399 3369 3732 3424 sanctitatem
3759 3380 3899 3424 tuam

2321 3447 2678 3514 venerabitur,
2692 3464 2851 3519 quam
2871 3453 3142 3522 opes..Aut
3169 3456 3213 3509 si
3237 3452 3354 3510 talis
3365 3465 3466 3521 est,
3486 3458 3574 3527 qui
3595 3473 3699 3513 nOn
3740 3461 3899 3531 266

2321 3537 2502 3592 audiat
2549 3538 2791 3595 Clericos
2815 3555 2915 3610 pro
2949 3544 3272 3612 quibuslibet
3302 3546 3562 3603 tribulatis
3585 3590 3602 3614 ,
3631 3549 3732 3604 nisi
3763 3551 3897 3605 inter

2321 3626 2525 3695 phialas
2552 3626 2644 3699 [al.
2683 3629 2814 3685 inter
2840 3632 3025 3687 calices
3063 3642 3111 3687 et
3145 3635 3407 3708 phialas],
3444 3636 3671 3694 libenter
3704 3641 3895 3695 carebo

2320 3716 2687 3786 hujuscemodi
2726 3720 3017 3789 beneﬂcio;
3057 3732 3112 3779 et
3151 3724 3417 3781 Christum
3464 3730 3663 3799 rogabo
3688 3746 3785 3801 pro
3807 3732 3893 3802 ju-

2319 3808 2473 3877 dice,
2511 3810 2603 3880 qui
2653 3812 2822 3883 magis
2862 3822 2919 3868 et
2960 3814 3118 3870 citius
3162 3817 3444 3874 subvenire
3484 3828 3689 3889 potest,
3738 3837 3891 3892 quam

2316 3898 2479 3969 judex
2508 3917 2523 3954 :
2557 3919 2578 3953 ο
2606 3900 2793 3958 Melius
2815 3904 2960 3959 enim
2979 3916 3064 3960 est
3082 3907 3357 3965 confidere
3383 3910 3434 3963 in
3470 3910 3714 3978 Domino,
3737 3927 3891 3982 quam

2317 3988 2588 4045 conlidere
2614 3990 2670 4046 in
2714 3991 2948 4048 homine.
2980 3993 3166 4050 Melius
3190 4005 3275 4052 est
3298 4012 3515 4067 sperare
3546 3999 3597 4053 in
3633 4000 3889 4068 Domino,

2316 4091 2474 4147 quam
2499 4093 2716 4149 sperare
2742 4082 2793 4136 in
2826 4084 3148 4155 principibus
3181 4104 3202 4138 ι
3233 4086 3352 4156 (Ps.
3384 4089 3506 4143 117.
3534 4089 3590 4144 8.
3631 4090 3709 4161 9).
3751 4091 3889 4147 Nun-

2316 4183 2475 4238 quam
2506 4172 2684 4227 vinum
2727 4174 2969 4233 redoleas
2988 4216 3005 4243 ,
3051 4194 3120 4234 ne
3147 4179 3332 4237 audias
3375 4181 3504 4237 illud
3534 4183 3840 4255 Philosophi
3871 4204 3886 4240 :

2317 4260 2432 4317 Hoc
2459 4255 2565 4318 non
2594 4273 2675 4323 est
2706 4266 2947 4322 osculum
2984 4266 3296 4339 porrigere,
3344 4273 3438 4328 sed
3478 4274 3659 4329 vinum
3712 4279 3893 4346 propi-

2316 4367 2467 4409 nare.
2496 4352 2808 4411 Vinolentos
2832 4357 3146 4415 Sacerdotes
3171 4371 3222 4415 et
3254 4364 3539 4431 Apostolus
3567 4365 3804 4434 damnat,
3840 4374 3889 4423 ct

2316 4453 2471 4500 vetus
2497 4444 2581 4501 lex
2604 4446 2850 4516 prohibet
2868 4447 3053 4522 (Leuit.
3080 4448 3192 4523 10).
3221 4453 3321 4519 Qui
3348 4455 3538 4509 altario
3559 4455 3887 4523 deserviunt,

2316 4535 2528 4601 vinum,
2570 4546 2626 4591 et
2663 4537 2887 4592 siceram
2927 4554 3031 4593 non
3064 4541 3264 4596 bibant.
3304 4542 3483 4599 Sicera
3514 4545 3735 4600 llebraro
3780 4563 3866 4602 ser

2315 4641 2473 4681 mone
2490 4627 2667 4682 omnis
2692 4630 2837 4697 potio
2863 4641 3216 4700 nuncupatur,
3243 4650 3361 4703 qua:
3389 4635 3654 4692 inebriare
3681 4648 3855 4706 potest
3871 4653 3897 4701 ;,

2314 4716 2427 4770 sive
2482 4717 2571 4771 illa
2617 4734 2736 4788 qua:
2778 4718 3045 4778 frumento
3092 4724 3405 4791 coniicitur;
3453 4727 3566 4780 sive
3612 4742 3887 4796 pomorum

2378 4844 2449 4905 (ll)
2482 4844 2671 4908 Nempe
2710 4851 2947 4900 sancitum
2990 4856 3068 4902 est
3110 4852 3380 4905 Deuteron.
3422 4856 3493 4904 16.
3519 4854 3566 4902 ϐ.
3595 4868 3658 4903 ne
3696 4855 3887 4907 Pascha

2313 4906 2708 4978 ubivisl’oeor‘um
2731 4918 2945 4978 mactare
2960 4913 3179 4978 diceret;
3213 4916 3405 4978 hucque
3429 4916 3668 4978 inprimis
3691 4906 3888 4978 spectat

2313 4966 2572 5040 Augustin.
2600 4968 2865 5040 Betraetat.
2888 4970 2921 5019 Ι.
2952 4974 2995 5022 1.
3023 4988 3127 5036 cap.
3159 4966 3234 5024 i0.
3260 4966 3533 5040 de‘Judtei's
3563 4966 3733 5037 locus;
3756 4966 3884 5040 quiul

2320 5029 2491 5098 «apud
2515 5038 2693 5098 gentes
2713 5032 2982 5098 sacrilieare
3014 5029 3109 5083 non
3142 5042 3394 5098 poterant:
3421 5038 3546 5086 sicut
3569 5052 3656 5085 eos
3680 5029 3732 5088 et
3759 5029 3883 5086 tium-

2312 5090 2535 5161 videmus
2571 5092 2678 5161 sine
2711 5094 2960 5142 sacriﬁciis
2976 5090 3306 5161 remansisse;
3347 5100 3438 5161 nisi
3475 5099 3600 5149 forte
3628 5100 3757 5161 quod
3800 5115 3885 5161 per

2311 5150 2496 5219 Pascha
2521 5152 2764 5200 immolant
2787 5167 2957 5211 ovem,
2976 5156 3064 5219 hoc
3082 5158 3132 5219 in
3153 5150 3387 5219 sacrilieio
3403 5150 3686 5219 deputetur.
3704 5177 3725 5205 ι
3750 5150 3882 5209 Adde

2311 5208 2561 5277 Zenonem
2587 5223 2806 5277 nostrain
2822 5208 2970 5277 serui.
2995 5218 3042 5265 7.
3061 5218 3126 5264 de
3151 5218 3335 5277 Exodo,
3362 5228 3414 5268 et
3430 5208 3583 5270 serm.
3614 5208 3687 5270 l5:
3711 5208 3775 5271 de
3801 5208 3881 5270 eo-

2310 5274 2424 5319 dum
2446 5288 2501 5320 ar
2538 5280 2750 5321 umente.
2778 5274 2964 5331 Priore,
2996 5295 3017 5321 κ
3040 5274 3349 5328 Ρὺπίδῑειιέ(
3369 5281 3738 5331 uetnadmodum
3764 5281 3880 5343 legi-

2314 5332 2485 5380 limtn'n
2502 5288 2691 5381 gasclta
2715 5336 2867 5385 possit
2887 5336 3143 5385 celebrare
3168 5352 3262 5385 non
3288 5295 3449 5385 vltleo.
3473 5343 3612 5385 cuius
3638 5346 3879 5385 oininons.

2314 5334 2485 5400 [intum
2508 5334 2867 5400 Pascltapossit
2887 5336 3143 5400 celebrare
3165 5352 3262 5400 (nou
3288 5334 3449 5400 vldeo,
3473 5343 3612 5400 cujus
3638 5334 3879 5399 eminens,

2312 5393 2645 5456 fatuosumque
2671 5393 2785 5468 illud
2821 5397 3052 5468 templum
3071 5435 3084 5454 ,
3109 5398 3389 5468 miserabili
3408 5393 3675 5468 vasta-tione
3702 5393 3883 5468 campis

2313 5454 2577 5513 a-quatum,
2593 5468 2683 5503 suo
2705 5454 2905 5515 pulvere
2924 5454 3056 5516 jacet
3078 5458 3342 5518 sepultum.
3370 5460 3423 5508 In
3446 5462 3621 5519 altero,
3651 5482 3671 5508 α
3695 5454 3885 5512 Judteos

2314 5514 2585 5584 legitimum
2630 5515 2811 5584 Pascha
2851 5517 3112 5584 celebrare
3160 5532 3255 5584 non
3301 5534 3445 5584 posse
3486 5538 3654 5582 paucis
3690 5526 3879 5584 accipe,

2311 5575 2600 5623 Christiane.
2638 5575 2907 5624 Salomonis
2930 5576 3161 5637 templum
3185 5575 3345 5627 hostili
3374 5575 3643 5631 vastatione
3668 5575 3884 5633 διιὺηῖυτέ

2314 5649 2418 5685 sum
2442 5649 2550 5684 cuin
2574 5638 2710 5685 ruina
2735 5651 2817 5684 sua
2837 5637 2989 5693 jaceat
3017 5637 3279 5695 st-pulttnn,
3308 5642 3388 5688 ubi
3414 5643 3721 5693 sacriﬁcant?
3744 5662 3765 5688 υ
