4078 6198
196 273 314 330 557

201 399 420 451 succo,
462 390 550 438 aut
575 395 695 436 cum
720 377 824 434 favi
861 376 1225 443 decoquuntur
1251 370 1303 423 in
1340 367 1554 423 dulcem
1593 374 1649 420 et
1671 364 1792 419 bar-

202 477 406 531 baram
433 473 696 543 potionem
715 508 734 533 ,
768 473 858 521 aut
880 464 1173 535 palmarum
1198 459 1398 513 fructus
1421 456 1795 526 exprimuntur

204 568 267 622 in
300 542 592 636 liquorem,
632 559 904 626 coctisque
948 554 1219 624 frugibus,
1250 565 1385 621 aqua
1433 546 1678 618 pinguior
1715 542 1793 617 (α)

205 658 509 712 coloratur.
534 649 796 720 Quidquid
824 646 1077 711 inebriat,
1104 652 1161 698 et
1184 650 1379 697 statum
1418 639 1612 693 mentis
1637 649 1793 691 ever-

206 747 294 811 tit,
324 744 458 815 fuge
480 742 722 797 similiter
744 748 802 793 ut
830 738 1028 791 vinum.
1054 733 1161 788 Nec
1181 732 1283 786 hoc
1301 730 1444 796 dico,
1471 728 1612 800 quod
1642 727 1734 781 Dei
1762 740 1792 779 a

173 897 178 902 ,
201 834 369 890 nobis
395 841 643 888 creatura
670 830 949 884 damnetur
978 822 1260 895 (siquidem
1301 831 1356 877 et
1398 820 1655 874 Dominus
1683 815 1791 871 vini

201 933 433 997 potator
462 931 545 980 est
566 921 859 993 appellatus
899 916 1112 988 (Matth.
1144 914 1235 983 ll)
1266 930 1279 967 :
1307 919 1362 966 et
1388 909 1670 966 Timotheo
1692 907 1792 962 do-

199 1016 338 1074 lenti
381 1013 761 1077 stomaehum,
799 1008 1009 1064 modica
1035 1006 1144 1060 vini
1185 1002 1408 1059 sorbitio
1437 1000 1669 1056 relaxata
1711 1005 1796 1052 est

196 1108 278 1178 (l.
302 1104 456 1160 Tim.
486 1104 568 1175 5),
592 1102 687 1158 sed
714 1099 928 1156 modum
958 1111 1056 1166 pro
1082 1095 1254 1150 (etatis
1276 1133 1291 1156 ,
1321 1101 1375 1146 et
1401 1089 1717 1144 valetudinis
1741 1094 1796 1141 et

196 1175 506 1264 corporum
550 1190 802 1260 qualitate
845 1186 1107 1255 exigimus
1148 1182 1203 1236 in
1250 1178 1499 1249 potando.
1553 1175 1705 1244 Quod
1749 1175 1794 1229 si

192 1286 419 1354 absque
444 1282 571 1336 vino
608 1277 772 1333 ardeo
793 1273 1170 1338 adolescentia,
1197 1280 1251 1325 ct
1283 1269 1581 1323 inﬂammor
1616 1264 1795 1319 calore

192 1373 532 1444 sanguinis,
560 1378 616 1425 et
650 1367 961 1424 succulento
994 1362 1272 1431 validoque
1310 1375 1426 1414 sum
1457 1371 1701 1426 corpore,
1733 1356 1794 1409 li-

190 1467 407 1519 benter
453 1460 648 1517 carebo
684 1456 911 1529 poculo,
940 1456 993 1507 in
1034 1466 1140 1522 quo
1183 1449 1415 1519 suspicio
1457 1446 1644 1501 veneni
1691 1452 1791 1499 est.

194 1553 451 1609 Pulchre
476 1550 672 1605 dicitur
691 1546 829 1616 apud
867 1545 1102 1605 Gnaeos,
1132 1548 1187 1595 et
1225 1537 1407 1592 nescio
1433 1550 1499 1589 an
1531 1535 1669 1603 apud
1700 1547 1796 1587 nos

195 1658 361 1713 teque
392 1649 617 1697 resonet
643 1656 659 1695 :
690 1637 906 1707 Pinguis
928 1644 1133 1699 venter,
1159 1646 1268 1686 non
1292 1631 1455 1702 gignit
1474 1629 1549 1700 (b)
1579 1641 1794 1683 sensum

198 1744 428 1789 tenuem
438 1768 453 1782 .

273 1824 371 1880 l2.
418 1821 613 1875 Modus
638 1820 691 1873 in
719 1818 957 1888 jeiuniis.
988 1814 1304 1868 -—Tantum
1336 1810 1427 1864 tibi
1465 1809 1792 1878 jejuniorum

202 1915 430 1972 modum
462 1914 698 1980 impone,
723 1916 978 1980 quantum
1009 1905 1148 1961 ferre
1173 1911 1343 1973 potes.
1370 1901 1488 1957 Sint
1515 1900 1608 1954 tibi
1637 1913 1788 1968 pura,

200 2016 376 2070 casta,
400 2001 686 2070 simplicia,
713 1997 983 2052 moderata
1001 2035 1017 2061 ,
1040 2004 1096 2049 et
1123 2008 1228 2049 non
1266 1989 1629 2061 superstitiosa
1648 1988 1792 2058 jeju-

200 2097 313 2151 nia.
343 2092 495 2161 Quid
521 2091 739 2162 prodest
764 2090 885 2144 oleo
913 2102 1020 2141 non
1051 2085 1214 2151 vesci,
1245 2092 1301 2136 et
1328 2081 1598 2136 molestias
1628 2093 1792 2149 quas-

198 2185 325 2240 dam
355 2180 810 2248 difficultatesque
837 2177 1079 2232 ciborum
1121 2186 1365 2242 quaerere
1382 2211 1397 2235 ,
1423 2183 1642 2239 earycas
1664 2209 1680 2230 .
1709 2168 1793 2236 pi-

196 2291 321 2347 per,
352 2288 564 2338 nuces,
593 2271 884 2342 palmarum
911 2267 1117 2322 fructus
1135 2305 1150 2329 ,
1182 2262 1409 2319 similam
1435 2303 1450 2327 ,
1473 2260 1596 2324 mel,
1626 2259 1792 2328 pista-

197 2367 319 2423 eia?
356 2366 506 2422 Tota
532 2364 809 2419 hortorum
845 2361 1051 2416 cultura
1080 2363 1301 2411 vexatur
1321 2394 1337 2416 ,
1365 2361 1424 2407 ut
1457 2351 1658 2408 cibario
1686 2364 1791 2405 non

195 2472 499 2514 vescamur
525 2470 660 2526 pane
688 2453 783 2527 (c),
802 2461 857 2508 et
880 2452 1007 2507 dum
1032 2448 1252 2504 delicias
1281 2452 1602 2508 sectamura,
1626 2456 1794 2512 regno

195 2548 474 2603 caelorum
522 2543 862 2600 retrahimur.
894 2539 1068 2596 Audio
1103 2544 1360 2607 prmterea
1383 2533 1638 2604 quosdam
1665 2546 1796 2586 con-

195 2648 277 2694 tra
311 2651 511 2693 rerum
546 2635 928 2702 hominumque
951 2638 1214 2693 naturam,
1242 2639 1431 2695 aquam
1457 2638 1561 2678 non
1635 2622 1793 2693 267

196 2728 404 2792 bibere,
421 2739 543 2781 nec
566 2724 711 2779 vesci
729 2736 864 2793 pane
883 2737 900 2787 ;
918 2719 1012 2775 sed
1027 2714 1441 2773 sorbitiunculas
1463 2712 1717 2768 delicatas
1739 2719 1795 2766 et

193 2817 428 2872 contrita
456 2814 620 2869 olera
638 2853 653 2878 ,
692 2813 1043 2880 betarumque
1070 2821 1285 2864 succum
1306 2844 1324 2871 ,
1352 2818 1460 2859 non
1488 2802 1655 2858 calice
1677 2815 1795 2856 sor-

193 2908 353 2973 bere,
413 2904 532 2960 sed
579 2902 802 2959 concha.
848 2900 988 2956 Proh
1037 2898 1241 2970 pudor,
1284 2910 1391 2952 non
1430 2893 1794 2950 erubescimus

193 2994 514 3051 istiusmodi
535 2993 781 3063 ineptiis;
811 3005 910 3045 nec
930 2988 1089 3043 undet
1115 2983 1543 3056 superstitionis!
1577 2981 1794 3049 Insuper

195 3088 356 3144 etiam
381 3087 596 3141 faniam
622 3081 955 3137 abstinentia:
993 3079 1044 3133 in
1089 3075 1295 3131 deliciis
1323 3073 1625 3145 qurerimus.
1656 3069 1794 3123 Fon-

200 3192 451 3234 'l'lSSllllI
500 3172 765 3245 jejunium
793 3176 876 3226 est
915 3182 1048 3236 aqua
1076 3173 1132 3221 et
1159 3165 1331 3234 panis.
1376 3161 1481 3217 Sed
1512 3159 1634 3229 quia
1674 3158 1791 3227 glo-

204 3270 342 3326 riam
383 3282 496 3322 non
542 3262 741 3329 habet,
786 3268 842 3315 et
868 3273 1054 3314 omnes
1092 3271 1227 3326 pane
1268 3261 1323 3309 et
1364 3266 1500 3321 aqua
1544 3249 1790 3316 vivimus,

204 3360 361 3431 quasi
406 3353 681 3427 publicum
717 3358 771 3405 et
815 3361 1097 3403 commune
1134 3342 1394 3413 jejunium
1429 3354 1532 3394 non
1562 3346 1790 3409 putatur.

278 3451 373 3506 1⁸5.
407 3445 592 3502 Gloria
626 3440 867 3496 cavenda.
908 3436 1086 3493 Cultus
1130 3432 1523 3503 superstitiosus.
1553 3459 1626 3470 ——
1651 3429 1793 3484 Cave

208 3558 276 3598 ne
306 3538 591 3595 hominum
627 3529 962 3588 rumusculos
989 3525 1271 3594 aucuperis
1300 3540 1313 3576 :
1345 3536 1414 3577 ne
1456 3522 1508 3575 in
1533 3520 1789 3574 offensam

210 3631 305 3687 Dei
329 3672 346 3696 ,
388 3626 705 3699 populorum
732 3621 942 3679 laudem
969 3625 1284 3675 commutes.
1312 3615 1375 3670 Si
1401 3615 1590 3679 adhuc,
1622 3612 1791 3681 inquit

209 3720 525 3791 Apostolus,
556 3713 837 3770 hominibus
864 3711 1112 3781 placerem
1130 3750 1146 3775 ,
1178 3706 1364 3763 Christi
1390 3721 1560 3760 servus
1586 3721 1685 3758 non
1713 3720 1792 3757 es-

209 3828 313 3865 sem
345 3808 547 3880 (Galat.
575 3806 629 3860 1.
660 3804 773 3874 lo).
805 3801 969 3857 Desiit
991 3800 1207 3870 placere
1238 3796 1561 3860 hominibus,
1589 3803 1643 3848 ct
1671 3808 1789 3846 ser-

211 3914 313 3953 vus
334 3899 509 3952 factus
534 3902 618 3949 est
635 3891 855 3947 Christi.
885 3889 988 3942 Per
1009 3888 1205 3942 bonam
1228 3885 1418 3939 famam
1440 3894 1492 3938 et
1520 3882 1734 3943 malam,
1759 3896 1789 3933 a

207 3986 416 4042 dextris
442 3991 501 4038 et
521 3997 553 4035 a
573 3980 805 4035 sinistris
827 3977 1020 4031 Christi
1037 3976 1192 4030 miles
1211 3973 1449 4043 graditur
1471 3989 1484 4024 :
1510 3987 1608 4025 nec
1634 3968 1792 4024 laudo

206 4073 525 4135 extollitur,
554 4082 655 4123 nec
688 4064 1071 4135 vituperatione
1113 4062 1372 4131 frangitur
1401 4078 1415 4113 :
1447 4076 1555 4114 non
1594 4057 1793 4113 divitiis

207 4171 420 4226 tumet,
459 4174 567 4215 non
613 4155 943 4213 contrahitur
978 4159 1307 4223 paupertate,
1334 4158 1391 4205 et
1436 4150 1554 4203 lazta
1605 4158 1790 4204 conte-

207 4253 367 4317 mnit,
389 4258 446 4306 et
468 4248 655 4305 tristia.
674 4246 779 4302 Per
798 4245 937 4300 diem
962 4244 1041 4298 sol
1063 4257 1168 4297 non
1200 4241 1304 4294 urit
1327 4254 1651 4308 cum,ncque
1671 4239 1793 4292 luna

209 4358 307 4413 per
349 4352 566 4398 noctem
607 4338 727 4409 (Ps.
772 4335 897 4391 120.
942 4335 1023 4405 6).
1070 4332 1206 4387 Nolo
1235 4341 1285 4386 te
1323 4345 1481 4385 orare
1507 4330 1558 4383 in
1586 4328 1794 4398 angulis

211 4432 544 4503 platearum,
574 4443 644 4507 ne
687 4434 894 4482 rectum
944 4425 1046 4479 iter
1091 4436 1308 4491 precum
1338 4428 1546 4475 tuarum
1589 4417 1795 4487 frangat

214 4539 340 4578 aura
368 4521 661 4594 popularis.
703 4518 839 4574 Nolo
864 4525 915 4571 te
932 4516 1157 4571 dilatare
1184 4512 1421 4567 fimbrias
1440 4553 1456 4578 ,
1484 4519 1539 4566 et
1561 4510 1792 4566 ostentui

217 4612 416 4669 habere
441 4609 800 4683 phylacteria,
830 4614 887 4662 et
917 4602 1239 4661 conscientia
1269 4610 1629 4671 repugnante,
1658 4599 1792 4670 pha-

217 4705 405 4761 risaica
428 4703 718 4760 ambitione
740 4698 1059 4756 circumdari
1098 4695 1198 4768 (ιι).
1227 4695 1437 4763 Quanto
1464 4693 1655 4750 melius
1679 4701 1794 4747 erat

276 4856 350 4918 (a)
382 4856 535 4906 Nobis
551 4853 820 4918 legendum
841 4851 1031 4918 videtur
1047 4847 1253 4918 colatur,
1270 4861 1360 4911 pro
1380 4848 1643 4918 celeratur,
1659 4846 1787 4918 quod

218 4908 404 4966 hahént
424 4917 535 4966 libri
557 4908 749 4966 omnes.
772 4912 911 4973 Quod
937 4924 1057 4961 vero
1081 4908 1340 4973 barbaram
1363 4910 1610 4973 potionem
1641 4908 1785 4965 dicit,

222 4987 383 5047 eaque
403 4978 721 5047 barbararum.
730 4970 956 5047 gentium
976 4970 1300 5047 intelligenda
1315 4970 1670 5047 ,‘rnaxime
1701 4981 1783 5047 se;

220 5029 657 5096 pte'tntrionalium,
682 5029 765 5084 alii
796 5046 1015 5084 amaram
1037 5029 1205 5083 voluht
1233 5032 1381 5081 scribi
1413 5031 1675 5089 debuisse,
1697 5029 1788 5079 sed

223 5106 551 5216 “(herbifer
572 5159 776 5205 mentem
791 5168 809 5216 ;
822 5156 909 5205 sed
933 5162 986 5206 et
1004 5155 1227 5206 senarius
1248 5152 1376 5216 apud
1398 5152 1595 5203 Graecos
1615 5162 1790 5201 versus

221 5214 371 5281 habet
388 5233 521 5281 mm
538 5228 676 5281 mir
696 5214 889 5281 λιττδμίρ
909 5230 1021 5268 tum
1037 5230 1136 5267 νόον.

284 5275 354 5345 (ς)
387 5272 510 5345 Haec
524 5272 570 5329 e't
597 5272 720 5345 duim
743 5275 942 5345 delicias
961 5284 1218 5345 sectqnmr,
1239 5288 1272 5345 ᾳ
1292 5287 1443 5345 regno
1463 5272 1693 5345 calorum
1715 5284 1792 5345 re-

220 5336 459 5388 trahimur
481 5340 576 5390 duo
596 5338 714 5389 Mss.
737 5351 836 5388 nun
857 5339 1055 5389 habent.
1075 5336 1229 5388 Paulo
1251 5336 1372 5386 infra
1401 5341 1625 5386 actarum
1648 5344 1789 5383 voca-

221 5397 333 5446 bulo
354 5400 607 5451 centictum
630 5399 762 5450 aliud
788 5408 1052 5451 Baccarum
1069 5400 1323 5450 substituit
1342 5397 1607 5448 Victorius.

241 5520 249 5529 ,
287 5457 353 5532 lt!)
390 5468 505 5512 'rota
523 5463 626 5532 [uec
644 5462 876 5532 pericOpe
896 5461 1071 5532 decem
1089 5460 1196 5532 fere
1220 5472 1468 5517 versuum,
1486 5460 1550 5532 ab
1568 5455 1791 5532 hinc__sc_i:

224 5517 521 5586 luctusque.
539 5520 617 5573 Vis
639 5517 793 5579 scire.
815 5517 868 5572 ἐἰ
894 5524 1024 5586 quod
1047 5524 1289 5586 sentimus
1307 5558 1337 5586 ,7
1362 5530 1533 5583 aperte
1572 5517 1788 5586 profiteri

226 5578 359 5646 licet,
384 5578 465 5633 aut
486 5584 834 5646 hieronymum
856 5578 1102 5635 auctorem
1136 5598 1230 5633 non
1265 5578 1415 5646 habet
1436 5621 1448 5642 ,
1474 5592 1559 5631 aut
1576 5578 1786 5646 'uimium

220 5640 472 5705 depravata
497 5654 600 5703 est,
627 5640 774 5707 atqtte
801 5646 988 5697 inversa
1016 5661 1040 5693 τι
1066 5646 1294 5695 librariis.
1322 5640 1443 5707 Eant
1460 5651 1597 5693 certe
1634 5644 1672 5689 si
1697 5641 1784 5687 ειυ-

1602 249 1942 317 ,EPISTULA
1983 248 2088 303 ιιι.

3370 257 3477 315 538

1901 363 2014 418 hinc
2043 377 2147 417 non
2177 363 2229 416 iu
2257 379 2467 432 corpore
2486 402 2502 428 ,
2536 365 2623 416 sed
2668 365 2720 417 iu
2758 366 2907 419 corde
2928 376 3162 436 gestare;
3204 374 3260 420 et
3303 365 3470 423 Deum

1899 452 2096 505 habere
2125 451 2409 519 fautorem,
2440 467 2547 507 non
2573 461 2823 520 aspectus
2848 453 3122 510 hominum
3138 456 3164 509 ἲ
3188 454 3318 511 Inde
3343 472 3449 525 pen

1897 542 1987 597 det
2006 542 2350 613 Evangelium
2377 541 2500 597 inde
2531 541 2641 597 Lex
2668 550 2723 596 et
2753 541 3070 611 Prophetas;
3101 545 3215 600 sive
3239 559 3391 600 sacra
3421 554 3474 600 et

1896 633 2201 704 Apostoliea
2225 633 2487 688 doctrina.
2536 651 2556 685 ε
2582 631 2769 687 Melius
2793 642 2878 687 est
2904 632 3047 687 enim
3074 632 3189 687 haec
3213 636 3388 689 omnia
3420 635 3473 689 in

1897 733 2078 777 mente
2121 730 2334 792 portare
2360 764 2376 789 ,
2403 737 2563 793 quam
2598 722 2651 776 in
2690 736 2933 790 corpore.
2970 740 2990 774 ι
3022 721 3223 777 Fidelis
3264 739 3471 779 mecum

1895 811 2089 868 Lector
2115 812 2371 883 intelligis
2397 811 2524 882 quid
2554 822 2756 867 taceam
2777 853 2792 879 ,
2823 821 2878 867 et
2901 811 3027 882 quid
3055 813 3223 883 magis
3251 816 3472 870 tacendo

1896 902 2103 972 loquar.
2128 902 2232 957 Tot
2253 911 2304 957 te
2329 903 2550 975 regulae,
2572 911 2700 971 quot
2721 903 2925 973 species
2950 901 3237 973 gloriarum
3264 918 3473 973 percur-

1896 1002 2036 1048 rant.
2061 993 2153 1049 Vis
2187 994 2325 1048 scire
2349 994 2532 1064 quales
2562 993 2817 1049 Dominus
2844 1000 3048 1063 quasrat
3074 994 3336 1048 ornatus?
3367 994 3471 1049 lla-

1895 1083 2020 1140 bcto
2048 1084 2403 1154 prudentiam,
2422 1085 2678 1156 justitiam
2699 1126 2714 1149 ,
2743 1086 3148 1153 temperantiam
3169 1124 3185 1151 ,
3211 1084 3468 1140 fortitudi-

1898 1191 2040 1230 nem.
2063 1175 2159 1232 llis
2177 1176 2301 1232 caeli
2330 1176 2498 1248 plagis
2527 1176 2824 1241 includere,
2859 1176 2972 1230 lucc
3011 1184 3064 1230 te
3088 1176 3343 1246 quadriga
3377 1174 3469 1248 [al.

1897 1267 2110 1321 additur
2130 1268 2181 1320 iu
2206 1265 2423 1339 altum],
2459 1266 2601 1322 velut
2626 1267 2862 1335 aurigam
2900 1265 3135 1333 Christi,
3175 1266 3242 1322 ad
3273 1276 3471 1322 metam

1896 1357 2161 1412 concitum
2186 1355 2280 1427 [al.
2307 1355 2523 1428 concita]
2553 1356 2707 1411 ferat.
2741 1356 2879 1410 Nihil
2916 1356 3019 1411 hoc
3058 1357 3244 1410 monili
3277 1357 3474 1425 pretio.

1898 1446 2040 1513 sius,
2086 1445 2216 1501 nihil
2261 1446 2359 1502 hac
2393 1462 2723 1517 gemmarqu
2755 1448 3007 1502 varietate
3042 1447 3363 1503 distinctius.
3390 1448 3471 1502 Ex

1897 1537 2044 1591 omni
2072 1546 2222 1607 parte
2250 1538 2553 1605 decoraris,
2581 1538 2844 1607 cingeris,
2875 1548 3035 1609 atque
3064 1540 3386 1611 protegeris,
3417 1549 3473 1595 et

1896 1634 2213 1681 ornamento
2257 1626 2351 1680 tibi
2402 1634 2527 1681 sunt
2599 1627 2760 1697 268
2831 1636 2885 1681 et
2934 1629 3215 1695 tutamini,
3246 1643 3471 1698 gemma:

1896 1723 2175 1770 vertuntur
2202 1716 2253 1769 in
2276 1725 2445 1769 scuta.

1965 1807 2053 1861 M.
2080 1804 2473 1860 Obtrectationes
2499 1806 2750 1859 cavendis.
2776 1836 2842 1844 -—
2864 1807 3003 1861 Cave
3022 1822 3255 1877 quoque,
3287 1823 3355 1862 nc
3381 1816 3472 1860 aut

1894 1897 2123 1967 linguam
2149 1904 2240 1951 aut
2277 1910 2435 1950 aures
2461 1895 2655 1951 habeas
2686 1897 3017 1966 prurientes,
3048 1897 3100 1951 id
3131 1905 3247 1961 est,
3287 1912 3356 1951 ne
3381 1909 3472 1951 aut

1894 1989 2010 2058 ipse
2054 1988 2175 2043 aliis
2216 1986 2503 2053 detrahas,
2553 1995 2649 2042 aut
2695 1987 2829 2040 alios
2878 1987 3063 2042 audias
3105 1988 3467 2043 detrahentes.

1901 2100 1920 2133 ι
1948 2081 2174 2147 Sedens,
2205 2080 2407 2149 inquit,
2436 2079 2692 2135 adversus
2722 2077 2941 2134 fratrem
2972 2088 3118 2134 tuum
3146 2080 3469 2151 loquebaris,

1894 2182 1950 2229 et
1988 2173 2245 2228 adversus
2289 2172 2457 2225 filium
2488 2172 2671 2225 matris
2701 2179 2804 2224 tua:
2850 2171 3084 2238 ponebas
3111 2170 3419 2225 scandalum
3455 2190 3468 2224 :

1896 2266 2012 2321 hazc
2039 2264 2209 2320 fecisti
2241 2273 2296 2317 et
2323 2265 2483 2319 tacui.
2516 2261 2848 2318 Existimasti
2877 2262 3074 2329 inique,
3106 2261 3247 2330 quod
3278 2276 3373 2316 ero
3399 2265 3470 2316 tui

1894 2355 2084 2411 similis
2113 2372 2125 2408 :
2158 2358 2345 2423 agnam
2391 2363 2442 2409 te
2471 2362 2525 2409 et
2551 2361 2779 2408 statuam
2820 2361 3006 2407 contra
3050 2350 3239 2406 faciem
3269 2360 3411 2406 tuam
3448 2373 3466 2405 ι

1901 2445 2022 2517 (Ps.
2058 2445 2142 2501 49.
2191 2444 2282 2500 20.
2322 2443 2437 2514 ει).
2481 2443 2560 2514 (d)
2595 2443 2759 2498 Parce
2804 2457 2834 2496 a
2881 2441 3211 2497 detractione
3247 2442 3461 2513 linguai.

1895 2535 2099 2592 custodi
2131 2548 2409 2589 sermones
2435 2541 2577 2598 tuos,
2606 2541 2662 2589 et
2686 2532 2823 2589 scito
2842 2532 2962 2602 quia
2992 2547 3090 2602 per
3109 2542 3322 2599 cuncta,
3351 2549 3470 2600 qua:

1893 2627 1963 2682 de
2000 2626 2118 2681 aliis
2143 2626 2413 2693 loqueris,
2444 2633 2532 2678 tua
2577 2623 2840 2679 sententia
2876 2623 3165 2693 judicaris,
3212 2633 3268 2679 et
3304 2624 3356 2678 in
3389 2624 3472 2679 his

1895 2716 2009 2784 ipse
2043 2714 2470 2782 deprehenderis
2490 2755 2508 2781 ,
2553 2729 2674 2785 qua:
2698 2714 2749 2769 in
2780 2712 2898 2767 aliis
2926 2714 3205 2783 arguebas.
3244 2734 3264 2767 ε
3289 2713 3471 2783 Neque

1893 2820 2023 2860 vero
2052 2805 2138 2859 illa
2165 2805 2307 2875 justa
2333 2814 2415 2859 est
2439 2803 2737 2870 excusatio,
2768 2801 3151 2858 Referentibus
3178 2803 3298 2857 aliis
3327 2803 3470 2871 inju-

1894 2897 2028 2953 riam
2069 2897 2243 2951 facere
2272 2911 2378 2950 non
2406 2908 2644 2964 possum.
2680 2912 2700 2945 ι
2733 2893 2903 2947 Nemo
2939 2894 3106 2946 invito
3132 2891 3361 2946 auditori
3403 2891 3469 2944 li-

1894 2986 2085 3041 benter
2127 2984 2312 3040 refert.
2346 2984 2545 3053 Sagitta
2574 2983 2627 3036 in
2657 2982 2888 3052 lapidem
2936 2996 3205 3051 nunquam
3256 2981 3467 3051 figitur,

1895 3076 2158 3133 interdum
2204 3076 2450 3131 resiliens
2496 3074 2725 3144 percutit
2767 3073 3104 3143 dirigentem.
3152 3072 3330 3127 Discat
3374 3072 3470 3126 de-

1896 3176 2113 3231 tractor,
2143 3166 2268 3220 dum
2301 3176 2353 3221 te
2377 3165 2523 3220 videt
2552 3180 2657 3219 non
2684 3164 2911 3218 libenter
2948 3163 3154 3231 audire,
3180 3180 3286 3219 non
3316 3165 3468 3219 facile

1895 3257 2180 3316 detrahere
2212 3274 2226 3310 :
2278 3276 2297 3308 ι
2330 3257 2463 3311 Cum
2493 3254 2883 3310 detractoribus
2908 3295 2923 3317 ,
2970 3256 3045 3308 ait
3079 3254 3330 3310 Salomon
3355 3296 3369 3318 ,
3404 3270 3470 3309 ne

1895 3350 2172 3421 miscearis
2191 3390 2206 3413 ,
2236 3348 2487 3418 quoniam
2530 3355 2751 3416 repente
2781 3345 2961 3400 veniet
2987 3345 3216 3415 perditio
3241 3360 3427 3399 eorum
3452 3387 3466 3411 ,

1894 3452 1949 3500 et
1974 3443 2179 3498 ruinam
2208 3441 2481 3508 utriusque
2508 3438 2628 3509 quis
2655 3435 2841 3492 novit?
2876 3455 2896 3488 ι
2931 3434 3111 3506 (Prov.
3136 3435 3226 3490 24.
3253 3434 3342 3490 ει.
3372 3435 3467 3505 22)

1895 3544 2003 3589 tam
2033 3533 2283 3588 videlicet
2309 3531 2424 3600 ejus
2462 3529 2553 3599 qui
2579 3526 2849 3594 detrahit,
2878 3542 3039 3597 quam
3078 3526 3221 3582 illius
3248 3527 3338 3597 qui
3367 3540 3465 3581 au-

1892 3641 2004 3685 rem
2032 3622 2397 3679 accommodat
2417 3618 2741 3675 detrahenti.

1963 3715 2052 3770 15.
2082 3714 2354 3769 Silentium
2379 3721 2427 3766 et
2452 3718 2716 3765 secretum.
2744 3737 2815 3747 —
2839 3706 3010 3762 Officii
3040 3709 3112 3761 tui
3143 3717 3226 3762 est
3254 3708 3469 3764 visitare

1893 3806 2239 3876 languentes,
2288 3817 2449 3856 nosse
2489 3800 2679 3854 domos
2725 3808 3086 3851 matronarum
3114 3837 3130 3862 ,
3177 3812 3242 3850 ac
3270 3797 3469 3851 liberos

1892 3912 2098 3961 earum,
2121 3903 2173 3949 et
2200 3892 2456 3946 nobilium
2484 3890 2719 3941 virorum
2744 3885 3016 3939 custodire
3043 3892 3271 3938 secreta.
3296 3885 3468 3939 Officii

1894 3991 1968 4044 tui
1994 3989 2082 4051 sit,
2116 3999 2223 4039 non
2254 3983 2427 4037 solum
2456 3978 2641 4034 oculos
2666 3985 2844 4032 castos
2874 3990 3114 4040 servare,
3159 3973 3253 4028 sed
3279 3983 3335 4028 et
3363 3974 3467 4050 Iin-

1892 4094 2071 4151 guam.
2102 4076 2379 4145 Nunquam
2406 4071 2473 4127 de
2511 4069 2696 4125 formis
2737 4066 3021 4123 mulierum
3065 4065 3337 4135 disputes,
3371 4079 3470 4120 nec

1894 4353 2025 4413 leas,
2048 4354 2231 4413 Optime
2255 4348 2515 4398 contextus
2538 4345 2750 4413 ﬂuct;_s_i
2772 4344 3266 4413 retin-eas,implexa
3302 4345 3463 4413 omnia

1878 4404 2037 4472 .snnt',
2059 4404 2390 4473 abruptusque
2412 4419 2606 4473 sensus.
2632 4404 2703 4473 Ad
2728 4406 2834 4454 haec
2865 4404 3048 4473 distant
3076 4404 3222 4473 quam
3254 4408 3469 4473 maxime

1896 4482 1950 4525 et
1972 4467 2166 4531 verbis,
2184 4467 2246 4521 ἐι
2268 4467 2408 4520 serie
2431 4469 2609 4531 editia
2633 4468 2773 4526 Mss,
2797 4475 2947 4531 atque
2970 4467 3051 4531 isti
3074 4467 3209 4531 inter
3235 4480 3292 4517 se
3331 4467 3463 4531 quod

1895 4536 2103 4595 alterum
2135 4526 2446 4595 glossematis
2483 4530 2714 4595 indicium
2748 4536 2844 4595 est;
2868 4526 3045 4595 'Verba
3073 4544 3108 4595 ε
3124 4526 3245 4595 lude
3284 4526 3469 4595 pendet

1894 4588 2239 4659 Evangelium,
2257 4593 2380 4659 inde
2402 4591 2507 4659 Lex
2535 4588 2970 4659 (_l_llartian_._l.‘.rux)
2999 4596 3053 4638 et
3073 4588 3356 4659 Propheta.
3384 4588 3463 4659 Fi-

1892 4658 2019 4708 delis
2029 4649 2237 4706 ‘t'nccum’
2254 4654 2429 4715 Lector
2450 4649 2684 4715 intelligis
2698 4650 2815 4715 quid
2832 4649 3037 4715 taceam,
3058 4656 3111 4699 et
3129 4650 3245 4715 quid
3265 4649 3471 4715 tacendo

1894 4719 2081 4777 loquar.
2106 4718 2201 4767 Tot
2228 4714 2418 4777 regulaa
2438 4720 2557 4777 quot
2585 4707 2785 4777 species
2806 4707 3101 4777 gloriarum,
3126 4707 3160 4753 ι’
3179 4710 3270 4756 hoc
3283 4707 3467 4777 ordine

1895 4768 1944 4830 in
1962 4768 2089 4841 Mss.
2114 4768 2530 4841 prteferuntur,'et
2552 4768 2748 4841 statim,
2988 4768 3159 4841 melius
3190 4773 3293 4841 erat
3313 4805 3326 4825 ,
3368 4775 3466 4841 etc.

1895 4828 2131 4901 Quivordo'
2145 4840 2239 4888 etsi
2262 4828 2592 4901 praeposterus
2614 4836 2722 4901 aliis
2735 4828 3032 4901 editoribus!
3055 4831 3187 4901 visus
3221 4829 3316 4885 sit,
3340 4828 3463 4875 anti-

1893 4894 2032 4965 quior
2057 4910 2218 4950 tamen
2242 4894 2347 4965 est,
2363 4894 2747 4965 'etponcinuior,
2774 4905 2988 4965 eumque
3021 4894 3223 4965 tantum.
3248 4902 3346 4935 nou
3379 4901 3458 4936 se-

1930 4946 2565 5022 dimugwquod'tOtusloeus
2586 4946 2975 5022 satius'vitleat'ur
3007 4961 3100 5022 una
3120 4946 3261 5022 litura
3286 4961 3455 4996 einen-

1925 5008 2347 5073 εὶῖιῖιῖέίῦἆξιὲιίιω
2361 5020 2507 5067 etiam
2524 5016 2811 5079 quibusdam
2829 5008 3279 5079 interpolatiouihus
3291 5016 3441 5079 scatet
3451 5045 3464 5066 ,

1894 5066 2473 5136 ﬁi'i‘ei-‘tiﬁ‘aié’ma,
2498 5066 2834 5139 et'Apostolica
2855 5066 3111 5139 doet'tiua,
3136 5066 3397 5139 _et_vor_:}_ilis
3420 5074 3465 5139 te

1893 5129 2229 5205 sitsi-agunt.
2252 5147 2302 5205 et
2322 5129 2555 5188 vanorum
2573 5129 2879 5200 percurram,
2903 5143 3012 5192 qua:
3034 5130 3149 5192 quid
3169 5129 3465 5192 significent,

1894 5202 2205 5255 omuino'non
2226 5202 2389 5251 video.

1956 5250 2296 5326 (3)7'Sequens
2317 5260 2561 5326 integrum
2587 5268 2774 5326 comma
2791 5253 2955 5326 longe
2979 5250 3122 5300 aliter
3146 5250 3462 5326 Cistereiens.

1956 5271 2035 5326 (α)
2069 5271 2296 5325 Sequens
2317 5271 2561 5368 mttigrum
2587 5271 2774 5306 comma
2807 5271 2955 5315 longe
2979 5271 3122 5300 auter
3146 5271 3462 5303 ustor-ciens.

1893 5326 2018 5388 legit
2054 5337 2118 5373 ex
2450 5321 2496 5369 ei
2516 5332 2533 5388 ξ
2564 5316 2903 5388 «Subauditur:
2940 5318 3467 5388 sortitionesttuoshet

1896 5373 2067 5437 cuncta
2089 5373 2199 5447 quie
2216 5383 2284 5447 de
2306 5380 2417 5447 aliis
2439 5393 2496 5430 es
2516 5378 2741 5447 locutus,_
2751 5383 2808 5427 ut
2825 5384 2913 5447 tua
2934 5376 3185 5447 sententia
3208 5373 3461 5447 iudiceris,

1894 5432 2176 5507 itu—hishiﬁse
2198 5442 2541 5507 deprehensus
2558 5476 2572 5500 ,
2596 5432 2777 5503 quzein
2796 5438 2906 5487 aliis
2924 5437 3186 5507 arguebas.
3211 5432 3235 5479 in
3267 5432 3463 5507 Reliqui

1894 5510 2008 5561 Mss.
2036 5497 2179 5566 libri,
2199 5497 2322 5570 quos
2342 5497 2816 5570 sequimur,'n_t_agno
2839 5511 3044 5570 munero
3068 5497 3115 5570 in
3148 5498 3242 5570 hac
3274 5502 3461 5546 tantum

1896 5556 2014 5621 iace
2052 5556 2283 5619 senténiia
2321 5579 2349 5615 a
2395 5556 2611 5628 vulgatis
2647 5556 2904 5622 differunt,
2949 5559 3033 5623 qui
3077 5556 3309 5622 legebant
3350 5568 3459 5607 con-

1896 5630 2108 5687 scientia.
