4078 6198
152 264 254 338 εις

155 409 358 470 raptus
398 412 428 450 a
462 394 641 465 piratis
675 398 724 446 et
767 389 1126 454 venundatus,
1167 388 1326 443 etiam
1360 399 1585 458 tyranno
1612 404 1738 441 cru-

158 490 454 543 delissimo
479 482 748 555 (Dionysio
775 481 990 548 Siciliae)
1017 480 1210 549 paruit,
1239 480 1496 547 captivus,
1514 479 1745 542 vinctus,

159 590 217 634 et
260 594 492 640 servus;
526 584 696 629 tamen
734 571 855 641 quia
887 569 1245 639 Philosophus
1268 611 1284 636 ,
1319 568 1492 637 major
1536 577 1749 622 emeute

154 680 224 722 se
249 667 387 721 fuit.
427 664 504 719 Ad
539 654 601 718 τ.
648 661 854 716 Livium
900 660 1073 714 lacteo
1111 659 1429 728 eloquentia:
1457 657 1601 713 fonte
1641 672 1755 711 ma-

1545 272 1866 330 EPlSTOLA
1911 276 2037 331 LIII.

3326 288 3433 345 54']

1858 397 1957 441 est.
1989 388 2109 443 Non
2139 391 2265 458 quid
2295 390 2556 453 invenias,
2582 394 2674 446 sed
2705 395 2828 463 quid
2858 412 3086 465 quaeras,
3116 400 3426 455 considera-

1858 493 1998 533 mus.
2030 479 2202 535 Mollis
2232 497 2356 536 cera
2388 494 2442 536 et
2473 483 2538 535 ad
2570 484 2905 539 formandum
2957 490 3148 554 facilis,
3176 492 3336 545 etiam
3385 495 3432 548 si

1858 568 2078 622 artiﬁcis
2108 580 2159 624 ct
2180 572 2365 639 plasta:
2390 582 2604 627 cessent
2629 588 2817 627 manus
2832 576 2924 644 (e),
2951 585 3125 631 tamen
3154 597 3212 650 τῇ
3238 586 3429 648 δυνάμει

1862 667 2028 715 totum
2070 671 2191 727 est,
2224 662 2478 732 quidquid
2510 678 2630 717 esse
2684 676 2879 733 p0test.
2911 666 3108 721 Paulus
3135 670 3425 738 Apostolus

159 766 413 819 nantem,
444 755 509 808 de
535 752 737 807 ultimis
756 750 1022 820 Hispania:
1049 748 1103 821 (a
1126 748 1412 816 Gadibus,)
1437 748 1753 803 Galliarum-
1816 752 1925 805 ’θα
1958 752 2121 821 pedes
2149 752 2461 808 Gamalielis
2491 754 2659 823 legem
2685 754 2848 824 Moysi
2875 767 2927 809 et
2956 756 3254 826 PrOphetas
3300 762 3437 815 dmi-

160 863 269 917 que
292 845 493 899 ﬁnibus
519 842 777 913 quosdam
806 841 1019 895 venisse
1041 840 1249 894 nobiles
1270 840 1528 908 legimus;
1552 846 1755 905 etquos

162 938 231 992 ad
261 934 788 1003 contemplationem
837 934 918 986 sui
948 930 1119 985 Roma
1165 942 1272 985 non
1315 936 1570 994 traxerat,
1599 927 1754 981 unius

162 1028 409 1084 hominis
455 1027 591 1080 fama
626 1023 896 1094 perduxit.
927 1021 1125 1076 Habuit
1160 1020 1248 1075 illa
1294 1031 1425 1074 tetas
1456 1016 1753 1072 inauditum

161 1119 426 1174 omnibus
482 1115 694 1171 sanettlis
759 1108 1246 1179 celebrandumque
1297 1108 1650 1171 miraculum,
1699 1114 1757 1159 ut

161 1208 358 1264 urbem
383 1215 589 1261 tantam
616 1202 865 1273 ingressi,
894 1200 1037 1255 aliud
1057 1209 1205 1255 extra
1228 1198 1412 1253 urbem
1434 1206 1755 1267 qumrerent.

161 1299 493 1371 Apollonius
518 1296 654 1366 (sive
689 1293 780 1347 ille
810 1292 1012 1360 Magos,
1046 1299 1103 1344 ut
1135 1289 1322 1359 vulgus
1347 1288 1604 1357 hquitur,
1643 1288 1756 1342 sive

161 1388 563 1457 Philosophus.
592 1392 650 1439 ut
669 1381 1009 1453 Pythagorici
1040 1376 1277 1449 tradunt)
1307 1378 1521 1432 intravit
1541 1377 1752 1441 Persas,

160 1480 523 1553 pertransivit
549 1476 866 1540 Caucasum,
896 1474 1152 1540 Albanos,
1192 1470 1450 1542 Scythas,
1490 1469 1756 1539 Massage-

160 1585 269 1637 tas,
337 1567 755 1639 Opulentissima
803 1564 967 1619 India:
1011 1577 1174 1633 regna
1218 1561 1520 1631 penetravit
1555 1577 1570 1613 :
1600 1569 1653 1615 et
1690 1559 1758 1614 ad

163 1672 478 1721 extremum
503 1658 762 1713 latissimo
791 1653 1010 1727 Physon
1034 1666 1190 1709 amne
1215 1654 1448 1724 (Gange)
1478 1653 1759 1707 transmis-

166 1770 252 1818 so,
275 1750 532 1822 pervenit
558 1748 626 1802 ad
666 1745 1063 1805 Brachmanas;
1095 1754 1153 1797 ut
1178 1743 1431 1798 Hiarcam
1464 1743 1518 1797 in
1562 1741 1759 1796 throno

165 1844 454 1902 sedentem
500 1852 665 1895 aureo
693 1838 771 1907 (α)
813 1844 869 1891 et
905 1835 974 1891 de
1002 1832 1213 1890 Tantali
1257 1832 1404 1887 fonte
1434 1840 1748 1901 potantem,

169 1938 313 1992 inter
354 1945 562 2005 paucos
590 1927 905 1999 discipulos,
948 1926 1016 1982 de
1042 1934 1252 1989 natura,
1282 1923 1350 1977 de
1377 1922 1637 1987 motibus,
1681 1930 1746 1977 ac

168 2026 411 2082 siderum
433 2035 598 2099 cursu
626 2019 837 2074 audiret
859 2017 1140 2072 docentem
1164 2032 1177 2067 :
1204 2012 1328 2068 inde
1348 2026 1445 2082 per
1471 2011 1755 2076 Elamitas,

170 2114 538 2187 Babylonios,
566 2108 873 2175 Chaldaeos,
917 2105 1120 2172 Medos,
1176 2104 1451 2175 Assyrios,
1497 2103 1756 2167 Parthos,

168 2207 358 2277 Syros,
412 2202 740 2267 Phoenices,
805 2198 1008 2253 Arabes
1034 2238 1049 2264 ,
1100 2196 1415 2250 Pztlaistinos
1441 2234 1458 2259 ,
1513 2204 1763 2248 reversus

173 2294 588 2358 Alexandriam,
631 2289 866 2361 perrexit
890 2287 1241 2356 Ethiopiatu,
1270 2294 1327 2340 ut
1365 2283 1762 2356 GymnosOphi-

171 2387 314 2451 stas,
372 2392 428 2437 et
465 2380 874 2435 famosissimam
903 2376 1045 2433 Solis
1075 2389 1314 2431 mensam
1346 2373 1553 2429 videret
1588 2373 1643 2427 in
1672 2388 1761 2427 sa-

170 2474 321 2529 bulo.
349 2470 567 2526 invenit
590 2470 682 2524 ille
727 2470 809 2523 vir
843 2467 1039 2537 ubique
1065 2465 1206 2536 quod
1248 2465 1483 2520 disceret
1507 2483 1519 2518 :
1539 2472 1596 2519 et
1623 2476 1766 2518 sem;

172 2578 272 2634 per
328 2560 649 2632 proﬁciens,
705 2572 920 2629 semper
970 2570 1029 2612 se
1085 2555 1277 2611 melior
1329 2556 1499 2610 ﬁeret.
1537 2554 1765 2623 Scripsit

154 2636 341 2727 super
365 2655 484 2709 hoc
510 2652 824 2723 plenissime
848 2660 971 2705 octo
995 2649 1355 2705 voluminibus
1386 2647 1759 2703 Philostratus.

243 2748 299 2802 2.
328 2746 481 2816 Quid
520 2746 709 2815 loquar
734 2742 801 2799 de
849 2741 1025 2798 εαξῤυί
1078 2738 1424 2795 hominibus?
1465 2753 1586 2793 cum
1619 2740 1763 2807 Apo-

178 2837 350 2892 stolus
373 2835 583 2891 Paulus
603 2849 698 2888 vas
726 2831 1006 2887 electionis
1034 2839 1089 2884 et
1108 2831 1364 2900 magister
1386 2828 1650 2898 gentium,
1675 2828 1764 2897 qui

176 2923 244 2983 de
272 2926 618 2982 conscientia
672 2923 804 2978 tanti
859 2923 912 2976 in
954 2932 1014 2976 se
1058 2921 1286 2991 hOSpitis
1316 2920 1653 2990 loquebatur.
1686 2920 1763 2972 An

177 3018 591 3087 experimentum
641 3013 871 3083 quaeritis
907 3014 1015 3081 ejus
1061 3013 1146 3081 qui
1173 3012 1226 3065 in
1256 3027 1335 3065 me
1370 3011 1592 3081 loquitur
1612 3009 1762 3064 Chri-

181 3120 260 3164 tus
282 3111 307 3164 ?
333 3109 353 3182 (
382 3109 445 3162 2.
499 3104 619 3161 Cor.
654 3106 743 3159 15.
777 3103 856 3174 3.)
908 3114 1026 3171 post
1055 3104 1369 3156 Damascum
1413 3100 1771 3167 Arabiamque

183 3202 501 3263 lustratam,
543 3195 850 3251 ascenderit
893 3193 1306 3263 Jerosolymam,
1353 3201 1411 3245 ut
1440 3189 1646 3245 videret
1676 3188 1772 3243 Pe-

184 3301 350 3357 trum,
381 3300 444 3344 et
474 3285 737 3341 manserit
761 3283 899 3353 apud
920 3297 1042 3336 eum
1073 3282 1264 3335 diebus
1298 3279 1628 3349 quindecim.
1658 3278 1773 3333 Hoc

182 3374 328 3435 enim
360 3376 629 3450 mysterio
652 3371 1001 3430 hebdomadis
1021 3378 1076 3427 et
1101 3370 1375 3439 ogdoadis,
1406 3369 1611 3424 futurus
1630 3362 1774 3424 Gen-

190 3471 322 3524 tium
372 3466 703 3539 pra‘dicator
733 3462 1078 3519 instruendus
1125 3468 1261 3518 erat.
1292 3461 1629 3530 Rursumque
1660 3468 1779 3529 post

187 3576 357 3615 annos
402 3555 807 3629 quatuortlecim
828 3595 845 3622 ,
873 3558 1149 3620 assumpto
1177 3551 1418 3607 Barnaba
1460 3559 1515 3605 et
1537 3549 1658 3606 τίω
1685 3559 1780 3606 e'x-

191 3652 433 3722 posuerit
469 3647 742 3717 Apostolis
770 3645 1143 3716 Evangelium,
1173 3657 1242 3699 ne
1287 3641 1427 3699 forte
1473 3643 1525 3697 iu
1551 3657 1776 3699 vacuum

191 3752 461 3809 curreret,
537 3738 698 3810 2³12
768 3746 863 3791 aut
887 3735 1235 3792 cucurrisset.
1254 3734 1424 3790 liabet
1446 3734 1628 3790 nescio
1651 3731 1778 3804 quid

196 3834 417 3888 latentis
433 3831 668 3900 energiaa
684 3828 802 3882 viva
825 3842 928 3882 vox
950 3843 966 3892 ;
993 3836 1049 3883 et
1070 3828 1122 3881 in
1142 3840 1300 3882 aures
1320 3825 1568 3897 discipuli
1589 3825 1656 3880 de
1680 3841 1778 3879 aue

195 3923 364 3978 ctoris
394 3935 493 3976 ore
520 3917 786 3973 transfusa
811 3915 1001 3972 fortius
1020 3925 1195 3971 sonat.
1218 3915 1373 3972 Unde
1400 3926 1456 3971 et
1481 3916 1779 3986 Escltyues,

194 4028 320 4069 eum
370 4010 550 4065 Rhodi
598 4009 878 4071 exularet;
905 4015 961 4062 et
989 4007 1256 4076 legeretur
1290 4007 1376 4060 illa
1406 4007 1783 4062 Demosthenis

195 4099 409 4165 Oratio,
461 4111 621 4167 quam
661 4095 919 4150 adversus
956 4109 1079 4150 eum
1124 4093 1403 4156 habuerat.
1460 4095 1780 4149 mirantibus

201 4188 415 4245 cunctis
444 4196 604 4257 atque
626 4184 989 4252 laudantibus,
1021 4184 1304 4253 suspirans
1329 4184 1403 4237 ait
1432 4182 1506 4256 (b)
1534 4184 1707 4250 :Quid
1736 4184 1783 4239 si

204 4283 374 4351 ipsam
396 4279 687 4335 audissetis
719 4276 965 4339 bestiam,
999 4291 1094 4330 sua
1138 4276 1300 4328 verba
1331 4275 1716 4329 resonantem?

274 4374 326 4427 5.
360 4371 489 4426 ιιωο
519 4384 629 4424 non
648 4367 788 4431 dico,
813 4364 954 4435 quod
980 4366 1048 4420 sit
1071 4366 1128 4419 in
1152 4379 1239 4419 me
1266 4364 1465 4433 aliquid
1496 4364 1622 4429 tale,
1644 4362 1786 4432 quod

208 4461 292 4517 vel
323 4461 518 4531 possis,
550 4458 639 4514 vel
670 4457 805 4512 velis
832 4456 1039 4511 discere
1066 4472 1078 4508 :
1111 4453 1204 4509 sed
1231 4454 1375 4524 quod
1403 4454 1564 4509 ardor
1579 4463 1701 4509 tuus
1723 4468 1787 4509 ac

209 4552 446 4607 discendi
473 4550 733 4615 studium,
760 4548 923 4603 etiam
950 4546 1154 4616 absque
1181 4545 1338 4600 nobis
1357 4560 1454 4615 per
1477 4560 1542 4600 se
1570 4546 1784 4615 probari

212 4642 421 4701 debeat.
467 4643 741 4715 Ingeniqu
796 4638 1008 4705 docile,
1041 4649 1095 4694 et
1124 4639 1241 4694 sine
1270 4637 1493 4694 doctore
1522 4637 1786 4695 laudabile

275 4879 348 4941 (α)
379 4882 496 4932 Eam
518 4882 760 4946 intellige,
783 4893 893 4955 qua;
915 4881 967 4930 in
987 4872 1215 4955 iiiarclue
1232 4879 1400 4929 schola
1427 4887 1550 4939 erat,
1578 4886 1782 4930 statuam

215 4934 466 5005 Tantalum
487 4942 787 5005 referentem
808 4981 821 5002 ,
848 4957 897 4992 m
924 4955 1063 5005 cujus
1094 4950 1238 5005 manu
1274 4940 1496 5005 poculum
1521 4949 1788 5005 erat__aqua

221 4981 449 5066 ιῖιῖἱιῐίιῖζ
455 4981 911 5066 λιῶἷέἶίἶῖξείὶίθῖι
925 4981 1090 5066 ἷὶἷξῖὄε
1095 4981 1787 5066 ὗέιίἰὶιίὶῖὲἱιῑὶξίυῖίιῗὶιῖὲιιῐ

218 5071 388 5127 nymus
411 5060 590 5110 fontem
608 5060 768 5127 vocat',
791 5065 917 5127 quod
933 5060 1119 5127 nempe
1130 5060 1373 5127 quantum
1399 5063 1512 5127 inde
1528 5064 1788 5127 haurieba-

218 5125 524 5191 tur,_.ta_ntt_tm
559 5125 785 5191 continuo
810 5124 1119 5191 suppeteret.
1158 5124 1786 5191 ljistoriam__i_’h_ilostt_'atus

218 5181 366 5248 tradit
389 5180 492 5248 l_.__5.
516 5195 559 5231 c.
584 5183 629 5248 Ἰ.
654 5180 943 5248 Superiores
975 5199 1097 5248 quas
1122 5200 1148 5234 a
1174 5185 1394 5242 Laertio,
1416 5184 1607 5248 Plinio,
1632 5184 1790 5248 Bero-

220 5199 366 5228 trauu
389 5199 421 5229 I.
443 5199 492 5232 ο.
516 5199 559 5231 c.
592 5199 629 5232 ι.
654 5199 723 5232 δη
744 5199 943 5234 tenores
975 5199 1097 5248 quas
1122 5200 1148 5234 a
1174 5199 1394 5242 Laeruo,
1418 5199 1575 5234 rnmo
1591 5218 1607 5241 ,
1633 5199 1789 5233 uero-

217 5240 353 5312 tlpto,
374 5241 579 5312 aliisque
595 5242 693 5293 late
709 5199 944 5312 didicisse
967 5248 1167 5307 poteris,
1185 5259 1281 5312 non
1299 5258 1572 5312 moramur.
1584 5245 1789 5294 Interim

220 5298 440 5369 Diartian.
473 5298 662 5369 legerat
685 5306 748 5354 de
769 5298 985 5369 moribus
1016 5319 1103 5369 pro
1137 5298 1373 5366 motibus;
1398 5308 1639 5357 Victorius
1671 5318 1789 5369 vero

218 5359 279 5430 de
298 5359 764 5430 moribusgiderunt,
798 5379 859 5416 ac
882 5359 1072 5430 diern'm
1093 5381 1257 5430 cursu.
1276 5359 1440 5430 ,Ve'tus
1456 5380 1660 5430 quoque
1685 5366 1787 5414 lau-

220 5420 323 5492 data
348 5425 494 5492 editio
510 5420 780 5492 Bibliorum
794 5461 811 5492 ι
834 5431 900 5479 ita
923 5429 972 5477 in
994 5429 1084 5492 hac
1105 5428 1321 5492 Epistola
1345 5420 1544 5492 prafért
1565 5420 1594 5490 ,’
1608 5429 1669 5478 de
1702 5440 1790 5476 na-

220 5484 341 5548 ηυῖᾳ,
364 5486 425 5548 de
444 5488 672 5548 moribus,
697 5501 756 5539 ac
780 5484 841 5540 de
863 5503 1010 5542 cursu
1031 5484 1223 5541 dierum
1244 5504 1302 5540 ac
1326 5484 1557 5542 siderum.

278 5544 348 5623 ξιξ)
376 5546 547 5623 ςίυθιξο
591 5544 675 5622 qui
715 5558 976 5623 utramque
1015 5554 1287 5623 orationem
1326 5555 1510 5623 vertit,
1536 5552 1622 5601 lib.
1647 5550 1790 5623 {unde

222 5598 345 5681 ἣνέιῖ
370 5598 564 5672 Omitto,
595 5598 1355 5678 nam;iiiajis'aihiiuim;
1372 5598 1602 5677 sese}
1626 5598 1809 5681 audis;

224 5668 344 5715 tam.

1860 843 1998 897 cisse
2023 858 2083 897 se
2110 844 2389 913 gloriatur,
2422 853 2482 898 ut
2505 854 2743 899 armatus
2764 844 3131 914 spiritualibus
3160 848 3301 916 telis,
3347 867 3441 918 po-

1860 941 1972 988 stea
1993 933 2193 989 diceret
2221 933 2557 990 conﬁdenter
2582 953 2593 988 :
2625 953 2644 986 ‹
2675 937 2836 989 Arma
2865 935 3068 991 militize
3091 947 3308 1003 nostrm,
3335 956 3440 993 non

1860 1024 2093 1077 carnalia
2124 1034 2267 1090 sunt,
2326 1025 2420 1080 sed
2461 1027 2700 1095 potentia
2745 1026 2876 1091 Dei,
2907 1026 2974 1080 ad
3018 1026 3441 1082 destructionem

1862 1111 2214 1167 munitionum
2240 1130 2253 1167 :
2279 1113 2516 1169 Concilia
2543 1115 2905 1181 destruentes,
2933 1125 2989 1170 et
3016 1128 3232 1172 omnem
3262 1118 3445 1172 altitu-

1863 1198 2043 1254 dinem
2068 1201 2413 1257 eittollentem
2441 1217 2500 1257 se
2526 1192 2789 1259 adversus
2806 1206 3084 1260 scientiam
3115 1207 3207 1262 Dei
3232 1224 3247 1271 ;
3272 1216 3328 1262 ct
3356 1222 3445 1261 ca-

1866 1288 2130 1357 ptivorttes
2161 1289 2252 1361 [αι.
2300 1292 2659 1364 captivantem]
2714 1308 2931 1350 omnem
2974 1297 3305 1355 intellectum
3328 1336 3343 1361 ,
3375 1297 3443 1351 ad

1866 1378 2220 1433 obedieodum
2266 1379 2481 1436 Christo
2525 1391 2623 1438 :et
2663 1385 2833 1452 parati
2884 1386 3169 1455 subjugare
3197 1397 3442 1442 cunctam

1868 1470 2280 1525 inobedientiam
2311 1486 2329 1523 ι
2364 1473 2450 1541 (4.
2485 1474 2604 1529 Cor.
2638 1474 2727 1529 £0.
2764 1476 2818 1530 ι.
2866 1476 2968 1547 5).
2998 1477 3080 1531 Ad
3107 1477 3444 1532 Timotheum

1866 1561 2071 1626 scribit,
2106 1561 2174 1616 ab
2204 1561 2425 1616 infantia
2456 1563 2626 1617 sacris
2657 1564 2853 1620 litteris
2880 1568 3146 1622 eruditum
3174 1585 3189 1633 ;
3236 1577 3291 1622 et
3316 1569 3446 1622 hor-

1868 1658 2010 1704 tatur
2038 1650 2104 1704 ad
2134 1651 2369 1705 studium
2397 1652 2663 1718 lectionis,
2704 1668 2771 1708 ne
2801 1656 3029 1725 negligat
3048 1659 3296 1726 gratiam,
3328 1674 3447 1728 qua:

1865 1739 1987 1793 data
2030 1741 2101 1794 sit
2143 1741 2193 1795 ei
2250 1756 2346 1810 per
2391 1743 2788 1812 impositionem
2843 1762 3032 1801 manus
3088 1750 3436 1822 Presbyterii.

1867 1829 1988 1883 Tito
2042 1830 2313 1900 praecipit,
2362 1840 2420 1886 ut
2450 1833 2591 1889 inter
2630 1845 2855 1891 crateras
2885 1838 3110 1894 virtutes
3145 1841 3395 1914 Episcopi
3425 1887 3443 1914 ,

1867 1934 2024 1989 quem
2076 1920 2223 1975 brevi
2273 1935 2524 1977 sermone
2576 1924 2861 1995 depinxit,
2918 1929 3198 1984 scientiam
3229 1948 3445 2004 quoque

1866 2008 2025 2079 eligat
2055 2008 2158 2081 [al.
2206 2011 2456 2083 intelligat
2485 2011 2507 2084 ]
2542 2012 2937 2084 Scripturarum
2974 2035 2987 2072 :
3025 2037 3043 2070 ί
3078 2019 3444 2093 Obtinentem,

1869 2100 2061 2169 inquit,
2106 2115 2228 2155 eum
2272 2103 2363 2171 qui
2418 2105 2713 2160 secundum
2758 2107 3056 2164 doctrinam
3101 2122 3203 2180 est,
3233 2114 3445 2175 ﬁdelem

1870 2204 2216 2258 sermonem;
2244 2203 2303 2247 ut
2327 2205 2520 2263 potens
2547 2197 2618 2250 sit
2641 2196 2909 2253 exhortari
2942 2201 2995 2254 iu
3021 2200 3265 2258 doctrina
3292 2221 3443 2273 sana,

1871 2293 1923 2336 e't
1954 2282 2382 2338 contradicentes
2430 2286 2712 2342 revincere
2741 2305 2759 2339 ι
2792 2287 2968 2357 (Tim.
3018 2291 3070 2345 l.
3103 2293 3195 2358 9).
3249 2294 3443 2352 Sancta

1872 2373 2069 2442 quippe
2118 2374 2393 2430 rusticitas
2440 2375 2614 2431 solum
2660 2377 2761 2432 sibi
2808 2380 3139 2447 prodest:et
3192 2396 3449 2453 quantum

1873 2464 2097 2519 aediﬁcat
2129 2478 2195 2520 ex
2247 2466 2371 2520 vita:
2400 2467 2595 2522 merito
2642 2467 2937 2523 Ecclesiam
2978 2470 3199 2539 Christi,
3243 2483 3449 2531 tantum

1875 2566 2049 2623 nocet,
2095 2559 2140 2612 si
2191 2558 2589 2614 destrue‘utibus
2642 2574 2748 2615 non
2804 2563 3037 2617 resistat.
3099 2565 3179 2635 (ά)
3224 2568 3453 2637 Αεεωιιε

1875 2647 2138 2718 Propheta
2170 2688 2185 2713 ,
2240 2650 2376 2703 imo‘
2396 2664 2491 2719 per
2537 2652 2790 2721 Aggmttm
2842 2652 3095 2709 Dominus
3119 2696 3134 2723 ,
3167 2657 3452 2728 interroga,

1874 2741 1966 2804 ait,
2002 2736 2302 2793 Sacerdotes
2357 2738 2538 2809 Legem
2594 2742 2752 2810 (Agg.
2782 2740 2865 2811 2).

1948 2829 2241 2884 Sacerdotis
2267 2831 2505 2899 ofﬁcium.
2532 2829 2729 2883 Paulus
2760 2847 2850 2884 cur
2874 2847 2961 2886 vos
2987 2835 3263 2889 electionis.
3294 2867 3365 2876 —
3395 2838 3452 2893 In

1879 2928 2082 2975 tantum
2109 2919 2416 2975 Sacerdotis
2444 2919 2676 2973 ofﬁcium
2694 2930 2797 2982 est,
2816 2922 3196 2992 interrogatum
3227 2940 3453 2995 respon-

1877 3011 2008 3066 dere
2024 3011 2090 3065 de
2103 3011 2263 3081 Lege.
2287 3011 2350 3065 Et
2375 3012 2427 3064 in
2462 3010 2876 3066 Deuterouomio
2900 3013 3125 3083 legimus
3148 3034 3160 3069 :
3184 3015 3456 3088 Interroga

1880 3111 2078 3171 patrem
2130 3110 2292 3164 tuum,
2334 3112 2380 3154 et
2431 3097 2749 3153 annuntiabit
2804 3102 2891 3155 tibi
2912 3117 2932 3166 ,'
3006 3103 3164 3175 273
3235 3107 3461 3162 seniores

1883 3201 2025 3256 tuos,
2054 3200 2102 3246 et
2126 3191 2292 3245 dicent
2322 3192 2409 3245 tibi
2459 3184 2639 3264 (Deut.
2673 3192 2763 3246 32.
2794 3194 2871 3263 7).
2909 3194 2963 3248 ln
2996 3195 3208 3251 Psalmo
3246 3212 3463 3269 quoque

1881 3284 2174 3337 centesimo
2226 3281 2433 3336 decimo
2463 3290 2673 3337 octavo.
2703 3282 2990 3339 Cautabiles
3040 3282 3165 3340 mihi
3192 3297 3335 3340 erant
3370 3289 3457 3356 iu-

1882 3373 2205 3442 stiﬁcationes
2228 3381 2359 3439 tuae,
2408 3374 2465 3427 in‘
2507 3375 2618 3427 lo‘co
2646 3375 3062 3444 peregrinationis
3093 3391 3217 3430 mea:
3243 3378 3314 3448 (tt.
3345 3378 3456 3449 54).

1884 3458 1949 3516 Et
1978 3458 2031 3517 in
2061 3462 2422 3533 descriptione
2443 3463 2574 3533 justi
2601 3464 2724 3528 viri,
2749 3474 2870 3520 cum
2922 3477 3047 3521 eum
3090 3466 3252 3523 David
3282 3468 3465 3524 arbori

1883 3553 2027 3619 vitze,
2059 3567 2177 3625 qua:
2206 3560 2287 3609 est
2317 3554 2368 3607 iu
2399 3553 2669 3624 paradiso,
2692 3566 3049 3625 compararet,
3079 3558 3219 3613 inter
3241 3568 3462 3613 caeteras

1884 3644 2109 3698 virtutes
2135 3651 2187 3699 et
2230 3643 2331 3698 hoc
2358 3644 2535 3698 intulit
2562 3661 2575 3697 :
2598 3642 2665 3698 In
2693 3644 2801 3716 lege
2828 3644 3039 3700 Domini
3057 3647 3290 3702 voluntas
3319 3648 3465 3718 ejus:

1885 3742 1930 3787 et
1956 3734 2007 3787 in
2037 3735 2146 3800 lege
2173 3734 2283 3803 rjus
2305 3734 2628 3788 meditabitur
2656 3734 2740 3790 die
2779 3751 2841 3788 ac
2865 3746 3011 3789 nocte
3035 3735 3259 3807 (Psatm.
3296 3740 3347 3791 1.
3369 3737 3450 3808 2).

1888 3824 2073 3879 Daniel
2107 3825 2159 3878 in
2194 3825 2297 3878 fine
2329 3824 2707 3878 sacratissima:
2730 3824 2962 3878 Visionis
2980 3825 3175 3893 justos,
3212 3827 3306 3891 ait,
3342 3826 3448 3879 ful-

1886 3929 2012 3985 gere
2049 3915 2187 3969 sicut
2222 3914 2439 3978 stellas;
2492 3921 2548 3967 et
2578 3913 2960 3983 iutelligentes,
2990 3913 3092 3967 hoc
3119 3923 3201 3968 est
3225 3915 3414 3968 doctos
3444 3947 3462 3980 ,-

1888 4007 2038 4075 quasi
2077 4005 2495 4060 ﬁrmamentum.
2523 4004 2684 4059 Vides
2718 4015 2973 4074 quantum
3001 4006 3139 4060 inter
3162 4021 3220 4061 se
3244 4005 3464 4072 distent,
3558 4020 3563 4025 ‘

1888 4098 2026 4167 justa
2048 4090 2337 4161 rusticitas,
2360 4100 2413 4151 et
2438 4096 2591 4151 docta
2614 4096 2852 4166 justitia?
2875 4097 2983 4152 Alii
3004 4097 3193 4165 stellis,
3215 4098 3302 4152 alii
3329 4100 3468 4155 ccelo

1892 4197 2292 4259 comparantur.
2326 4186 2640 4258 Quanquam
2685 4188 2836 4258 juxta
2893 4189 3203 4244 llebraicam
3251 4188 3463 4245 Verita-

1894 4287 2023 4343 tem,
2050 4286 2341 4347 utrumque
2362 4272 2430 4332 de
2456 4277 2678 4331 eruditis
2719 4278 2887 4347 possit
2920 4279 3142 4348 intelligi
3170 4297 3184 4335 :
3214 4280 3283 4334 ita
3311 4281 3455 4335 enim

1893 4370 2034 4442 apud
2061 4384 2157 4425 eos
2201 4369 2425 4440 legimus
2451 4387 2463 4422 :
2492 4388 2511 4421 ι
2540 4369 2638 4437 Qui
2669 4377 2847 4423 autem
2873 4369 3013 4424 docti
3043 4369 3261 4436 fuerint,
3296 4370 3466 4444 iulgc-

1894 4463 2025 4518 bunt
2054 4462 2205 4533 quasi
2231 4461 2484 4532 splendor
2512 4462 2831 4516 lirmameuti
2864 4479 2877 4516 :
2904 4466 2959 4518 et
3002 4463 3090 4533 qui
3117 4463 3181 4518 ad
3206 4463 3464 4533 justitiam

1894 4546 2150 4609 erudiunt
2175 4554 2371 4607 multos
2397 4593 2412 4617 ,
2440 4552 2591 4623 quasi
2620 4552 2791 4606 stella}
2818 4552 2869 4606 in
2897 4562 3182 4622 perpetuas
3199 4554 3470 4609 aeternita-

1896 4653 1977 4698 tes
2005 4663 2023 4695 ι
2053 4642 2213 4716 (Dan.
2250 4643 2337 4697 l2.
2367 4641 2441 4715 5).
2470 4641 2581 4697 Cur
2612 4642 2809 4697 dicitur
2840 4642 3032 4697 Paulus
3058 4644 3345 4713 Apostolus
3376 4658 3471 4697 vas

1894 4727 2209 4788 electionis?
2234 4723 2439 4801 Nempe
2466 4733 2591 4802 quia
2627 4732 2696 4803 (e)
2721 4732 2854 4803 legis
2885 4740 2939 4787 et
2981 4742 3286 4787 sanctarum
3326 4732 3471 4787 Scri-

1898 4836 2168 4898 pturarum
2206 4826 2493 4880 armarium
2524 4833 2627 4880 est.
2660 4824 2915 4881 Pharisaei
2942 4833 3158 4895 stupent
3183 4823 3249 4877 ad
3279 4824 3474 4879 doctri-

1959 5001 2030 5075 (ο)
2063 4997 2139 5050 Al.
2162 4999 2315 5075 latine
2334 4998 2678 5075 virtute
2696 5006 2844 5075 totum
2860 5005 3068 5075 est,‘etc.
3088 5000 3198 5050 Mox
3217 5015 3307 5064 pro
3325 5004 3477 5067 Hoysi

1896 5060 2091 5113 nomine
2115 5069 2224 5111 erat
2480 5061 2687 5109 Leviora
2712 5062 2836 5108 infra
2861 5061 3191 5111 emendamus.

1960 5126 2039 5186 (ά)
2071 5121 3005 5186 Beatini_interpretisemendationem
3028 5124 3298 5186 sequimur,
3326 5133 3473 5174 antea

1898 5180 2031 5233 enim
2068 5194 2223 5247 penes
2254 5180 2449 5247 Erasth
2468 5193 2536 5247 ac.
2562 5181 2782 5228 Martian.
2812 5193 2922 5247 pro_
2944 5180 3119 5247 Aggtei'
3138 5180 3332 5233 nomine
3372 5196 3480 5247 erat

1896 5240 2107 5306 utroque
2129 5241 2305 5306 inloco
2329 5240 2592 5306 tttalac‘ltias
2607 5279 2619 5297 ,
2645 5240 3084 5306 quamiectiotietu
3099 5254 3275 5294 revera
3299 5246 3480 5295 sciolus

1899 5319 1992 5354 non
2018 5302 2160 5351 nemo
2185 5302 2402 5359 induxit,
2428 5303 2554 5363 quod
2582 5303 2761 5363 putarit
2784 5303 2897 5351 illud
2923 5302 3169 5353 Malachia:
3204 5319 3248 5354 c.
3274 5307 3321 5355 2.
3355 5322 3381 5356 v
3427 5310 3476 5356 7.

1897 5365 2084 5430 alludit,
2111 5381 2133 5408 ι
2154 5363 2297 5411 Labia
2321 5362 2591 5430 sacerdotis
2625 5364 2900 5430 custodient
2922 5366 3176 5430 scientiam
3198 5405 3212 5424 ,
3239 5375 3290 5416 et
3315 5367 3482 5430 legem

1896 5428 2157 5490 requirent
2179 5435 2358 5490 extare
2382 5424 2507 5490 ejus,
2534 5439 2555 5465 ι
2583 5436 2695 5490 cum
2728 5427 2824 5473 sint
2848 5424 2946 5490 imo
2984 5425 3088 5475 haec
3123 5428 3296 5490 Aggzei
3339 5424 3393 5478 (εἶ
3430 5430 3478 5478 2.

1906 5506 1928 5551 tt
1952 5482 2067 5535 Haec
2102 5485 2219 5551 dicit
2256 5482 2491 5532 Domitius
2530 5486 2862 5543 exercitutuu,
2900 5486 3156 5551 Interroga
3170 5482 3487 5541 sacerdotes

1900 5549 2081 5606 legem,
2107 5545 2291 5603 dicens,
2317 5562 2340 5587 ν
2372 5552 2464 5591 etc.

1962 5604 2032 5669 (e)
2071 5607 2277 5675 Frustra
2298 5606 2533 5675 Victorius
2553 5619 2634 5656 ms
2654 5605 2790 5669 legis,
2814 5623 2925 5675 cum
2950 5623 3037 5675 pro
3062 5613 3269 5675 armario
3294 5624 3355 5661 eo
3376 5611 3481 5675 loco

1904 5683 1982 5721 rus
2004 5670 2125 5718 sumi
2151 5674 2354 5718 constet.
2384 5669 2463 5715 Sic
2497 5670 2543 5717 iu
2584 5683 2661 5721 tto-3
2700 5679 2865 5721 δίδωθι
2897 5669 3087 5723 duobus
3112 5673 3312 5735 verbis,
3350 5674 3486 5737 quod
