  <div class='ocr_page' id='page_1' title='image "/cluster/home/n/w/nwhite01/storage/ocr_20150623/22/uva.x000826587/345.png"; bbox 0 0 4078 6198; ppageno 0'>
   <div class='ocr_carea' id='block_1_1' title="bbox 628 358 733 414">
    <p class='ocr_par' dir='ltr' id='par_1_1' title="bbox 628 358 733 414">
     <span class='ocr_line' id='line_1_1' title="bbox 628 358 733 414; baseline -0.057 1"><span class='ocrx_word' id='word_1_1' title='bbox 628 358 733 414; x_wconf 66' lang='grc'><strong>513</strong></span> 
     </span>
    </p>
   </div>
   <div class='ocr_carea' id='block_1_2' title="bbox 628 436 2179 524">
    <p class='ocr_par' dir='ltr' id='par_1_2' title="bbox 628 436 2179 524">
     <span class='ocr_line' id='line_1_2' title="bbox 628 436 2179 524; baseline -0.026 0"><span class='ocrx_word' id='word_1_2' title='bbox 628 484 750 524; x_wconf 77' lang='lat' dir='ltr'><strong>mm</strong></span> <span class='ocrx_word' id='word_1_3' title='bbox 778 466 1013 523; x_wconf 87' lang='lat' dir='ltr'><strong>Domini;</strong></span> <span class='ocrx_word' id='word_1_4' title='bbox 1044 468 1097 511; x_wconf 82' lang='lat' dir='ltr'><strong>et</strong></span> <span class='ocrx_word' id='word_1_5' title='bbox 1134 454 1391 507; x_wconf 86' lang='lat' dir='ltr'><strong>mirantur</strong></span> <span class='ocrx_word' id='word_1_6' title='bbox 1436 446 1489 497; x_wconf 92' lang='lat' dir='ltr'><strong>in</strong></span> <span class='ocrx_word' id='word_1_7' title='bbox 1531 442 1687 496; x_wconf 82' lang='lat' dir='ltr'><strong>Petro</strong></span> <span class='ocrx_word' id='word_1_8' title='bbox 1730 448 1783 490; x_wconf 89' lang='lat' dir='ltr'><strong>et</strong></span> <span class='ocrx_word' id='word_1_9' title='bbox 1809 436 2017 490; x_wconf 81' lang='lat' dir='ltr'><strong>Joanne</strong></span> <span class='ocrx_word' id='word_1_10' title='bbox 2044 447 2179 502; x_wconf 89' lang='lat' dir='ltr'><strong>quo-</strong></span> 
     </span>
    </p>
   </div>
   <div class='ocr_carea' id='block_1_3' title="bbox 628 527 2185 621">
    <p class='ocr_par' dir='ltr' id='par_1_3' title="bbox 628 527 2185 621">
     <span class='ocr_line' id='line_1_3' title="bbox 628 527 2185 621; baseline -0.022 -14"><span class='ocrx_word' id='word_1_11' title='bbox 628 560 789 611; x_wconf 75' lang='grc' dir='ltr'>ιιιτιιιο</span> <span class='ocrx_word' id='word_1_12' title='bbox 836 559 1000 621; x_wconf 73' lang='lat' dir='ltr'><strong>legem</strong></span> <span class='ocrx_word' id='word_1_13' title='bbox 1058 546 1269 605; x_wconf 83' lang='lat' dir='ltr'><strong>sciant,</strong></span> <span class='ocrx_word' id='word_1_14' title='bbox 1316 552 1439 591; x_wconf 88' lang='lat' dir='ltr'><strong>cum</strong></span> <span class='ocrx_word' id='word_1_15' title='bbox 1484 536 1690 587; x_wconf 84' lang='lat' dir='ltr'><strong>litteras</strong></span> <span class='ocrx_word' id='word_1_16' title='bbox 1733 546 1839 582; x_wconf 81' lang='lat' dir='ltr'><strong>non</strong></span> <span class='ocrx_word' id='word_1_17' title='bbox 1881 527 2035 579; x_wconf 56' lang='lat' dir='ltr'><strong>diiléex</strong></span> <span class='ocrx_word' id='word_1_18' title='bbox 2059 527 2185 577; x_wconf 88' lang='lat' dir='ltr'><strong>rint.</strong></span> 
     </span>
    </p>
   </div>
   <div class='ocr_carea' id='block_1_4' title="bbox 625 616 2189 714">
    <p class='ocr_par' dir='ltr' id='par_1_4' title="bbox 625 616 2189 714">
     <span class='ocr_line' id='line_1_4' title="bbox 625 616 2189 714; baseline -0.02 -15"><span class='ocrx_word' id='word_1_19' title='bbox 625 616 1054 714; x_wconf 44' lang='lat' dir='ltr'><strong>Qniilquid‘euim</strong></span> <span class='ocrx_word' id='word_1_20' title='bbox 1080 635 1199 687; x_wconf 85' lang='lat' dir='ltr'><strong>aliis</strong></span> <span class='ocrx_word' id='word_1_21' title='bbox 1220 627 1536 685; x_wconf 83' lang='lat' dir='ltr'><strong>exercitatio</strong></span> <span class='ocrx_word' id='word_1_22' title='bbox 1560 633 1614 677; x_wconf 87' lang='lat' dir='ltr'><strong>et</strong></span> <span class='ocrx_word' id='word_1_23' title='bbox 1633 620 1945 690; x_wconf 87' lang='lat' dir='ltr'><strong>quotidiana</strong></span> <span class='ocrx_word' id='word_1_24' title='bbox 1969 620 2021 669; x_wconf 90' lang='lat' dir='ltr'><strong>in</strong></span> <span class='ocrx_word' id='word_1_25' title='bbox 2048 616 2189 683; x_wconf 87' lang='lat' dir='ltr'><strong>Lege</strong></span> 
     </span>
    </p>
   </div>
   <div class='ocr_carea' id='block_1_5' title="bbox 626 709 2187 791">
    <p class='ocr_par' dir='ltr' id='par_1_5' title="bbox 626 709 2187 791">
     <span class='ocr_line' id='line_1_5' title="bbox 626 709 2187 791; baseline -0.023 0"><span class='ocrx_word' id='word_1_26' title='bbox 626 709 896 791; x_wconf 75' lang='lat' dir='ltr'><strong>meditatio</strong></span> <span class='ocrx_word' id='word_1_27' title='bbox 925 726 1161 780; x_wconf 67' lang='lat' dir='ltr'><strong>tribuere</strong></span> <span class='ocrx_word' id='word_1_28' title='bbox 1200 720 1370 783; x_wconf 88' lang='lat' dir='ltr'><strong>solet,</strong></span> <span class='ocrx_word' id='word_1_29' title='bbox 1410 716 1515 769; x_wconf 84' lang='lat' dir='ltr'><strong>illis</strong></span> <span class='ocrx_word' id='word_1_30' title='bbox 1544 711 1777 781; x_wconf 87' lang='lat' dir='ltr'><strong>Spiritus</strong></span> <span class='ocrx_word' id='word_1_31' title='bbox 1803 709 2033 764; x_wconf 84' lang='lat' dir='ltr'><strong>Sanctus</strong></span> <span class='ocrx_word' id='word_1_32' title='bbox 2059 720 2187 774; x_wconf 83' lang='lat' dir='ltr'><strong>sug-</strong></span> 
     </span>
    </p>
   </div>
   <div class='ocr_carea' id='block_1_6' title="bbox 623 803 2187 894">
    <p class='ocr_par' dir='ltr' id='par_1_6' title="bbox 623 803 2187 894">
     <span class='ocr_line' id='line_1_6' title="bbox 623 803 2187 894; baseline -0.02 -15"><span class='ocrx_word' id='word_1_33' title='bbox 623 823 839 894; x_wconf 82' lang='lat' dir='ltr'><strong>gerebat</strong></span> <span class='ocrx_word' id='word_1_34' title='bbox 869 835 887 871; x_wconf 89' lang='lat'><strong>:</strong></span> <span class='ocrx_word' id='word_1_35' title='bbox 912 826 969 871; x_wconf 85' lang='lat' dir='ltr'><strong>et</strong></span> <span class='ocrx_word' id='word_1_36' title='bbox 993 823 1185 877; x_wconf 77' lang='lat' dir='ltr'><strong>erant,</strong></span> <span class='ocrx_word' id='word_1_37' title='bbox 1214 810 1370 879; x_wconf 85' lang='lat' dir='ltr'><strong>juxta</strong></span> <span class='ocrx_word' id='word_1_38' title='bbox 1405 804 1548 875; x_wconf 91' lang='lat' dir='ltr'><strong>quod</strong></span> <span class='ocrx_word' id='word_1_39' title='bbox 1591 803 1852 871; x_wconf 83' lang='lat' dir='ltr'><strong>scriptum</strong></span> <span class='ocrx_word' id='word_1_40' title='bbox 1885 808 1990 862; x_wconf 87' lang='lat' dir='ltr'><strong>est,</strong></span> <span class='ocrx_word' id='word_1_41' title='bbox 2032 805 2187 848; x_wconf 74' lang='grc' dir='ltr'><strong>οωόί·</strong></span> 
     </span>
    </p>
   </div>
   <div class='ocr_carea' id='block_1_7' title="bbox 620 886 2185 965">
    <p class='ocr_par' dir='ltr' id='par_1_7' title="bbox 620 886 2185 965">
     <span class='ocr_line' id='line_1_7' title="bbox 620 886 2185 965; baseline -0.015 -1"><span class='ocrx_word' id='word_1_42' title='bbox 620 886 807 965; x_wconf 61' lang='grc' dir='ltr'><strong>ἕαται.</strong></span> <span class='ocrx_word' id='word_1_43' title='bbox 863 902 1154 960; x_wconf 76' lang='lat' dir='ltr'><strong>Duodecim</strong></span> <span class='ocrx_word' id='word_1_44' title='bbox 1202 910 1376 953; x_wconf 85' lang='lat' dir='ltr'><strong>annos</strong></span> <span class='ocrx_word' id='word_1_45' title='bbox 1401 894 1651 949; x_wconf 72' lang='lat' dir='ltr'><strong>Salvator</strong></span> <span class='ocrx_word' id='word_1_46' title='bbox 1678 890 2020 958; x_wconf 77' lang='lat' dir='ltr'><strong>impleverat,</strong></span> <span class='ocrx_word' id='word_1_47' title='bbox 2047 886 2185 940; x_wconf 90' lang='lat' dir='ltr'><strong>etin</strong></span> 
     </span>
    </p>
   </div>
   <div class='ocr_carea' id='block_1_8' title="bbox 619 979 2192 1064">
    <p class='ocr_par' dir='ltr' id='par_1_8' title="bbox 619 979 2192 1064">
     <span class='ocr_line' id='line_1_8' title="bbox 619 979 2192 1064; baseline -0.018 -11"><span class='ocrx_word' id='word_1_48' title='bbox 619 996 841 1064; x_wconf 78' lang='lat' dir='ltr'><strong>Templa</strong></span> <span class='ocrx_word' id='word_1_49' title='bbox 862 1005 1025 1047; x_wconf 74' lang='lat' dir='ltr'><strong>senes</strong></span> <span class='ocrx_word' id='word_1_50' title='bbox 1041 990 1110 1044; x_wconf 81' lang='lat' dir='ltr'><strong>de</strong></span> <span class='ocrx_word' id='word_1_51' title='bbox 1129 984 1515 1057; x_wconf 66' lang='lat' dir='ltr'><strong>questionibus</strong></span> <span class='ocrx_word' id='word_1_52' title='bbox 1534 980 1666 1049; x_wconf 81' lang='lat' dir='ltr'><strong>legis</strong></span> <span class='ocrx_word' id='word_1_53' title='bbox 1699 979 2054 1043; x_wconf 73' lang='lat' dir='ltr'><strong>interrogans,</strong></span> <span class='ocrx_word' id='word_1_54' title='bbox 2078 987 2192 1025; x_wconf 85' lang='lat' dir='ltr'><strong>ma-</strong></span> 
     </span>
    </p>
   </div>
   <div class='ocr_carea' id='block_1_9' title="bbox 618 1076 1727 1156">
    <p class='ocr_par' dir='ltr' id='par_1_9' title="bbox 618 1076 1727 1156">
     <span class='ocr_line' id='line_1_9' title="bbox 618 1076 1727 1156; baseline -0.018 -14"><span class='ocrx_word' id='word_1_55' title='bbox 618 1088 705 1156; x_wconf 80' lang='lat' dir='ltr'><strong>gis</strong></span> <span class='ocrx_word' id='word_1_56' title='bbox 727 1086 908 1149; x_wconf 91' lang='lat' dir='ltr'><strong>docet,</strong></span> <span class='ocrx_word' id='word_1_57' title='bbox 936 1082 1061 1136; x_wconf 86' lang='lat' dir='ltr'><strong>dum</strong></span> <span class='ocrx_word' id='word_1_58' title='bbox 1090 1076 1385 1148; x_wconf 87' lang='lat' dir='ltr'><strong>prudenter</strong></span> <span class='ocrx_word' id='word_1_59' title='bbox 1414 1076 1727 1140; x_wconf 73' lang='lat' dir='ltr'><strong>interrogat.</strong></span> 
     </span>
    </p>
   </div>
   <div class='ocr_carea' id='block_1_10' title="bbox 695 1156 2190 1233">
    <p class='ocr_par' dir='ltr' id='par_1_10' title="bbox 695 1156 2190 1233">
     <span class='ocr_line' id='line_1_10' title="bbox 695 1156 2190 1233; baseline -0.018 0"><span class='ocrx_word' id='word_1_60' title='bbox 695 1180 755 1233; x_wconf 70' lang='grc' dir='ltr'>ι.</span> <span class='ocrx_word' id='word_1_61' title='bbox 794 1176 907 1231; x_wconf 78' lang='lat' dir='ltr'><strong>Nisi</strong></span> <span class='ocrx_word' id='word_1_62' title='bbox 954 1175 1093 1229; x_wconf 88' lang='lat' dir='ltr'><strong>forte</strong></span> <span class='ocrx_word' id='word_1_63' title='bbox 1116 1170 1372 1226; x_wconf 77' lang='lat' dir='ltr'><strong>rusticum</strong></span> <span class='ocrx_word' id='word_1_64' title='bbox 1409 1166 1645 1229; x_wconf 87' lang='lat' dir='ltr'><strong>Petrum,</strong></span> <span class='ocrx_word' id='word_1_65' title='bbox 1675 1160 1934 1215; x_wconf 85' lang='lat' dir='ltr'><strong>rusticum</strong></span> <span class='ocrx_word' id='word_1_66' title='bbox 1958 1156 2190 1210; x_wconf 81' lang='lat' dir='ltr'><strong>dicimus</strong></span> 
     </span>
    </p>
   </div>
   <div class='ocr_carea' id='block_1_11' title="bbox 634 1245 2188 1336">
    <p class='ocr_par' dir='ltr' id='par_1_11' title="bbox 634 1245 2188 1336">
     <span class='ocr_line' id='line_1_11' title="bbox 634 1245 2188 1336; baseline -0.022 -6"><span class='ocrx_word' id='word_1_67' title='bbox 634 1276 925 1334; x_wconf 79' lang='lat' dir='ltr'><strong>Joannem;</strong></span> <span class='ocrx_word' id='word_1_68' title='bbox 980 1279 1210 1336; x_wconf 87' lang='lat' dir='ltr'><strong>quorum</strong></span> <span class='ocrx_word' id='word_1_69' title='bbox 1255 1269 1477 1328; x_wconf 86' lang='lat' dir='ltr'><strong>uterque</strong></span> <span class='ocrx_word' id='word_1_70' title='bbox 1515 1256 1695 1310; x_wconf 84' lang='lat' dir='ltr'><strong>dicere</strong></span> <span class='ocrx_word' id='word_1_71' title='bbox 1738 1259 1987 1336; x_wconf 52' lang='lat' dir='ltr'><strong>poterat;</strong></span> <span class='ocrx_word' id='word_1_72' title='bbox 2024 1265 2045 1297; x_wconf 82' lang='lat' dir='ltr'><strong>r</strong></span> 
     </span>
    </p>
   </div>
   <div class='ocr_carea' id='block_1_12' title="bbox 617 1334 2185 1433">
    <p class='ocr_par' dir='ltr' id='par_1_12' title="bbox 617 1334 2185 1433">
     <span class='ocr_line' id='line_1_12' title="bbox 617 1334 2185 1433; baseline -0.022 -13"><span class='ocrx_word' id='word_1_73' title='bbox 617 1361 897 1433; x_wconf 84' lang='lat' dir='ltr'><strong>imperitus</strong></span> <span class='ocrx_word' id='word_1_74' title='bbox 909 1334 1180 1419; x_wconf 73' lang='lat' dir='ltr'><strong>seriuone,</strong></span> <span class='ocrx_word' id='word_1_75' title='bbox 1208 1365 1317 1405; x_wconf 90' lang='lat' dir='ltr'><strong>non</strong></span> <span class='ocrx_word' id='word_1_76' title='bbox 1342 1358 1521 1403; x_wconf 89' lang='lat' dir='ltr'><strong>tamen</strong></span> <span class='ocrx_word' id='word_1_77' title='bbox 1537 1342 1760 1399; x_wconf 86' lang='lat' dir='ltr'><strong>scientia</strong></span> <span class='ocrx_word' id='word_1_78' title='bbox 1782 1359 1803 1391; x_wconf 73' lang='grc' dir='ltr'><strong>ο</strong></span> <span class='ocrx_word' id='word_1_79' title='bbox 1833 1338 1914 1407; x_wconf 74' lang='grc'><strong>(2.</strong></span> <span class='ocrx_word' id='word_1_80' title='bbox 1943 1334 2066 1391; x_wconf 83' lang='lat' dir='ltr'><strong>Cor.</strong></span> <span class='ocrx_word' id='word_1_81' title='bbox 2097 1335 2185 1388; x_wconf 92' lang='grc'><strong>11.</strong></span> 
     </span>
    </p>
   </div>
   <div class='ocr_carea' id='block_1_13' title="bbox 614 1423 2189 1525">
    <p class='ocr_par' dir='ltr' id='par_1_13' title="bbox 614 1423 2189 1525">
     <span class='ocr_line' id='line_1_13' title="bbox 614 1423 2189 1525; baseline -0.023 -13"><span class='ocrx_word' id='word_1_82' title='bbox 614 1423 711 1525; x_wconf 49' lang='grc'><strong>6)..</strong></span> <span class='ocrx_word' id='word_1_83' title='bbox 753 1453 987 1509; x_wconf 76' lang='lat' dir='ltr'><strong>Joannes</strong></span> <span class='ocrx_word' id='word_1_84' title='bbox 1031 1445 1288 1508; x_wconf 83' lang='lat' dir='ltr'><strong>rusticus,</strong></span> <span class='ocrx_word' id='word_1_85' title='bbox 1334 1439 1588 1510; x_wconf 88' lang='lat' dir='ltr'><strong>piscator,</strong></span> <span class='ocrx_word' id='word_1_86' title='bbox 1613 1429 1897 1486; x_wconf 78' lang='lat' dir='ltr'><strong>indoctus?</strong></span> <span class='ocrx_word' id='word_1_87' title='bbox 1958 1427 2025 1481; x_wconf 84' lang='lat' dir='ltr'><strong>Et</strong></span> <span class='ocrx_word' id='word_1_88' title='bbox 2048 1423 2189 1525; x_wconf 72' lang='lat' dir='ltr'><strong>unde</strong></span> 
     </span>
    </p>
   </div>
   <div class='ocr_carea' id='block_1_14' title="bbox 616 1515 2191 1603">
    <p class='ocr_par' dir='ltr' id='par_1_14' title="bbox 616 1515 2191 1603">
     <span class='ocr_line' id='line_1_14' title="bbox 616 1515 2191 1603; baseline -0.02 -4"><span class='ocrx_word' id='word_1_89' title='bbox 616 1515 703 1601; x_wconf 78' lang='lat' dir='ltr'><strong>illa</strong></span> <span class='ocrx_word' id='word_1_90' title='bbox 730 1559 831 1598; x_wconf 92' lang='lat' dir='ltr'><strong>vox</strong></span> <span class='ocrx_word' id='word_1_91' title='bbox 853 1542 1079 1595; x_wconf 83' lang='lat' dir='ltr'><strong>obsecro</strong></span> <span class='ocrx_word' id='word_1_92' title='bbox 1096 1578 1113 1603; x_wconf 96' lang='lat'><strong>,</strong></span> <span class='ocrx_word' id='word_1_93' title='bbox 1147 1554 1167 1587; x_wconf 80' lang='grc' dir='ltr'><strong>ι</strong></span> <span class='ocrx_word' id='word_1_94' title='bbox 1197 1534 1255 1588; x_wconf 92' lang='lat' dir='ltr'><strong>In</strong></span> <span class='ocrx_word' id='word_1_95' title='bbox 1280 1528 1543 1602; x_wconf 86' lang='lat' dir='ltr'><strong>principio</strong></span> <span class='ocrx_word' id='word_1_96' title='bbox 1565 1532 1683 1578; x_wconf 87' lang='lat' dir='ltr'><strong>erat</strong></span> <span class='ocrx_word' id='word_1_97' title='bbox 1703 1521 1962 1583; x_wconf 80' lang='lat' dir='ltr'><strong>Verbum,</strong></span> <span class='ocrx_word' id='word_1_98' title='bbox 1987 1527 2043 1571; x_wconf 91' lang='lat' dir='ltr'><strong>et</strong></span> <span class='ocrx_word' id='word_1_99' title='bbox 2067 1515 2191 1569; x_wconf 75' lang='lat' dir='ltr'><strong>Ver-</strong></span> 
     </span>
    </p>
   </div>
   <div class='ocr_carea' id='block_1_15' title="bbox 616 1605 2187 1699">
    <p class='ocr_par' dir='ltr' id='par_1_15' title="bbox 616 1605 2187 1699">
     <span class='ocr_line' id='line_1_15' title="bbox 616 1605 2187 1699; baseline -0.024 -7"><span class='ocrx_word' id='word_1_100' title='bbox 616 1638 742 1690; x_wconf 87' lang='lat' dir='ltr'><strong>bum</strong></span> <span class='ocrx_word' id='word_1_101' title='bbox 768 1642 885 1688; x_wconf 89' lang='lat' dir='ltr'><strong>erat</strong></span> <span class='ocrx_word' id='word_1_102' title='bbox 906 1628 1046 1699; x_wconf 89' lang='lat' dir='ltr'><strong>apud</strong></span> <span class='ocrx_word' id='word_1_103' title='bbox 1065 1629 1255 1685; x_wconf 88' lang='lat' dir='ltr'><strong>Deum,</strong></span> <span class='ocrx_word' id='word_1_104' title='bbox 1277 1631 1334 1676; x_wconf 86' lang='lat' dir='ltr'><strong>et</strong></span> <span class='ocrx_word' id='word_1_105' title='bbox 1361 1620 1506 1673; x_wconf 90' lang='lat' dir='ltr'><strong>Deus</strong></span> <span class='ocrx_word' id='word_1_106' title='bbox 1528 1622 1646 1670; x_wconf 89' lang='lat' dir='ltr'><strong>erat</strong></span> <span class='ocrx_word' id='word_1_107' title='bbox 1666 1607 1931 1676; x_wconf 77' lang='lat' dir='ltr'><strong>Verbum?</strong></span> <span class='ocrx_word' id='word_1_108' title='bbox 1955 1626 1975 1659; x_wconf 70' lang='grc' dir='ltr'><strong>ι</strong></span> <span class='ocrx_word' id='word_1_109' title='bbox 2006 1605 2187 1675; x_wconf 78' lang='lat' dir='ltr'><strong>(Joaa.</strong></span> 
     </span>
    </p>
   </div>
   <div class='ocr_carea' id='block_1_16' title="bbox 617 1700 2190 1793">
    <p class='ocr_par' dir='ltr' id='par_1_16' title="bbox 617 1700 2190 1793">
     <span class='ocr_line' id='line_1_16' title="bbox 617 1700 2190 1793; baseline -0.023 -12"><span class='ocrx_word' id='word_1_110' title='bbox 617 1729 671 1780; x_wconf 99' lang='grc'><strong>1.</strong></span> <span class='ocrx_word' id='word_1_111' title='bbox 704 1726 785 1793; x_wconf 90' lang='grc'><strong>1.)</strong></span> <span class='ocrx_word' id='word_1_112' title='bbox 818 1732 966 1787; x_wconf 68' lang='grc' dir='ltr'><strong><em>Αδνκ</em></strong></span> <span class='ocrx_word' id='word_1_113' title='bbox 994 1718 1140 1773; x_wconf 90' lang='lat' dir='ltr'><strong>enim</strong></span> <span class='ocrx_word' id='word_1_114' title='bbox 1182 1714 1369 1769; x_wconf 77' lang='lat' dir='ltr'><strong>Grzeee</strong></span> <span class='ocrx_word' id='word_1_115' title='bbox 1415 1706 1581 1762; x_wconf 89' lang='lat' dir='ltr'><strong>multa</strong></span> <span class='ocrx_word' id='word_1_116' title='bbox 1626 1700 1925 1771; x_wconf 83' lang='lat' dir='ltr'><strong>signiﬁcat;</strong></span> <span class='ocrx_word' id='word_1_117' title='bbox 1971 1710 2095 1749; x_wconf 92' lang='lat' dir='ltr'><strong>nam</strong></span> <span class='ocrx_word' id='word_1_118' title='bbox 2135 1701 2190 1747; x_wconf 90' lang='lat' dir='ltr'><strong>et</strong></span> 
     </span>
    </p>
   </div>
   <div class='ocr_carea' id='block_1_17' title="bbox 614 1785 2191 1874">
    <p class='ocr_par' dir='ltr' id='par_1_17' title="bbox 614 1785 2191 1874">
     <span class='ocr_line' id='line_1_17' title="bbox 614 1785 2191 1874; baseline -0.022 -2"><span class='ocrx_word' id='word_1_119' title='bbox 614 1785 835 1871; x_wconf 80' lang='lat' dir='ltr'><strong>verbum</strong></span> <span class='ocrx_word' id='word_1_120' title='bbox 871 1785 977 1874; x_wconf 82' lang='lat' dir='ltr'><strong>est,</strong></span> <span class='ocrx_word' id='word_1_121' title='bbox 1027 1817 1085 1863; x_wconf 89' lang='lat' dir='ltr'><strong>et</strong></span> <span class='ocrx_word' id='word_1_122' title='bbox 1111 1805 1271 1866; x_wconf 83' lang='lat' dir='ltr'><strong>ratio,</strong></span> <span class='ocrx_word' id='word_1_123' title='bbox 1298 1810 1355 1855; x_wconf 87' lang='lat' dir='ltr'><strong>et</strong></span> <span class='ocrx_word' id='word_1_124' title='bbox 1381 1795 1711 1866; x_wconf 81' lang='lat' dir='ltr'><strong>supputatio,</strong></span> <span class='ocrx_word' id='word_1_125' title='bbox 1737 1801 1793 1846; x_wconf 88' lang='lat' dir='ltr'><strong>et</strong></span> <span class='ocrx_word' id='word_1_126' title='bbox 1823 1803 1980 1844; x_wconf 87' lang='lat' dir='ltr'><strong>causa</strong></span> <span class='ocrx_word' id='word_1_127' title='bbox 2004 1785 2191 1840; x_wconf 86' lang='lat' dir='ltr'><strong>unius-</strong></span> 
     </span>
    </p>
   </div>
   <div class='ocr_carea' id='block_1_18' title="bbox 615 1880 2186 1978">
    <p class='ocr_par' dir='ltr' id='par_1_18' title="bbox 615 1880 2186 1978">
     <span class='ocr_line' id='line_1_18' title="bbox 615 1880 2186 1978; baseline -0.023 -13"><span class='ocrx_word' id='word_1_128' title='bbox 615 1909 872 1978; x_wconf 88' lang='lat' dir='ltr'><strong>cujusque</strong></span> <span class='ocrx_word' id='word_1_129' title='bbox 915 1903 1013 1966; x_wconf 90' lang='lat' dir='ltr'><strong>rei,</strong></span> <span class='ocrx_word' id='word_1_130' title='bbox 1039 1909 1312 1971; x_wconf 85' lang='lat' dir='ltr'><strong>perquam</strong></span> <span class='ocrx_word' id='word_1_131' title='bbox 1339 1899 1465 1947; x_wconf 82' lang='lat' dir='ltr'><strong>sunt</strong></span> <span class='ocrx_word' id='word_1_132' title='bbox 1488 1886 1695 1957; x_wconf 86' lang='lat' dir='ltr'><strong>singula</strong></span> <span class='ocrx_word' id='word_1_133' title='bbox 1722 1898 1841 1953; x_wconf 76' lang='lat' dir='ltr'><strong>qua:</strong></span> <span class='ocrx_word' id='word_1_134' title='bbox 1868 1880 2186 1935; x_wconf 86' lang='lat' dir='ltr'><strong>subsistunt.</strong></span> 
     </span>
    </p>
   </div>
   <div class='ocr_carea' id='block_1_19' title="bbox 616 1969 2190 2069">
    <p class='ocr_par' dir='ltr' id='par_1_19' title="bbox 616 1969 2190 2069">
     <span class='ocr_line' id='line_1_19' title="bbox 616 1969 2190 2069; baseline -0.022 -14"><span class='ocrx_word' id='word_1_135' title='bbox 616 1969 747 2069; x_wconf 65' lang='lat' dir='ltr'><strong>Qua:</strong></span> <span class='ocrx_word' id='word_1_136' title='bbox 771 1969 1018 2051; x_wconf 78' lang='lat' dir='ltr'><strong>universa</strong></span> <span class='ocrx_word' id='word_1_137' title='bbox 1042 1969 1195 2051; x_wconf 78' lang='lat' dir='ltr'><strong>recte</strong></span> <span class='ocrx_word' id='word_1_138' title='bbox 1221 1981 1561 2052; x_wconf 77' lang='lat' dir='ltr'><strong>intelligimus</strong></span> <span class='ocrx_word' id='word_1_139' title='bbox 1588 1980 1640 2032; x_wconf 94' lang='lat' dir='ltr'><strong>in</strong></span> <span class='ocrx_word' id='word_1_140' title='bbox 1664 1976 1900 2032; x_wconf 83' lang='lat' dir='ltr'><strong>Christo.</strong></span> <span class='ocrx_word' id='word_1_141' title='bbox 1928 1971 2039 2025; x_wconf 84' lang='lat' dir='ltr'><strong>[loc</strong></span> <span class='ocrx_word' id='word_1_142' title='bbox 2061 1969 2190 2023; x_wconf 88' lang='lat' dir='ltr'><strong>doc-</strong></span> 
     </span>
    </p>
   </div>
   <div class='ocr_carea' id='block_1_20' title="bbox 615 2060 2187 2144">
    <p class='ocr_par' dir='ltr' id='par_1_20' title="bbox 615 2060 2187 2144">
     <span class='ocr_line' id='line_1_20' title="bbox 615 2060 2187 2144; baseline -0.022 1"><span class='ocrx_word' id='word_1_143' title='bbox 615 2060 701 2144; x_wconf 58' lang='lat' dir='ltr'><strong>tus</strong></span> <span class='ocrx_word' id='word_1_144' title='bbox 726 2088 875 2142; x_wconf 87' lang='lat' dir='ltr'><strong>Plato</strong></span> <span class='ocrx_word' id='word_1_145' title='bbox 897 2081 1121 2137; x_wconf 73' lang='lat' dir='ltr'><strong>nescivit</strong></span> <span class='ocrx_word' id='word_1_146' title='bbox 1146 2096 1161 2131; x_wconf 89' lang='lat'><strong>:</strong></span> <span class='ocrx_word' id='word_1_147' title='bbox 1185 2077 1289 2130; x_wconf 90' lang='lat' dir='ltr'><strong>hoc</strong></span> <span class='ocrx_word' id='word_1_148' title='bbox 1320 2069 1707 2128; x_wconf 77' lang='lat' dir='ltr'><strong>Demosthenes</strong></span> <span class='ocrx_word' id='word_1_149' title='bbox 1748 2065 2010 2133; x_wconf 83' lang='lat' dir='ltr'><strong>eloquens</strong></span> <span class='ocrx_word' id='word_1_150' title='bbox 2037 2060 2187 2130; x_wconf 89' lang='lat' dir='ltr'><strong>igno—</strong></span> 
     </span>
    </p>
   </div>
   <div class='ocr_carea' id='block_1_21' title="bbox 617 2151 2189 2234">
    <p class='ocr_par' dir='ltr' id='par_1_21' title="bbox 617 2151 2189 2234">
     <span class='ocr_line' id='line_1_21' title="bbox 617 2151 2189 2234; baseline -0.021 -2"><span class='ocrx_word' id='word_1_151' title='bbox 617 2180 773 2232; x_wconf 91' lang='lat' dir='ltr'><strong>ravit.</strong></span> <span class='ocrx_word' id='word_1_152' title='bbox 829 2193 849 2225; x_wconf 71' lang='grc' dir='ltr'><strong>ι</strong></span> <span class='ocrx_word' id='word_1_153' title='bbox 880 2170 1129 2233; x_wconf 87' lang='lat' dir='ltr'><strong>Perdam,</strong></span> <span class='ocrx_word' id='word_1_154' title='bbox 1176 2164 1367 2234; x_wconf 86' lang='lat' dir='ltr'><strong>inquit,</strong></span> <span class='ocrx_word' id='word_1_155' title='bbox 1411 2157 1727 2228; x_wconf 71' lang='lat' dir='ltr'><strong>sapientiam</strong></span> <span class='ocrx_word' id='word_1_156' title='bbox 1767 2151 2108 2221; x_wconf 91' lang='lat' dir='ltr'><strong>sapientium,</strong></span> <span class='ocrx_word' id='word_1_157' title='bbox 2133 2156 2189 2200; x_wconf 90' lang='lat' dir='ltr'><strong>et</strong></span> 
     </span>
    </p>
   </div>
   <div class='ocr_carea' id='block_1_22' title="bbox 613 2236 2184 2336">
    <p class='ocr_par' dir='ltr' id='par_1_22' title="bbox 613 2236 2184 2336">
     <span class='ocr_line' id='line_1_22' title="bbox 613 2236 2184 2336; baseline -0.022 -15"><span class='ocrx_word' id='word_1_158' title='bbox 613 2263 947 2336; x_wconf 86' lang='lat' dir='ltr'><strong>prudentiam</strong></span> <span class='ocrx_word' id='word_1_159' title='bbox 982 2256 1322 2328; x_wconf 89' lang='lat' dir='ltr'><strong>prudentium</strong></span> <span class='ocrx_word' id='word_1_160' title='bbox 1352 2246 1651 2336; x_wconf 87' lang='lat' dir='ltr'><strong>reprohabo</strong></span> <span class='ocrx_word' id='word_1_161' title='bbox 1673 2262 1692 2295; x_wconf 74' lang='grc' dir='ltr'><strong>ι</strong></span> <span class='ocrx_word' id='word_1_162' title='bbox 1725 2242 1806 2311; x_wconf 88' lang='grc'><strong>(1.</strong></span> <span class='ocrx_word' id='word_1_163' title='bbox 1840 2239 1960 2295; x_wconf 83' lang='lat' dir='ltr'><strong>Cor.</strong></span> <span class='ocrx_word' id='word_1_164' title='bbox 1990 2240 2042 2292; x_wconf 83' lang='lat' dir='ltr'><strong>l.</strong></span> <span class='ocrx_word' id='word_1_165' title='bbox 2073 2236 2184 2302; x_wconf 88' lang='grc'><strong>19).</strong></span> 
     </span>
    </p>
   </div>
   <div class='ocr_carea' id='block_1_23' title="bbox 616 2332 2183 2420">
    <p class='ocr_par' dir='ltr' id='par_1_23' title="bbox 616 2332 2183 2420">
     <span class='ocr_line' id='line_1_23' title="bbox 616 2332 2183 2420; baseline -0.022 -9"><span class='ocrx_word' id='word_1_166' title='bbox 616 2332 752 2411; x_wconf 47' lang='lat' dir='ltr'><strong>Vera</strong></span> <span class='ocrx_word' id='word_1_167' title='bbox 793 2349 1052 2420; x_wconf 81' lang='lat' dir='ltr'><strong>sapientia</strong></span> <span class='ocrx_word' id='word_1_168' title='bbox 1095 2344 1285 2415; x_wconf 88' lang='lat' dir='ltr'><strong>perdet</strong></span> <span class='ocrx_word' id='word_1_169' title='bbox 1312 2341 1499 2394; x_wconf 79' lang='lat' dir='ltr'><strong>falsam</strong></span> <span class='ocrx_word' id='word_1_170' title='bbox 1540 2332 1863 2404; x_wconf 83' lang='lat' dir='ltr'><strong>sapientiam</strong></span> <span class='ocrx_word' id='word_1_171' title='bbox 1893 2345 1907 2380; x_wconf 90' lang='lat'>:</span> <span class='ocrx_word' id='word_1_172' title='bbox 1936 2336 2183 2396; x_wconf 86' lang='lat' dir='ltr'><strong>etquan-</strong></span> 
     </span>
    </p>
   </div>
   <div class='ocr_carea' id='block_1_24' title="bbox 611 2419 2190 2515">
    <p class='ocr_par' dir='ltr' id='par_1_24' title="bbox 611 2419 2190 2515">
     <span class='ocr_line' id='line_1_24' title="bbox 611 2419 2190 2515; baseline -0.02 -15"><span class='ocrx_word' id='word_1_173' title='bbox 611 2460 771 2515; x_wconf 85' lang='lat' dir='ltr'><strong>quam</strong></span> <span class='ocrx_word' id='word_1_174' title='bbox 796 2419 1018 2496; x_wconf 82' lang='lat' dir='ltr'><strong>stultitia</strong></span> <span class='ocrx_word' id='word_1_175' title='bbox 1046 2430 1521 2512; x_wconf 69' lang='lat' dir='ltr'><strong>prazdieationisin</strong></span> <span class='ocrx_word' id='word_1_176' title='bbox 1544 2426 1717 2480; x_wconf 85' lang='lat' dir='ltr'><strong>Cruce</strong></span> <span class='ocrx_word' id='word_1_177' title='bbox 1741 2424 1832 2488; x_wconf 88' lang='lat' dir='ltr'><strong>sit,</strong></span> <span class='ocrx_word' id='word_1_178' title='bbox 1855 2431 2032 2475; x_wconf 87' lang='lat' dir='ltr'><strong>tamen</strong></span> <span class='ocrx_word' id='word_1_179' title='bbox 2055 2419 2190 2473; x_wconf 87' lang='lat' dir='ltr'><strong>Pau-</strong></span> 
     </span>
    </p>
   </div>
   <div class='ocr_carea' id='block_1_25' title="bbox 616 2505 2190 2599">
    <p class='ocr_par' dir='ltr' id='par_1_25' title="bbox 616 2505 2190 2599">
     <span class='ocr_line' id='line_1_25' title="bbox 616 2505 2190 2599; baseline -0.02 -9"><span class='ocrx_word' id='word_1_180' title='bbox 616 2505 700 2590; x_wconf 71' lang='lat' dir='ltr'><strong>lus</strong></span> <span class='ocrx_word' id='word_1_181' title='bbox 748 2551 767 2584; x_wconf 76' lang='grc' dir='ltr'><strong>ι</strong></span> <span class='ocrx_word' id='word_1_182' title='bbox 795 2505 1124 2599; x_wconf 67' lang='lat' dir='ltr'><strong>Sapientiam</strong></span> <span class='ocrx_word' id='word_1_183' title='bbox 1166 2524 1401 2592; x_wconf 84' lang='lat' dir='ltr'><strong>loquitur</strong></span> <span class='ocrx_word' id='word_1_184' title='bbox 1443 2505 1582 2571; x_wconf 86' lang='lat' dir='ltr'><strong>inter</strong></span> <span class='ocrx_word' id='word_1_185' title='bbox 1626 2512 1918 2584; x_wconf 89' lang='lat' dir='ltr'><strong>perfectos.</strong></span> <span class='ocrx_word' id='word_1_186' title='bbox 1964 2508 2190 2576; x_wconf 87' lang='lat' dir='ltr'><strong>Sapien-</strong></span> 
     </span>
    </p>
   </div>
   <div class='ocr_carea' id='block_1_26' title="bbox 615 2595 2186 2679">
    <p class='ocr_par' dir='ltr' id='par_1_26' title="bbox 615 2595 2186 2679">
     <span class='ocr_line' id='line_1_26' title="bbox 615 2595 2186 2679; baseline -0.02 0"><span class='ocrx_word' id='word_1_187' title='bbox 615 2628 745 2679; x_wconf 88' lang='lat' dir='ltr'><strong>tiam</strong></span> <span class='ocrx_word' id='word_1_188' title='bbox 774 2595 955 2675; x_wconf 80' lang='lat' dir='ltr'><strong>autetn</strong></span> <span class='ocrx_word' id='word_1_189' title='bbox 983 2632 1088 2671; x_wconf 92' lang='lat' dir='ltr'><strong>non</strong></span> <span class='ocrx_word' id='word_1_190' title='bbox 1120 2613 1298 2669; x_wconf 68' lang='lat' dir='ltr'><strong>saeculi</strong></span> <span class='ocrx_word' id='word_1_191' title='bbox 1328 2609 1507 2678; x_wconf 90' lang='lat' dir='ltr'><strong>hujus,</strong></span> <span class='ocrx_word' id='word_1_192' title='bbox 1541 2620 1640 2659; x_wconf 87' lang='lat' dir='ltr'><strong>nec</strong></span> <span class='ocrx_word' id='word_1_193' title='bbox 1668 2603 1966 2673; x_wconf 87' lang='lat' dir='ltr'><strong>principum</strong></span> <span class='ocrx_word' id='word_1_194' title='bbox 2006 2595 2186 2650; x_wconf 68' lang='lat' dir='ltr'><strong>smcnli</strong></span> 
     </span>
    </p>
   </div>
   <div class='ocr_carea' id='block_1_27' title="bbox 617 2686 2186 2779">
    <p class='ocr_par' dir='ltr' id='par_1_27' title="bbox 617 2686 2186 2779">
     <span class='ocr_line' id='line_1_27' title="bbox 617 2686 2186 2779; baseline -0.019 -11"><span class='ocrx_word' id='word_1_195' title='bbox 617 2715 786 2776; x_wconf 85' lang='lat' dir='ltr'><strong>istius,</strong></span> <span class='ocrx_word' id='word_1_196' title='bbox 809 2711 885 2779; x_wconf 82' lang='grc' dir='ltr'><strong>(α)</strong></span> <span class='ocrx_word' id='word_1_197' title='bbox 910 2708 1001 2778; x_wconf 91' lang='lat' dir='ltr'><strong>qui</strong></span> <span class='ocrx_word' id='word_1_198' title='bbox 1022 2706 1404 2760; x_wconf 88' lang='lat' dir='ltr'><strong>destruuntur:</strong></span> <span class='ocrx_word' id='word_1_199' title='bbox 1480 2693 1642 2769; x_wconf 63' lang='grc'><strong>274</strong></span> <span class='ocrx_word' id='word_1_200' title='bbox 1708 2692 1803 2747; x_wconf 87' lang='lat' dir='ltr'><strong>sed</strong></span> <span class='ocrx_word' id='word_1_201' title='bbox 1831 2690 2065 2779; x_wconf 79' lang='lat' dir='ltr'><strong>loquitur</strong></span> <span class='ocrx_word' id='word_1_202' title='bbox 2094 2686 2186 2779; x_wconf 80' lang='lat' dir='ltr'><strong>Dei</strong></span> 
     </span>
    </p>
   </div>
   <div class='ocr_carea' id='block_1_28' title="bbox 615 2775 2191 2871">
    <p class='ocr_par' dir='ltr' id='par_1_28' title="bbox 615 2775 2191 2871">
     <span class='ocr_line' id='line_1_28' title="bbox 615 2775 2191 2871; baseline -0.018 -15"><span class='ocrx_word' id='word_1_203' title='bbox 615 2775 1006 2871; x_wconf 35' lang='lat' dir='ltr'><strong>sapientiam—in</strong></span> <span class='ocrx_word' id='word_1_204' title='bbox 1028 2792 1282 2864; x_wconf 80' lang='lat' dir='ltr'><strong>mysterio</strong></span> <span class='ocrx_word' id='word_1_205' title='bbox 1307 2785 1691 2846; x_wconf 80' lang='lat' dir='ltr'><strong>absconditam,</strong></span> <span class='ocrx_word' id='word_1_206' title='bbox 1726 2794 1887 2851; x_wconf 86' lang='lat' dir='ltr'><strong>quam</strong></span> <span class='ocrx_word' id='word_1_207' title='bbox 1916 2775 2191 2847; x_wconf 64' lang='lat' dir='ltr'><strong>praedesti—</strong></span> 
     </span>
    </p>
   </div>
   <div class='ocr_carea' id='block_1_29' title="bbox 616 2867 2187 2949">
    <p class='ocr_par' dir='ltr' id='par_1_29' title="bbox 616 2867 2187 2949">
     <span class='ocr_line' id='line_1_29' title="bbox 616 2867 2187 2949; baseline -0.018 -1"><span class='ocrx_word' id='word_1_208' title='bbox 616 2867 761 2948; x_wconf 75' lang='lat' dir='ltr'><strong>navit</strong></span> <span class='ocrx_word' id='word_1_209' title='bbox 784 2891 927 2946; x_wconf 89' lang='lat' dir='ltr'><strong>Deus</strong></span> <span class='ocrx_word' id='word_1_210' title='bbox 948 2896 1071 2941; x_wconf 87' lang='lat' dir='ltr'><strong>ante</strong></span> <span class='ocrx_word' id='word_1_211' title='bbox 1097 2882 1290 2939; x_wconf 71' lang='lat' dir='ltr'><strong>smcula</strong></span> <span class='ocrx_word' id='word_1_212' title='bbox 1323 2900 1343 2932; x_wconf 70' lang='grc' dir='ltr'><strong>ι</strong></span> <span class='ocrx_word' id='word_1_213' title='bbox 1374 2881 1452 2949; x_wconf 90' lang='lat' dir='ltr'><strong>(l.</strong></span> <span class='ocrx_word' id='word_1_214' title='bbox 1483 2877 1601 2931; x_wconf 80' lang='lat' dir='ltr'><strong>Cor.</strong></span> <span class='ocrx_word' id='word_1_215' title='bbox 1627 2875 1682 2928; x_wconf 75' lang='lat'><strong>2.</strong></span> <span class='ocrx_word' id='word_1_216' title='bbox 1711 2874 1789 2942; x_wconf 86' lang='lat'><strong>7).</strong></span> <span class='ocrx_word' id='word_1_217' title='bbox 1819 2871 1911 2926; x_wconf 88' lang='lat' dir='ltr'><strong>Dei</strong></span> <span class='ocrx_word' id='word_1_218' title='bbox 1930 2867 2187 2938; x_wconf 82' lang='lat' dir='ltr'><strong>sapientia</strong></span> 
     </span>
    </p>
   </div>
   <div class='ocr_carea' id='block_1_30' title="bbox 613 2961 2185 3044">
    <p class='ocr_par' dir='ltr' id='par_1_30' title="bbox 613 2961 2185 3044">
     <span class='ocr_line' id='line_1_30' title="bbox 613 2961 2185 3044; baseline -0.02 -1"><span class='ocrx_word' id='word_1_219' title='bbox 613 2987 857 3044; x_wconf 86' lang='lat' dir='ltr'><strong>Christus</strong></span> <span class='ocrx_word' id='word_1_220' title='bbox 876 2991 980 3038; x_wconf 89' lang='lat' dir='ltr'><strong>est.</strong></span> <span class='ocrx_word' id='word_1_221' title='bbox 1000 2998 1019 3031; x_wconf 76' lang='grc' dir='ltr'><strong>ι</strong></span> <span class='ocrx_word' id='word_1_222' title='bbox 1042 2977 1285 3033; x_wconf 87' lang='lat' dir='ltr'><strong>Christus</strong></span> <span class='ocrx_word' id='word_1_223' title='bbox 1300 2973 1445 3029; x_wconf 91' lang='lat' dir='ltr'><strong>enim</strong></span> <span class='ocrx_word' id='word_1_224' title='bbox 1473 2971 1568 3025; x_wconf 89' lang='lat' dir='ltr'><strong>Dei</strong></span> <span class='ocrx_word' id='word_1_225' title='bbox 1587 2969 1844 3027; x_wconf 82' lang='lat' dir='ltr'><strong>virtus,et</strong></span> <span class='ocrx_word' id='word_1_226' title='bbox 1859 2963 1952 3018; x_wconf 88' lang='lat' dir='ltr'><strong>Dei</strong></span> <span class='ocrx_word' id='word_1_227' title='bbox 1979 2961 2185 3030; x_wconf 78' lang='lat' dir='ltr'><strong>sapien-</strong></span> 
     </span>
    </p>
   </div>
   <div class='ocr_carea' id='block_1_31' title="bbox 617 3049 2189 3145">
    <p class='ocr_par' dir='ltr' id='par_1_31' title="bbox 617 3049 2189 3145">
     <span class='ocr_line' id='line_1_31' title="bbox 617 3049 2189 3145; baseline -0.02 -13"><span class='ocrx_word' id='word_1_228' title='bbox 617 3079 687 3132; x_wconf 86' lang='lat' dir='ltr'><strong>tia</strong></span> <span class='ocrx_word' id='word_1_229' title='bbox 708 3096 727 3129; x_wconf 75' lang='grc' dir='ltr'><strong>ι</strong></span> <span class='ocrx_word' id='word_1_230' title='bbox 759 3074 922 3145; x_wconf 86' lang='lat' dir='ltr'><strong>(Ibid.</strong></span> <span class='ocrx_word' id='word_1_231' title='bbox 946 3071 1062 3141; x_wconf 73' lang='grc'><strong>21).</strong></span> <span class='ocrx_word' id='word_1_232' title='bbox 1096 3068 1221 3122; x_wconf 66' lang='lat' dir='ltr'><strong>llaec</strong></span> <span class='ocrx_word' id='word_1_233' title='bbox 1240 3062 1502 3133; x_wconf 84' lang='lat' dir='ltr'><strong>sapientia</strong></span> <span class='ocrx_word' id='word_1_234' title='bbox 1525 3059 1578 3113; x_wconf 92' lang='lat' dir='ltr'><strong>in</strong></span> <span class='ocrx_word' id='word_1_235' title='bbox 1600 3056 1855 3128; x_wconf 87' lang='lat' dir='ltr'><strong>mysterio</strong></span> <span class='ocrx_word' id='word_1_236' title='bbox 1878 3049 2189 3106; x_wconf 87' lang='lat' dir='ltr'><strong>abscondita</strong></span> 
     </span>
    </p>
   </div>
   <div class='ocr_carea' id='block_1_32' title="bbox 616 3149 2191 3235">
    <p class='ocr_par' dir='ltr' id='par_1_32' title="bbox 616 3149 2191 3235">
     <span class='ocr_line' id='line_1_32' title="bbox 616 3149 2191 3235; baseline -0.021 -11"><span class='ocrx_word' id='word_1_237' title='bbox 616 3176 701 3224; x_wconf 91' lang='lat' dir='ltr'><strong>est</strong></span> <span class='ocrx_word' id='word_1_238' title='bbox 724 3184 738 3221; x_wconf 88' lang='lat'><strong>:</strong></span> <span class='ocrx_word' id='word_1_239' title='bbox 762 3167 830 3221; x_wconf 91' lang='lat' dir='ltr'><strong>de</strong></span> <span class='ocrx_word' id='word_1_240' title='bbox 856 3178 959 3235; x_wconf 87' lang='lat' dir='ltr'><strong>qua</strong></span> <span class='ocrx_word' id='word_1_241' title='bbox 984 3170 1040 3219; x_wconf 86' lang='lat' dir='ltr'><strong>et</strong></span> <span class='ocrx_word' id='word_1_242' title='bbox 1066 3158 1193 3216; x_wconf 91' lang='lat' dir='ltr'><strong>noni</strong></span> <span class='ocrx_word' id='word_1_243' title='bbox 1220 3153 1419 3212; x_wconf 88' lang='lat' dir='ltr'><strong>Psalmi</strong></span> <span class='ocrx_word' id='word_1_244' title='bbox 1445 3149 1633 3206; x_wconf 86' lang='lat' dir='ltr'><strong>titulus</strong></span> <span class='ocrx_word' id='word_1_245' title='bbox 1658 3153 2012 3219; x_wconf 64' lang='lat' dir='ltr'><strong>praenotatur,</strong></span> <span class='ocrx_word' id='word_1_246' title='bbox 2049 3160 2068 3191; x_wconf 75' lang='grc' dir='ltr'><strong>ι</strong></span> <span class='ocrx_word' id='word_1_247' title='bbox 2094 3154 2191 3207; x_wconf 87' lang='lat' dir='ltr'><strong>pro</strong></span> 
     </span>
    </p>
   </div>
   <div class='ocr_carea' id='block_1_33' title="bbox 618 3231 2192 3316">
    <p class='ocr_par' dir='ltr' id='par_1_33' title="bbox 618 3231 2192 3316">
     <span class='ocr_line' id='line_1_33' title="bbox 618 3231 2192 3316; baseline -0.022 -1"><span class='ocrx_word' id='word_1_248' title='bbox 618 3258 838 3314; x_wconf 84' lang='lat' dir='ltr'><strong>occultis</strong></span> <span class='ocrx_word' id='word_1_249' title='bbox 875 3231 976 3309; x_wconf 74' lang='lat' dir='ltr'><strong>lilii</strong></span> <span class='ocrx_word' id='word_1_250' title='bbox 1010 3271 1024 3307; x_wconf 92' lang='lat'>:</span> <span class='ocrx_word' id='word_1_251' title='bbox 1064 3271 1084 3304; x_wconf 75' lang='grc' dir='ltr'><strong>ι</strong></span> <span class='ocrx_word' id='word_1_252' title='bbox 1128 3251 1181 3303; x_wconf 91' lang='lat' dir='ltr'><strong>in</strong></span> <span class='ocrx_word' id='word_1_253' title='bbox 1218 3261 1324 3316; x_wconf 90' lang='lat' dir='ltr'><strong>quo</strong></span> <span class='ocrx_word' id='word_1_254' title='bbox 1348 3253 1475 3299; x_wconf 90' lang='lat' dir='ltr'><strong>sunt</strong></span> <span class='ocrx_word' id='word_1_255' title='bbox 1501 3253 1691 3296; x_wconf 89' lang='lat' dir='ltr'><strong>omnes</strong></span> <span class='ocrx_word' id='word_1_256' title='bbox 1716 3234 1953 3291; x_wconf 86' lang='lat' dir='ltr'><strong>thesauri</strong></span> <span class='ocrx_word' id='word_1_257' title='bbox 1978 3231 2192 3299; x_wconf 86' lang='lat' dir='ltr'><strong>sapien-</strong></span> 
     </span>
    </p>
   </div>
   <div class='ocr_carea' id='block_1_34' title="bbox 620 3318 2191 3404">
    <p class='ocr_par' dir='ltr' id='par_1_34' title="bbox 620 3318 2191 3404">
     <span class='ocr_line' id='line_1_34' title="bbox 620 3318 2191 3404; baseline -0.02 -1"><span class='ocrx_word' id='word_1_258' title='bbox 620 3352 707 3404; x_wconf 61' lang='lat' dir='ltr'><strong>tiae</strong></span> <span class='ocrx_word' id='word_1_259' title='bbox 747 3358 803 3402; x_wconf 87' lang='lat' dir='ltr'><strong>et</strong></span> <span class='ocrx_word' id='word_1_260' title='bbox 834 3344 1071 3399; x_wconf 80' lang='lat' dir='ltr'><strong>scientia:</strong></span> <span class='ocrx_word' id='word_1_261' title='bbox 1109 3336 1406 3394; x_wconf 89' lang='lat' dir='ltr'><strong>abseonditi</strong></span> <span class='ocrx_word' id='word_1_262' title='bbox 1438 3351 1454 3388; x_wconf 89' lang='lat'><strong>:</strong></span> <span class='ocrx_word' id='word_1_263' title='bbox 1484 3340 1540 3388; x_wconf 90' lang='lat' dir='ltr'><strong>et</strong></span> <span class='ocrx_word' id='word_1_264' title='bbox 1562 3328 1654 3400; x_wconf 88' lang='lat' dir='ltr'><strong>qui</strong></span> <span class='ocrx_word' id='word_1_265' title='bbox 1684 3327 1739 3381; x_wconf 93' lang='lat' dir='ltr'><strong>in</strong></span> <span class='ocrx_word' id='word_1_266' title='bbox 1785 3322 2039 3395; x_wconf 86' lang='lat' dir='ltr'><strong>mysterio</strong></span> <span class='ocrx_word' id='word_1_267' title='bbox 2065 3318 2191 3373; x_wconf 81' lang='lat' dir='ltr'><strong>abs-</strong></span> 
     </span>
    </p>
   </div>
   <div class='ocr_carea' id='block_1_35' title="bbox 620 3410 2192 3499">
    <p class='ocr_par' dir='ltr' id='par_1_35' title="bbox 620 3410 2192 3499">
     <span class='ocr_line' id='line_1_35' title="bbox 620 3410 2192 3499; baseline -0.022 -4"><span class='ocrx_word' id='word_1_268' title='bbox 620 3438 865 3494; x_wconf 80' lang='lat' dir='ltr'><strong>conditus</strong></span> <span class='ocrx_word' id='word_1_269' title='bbox 894 3441 1027 3497; x_wconf 89' lang='lat' dir='ltr'><strong>erat,</strong></span> <span class='ocrx_word' id='word_1_270' title='bbox 1075 3427 1483 3499; x_wconf 75' lang='lat' dir='ltr'><strong>praedestinatus</strong></span> <span class='ocrx_word' id='word_1_271' title='bbox 1510 3428 1596 3475; x_wconf 91' lang='lat' dir='ltr'><strong>est</strong></span> <span class='ocrx_word' id='word_1_272' title='bbox 1620 3426 1745 3471; x_wconf 88' lang='lat' dir='ltr'><strong>ante</strong></span> <span class='ocrx_word' id='word_1_273' title='bbox 1790 3413 2009 3469; x_wconf 73' lang='lat' dir='ltr'><strong>smcula.</strong></span> <span class='ocrx_word' id='word_1_274' title='bbox 2048 3410 2192 3464; x_wconf 68' lang='lat' dir='ltr'><strong>Pro:-</strong></span> 
     </span>
    </p>
   </div>
   <div class='ocr_carea' id='block_1_36' title="bbox 622 3500 2194 3582">
    <p class='ocr_par' dir='ltr' id='par_1_36' title="bbox 622 3500 2194 3582">
     <span class='ocr_line' id='line_1_36' title="bbox 622 3500 2194 3582; baseline -0.019 -1"><span class='ocrx_word' id='word_1_275' title='bbox 622 3527 921 3581; x_wconf 85' lang='lat' dir='ltr'><strong>destinatus</strong></span> <span class='ocrx_word' id='word_1_276' title='bbox 944 3530 1143 3581; x_wconf 89' lang='lat' dir='ltr'><strong>autem,</strong></span> <span class='ocrx_word' id='word_1_277' title='bbox 1188 3525 1244 3570; x_wconf 92' lang='lat' dir='ltr'><strong>et</strong></span> <span class='ocrx_word' id='word_1_278' title='bbox 1285 3512 1672 3582; x_wconf 64' lang='lat' dir='ltr'><strong>prwliguratus,</strong></span> <span class='ocrx_word' id='word_1_279' title='bbox 1706 3508 1757 3559; x_wconf 92' lang='lat' dir='ltr'><strong>in</strong></span> <span class='ocrx_word' id='word_1_280' title='bbox 1800 3505 1941 3573; x_wconf 82' lang='lat' dir='ltr'><strong>Lege</strong></span> <span class='ocrx_word' id='word_1_281' title='bbox 1969 3511 2024 3557; x_wconf 92' lang='lat' dir='ltr'><strong>et</strong></span> <span class='ocrx_word' id='word_1_282' title='bbox 2062 3500 2194 3555; x_wconf 86' lang='lat' dir='ltr'><strong>Pro-</strong></span> 
     </span>
    </p>
   </div>
   <div class='ocr_carea' id='block_1_37' title="bbox 626 3594 2191 3688">
    <p class='ocr_par' dir='ltr' id='par_1_37' title="bbox 626 3594 2191 3688">
     <span class='ocr_line' id='line_1_37' title="bbox 626 3594 2191 3688; baseline -0.018 -16"><span class='ocrx_word' id='word_1_283' title='bbox 626 3618 821 3688; x_wconf 79' lang='lat' dir='ltr'><strong>plietis.</strong></span> <span class='ocrx_word' id='word_1_284' title='bbox 866 3611 1020 3668; x_wconf 83' lang='lat' dir='ltr'><strong>Unde</strong></span> <span class='ocrx_word' id='word_1_285' title='bbox 1057 3618 1114 3664; x_wconf 91' lang='lat' dir='ltr'><strong>et</strong></span> <span class='ocrx_word' id='word_1_286' title='bbox 1157 3604 1437 3675; x_wconf 80' lang='lat' dir='ltr'><strong>Propheta:</strong></span> <span class='ocrx_word' id='word_1_287' title='bbox 1465 3598 1869 3670; x_wconf 85' lang='lat' dir='ltr'><strong>appellabantur</strong></span> <span class='ocrx_word' id='word_1_288' title='bbox 1895 3594 2191 3649; x_wconf 80' lang='lat' dir='ltr'><strong>Videntes:</strong></span> 
     </span>
    </p>
   </div>
   <div class='ocr_carea' id='block_1_38' title="bbox 624 3683 2190 3778">
    <p class='ocr_par' dir='ltr' id='par_1_38' title="bbox 624 3683 2190 3778">
     <span class='ocr_line' id='line_1_38' title="bbox 624 3683 2190 3778; baseline -0.018 -16"><span class='ocrx_word' id='word_1_289' title='bbox 624 3683 746 3778; x_wconf 80' lang='lat' dir='ltr'><strong>quia</strong></span> <span class='ocrx_word' id='word_1_290' title='bbox 808 3701 1056 3758; x_wconf 78' lang='lat' dir='ltr'><strong>videbant</strong></span> <span class='ocrx_word' id='word_1_291' title='bbox 1118 3712 1262 3761; x_wconf 90' lang='lat' dir='ltr'><strong>eum,</strong></span> <span class='ocrx_word' id='word_1_292' title='bbox 1319 3706 1478 3764; x_wconf 90' lang='lat' dir='ltr'><strong>quem</strong></span> <span class='ocrx_word' id='word_1_293' title='bbox 1530 3689 1709 3745; x_wconf 61' lang='lat' dir='ltr'><strong>caeteri</strong></span> <span class='ocrx_word' id='word_1_294' title='bbox 1763 3701 1869 3739; x_wconf 92' lang='lat' dir='ltr'><strong>non</strong></span> <span class='ocrx_word' id='word_1_295' title='bbox 1918 3683 2190 3737; x_wconf 77' lang='lat' dir='ltr'><strong>videbant.</strong></span> 
     </span>
    </p>
   </div>
   <div class='ocr_carea' id='block_1_39' title="bbox 630 3772 2191 3855">
    <p class='ocr_par' dir='ltr' id='par_1_39' title="bbox 630 3772 2191 3855">
     <span class='ocr_line' id='line_1_39' title="bbox 630 3772 2191 3855; baseline -0.019 -2"><span class='ocrx_word' id='word_1_296' title='bbox 630 3772 659 3852; x_wconf 57' lang='grc' dir='ltr'><em>ί</em></span> <span class='ocrx_word' id='word_1_297' title='bbox 679 3796 944 3852; x_wconf 84' lang='lat' dir='ltr'><strong>Abraham</strong></span> <span class='ocrx_word' id='word_1_298' title='bbox 968 3789 1253 3846; x_wconf 90' lang='lat' dir='ltr'><strong>viditdiem</strong></span> <span class='ocrx_word' id='word_1_299' title='bbox 1270 3787 1387 3855; x_wconf 87' lang='lat' dir='ltr'><strong>ejus</strong></span> <span class='ocrx_word' id='word_1_300' title='bbox 1413 3800 1427 3837; x_wconf 89' lang='lat'><strong>:</strong></span> <span class='ocrx_word' id='word_1_301' title='bbox 1457 3791 1512 3838; x_wconf 91' lang='lat' dir='ltr'><strong>et</strong></span> <span class='ocrx_word' id='word_1_302' title='bbox 1536 3781 1744 3835; x_wconf 67' lang='lat' dir='ltr'><strong>limatus</strong></span> <span class='ocrx_word' id='word_1_303' title='bbox 1771 3785 1855 3832; x_wconf 91' lang='lat' dir='ltr'><strong>est</strong></span> <span class='ocrx_word' id='word_1_304' title='bbox 1877 3795 1897 3829; x_wconf 76' lang='grc' dir='ltr'><strong>ι</strong></span> <span class='ocrx_word' id='word_1_305' title='bbox 1929 3775 2107 3842; x_wconf 85' lang='lat' dir='ltr'><strong>(Joan.</strong></span> <span class='ocrx_word' id='word_1_306' title='bbox 2137 3772 2191 3825; x_wconf 92' lang='lat'><strong>8.</strong></span> 
     </span>
    </p>
   </div>
   <div class='ocr_carea' id='block_1_40' title="bbox 624 3862 2195 3959">
    <p class='ocr_par' dir='ltr' id='par_1_40' title="bbox 624 3862 2195 3959">
     <span class='ocr_line' id='line_1_40' title="bbox 624 3862 2195 3959; baseline -0.02 -15"><span class='ocrx_word' id='word_1_307' title='bbox 624 3890 733 3959; x_wconf 82' lang='lat'><strong>56).</strong></span> <span class='ocrx_word' id='word_1_308' title='bbox 784 3883 1172 3956; x_wconf 87' lang='lat' dir='ltr'><strong>Aperiebantur</strong></span> <span class='ocrx_word' id='word_1_309' title='bbox 1203 3875 1326 3932; x_wconf 75' lang='grc' dir='ltr'><strong>οωιί</strong></span> <span class='ocrx_word' id='word_1_310' title='bbox 1368 3866 1808 3959; x_wconf 11' lang='grc' dir='ltr'><strong>Ειεοιιίειίςγίιυί</strong></span> <span class='ocrx_word' id='word_1_311' title='bbox 1851 3862 2048 3935; x_wconf 89' lang='lat' dir='ltr'><strong>populo</strong></span> <span class='ocrx_word' id='word_1_312' title='bbox 2075 3875 2195 3930; x_wconf 82' lang='lat' dir='ltr'><strong>pec-</strong></span> 
     </span>
    </p>
   </div>
   <div class='ocr_carea' id='block_1_41' title="bbox 624 3956 2189 4035">
    <p class='ocr_par' dir='ltr' id='par_1_41' title="bbox 624 3956 2189 4035">
     <span class='ocr_line' id='line_1_41' title="bbox 624 3956 2189 4035; baseline -0.02 0"><span class='ocrx_word' id='word_1_313' title='bbox 624 3956 789 4035; x_wconf 82' lang='lat' dir='ltr'><strong>caturi</strong></span> <span class='ocrx_word' id='word_1_314' title='bbox 832 3982 1006 4031; x_wconf 90' lang='lat' dir='ltr'><strong>erant.</strong></span> <span class='ocrx_word' id='word_1_315' title='bbox 1059 3989 1079 4021; x_wconf 83' lang='lat' dir='ltr'><strong>r</strong></span> <span class='ocrx_word' id='word_1_316' title='bbox 1110 3968 1329 4030; x_wconf 78' lang='lat' dir='ltr'><strong>Revela,</strong></span> <span class='ocrx_word' id='word_1_317' title='bbox 1362 3963 1535 4033; x_wconf 88' lang='lat' dir='ltr'><strong>inquit</strong></span> <span class='ocrx_word' id='word_1_318' title='bbox 1573 3958 1761 4020; x_wconf 86' lang='lat' dir='ltr'><strong>David,</strong></span> <span class='ocrx_word' id='word_1_319' title='bbox 1790 3956 1975 4010; x_wconf 91' lang='lat' dir='ltr'><strong>oculos</strong></span> <span class='ocrx_word' id='word_1_320' title='bbox 2002 3967 2189 4007; x_wconf 80' lang='lat' dir='ltr'><strong>uicos:</strong></span> 
     </span>
    </p>
   </div>
   <div class='ocr_carea' id='block_1_42' title="bbox 625 4041 2193 4125">
    <p class='ocr_par' dir='ltr' id='par_1_42' title="bbox 625 4041 2193 4125">
     <span class='ocr_line' id='line_1_42' title="bbox 625 4041 2193 4125; baseline -0.019 -1"><span class='ocrx_word' id='word_1_321' title='bbox 625 4080 679 4125; x_wconf 92' lang='lat' dir='ltr'><strong>et</strong></span> <span class='ocrx_word' id='word_1_322' title='bbox 700 4062 1049 4122; x_wconf 89' lang='lat' dir='ltr'><strong>considerabo</strong></span> <span class='ocrx_word' id='word_1_323' title='bbox 1070 4056 1333 4113; x_wconf 88' lang='lat' dir='ltr'><strong>mirabilia</strong></span> <span class='ocrx_word' id='word_1_324' title='bbox 1358 4053 1427 4108; x_wconf 89' lang='lat' dir='ltr'><strong>de</strong></span> <span class='ocrx_word' id='word_1_325' title='bbox 1454 4051 1571 4120; x_wconf 90' lang='lat' dir='ltr'><strong>lege</strong></span> <span class='ocrx_word' id='word_1_326' title='bbox 1599 4057 1688 4103; x_wconf 88' lang='lat' dir='ltr'><strong>tua</strong></span> <span class='ocrx_word' id='word_1_327' title='bbox 1723 4065 1741 4098; x_wconf 80' lang='grc' dir='ltr'><strong>ι</strong></span> <span class='ocrx_word' id='word_1_328' title='bbox 1775 4044 1896 4116; x_wconf 80' lang='lat' dir='ltr'><strong>(Ps.</strong></span> <span class='ocrx_word' id='word_1_329' title='bbox 1927 4043 2050 4098; x_wconf 83' lang='lat' dir='ltr'><strong>ll8.</strong></span> <span class='ocrx_word' id='word_1_330' title='bbox 2080 4041 2193 4111; x_wconf 84' lang='grc'><strong>18).</strong></span> 
     </span>
    </p>
   </div>
   <div class='ocr_carea' id='block_1_43' title="bbox 628 4139 2199 4221">
    <p class='ocr_par' dir='ltr' id='par_1_43' title="bbox 628 4139 2199 4221">
     <span class='ocr_line' id='line_1_43' title="bbox 628 4139 2199 4221; baseline -0.017 -8"><span class='ocrx_word' id='word_1_331' title='bbox 628 4160 737 4213; x_wconf 82' lang='lat' dir='ltr'><strong>Lex</strong></span> <span class='ocrx_word' id='word_1_332' title='bbox 778 4156 923 4211; x_wconf 90' lang='lat' dir='ltr'><strong>enim</strong></span> <span class='ocrx_word' id='word_1_333' title='bbox 955 4149 1244 4221; x_wconf 90' lang='lat' dir='ltr'><strong>spiritualis</strong></span> <span class='ocrx_word' id='word_1_334' title='bbox 1273 4154 1378 4209; x_wconf 90' lang='lat' dir='ltr'><strong>est,</strong></span> <span class='ocrx_word' id='word_1_335' title='bbox 1405 4153 1460 4198; x_wconf 93' lang='lat' dir='ltr'><strong>et</strong></span> <span class='ocrx_word' id='word_1_336' title='bbox 1494 4139 1822 4197; x_wconf 85' lang='lat' dir='ltr'><strong>revelatioue</strong></span> <span class='ocrx_word' id='word_1_337' title='bbox 1848 4150 1981 4207; x_wconf 83' lang='lat' dir='ltr'><strong>opus</strong></span> <span class='ocrx_word' id='word_1_338' title='bbox 2008 4144 2109 4199; x_wconf 88' lang='lat' dir='ltr'><strong>est,</strong></span> <span class='ocrx_word' id='word_1_339' title='bbox 2141 4142 2199 4188; x_wconf 91' lang='lat' dir='ltr'><strong>ut</strong></span> 
     </span>
    </p>
   </div>
   <div class='ocr_carea' id='block_1_44' title="bbox 629 4225 2199 4315">
    <p class='ocr_par' dir='ltr' id='par_1_44' title="bbox 629 4225 2199 4315">
     <span class='ocr_line' id='line_1_44' title="bbox 629 4225 2199 4315; baseline -0.015 -12"><span class='ocrx_word' id='word_1_340' title='bbox 629 4246 973 4315; x_wconf 76' lang='lat' dir='ltr'><strong>intelligatur,</strong></span> <span class='ocrx_word' id='word_1_341' title='bbox 1005 4254 1069 4296; x_wconf 86' lang='lat' dir='ltr'><strong>ac</strong></span> <span class='ocrx_word' id='word_1_342' title='bbox 1098 4237 1332 4295; x_wconf 86' lang='lat' dir='ltr'><strong>revelata</strong></span> <span class='ocrx_word' id='word_1_343' title='bbox 1354 4233 1487 4291; x_wconf 89' lang='lat' dir='ltr'><strong>facie</strong></span> <span class='ocrx_word' id='word_1_344' title='bbox 1507 4232 1601 4288; x_wconf 89' lang='lat' dir='ltr'><strong>Dei</strong></span> <span class='ocrx_word' id='word_1_345' title='bbox 1621 4230 1844 4302; x_wconf 78' lang='lat' dir='ltr'><strong>gloriam</strong></span> <span class='ocrx_word' id='word_1_346' title='bbox 1870 4225 2199 4295; x_wconf 87' lang='lat' dir='ltr'><strong>contemple-</strong></span> 
     </span>
    </p>
   </div>
   <div class='ocr_carea' id='block_1_45' title="bbox 630 4352 771 4393">
    <p class='ocr_par' dir='ltr' id='par_1_45' title="bbox 630 4352 771 4393">
     <span class='ocr_line' id='line_1_45' title="bbox 630 4352 771 4393; baseline -0.028 0"><span class='ocrx_word' id='word_1_347' title='bbox 630 4352 771 4393; x_wconf 91' lang='lat' dir='ltr'><strong>mur.</strong></span> 
     </span>
    </p>
   </div>
   <div class='ocr_carea' id='block_1_46' title="bbox 700 4410 2197 4490">
    <p class='ocr_par' dir='ltr' id='par_1_46' title="bbox 700 4410 2197 4490">
     <span class='ocr_line' id='line_1_46' title="bbox 700 4410 2197 4490; baseline -0.014 -8"><span class='ocrx_word' id='word_1_348' title='bbox 700 4428 756 4482; x_wconf 87' lang='lat'><strong>5.</strong></span> <span class='ocrx_word' id='word_1_349' title='bbox 798 4424 956 4480; x_wconf 87' lang='lat' dir='ltr'><strong>Liber</strong></span> <span class='ocrx_word' id='word_1_350' title='bbox 982 4424 1035 4477; x_wconf 93' lang='lat' dir='ltr'><strong>in</strong></span> <span class='ocrx_word' id='word_1_351' title='bbox 1061 4417 1381 4490; x_wconf 81' lang='lat' dir='ltr'><strong>Apocalypsi</strong></span> <span class='ocrx_word' id='word_1_352' title='bbox 1406 4424 1613 4486; x_wconf 87' lang='lat' dir='ltr'><strong>septem</strong></span> <span class='ocrx_word' id='word_1_353' title='bbox 1633 4412 1821 4484; x_wconf 89' lang='lat' dir='ltr'><strong>sigillis</strong></span> <span class='ocrx_word' id='word_1_354' title='bbox 1848 4410 2086 4481; x_wconf 88' lang='lat' dir='ltr'><strong>signatus</strong></span> <span class='ocrx_word' id='word_1_355' title='bbox 2105 4422 2197 4463; x_wconf 87' lang='lat' dir='ltr'><strong>os-</strong></span> 
     </span>
    </p>
   </div>
   <div class='ocr_carea' id='block_1_47' title="bbox 631 4501 2198 4584">
    <p class='ocr_par' dir='ltr' id='par_1_47' title="bbox 631 4501 2198 4584">
     <span class='ocr_line' id='line_1_47' title="bbox 631 4501 2198 4584; baseline -0.012 -10"><span class='ocrx_word' id='word_1_356' title='bbox 631 4517 867 4575; x_wconf 86' lang='lat' dir='ltr'><strong>tenditur</strong></span> <span class='ocrx_word' id='word_1_357' title='bbox 905 4514 1090 4584; x_wconf 85' lang='lat' dir='ltr'><strong>(Apoc.</strong></span> <span class='ocrx_word' id='word_1_358' title='bbox 1132 4513 1190 4579; x_wconf 86' lang='lat'><strong>5)</strong></span> <span class='ocrx_word' id='word_1_359' title='bbox 1220 4529 1233 4564; x_wconf 88' lang='lat'><strong>:</strong></span> <span class='ocrx_word' id='word_1_360' title='bbox 1277 4523 1436 4579; x_wconf 90' lang='lat' dir='ltr'><strong>quem</strong></span> <span class='ocrx_word' id='word_1_361' title='bbox 1463 4507 1508 4560; x_wconf 88' lang='lat' dir='ltr'><strong>si</strong></span> <span class='ocrx_word' id='word_1_362' title='bbox 1536 4506 1747 4561; x_wconf 89' lang='lat' dir='ltr'><strong>dederis</strong></span> <span class='ocrx_word' id='word_1_363' title='bbox 1779 4503 1981 4558; x_wconf 89' lang='lat' dir='ltr'><strong>homini</strong></span> <span class='ocrx_word' id='word_1_364' title='bbox 2010 4501 2198 4557; x_wconf 90' lang='lat' dir='ltr'><strong>scienti</strong></span> 
     </span>
    </p>
   </div>
   <div class='ocr_carea' id='block_1_48' title="bbox 632 4590 2198 4672">
    <p class='ocr_par' dir='ltr' id='par_1_48' title="bbox 632 4590 2198 4672">
     <span class='ocr_line' id='line_1_48' title="bbox 632 4590 2198 4672; baseline -0.013 -7"><span class='ocrx_word' id='word_1_365' title='bbox 632 4610 858 4672; x_wconf 79' lang='lat' dir='ltr'><strong>litteras,</strong></span> <span class='ocrx_word' id='word_1_366' title='bbox 886 4616 944 4659; x_wconf 90' lang='lat' dir='ltr'><strong>ut</strong></span> <span class='ocrx_word' id='word_1_367' title='bbox 972 4604 1130 4671; x_wconf 80' lang='lat' dir='ltr'><strong>legat,</strong></span> <span class='ocrx_word' id='word_1_368' title='bbox 1155 4596 1502 4670; x_wconf 88' lang='lat' dir='ltr'><strong>respondebit</strong></span> <span class='ocrx_word' id='word_1_369' title='bbox 1539 4595 1633 4651; x_wconf 91' lang='lat' dir='ltr'><strong>tibi</strong></span> <span class='ocrx_word' id='word_1_370' title='bbox 1661 4611 1675 4647; x_wconf 90' lang='lat'><strong>:</strong></span> <span class='ocrx_word' id='word_1_371' title='bbox 1700 4594 1814 4649; x_wconf 83' lang='lat' dir='ltr'><strong>Non</strong></span> <span class='ocrx_word' id='word_1_372' title='bbox 1856 4607 2097 4663; x_wconf 87' lang='lat' dir='ltr'><strong>possum,</strong></span> <span class='ocrx_word' id='word_1_373' title='bbox 2120 4590 2198 4645; x_wconf 89' lang='lat' dir='ltr'><strong>si-</strong></span> 
     </span>
    </p>
   </div>
   <div class='ocr_carea' id='block_1_49' title="bbox 630 4684 2199 4772">
    <p class='ocr_par' dir='ltr' id='par_1_49' title="bbox 630 4684 2199 4772">
     <span class='ocr_line' id='line_1_49' title="bbox 630 4684 2199 4772; baseline -0.011 -16"><span class='ocrx_word' id='word_1_374' title='bbox 630 4709 821 4772; x_wconf 86' lang='lat' dir='ltr'><strong>gnatus</strong></span> <span class='ocrx_word' id='word_1_375' title='bbox 849 4707 931 4754; x_wconf 89' lang='lat' dir='ltr'><strong>est</strong></span> <span class='ocrx_word' id='word_1_376' title='bbox 955 4694 1121 4753; x_wconf 90' lang='lat' dir='ltr'><strong>enim.</strong></span> <span class='ocrx_word' id='word_1_377' title='bbox 1157 4692 1350 4762; x_wconf 84' lang='lat' dir='ltr'><strong>Quanti</strong></span> <span class='ocrx_word' id='word_1_378' title='bbox 1379 4688 1537 4744; x_wconf 83' lang='lat' dir='ltr'><strong>hodie</strong></span> <span class='ocrx_word' id='word_1_379' title='bbox 1575 4695 1763 4758; x_wconf 90' lang='lat' dir='ltr'><strong>putant</strong></span> <span class='ocrx_word' id='word_1_380' title='bbox 1786 4700 1845 4741; x_wconf 88' lang='lat' dir='ltr'><strong>se</strong></span> <span class='ocrx_word' id='word_1_381' title='bbox 1871 4698 2029 4739; x_wconf 87' lang='lat' dir='ltr'><strong>nosse</strong></span> <span class='ocrx_word' id='word_1_382' title='bbox 2059 4684 2199 4739; x_wconf 82' lang='lat' dir='ltr'><strong>liue-</strong></span> 
     </span>
    </p>
   </div>
   <div class='ocr_carea' id='block_1_50' title="bbox 632 4777 2199 4859">
    <p class='ocr_par' dir='ltr' id='par_1_50' title="bbox 632 4777 2199 4859">
     <span class='ocr_line' id='line_1_50' title="bbox 632 4777 2199 4859; baseline -0.014 -10"><span class='ocrx_word' id='word_1_383' title='bbox 632 4808 738 4859; x_wconf 89' lang='lat' dir='ltr'><strong>ras,</strong></span> <span class='ocrx_word' id='word_1_384' title='bbox 762 4800 817 4847; x_wconf 91' lang='lat' dir='ltr'><strong>et</strong></span> <span class='ocrx_word' id='word_1_385' title='bbox 843 4798 1026 4846; x_wconf 89' lang='lat' dir='ltr'><strong>tenent</strong></span> <span class='ocrx_word' id='word_1_386' title='bbox 1049 4787 1313 4857; x_wconf 86' lang='lat' dir='ltr'><strong>signatum</strong></span> <span class='ocrx_word' id='word_1_387' title='bbox 1336 4783 1568 4847; x_wconf 87' lang='lat' dir='ltr'><strong>librum;</strong></span> <span class='ocrx_word' id='word_1_388' title='bbox 1600 4792 1699 4833; x_wconf 90' lang='lat' dir='ltr'><strong>nec</strong></span> <span class='ocrx_word' id='word_1_389' title='bbox 1723 4777 1933 4847; x_wconf 88' lang='lat' dir='ltr'><strong>aperire</strong></span> <span class='ocrx_word' id='word_1_390' title='bbox 1955 4784 2199 4845; x_wconf 87' lang='lat' dir='ltr'><strong>possunt,</strong></span> 
     </span>
    </p>
   </div>
   <div class='ocr_carea' id='block_1_51' title="bbox 633 4865 2200 4945">
    <p class='ocr_par' dir='ltr' id='par_1_51' title="bbox 633 4865 2200 4945">
     <span class='ocr_line' id='line_1_51' title="bbox 633 4865 2200 4945; baseline -0.012 -7"><span class='ocrx_word' id='word_1_391' title='bbox 633 4884 734 4937; x_wconf 88' lang='lat' dir='ltr'><strong>nisi</strong></span> <span class='ocrx_word' id='word_1_392' title='bbox 763 4882 855 4936; x_wconf 90' lang='lat' dir='ltr'><strong>ille</strong></span> <span class='ocrx_word' id='word_1_393' title='bbox 878 4876 1201 4935; x_wconf 87' lang='lat' dir='ltr'><strong>reseraverit</strong></span> <span class='ocrx_word' id='word_1_394' title='bbox 1245 4892 1265 4927; x_wconf 71' lang='grc' dir='ltr'><strong>ι</strong></span> <span class='ocrx_word' id='word_1_395' title='bbox 1294 4873 1386 4945; x_wconf 87' lang='lat' dir='ltr'><strong>qui</strong></span> <span class='ocrx_word' id='word_1_396' title='bbox 1420 4870 1581 4926; x_wconf 85' lang='lat' dir='ltr'><strong>habet</strong></span> <span class='ocrx_word' id='word_1_397' title='bbox 1622 4869 1827 4923; x_wconf 90' lang='lat' dir='ltr'><strong>clavem</strong></span> <span class='ocrx_word' id='word_1_398' title='bbox 1860 4866 2023 4921; x_wconf 86' lang='lat' dir='ltr'><strong>David</strong></span> <span class='ocrx_word' id='word_1_399' title='bbox 2051 4883 2066 4921; x_wconf 89' lang='lat'><strong>:</strong></span> <span class='ocrx_word' id='word_1_400' title='bbox 2110 4865 2200 4936; x_wconf 93' lang='lat' dir='ltr'><strong>qui</strong></span> 
     </span>
    </p>
   </div>
   <div class='ocr_carea' id='block_1_52' title="bbox 630 4958 2199 5043">
    <p class='ocr_par' dir='ltr' id='par_1_52' title="bbox 630 4958 2199 5043">
     <span class='ocr_line' id='line_1_52' title="bbox 630 4958 2199 5043; baseline -0.01 -15"><span class='ocrx_word' id='word_1_401' title='bbox 630 4974 823 5043; x_wconf 89' lang='lat' dir='ltr'><strong>aperit,</strong></span> <span class='ocrx_word' id='word_1_402' title='bbox 842 4980 897 5028; x_wconf 89' lang='lat' dir='ltr'><strong>et</strong></span> <span class='ocrx_word' id='word_1_403' title='bbox 913 4985 1068 5027; x_wconf 87' lang='lat' dir='ltr'><strong>nemo</strong></span> <span class='ocrx_word' id='word_1_404' title='bbox 1083 4967 1300 5033; x_wconf 89' lang='lat' dir='ltr'><strong>claudit,</strong></span> <span class='ocrx_word' id='word_1_405' title='bbox 1314 4964 1515 5021; x_wconf 88' lang='lat' dir='ltr'><strong>claudit</strong></span> <span class='ocrx_word' id='word_1_406' title='bbox 1535 4972 1585 5020; x_wconf 89' lang='lat' dir='ltr'><strong>et</strong></span> <span class='ocrx_word' id='word_1_407' title='bbox 1607 4977 1764 5018; x_wconf 88' lang='lat' dir='ltr'><strong>nemo</strong></span> <span class='ocrx_word' id='word_1_408' title='bbox 1777 4960 1947 5031; x_wconf 87' lang='lat' dir='ltr'><strong>aperit</strong></span> <span class='ocrx_word' id='word_1_409' title='bbox 1957 4960 1981 5011; x_wconf 87' lang='lat'><strong>?</strong></span> <span class='ocrx_word' id='word_1_410' title='bbox 1991 4979 2011 5011; x_wconf 73' lang='grc' dir='ltr'><strong>ι</strong></span> <span class='ocrx_word' id='word_1_411' title='bbox 2037 4958 2086 5028; x_wconf 87' lang='grc'><strong>(1</strong></span> <span class='ocrx_word' id='word_1_412' title='bbox 2094 4959 2199 5013; x_wconf 84' lang='lat' dir='ltr'><strong>bid.</strong></span> 
     </span>
    </p>
   </div>
   <div class='ocr_carea' id='block_1_53' title="bbox 631 5049 2201 5133">
    <p class='ocr_par' dir='ltr' id='par_1_53' title="bbox 631 5049 2201 5133">
     <span class='ocr_line' id='line_1_53' title="bbox 631 5049 2201 5133; baseline -0.008 -16"><span class='ocrx_word' id='word_1_413' title='bbox 631 5064 684 5117; x_wconf 69' lang='grc' dir='ltr'><strong>ὅ.</strong></span> <span class='ocrx_word' id='word_1_414' title='bbox 710 5064 789 5133; x_wconf 85' lang='lat'><strong>7.)</strong></span> <span class='ocrx_word' id='word_1_415' title='bbox 827 5060 881 5116; x_wconf 86' lang='lat' dir='ltr'><strong>In</strong></span> <span class='ocrx_word' id='word_1_416' title='bbox 929 5061 1076 5116; x_wconf 80' lang='lat' dir='ltr'><strong>Actis</strong></span> <span class='ocrx_word' id='word_1_417' title='bbox 1117 5057 1496 5129; x_wconf 79' lang='lat' dir='ltr'><strong>Apostolorum</strong></span> <span class='ocrx_word' id='word_1_418' title='bbox 1532 5063 1749 5109; x_wconf 89' lang='lat' dir='ltr'><strong>sanctus</strong></span> <span class='ocrx_word' id='word_1_419' title='bbox 1772 5049 2069 5114; x_wconf 90' lang='lat' dir='ltr'><strong>eunuchus,</strong></span> <span class='ocrx_word' id='word_1_420' title='bbox 2094 5049 2201 5104; x_wconf 90' lang='lat' dir='ltr'><strong>imo</strong></span> 
     </span>
    </p>
   </div>
   <div class='ocr_carea' id='block_1_54' title="bbox 633 5140 2206 5227">
    <p class='ocr_par' dir='ltr' id='par_1_54' title="bbox 633 5140 2206 5227">
     <span class='ocr_line' id='line_1_54' title="bbox 633 5140 2206 5227; baseline -0.007 -21"><span class='ocrx_word' id='word_1_421' title='bbox 633 5155 713 5209; x_wconf 87' lang='lat' dir='ltr'><strong>vir</strong></span> <span class='ocrx_word' id='word_1_422' title='bbox 760 5153 873 5227; x_wconf 89' lang='lat' dir='ltr'><strong>(sic</strong></span> <span class='ocrx_word' id='word_1_423' title='bbox 902 5153 1044 5207; x_wconf 91' lang='lat' dir='ltr'><strong>enim</strong></span> <span class='ocrx_word' id='word_1_424' title='bbox 1074 5165 1194 5206; x_wconf 87' lang='lat' dir='ltr'><strong>eum</strong></span> <span class='ocrx_word' id='word_1_425' title='bbox 1219 5149 1493 5218; x_wconf 87' lang='lat' dir='ltr'><strong>Scriptura</strong></span> <span class='ocrx_word' id='word_1_426' title='bbox 1538 5143 1928 5214; x_wconf 80' lang='lat' dir='ltr'><strong>cognominat),</strong></span> <span class='ocrx_word' id='word_1_427' title='bbox 1958 5157 2079 5196; x_wconf 92' lang='lat' dir='ltr'><strong>cum</strong></span> <span class='ocrx_word' id='word_1_428' title='bbox 2122 5140 2206 5196; x_wconf 91' lang='lat' dir='ltr'><strong>le-</strong></span> 
     </span>
    </p>
   </div>
   <div class='ocr_carea' id='block_1_55' title="bbox 640 5236 2207 5314">
    <p class='ocr_par' dir='ltr' id='par_1_55' title="bbox 640 5236 2207 5314">
     <span class='ocr_line' id='line_1_55' title="bbox 640 5236 2207 5314; baseline -0.01 -14"><span class='ocrx_word' id='word_1_429' title='bbox 640 5255 793 5314; x_wconf 87' lang='lat' dir='ltr'><strong>geret</strong></span> <span class='ocrx_word' id='word_1_430' title='bbox 820 5245 1030 5308; x_wconf 89' lang='lat' dir='ltr'><strong>Isaiam,</strong></span> <span class='ocrx_word' id='word_1_431' title='bbox 1059 5243 1418 5311; x_wconf 85' lang='lat' dir='ltr'><strong>interrogatus</strong></span> <span class='ocrx_word' id='word_1_432' title='bbox 1442 5255 1471 5292; x_wconf 88' lang='lat' dir='ltr'><strong>a</strong></span> <span class='ocrx_word' id='word_1_433' title='bbox 1498 5237 1745 5306; x_wconf 87' lang='lat' dir='ltr'><strong>Philippo</strong></span> <span class='ocrx_word' id='word_1_434' title='bbox 1775 5253 1789 5288; x_wconf 90' lang='lat'>:</span> <span class='ocrx_word' id='word_1_435' title='bbox 1824 5255 1844 5286; x_wconf 76' lang='grc' dir='ltr'><strong>ι</strong></span> <span class='ocrx_word' id='word_1_436' title='bbox 1872 5236 2105 5289; x_wconf 88' lang='lat' dir='ltr'><strong>Putasne</strong></span> <span class='ocrx_word' id='word_1_437' title='bbox 2125 5237 2207 5286; x_wconf 88' lang='lat' dir='ltr'><strong>in-</strong></span> 
     </span>
    </p>
   </div>
   <div class='ocr_carea' id='block_1_56' title="bbox 636 5324 2199 5404">
    <p class='ocr_par' dir='ltr' id='par_1_56' title="bbox 636 5324 2199 5404">
     <span class='ocr_line' id='line_1_56' title="bbox 636 5324 2199 5404; baseline -0.008 -16"><span class='ocrx_word' id='word_1_438' title='bbox 636 5335 831 5404; x_wconf 81' lang='lat' dir='ltr'><strong>telligis</strong></span> <span class='ocrx_word' id='word_1_439' title='bbox 870 5348 989 5402; x_wconf 81' lang='lat' dir='ltr'><strong>qua:</strong></span> <span class='ocrx_word' id='word_1_440' title='bbox 1027 5331 1204 5401; x_wconf 74' lang='lat' dir='ltr'><strong>legis?</strong></span> <span class='ocrx_word' id='word_1_441' title='bbox 1227 5348 1246 5383; x_wconf 76' lang='grc' dir='ltr'><strong>ι</strong></span> <span class='ocrx_word' id='word_1_442' title='bbox 1281 5327 1574 5400; x_wconf 89' lang='lat' dir='ltr'><strong>respondit,</strong></span> <span class='ocrx_word' id='word_1_443' title='bbox 1609 5343 1629 5376; x_wconf 81' lang='grc' dir='ltr'><strong>ι</strong></span> <span class='ocrx_word' id='word_1_444' title='bbox 1653 5324 1932 5393; x_wconf 88' lang='lat' dir='ltr'><strong>Quomodo</strong></span> <span class='ocrx_word' id='word_1_445' title='bbox 1964 5337 2199 5393; x_wconf 87' lang='lat' dir='ltr'><strong>possum,</strong></span> 
     </span>
    </p>
   </div>
   <div class='ocr_carea' id='block_1_57' title="bbox 641 5516 2199 5583">
    <p class='ocr_par' dir='ltr' id='par_1_57' title="bbox 641 5516 2199 5583">
     <span class='ocr_line' id='line_1_57' title="bbox 641 5516 2199 5583; baseline 0 -16"><span class='ocrx_word' id='word_1_446' title='bbox 641 5521 782 5583; x_wconf 78' lang='lat' dir='ltr'><strong>unico</strong></span> <span class='ocrx_word' id='word_1_447' title='bbox 802 5520 984 5568; x_wconf 86' lang='lat' dir='ltr'><strong>rectius</strong></span> <span class='ocrx_word' id='word_1_448' title='bbox 1006 5522 1313 5582; x_wconf 73' lang='lat' dir='ltr'><strong>exprimitur,</strong></span> <span class='ocrx_word' id='word_1_449' title='bbox 1331 5523 1481 5583; x_wconf 69' lang='lat' dir='ltr'><strong>juxta</strong></span> <span class='ocrx_word' id='word_1_450' title='bbox 1490 5519 1707 5583; x_wconf 69' lang='lat' dir='ltr'><strong>Apostoli</strong></span> <span class='ocrx_word' id='word_1_451' title='bbox 1728 5518 1886 5583; x_wconf 81' lang='lat' dir='ltr'><strong>locum</strong></span> <span class='ocrx_word' id='word_1_452' title='bbox 1908 5516 1968 5567; x_wconf 88' lang='lat' dir='ltr'><strong>ad</strong></span> <span class='ocrx_word' id='word_1_453' title='bbox 1987 5517 2199 5567; x_wconf 82' lang='lat' dir='ltr'><strong>Thessa-</strong></span> 
     </span>
    </p>
   </div>
   <div class='ocr_carea' id='block_1_58' title="bbox 645 5578 1812 5645">
    <p class='ocr_par' dir='ltr' id='par_1_58' title="bbox 645 5578 1812 5645">
     <span class='ocr_line' id='line_1_58' title="bbox 645 5578 1812 5645; baseline 0.002 -20"><span class='ocrx_word' id='word_1_454' title='bbox 645 5578 783 5645; x_wconf 67' lang='lat' dir='ltr'><strong>loniq.</strong></span> <span class='ocrx_word' id='word_1_455' title='bbox 806 5590 905 5645; x_wconf 53' lang='grc' dir='ltr'><strong>ξηιανς</strong></span> <span class='ocrx_word' id='word_1_456' title='bbox 920 5578 1151 5645; x_wconf 55' lang='grc' dir='ltr'><strong>Διιθιῑίδεὶιτοι</strong></span> <span class='ocrx_word' id='word_1_457' title='bbox 1172 5596 1271 5645; x_wconf 53' lang='lat' dir='ltr'><strong>tegi,</strong></span> <span class='ocrx_word' id='word_1_458' title='bbox 1294 5578 1441 5642; x_wconf 69' lang='lat' dir='ltr'><strong>quem</strong></span> <span class='ocrx_word' id='word_1_459' title='bbox 1464 5578 1603 5628; x_wconf 73' lang='lat' dir='ltr'><strong>llier.</strong></span> <span class='ocrx_word' id='word_1_460' title='bbox 1627 5581 1812 5645; x_wconf 75' lang='lat' dir='ltr'><strong>alludit.</strong></span> 
     </span>
    </p>
   </div>
   <div class='ocr_carea' id='block_1_59' title="bbox 674 5637 2199 5704">
    <p class='ocr_par' dir='ltr' id='par_1_59' title="bbox 674 5637 2199 5704">
     <span class='ocr_line' id='line_1_59' title="bbox 674 5637 2199 5704; baseline -0.006 -10"><span class='ocrx_word' id='word_1_461' title='bbox 674 5638 779 5704; x_wconf 59' lang='grc' dir='ltr'><strong>⁴(ξι)</strong></span> <span class='ocrx_word' id='word_1_462' title='bbox 814 5637 1031 5704; x_wconf 53' lang='lat' dir='ltr'><strong>“attigit.</strong></span> <span class='ocrx_word' id='word_1_463' title='bbox 1079 5649 1182 5696; x_wconf 66' lang='lat' dir='ltr'><strong>[inst</strong></span> <span class='ocrx_word' id='word_1_464' title='bbox 1227 5637 1564 5704; x_wconf 44' lang='lat' dir='ltr'><strong>Era-sm.&quot;th</strong></span> <span class='ocrx_word' id='word_1_465' title='bbox 1607 5640 2199 5704; x_wconf 64' lang='lat' dir='ltr'><strong>(testi-nitnr,_rouuente</strong></span> 
     </span>
    </p>
   </div>
   <div class='ocr_carea' id='block_1_60' title="bbox 648 5695 2199 5762">
    <p class='ocr_par' dir='ltr' id='par_1_60' title="bbox 648 5695 2199 5762">
     <span class='ocr_line' id='line_1_60' title="bbox 648 5695 2199 5762; baseline 0.001 -21"><span class='ocrx_word' id='word_1_466' title='bbox 648 5695 857 5755; x_wconf 75' lang='lat' dir='ltr'><strong>\‘ulgato</strong></span> <span class='ocrx_word' id='word_1_467' title='bbox 880 5706 933 5740; x_wconf 88' lang='lat' dir='ltr'><strong>ac</strong></span> <span class='ocrx_word' id='word_1_468' title='bbox 958 5695 1125 5742; x_wconf 69' lang='lat' dir='ltr'><strong>Grarco</strong></span> <span class='ocrx_word' id='word_1_469' title='bbox 1147 5706 1312 5754; x_wconf 63' lang='lat' dir='ltr'><strong>textu,</strong></span> <span class='ocrx_word' id='word_1_470' title='bbox 1339 5708 1388 5747; x_wconf 85' lang='lat' dir='ltr'><strong>et</strong></span> <span class='ocrx_word' id='word_1_471' title='bbox 1411 5695 1794 5762; x_wconf 67' lang='lat' dir='ltr'><strong>ili&#39;eronymianis</strong></span> <span class='ocrx_word' id='word_1_472' title='bbox 1816 5699 2061 5760; x_wconf 79' lang='lat' dir='ltr'><strong>plerisque</strong></span> <span class='ocrx_word' id='word_1_473' title='bbox 2086 5697 2199 5744; x_wconf 77' lang='lat' dir='ltr'><strong>Mss.</strong></span> 
     </span>
    </p>
   </div>
   <div class='ocr_carea' id='block_1_61' title="bbox 1926 317 2578 377">
    <p class='ocr_par' dir='ltr' id='par_1_61' title="bbox 1926 317 2578 377">
     <span class='ocr_line' id='line_1_61' title="bbox 1926 317 2578 377; baseline -0.009 0"><span class='ocrx_word' id='word_1_474' title='bbox 1926 320 2165 377; x_wconf 68' lang='lat' dir='ltr'><strong>SASCTI</strong></span> <span class='ocrx_word' id='word_1_475' title='bbox 2196 319 2451 375; x_wconf 69' lang='lat' dir='ltr'><strong>IIIERON</strong></span> <span class='ocrx_word' id='word_1_476' title='bbox 2461 317 2578 372; x_wconf 56' lang='grc' dir='ltr'><strong>γει</strong></span> 
     </span>
    </p>
   </div>
   <div class='ocr_carea' id='block_1_62' title="bbox 3779 322 3895 380">
    <p class='ocr_par' dir='ltr' id='par_1_62' title="bbox 3779 322 3895 380">
     <span class='ocr_line' id='line_1_62' title="bbox 3779 322 3895 380; baseline 0.034 -5"><span class='ocrx_word' id='word_1_477' title='bbox 3779 322 3895 380; x_wconf 66' lang='grc'><strong>524</strong></span> 
     </span>
    </p>
   </div>
   <div class='ocr_carea' id='block_1_63' title="bbox 2297 427 3895 498">
    <p class='ocr_par' dir='ltr' id='par_1_63' title="bbox 2297 427 3895 498">
     <span class='ocr_line' id='line_1_63' title="bbox 2297 427 3895 498; baseline 0.004 -17"><span class='ocrx_word' id='word_1_478' title='bbox 2297 432 2397 484; x_wconf 86' lang='lat' dir='ltr'><strong>nisi</strong></span> <span class='ocrx_word' id='word_1_479' title='bbox 2425 430 2616 498; x_wconf 88' lang='lat' dir='ltr'><strong>aliquis</strong></span> <span class='ocrx_word' id='word_1_480' title='bbox 2634 444 2718 481; x_wconf 90' lang='lat' dir='ltr'><strong>me</strong></span> <span class='ocrx_word' id='word_1_481' title='bbox 2739 427 3017 482; x_wconf 80' lang='lat' dir='ltr'><strong>docuerit?</strong></span> <span class='ocrx_word' id='word_1_482' title='bbox 3050 447 3067 478; x_wconf 76' lang='grc' dir='ltr'><strong>ι</strong></span> <span class='ocrx_word' id='word_1_483' title='bbox 3098 429 3231 495; x_wconf 74' lang='lat' dir='ltr'><strong>(.lct.</strong></span> <span class='ocrx_word' id='word_1_484' title='bbox 3264 429 3342 495; x_wconf 81' lang='lat' dir='ltr'><strong>S.)</strong></span> <span class='ocrx_word' id='word_1_485' title='bbox 3371 429 3501 497; x_wconf 75' lang='lat' dir='ltr'><strong>Ego,</strong></span> <span class='ocrx_word' id='word_1_486' title='bbox 3524 441 3577 482; x_wconf 89' lang='lat' dir='ltr'><strong>ut</strong></span> <span class='ocrx_word' id='word_1_487' title='bbox 3600 430 3777 486; x_wconf 83' lang='lat' dir='ltr'><strong>deme</strong></span> <span class='ocrx_word' id='word_1_488' title='bbox 3804 436 3895 487; x_wconf 61' lang='lat' dir='ltr'><strong>in»</strong></span> 
     </span>
    </p>
   </div>
   <div class='ocr_carea' id='block_1_64' title="bbox 2296 520 3893 587">
    <p class='ocr_par' dir='ltr' id='par_1_64' title="bbox 2296 520 3893 587">
     <span class='ocr_line' id='line_1_64' title="bbox 2296 520 3893 587; baseline 0 -12"><span class='ocrx_word' id='word_1_489' title='bbox 2296 523 2447 575; x_wconf 88' lang='lat' dir='ltr'><strong>terim</strong></span> <span class='ocrx_word' id='word_1_490' title='bbox 2494 522 2701 587; x_wconf 87' lang='lat' dir='ltr'><strong>loquar,</strong></span> <span class='ocrx_word' id='word_1_491' title='bbox 2744 534 2843 571; x_wconf 83' lang='lat' dir='ltr'><strong>nee</strong></span> <span class='ocrx_word' id='word_1_492' title='bbox 2879 520 3115 573; x_wconf 84' lang='lat' dir='ltr'><strong>sanctior</strong></span> <span class='ocrx_word' id='word_1_493' title='bbox 3154 534 3274 570; x_wconf 86' lang='lat' dir='ltr'><strong>sum</strong></span> <span class='ocrx_word' id='word_1_494' title='bbox 3319 523 3419 572; x_wconf 80' lang='lat' dir='ltr'><strong>hoc</strong></span> <span class='ocrx_word' id='word_1_495' title='bbox 3459 521 3731 584; x_wconf 85' lang='lat' dir='ltr'><strong>eunucho,</strong></span> <span class='ocrx_word' id='word_1_496' title='bbox 3786 539 3893 578; x_wconf 86' lang='lat' dir='ltr'><strong>nec</strong></span> 
     </span>
    </p>
   </div>
   <div class='ocr_carea' id='block_1_65' title="bbox 2292 607 3891 675">
    <p class='ocr_par' dir='ltr' id='par_1_65' title="bbox 2292 607 3891 675">
     <span class='ocr_line' id='line_1_65' title="bbox 2292 607 3891 675; baseline 0.001 -10"><span class='ocrx_word' id='word_1_497' title='bbox 2292 611 2610 673; x_wconf 83' lang='lat' dir='ltr'><strong>studiosior;</strong></span> <span class='ocrx_word' id='word_1_498' title='bbox 2652 610 2741 675; x_wconf 86' lang='lat' dir='ltr'><strong>qui</strong></span> <span class='ocrx_word' id='word_1_499' title='bbox 2785 609 2854 662; x_wconf 88' lang='lat' dir='ltr'><strong>de</strong></span> <span class='ocrx_word' id='word_1_500' title='bbox 2899 607 3200 675; x_wconf 65' lang='lat' dir='ltr'><strong>Ethiopia,</strong></span> <span class='ocrx_word' id='word_1_501' title='bbox 3251 608 3303 660; x_wconf 88' lang='lat' dir='ltr'><strong>id</strong></span> <span class='ocrx_word' id='word_1_502' title='bbox 3353 618 3456 672; x_wconf 88' lang='lat' dir='ltr'><strong>est,</strong></span> <span class='ocrx_word' id='word_1_503' title='bbox 3498 608 3567 662; x_wconf 89' lang='lat' dir='ltr'><strong>de</strong></span> <span class='ocrx_word' id='word_1_504' title='bbox 3611 613 3891 666; x_wconf 83' lang='lat' dir='ltr'><strong>extremis</strong></span> 
     </span>
    </p>
   </div>
   <div class='ocr_carea' id='block_1_66' title="bbox 2294 698 3885 768">
    <p class='ocr_par' dir='ltr' id='par_1_66' title="bbox 2294 698 3885 768">
     <span class='ocr_line' id='line_1_66' title="bbox 2294 698 3885 768; baseline -0.001 -12"><span class='ocrx_word' id='word_1_505' title='bbox 2294 702 2477 756; x_wconf 88' lang='lat' dir='ltr'><strong>tnundi</strong></span> <span class='ocrx_word' id='word_1_506' title='bbox 2522 701 2713 753; x_wconf 82' lang='lat' dir='ltr'><strong>ﬁnibus</strong></span> <span class='ocrx_word' id='word_1_507' title='bbox 2740 700 2887 753; x_wconf 87' lang='lat' dir='ltr'><strong>venit</strong></span> <span class='ocrx_word' id='word_1_508' title='bbox 2913 699 2980 751; x_wconf 86' lang='lat' dir='ltr'><strong>ad</strong></span> <span class='ocrx_word' id='word_1_509' title='bbox 3007 698 3313 765; x_wconf 86' lang='lat' dir='ltr'><strong>Templum,</strong></span> <span class='ocrx_word' id='word_1_510' title='bbox 3341 698 3557 768; x_wconf 86' lang='lat' dir='ltr'><strong>reliquit</strong></span> <span class='ocrx_word' id='word_1_511' title='bbox 3581 700 3764 753; x_wconf 88' lang='lat' dir='ltr'><strong>aulam</strong></span> <span class='ocrx_word' id='word_1_512' title='bbox 3792 717 3885 755; x_wconf 85' lang='lat' dir='ltr'><strong>re-</strong></span> 
     </span>
    </p>
   </div>
   <div class='ocr_carea' id='block_1_67' title="bbox 2291 787 3888 861">
    <p class='ocr_par' dir='ltr' id='par_1_67' title="bbox 2291 787 3888 861">
     <span class='ocr_line' id='line_1_67' title="bbox 2291 787 3888 861; baseline -0.001 -16"><span class='ocrx_word' id='word_1_513' title='bbox 2291 795 2431 861; x_wconf 86' lang='lat' dir='ltr'><strong>giam</strong></span> <span class='ocrx_word' id='word_1_514' title='bbox 2461 810 2476 843; x_wconf 89' lang='lat'><strong>:</strong></span> <span class='ocrx_word' id='word_1_515' title='bbox 2505 802 2560 845; x_wconf 91' lang='lat' dir='ltr'><strong>et</strong></span> <span class='ocrx_word' id='word_1_516' title='bbox 2602 799 2780 843; x_wconf 88' lang='lat' dir='ltr'><strong>tantus</strong></span> <span class='ocrx_word' id='word_1_517' title='bbox 2826 799 3034 843; x_wconf 86' lang='lat' dir='ltr'><strong>amator</strong></span> <span class='ocrx_word' id='word_1_518' title='bbox 3084 787 3263 857; x_wconf 87' lang='lat' dir='ltr'><strong>Legis,</strong></span> <span class='ocrx_word' id='word_1_519' title='bbox 3308 788 3609 859; x_wconf 58' lang='lat' dir='ltr'><strong>divinaque</strong></span> <span class='ocrx_word' id='word_1_520' title='bbox 3636 790 3888 844; x_wconf 80' lang='lat' dir='ltr'><strong>scientia:</strong></span> 
     </span>
    </p>
   </div>
   <div class='ocr_carea' id='block_1_68' title="bbox 2294 879 3887 950">
    <p class='ocr_par' dir='ltr' id='par_1_68' title="bbox 2294 879 3887 950">
     <span class='ocr_line' id='line_1_68' title="bbox 2294 879 3887 950; baseline -0.002 -12"><span class='ocrx_word' id='word_1_521' title='bbox 2294 884 2412 950; x_wconf 89' lang='lat' dir='ltr'><strong>fuit,</strong></span> <span class='ocrx_word' id='word_1_522' title='bbox 2444 893 2504 936; x_wconf 91' lang='lat' dir='ltr'><strong>ut</strong></span> <span class='ocrx_word' id='word_1_523' title='bbox 2527 884 2691 936; x_wconf 85' lang='lat' dir='ltr'><strong>etiam</strong></span> <span class='ocrx_word' id='word_1_524' title='bbox 2728 880 2783 934; x_wconf 89' lang='lat' dir='ltr'><strong>in</strong></span> <span class='ocrx_word' id='word_1_525' title='bbox 2808 879 3056 934; x_wconf 86' lang='lat' dir='ltr'><strong>vehiculo</strong></span> <span class='ocrx_word' id='word_1_526' title='bbox 3076 893 3262 934; x_wconf 83' lang='lat' dir='ltr'><strong>sacras</strong></span> <span class='ocrx_word' id='word_1_527' title='bbox 3299 879 3510 933; x_wconf 88' lang='lat' dir='ltr'><strong>litteras</strong></span> <span class='ocrx_word' id='word_1_528' title='bbox 3547 880 3753 950; x_wconf 83' lang='lat' dir='ltr'><strong>legeret</strong></span> <span class='ocrx_word' id='word_1_529' title='bbox 3783 900 3797 933; x_wconf 90' lang='lat'><strong>:</strong></span> <span class='ocrx_word' id='word_1_530' title='bbox 3827 891 3887 935; x_wconf 89' lang='lat' dir='ltr'><strong>ct</strong></span> 
     </span>
    </p>
   </div>
   <div class='ocr_carea' id='block_1_69' title="bbox 2294 968 3884 1040">
    <p class='ocr_par' dir='ltr' id='par_1_69' title="bbox 2294 968 3884 1040">
     <span class='ocr_line' id='line_1_69' title="bbox 2294 968 3884 1040; baseline -0.002 -14"><span class='ocrx_word' id='word_1_531' title='bbox 2294 981 2473 1026; x_wconf 88' lang='lat' dir='ltr'><strong>tamen</strong></span> <span class='ocrx_word' id='word_1_532' title='bbox 2507 985 2629 1025; x_wconf 90' lang='lat' dir='ltr'><strong>eum</strong></span> <span class='ocrx_word' id='word_1_533' title='bbox 2675 970 2869 1023; x_wconf 87' lang='lat' dir='ltr'><strong>librum</strong></span> <span class='ocrx_word' id='word_1_534' title='bbox 2896 977 3128 1033; x_wconf 90' lang='lat' dir='ltr'><strong>teneret,</strong></span> <span class='ocrx_word' id='word_1_535' title='bbox 3151 977 3209 1022; x_wconf 89' lang='lat' dir='ltr'><strong>et</strong></span> <span class='ocrx_word' id='word_1_536' title='bbox 3255 968 3420 1023; x_wconf 88' lang='lat' dir='ltr'><strong>verba</strong></span> <span class='ocrx_word' id='word_1_537' title='bbox 3479 969 3689 1023; x_wconf 90' lang='lat' dir='ltr'><strong>Domini</strong></span> <span class='ocrx_word' id='word_1_538' title='bbox 3727 972 3884 1040; x_wconf 84' lang='lat' dir='ltr'><strong>cogi-</strong></span> 
     </span>
    </p>
   </div>
   <div class='ocr_carea' id='block_1_70' title="bbox 2294 1056 3881 1128">
    <p class='ocr_par' dir='ltr' id='par_1_70' title="bbox 2294 1056 3881 1128">
     <span class='ocr_line' id='line_1_70' title="bbox 2294 1056 3881 1128; baseline -0.001 -16"><span class='ocrx_word' id='word_1_539' title='bbox 2294 1061 2497 1113; x_wconf 86' lang='lat' dir='ltr'><strong>tatione</strong></span> <span class='ocrx_word' id='word_1_540' title='bbox 2518 1060 2852 1128; x_wconf 84' lang='lat' dir='ltr'><strong>conciperet,</strong></span> <span class='ocrx_word' id='word_1_541' title='bbox 2876 1058 3054 1126; x_wconf 83' lang='lat' dir='ltr'><strong>lingua</strong></span> <span class='ocrx_word' id='word_1_542' title='bbox 3076 1056 3334 1123; x_wconf 84' lang='lat' dir='ltr'><strong>volveret,</strong></span> <span class='ocrx_word' id='word_1_543' title='bbox 3359 1057 3513 1111; x_wconf 86' lang='lat' dir='ltr'><strong>labiis</strong></span> <span class='ocrx_word' id='word_1_544' title='bbox 3534 1070 3881 1128; x_wconf 68' lang='lat' dir='ltr'><strong>personaret,</strong></span> 
     </span>
    </p>
   </div>
   <div class='ocr_carea' id='block_1_71' title="bbox 2294 1146 3878 1217">
    <p class='ocr_par' dir='ltr' id='par_1_71' title="bbox 2294 1146 3878 1217">
     <span class='ocr_line' id='line_1_71' title="bbox 2294 1146 3878 1217; baseline -0.001 -15"><span class='ocrx_word' id='word_1_545' title='bbox 2294 1150 2567 1217; x_wconf 84' lang='lat' dir='ltr'><strong>ignorabat</strong></span> <span class='ocrx_word' id='word_1_546' title='bbox 2591 1164 2740 1211; x_wconf 88' lang='lat' dir='ltr'><strong>eum,</strong></span> <span class='ocrx_word' id='word_1_547' title='bbox 2777 1162 2937 1216; x_wconf 83' lang='lat' dir='ltr'><strong>quem</strong></span> <span class='ocrx_word' id='word_1_548' title='bbox 2963 1148 3014 1199; x_wconf 90' lang='lat' dir='ltr'><strong>in</strong></span> <span class='ocrx_word' id='word_1_549' title='bbox 3045 1146 3183 1201; x_wconf 88' lang='lat' dir='ltr'><strong>libro</strong></span> <span class='ocrx_word' id='word_1_550' title='bbox 3218 1148 3467 1201; x_wconf 84' lang='lat' dir='ltr'><strong>nesciens</strong></span> <span class='ocrx_word' id='word_1_551' title='bbox 3492 1148 3878 1202; x_wconf 81' lang='lat' dir='ltr'><strong>venerabatur.</strong></span> 
     </span>
    </p>
   </div>
   <div class='ocr_carea' id='block_1_72' title="bbox 2295 1236 3883 1307">
    <p class='ocr_par' dir='ltr' id='par_1_72' title="bbox 2295 1236 3883 1307">
     <span class='ocr_line' id='line_1_72' title="bbox 2295 1236 3883 1307; baseline -0.001 -15"><span class='ocrx_word' id='word_1_552' title='bbox 2295 1239 2453 1292; x_wconf 79' lang='lat' dir='ltr'><strong>Venit</strong></span> <span class='ocrx_word' id='word_1_553' title='bbox 2491 1239 2789 1307; x_wconf 82' lang='lat' dir='ltr'><strong>Philippus,</strong></span> <span class='ocrx_word' id='word_1_554' title='bbox 2818 1236 3055 1291; x_wconf 79' lang='lat' dir='ltr'><strong>ostendit</strong></span> <span class='ocrx_word' id='word_1_555' title='bbox 3079 1237 3129 1290; x_wconf 91' lang='lat' dir='ltr'><strong>ei</strong></span> <span class='ocrx_word' id='word_1_556' title='bbox 3157 1236 3367 1300; x_wconf 70' lang='lat' dir='ltr'><strong>Iesum,</strong></span> <span class='ocrx_word' id='word_1_557' title='bbox 3391 1238 3482 1305; x_wconf 91' lang='lat' dir='ltr'><strong>qui</strong></span> <span class='ocrx_word' id='word_1_558' title='bbox 3503 1237 3721 1291; x_wconf 88' lang='lat' dir='ltr'><strong>clausus</strong></span> <span class='ocrx_word' id='word_1_559' title='bbox 3744 1238 3883 1291; x_wconf 87' lang='lat' dir='ltr'><strong>late-</strong></span> 
     </span>
    </p>
   </div>
   <div class='ocr_carea' id='block_1_73' title="bbox 2292 1328 3879 1384">
    <p class='ocr_par' dir='ltr' id='par_1_73' title="bbox 2292 1328 3879 1384">
     <span class='ocr_line' id='line_1_73' title="bbox 2292 1328 3879 1384; baseline -0.001 0"><span class='ocrx_word' id='word_1_560' title='bbox 2292 1330 2385 1384; x_wconf 85' lang='lat' dir='ltr'><strong>bat</strong></span> <span class='ocrx_word' id='word_1_561' title='bbox 2421 1332 2475 1384; x_wconf 89' lang='lat' dir='ltr'><strong>in</strong></span> <span class='ocrx_word' id='word_1_562' title='bbox 2522 1331 2719 1384; x_wconf 86' lang='lat' dir='ltr'><strong>littera.</strong></span> <span class='ocrx_word' id='word_1_563' title='bbox 2759 1329 2807 1382; x_wconf 89' lang='grc'>0</span> <span class='ocrx_word' id='word_1_564' title='bbox 2853 1330 2987 1382; x_wconf 86' lang='lat' dir='ltr'><strong>mira</strong></span> <span class='ocrx_word' id='word_1_565' title='bbox 3007 1328 3243 1381; x_wconf 87' lang='lat' dir='ltr'><strong>doctoris</strong></span> <span class='ocrx_word' id='word_1_566' title='bbox 3265 1329 3467 1382; x_wconf 86' lang='lat' dir='ltr'><strong>virtus!</strong></span> <span class='ocrx_word' id='word_1_567' title='bbox 3513 1328 3713 1383; x_wconf 78' lang='lat' dir='ltr'><strong>Eadem</strong></span> <span class='ocrx_word' id='word_1_568' title='bbox 3742 1328 3879 1382; x_wconf 78' lang='lat' dir='ltr'><strong>hora</strong></span> 
     </span>
    </p>
   </div>
   <div class='ocr_carea' id='block_1_74' title="bbox 2289 1418 3880 1488">
    <p class='ocr_par' dir='ltr' id='par_1_74' title="bbox 2289 1418 3880 1488">
     <span class='ocr_line' id='line_1_74' title="bbox 2289 1418 3880 1488; baseline -0.001 -12"><span class='ocrx_word' id='word_1_569' title='bbox 2289 1422 2461 1477; x_wconf 90' lang='lat' dir='ltr'><strong>credit</strong></span> <span class='ocrx_word' id='word_1_570' title='bbox 2497 1420 2797 1483; x_wconf 89' lang='lat' dir='ltr'><strong>eunuchus,</strong></span> <span class='ocrx_word' id='word_1_571' title='bbox 2820 1420 3139 1488; x_wconf 83' lang='lat' dir='ltr'><strong>baptizatur,</strong></span> <span class='ocrx_word' id='word_1_572' title='bbox 3163 1418 3337 1473; x_wconf 81' lang='lat' dir='ltr'><strong>ﬁdelis</strong></span> <span class='ocrx_word' id='word_1_573' title='bbox 3355 1427 3412 1473; x_wconf 88' lang='lat' dir='ltr'><strong>et</strong></span> <span class='ocrx_word' id='word_1_574' title='bbox 3428 1428 3646 1473; x_wconf 73' lang='lat' dir='ltr'><strong>sanctus</strong></span> <span class='ocrx_word' id='word_1_575' title='bbox 3663 1428 3782 1482; x_wconf 87' lang='lat' dir='ltr'><strong>est;</strong></span> <span class='ocrx_word' id='word_1_576' title='bbox 3812 1434 3880 1475; x_wconf 78' lang='lat' dir='ltr'><strong>ac</strong></span> 
     </span>
    </p>
   </div>
   <div class='ocr_carea' id='block_1_75' title="bbox 2290 1508 3874 1581">
    <p class='ocr_par' dir='ltr' id='par_1_75' title="bbox 2290 1508 3874 1581">
     <span class='ocr_line' id='line_1_75' title="bbox 2290 1508 3874 1581; baseline -0.003 -15"><span class='ocrx_word' id='word_1_577' title='bbox 2290 1512 2357 1566; x_wconf 89' lang='lat' dir='ltr'><strong>de</strong></span> <span class='ocrx_word' id='word_1_578' title='bbox 2383 1510 2644 1581; x_wconf 83' lang='lat' dir='ltr'><strong>discipulo</strong></span> <span class='ocrx_word' id='word_1_579' title='bbox 2672 1511 2923 1579; x_wconf 80' lang='lat' dir='ltr'><strong>magister</strong></span> <span class='ocrx_word' id='word_1_580' title='bbox 2949 1525 2966 1562; x_wconf 88' lang='lat'><strong>:</strong></span> <span class='ocrx_word' id='word_1_581' title='bbox 2994 1509 3113 1578; x_wconf 87' lang='lat' dir='ltr'><strong>plus</strong></span> <span class='ocrx_word' id='word_1_582' title='bbox 3151 1509 3204 1562; x_wconf 92' lang='lat' dir='ltr'><strong>in</strong></span> <span class='ocrx_word' id='word_1_583' title='bbox 3232 1508 3450 1563; x_wconf 88' lang='lat' dir='ltr'><strong>deserto</strong></span> <span class='ocrx_word' id='word_1_584' title='bbox 3488 1509 3633 1563; x_wconf 87' lang='lat' dir='ltr'><strong>fonte</strong></span> <span class='ocrx_word' id='word_1_585' title='bbox 3681 1510 3874 1563; x_wconf 84' lang='lat' dir='ltr'><strong>Eccle-</strong></span> 
     </span>
    </p>
   </div>
   <div class='ocr_carea' id='block_1_76' title="bbox 2289 1597 3693 1670">
    <p class='ocr_par' dir='ltr' id='par_1_76' title="bbox 2289 1597 3693 1670">
     <span class='ocr_line' id='line_1_76' title="bbox 2289 1597 3693 1670; baseline -0.004 -16"><span class='ocrx_word' id='word_1_586' title='bbox 2289 1602 2405 1663; x_wconf 71' lang='lat' dir='ltr'><strong>sim,</strong></span> <span class='ocrx_word' id='word_1_587' title='bbox 2436 1614 2595 1670; x_wconf 88' lang='lat' dir='ltr'><strong>quam</strong></span> <span class='ocrx_word' id='word_1_588' title='bbox 2622 1598 2676 1653; x_wconf 91' lang='lat' dir='ltr'><strong>in</strong></span> <span class='ocrx_word' id='word_1_589' title='bbox 2707 1607 2895 1652; x_wconf 87' lang='lat' dir='ltr'><strong>aurato</strong></span> <span class='ocrx_word' id='word_1_590' title='bbox 2919 1612 3203 1668; x_wconf 75' lang='lat' dir='ltr'><strong>synagoga:</strong></span> <span class='ocrx_word' id='word_1_591' title='bbox 3227 1597 3451 1665; x_wconf 81' lang='lat' dir='ltr'><strong>Temple</strong></span> <span class='ocrx_word' id='word_1_592' title='bbox 3475 1599 3693 1665; x_wconf 85' lang='lat' dir='ltr'><strong>reperit.</strong></span> 
     </span>
    </p>
   </div>
   <div class='ocr_carea' id='block_1_77' title="bbox 2360 1688 3875 1759">
    <p class='ocr_par' dir='ltr' id='par_1_77' title="bbox 2360 1688 3875 1759">
     <span class='ocr_line' id='line_1_77' title="bbox 2360 1688 3875 1759; baseline -0.003 -13"><span class='ocrx_word' id='word_1_593' title='bbox 2360 1692 2414 1746; x_wconf 89' lang='lat'><strong>6.</strong></span> <span class='ocrx_word' id='word_1_594' title='bbox 2448 1691 2573 1745; x_wconf 63' lang='lat' dir='ltr'><strong>llazc</strong></span> <span class='ocrx_word' id='word_1_595' title='bbox 2596 1705 2627 1742; x_wconf 93' lang='lat' dir='ltr'><strong>a</strong></span> <span class='ocrx_word' id='word_1_596' title='bbox 2655 1705 2744 1744; x_wconf 88' lang='lat' dir='ltr'><strong>me</strong></span> <span class='ocrx_word' id='word_1_597' title='bbox 2764 1690 3042 1757; x_wconf 88' lang='lat' dir='ltr'><strong>perstricta</strong></span> <span class='ocrx_word' id='word_1_598' title='bbox 3060 1698 3186 1743; x_wconf 91' lang='lat' dir='ltr'><strong>sunt</strong></span> <span class='ocrx_word' id='word_1_599' title='bbox 3211 1688 3441 1742; x_wconf 85' lang='lat' dir='ltr'><strong>breviter</strong></span> <span class='ocrx_word' id='word_1_600' title='bbox 3510 1688 3666 1759; x_wconf 74' lang='lat'><strong>275</strong></span> <span class='ocrx_word' id='word_1_601' title='bbox 3738 1690 3841 1757; x_wconf 88' lang='lat' dir='ltr'><strong>(ne</strong></span> <span class='ocrx_word' id='word_1_602' title='bbox 3860 1719 3875 1726; x_wconf 68' lang='grc' dir='ltr'><strong>ο</strong></span> 
     </span>
    </p>
   </div>
   <div class='ocr_carea' id='block_1_78' title="bbox 2290 1780 3877 1855">
    <p class='ocr_par' dir='ltr' id='par_1_78' title="bbox 2290 1780 3877 1855">
     <span class='ocr_line' id='line_1_78' title="bbox 2290 1780 3877 1855; baseline -0.005 -16"><span class='ocrx_word' id='word_1_603' title='bbox 2290 1799 2395 1855; x_wconf 90' lang='lat' dir='ltr'><strong>quc</strong></span> <span class='ocrx_word' id='word_1_604' title='bbox 2417 1784 2558 1838; x_wconf 86' lang='lat' dir='ltr'><strong>enim</strong></span> <span class='ocrx_word' id='word_1_605' title='bbox 2577 1782 2895 1852; x_wconf 79' lang='lat' dir='ltr'><strong>Epistolaris</strong></span> <span class='ocrx_word' id='word_1_606' title='bbox 2912 1782 3155 1852; x_wconf 90' lang='lat' dir='ltr'><strong>angustia</strong></span> <span class='ocrx_word' id='word_1_607' title='bbox 3171 1780 3383 1850; x_wconf 82' lang='lat' dir='ltr'><strong>evagari</strong></span> <span class='ocrx_word' id='word_1_608' title='bbox 3406 1780 3611 1849; x_wconf 83' lang='lat' dir='ltr'><strong>longius</strong></span> <span class='ocrx_word' id='word_1_609' title='bbox 3630 1780 3877 1848; x_wconf 81' lang='lat' dir='ltr'><strong>patieba-</strong></span> 
     </span>
    </p>
   </div>
   <div class='ocr_carea' id='block_1_79' title="bbox 2290 1872 3872 1948">
    <p class='ocr_par' dir='ltr' id='par_1_79' title="bbox 2290 1872 3872 1948">
     <span class='ocr_line' id='line_1_79' title="bbox 2290 1872 3872 1948; baseline -0.006 -17"><span class='ocrx_word' id='word_1_610' title='bbox 2290 1876 2400 1948; x_wconf 86' lang='lat' dir='ltr'><strong>tur)</strong></span> <span class='ocrx_word' id='word_1_611' title='bbox 2419 1885 2477 1929; x_wconf 86' lang='grc' dir='ltr'><strong>ιιι</strong></span> <span class='ocrx_word' id='word_1_612' title='bbox 2502 1876 2828 1944; x_wconf 84' lang='lat' dir='ltr'><strong>intelligeres</strong></span> <span class='ocrx_word' id='word_1_613' title='bbox 2854 1883 2907 1928; x_wconf 94' lang='lat' dir='ltr'><strong>te</strong></span> <span class='ocrx_word' id='word_1_614' title='bbox 2933 1875 2986 1927; x_wconf 93' lang='lat' dir='ltr'><strong>in</strong></span> <span class='ocrx_word' id='word_1_615' title='bbox 3008 1873 3297 1942; x_wconf 79' lang='lat' dir='ltr'><strong>Scripturis</strong></span> <span class='ocrx_word' id='word_1_616' title='bbox 3318 1873 3540 1936; x_wconf 87' lang='lat' dir='ltr'><strong>sanctis,</strong></span> <span class='ocrx_word' id='word_1_617' title='bbox 3571 1872 3687 1925; x_wconf 91' lang='lat' dir='ltr'><strong>sine</strong></span> <span class='ocrx_word' id='word_1_618' title='bbox 3724 1887 3872 1940; x_wconf 64' lang='lat' dir='ltr'><strong>pras—</strong></span> 
     </span>
    </p>
   </div>
   <div class='ocr_carea' id='block_1_80' title="bbox 2288 1960 3873 2032">
    <p class='ocr_par' dir='ltr' id='par_1_80' title="bbox 2288 1960 3873 2032">
     <span class='ocr_line' id='line_1_80' title="bbox 2288 1960 3873 2032; baseline -0.004 -11"><span class='ocrx_word' id='word_1_619' title='bbox 2288 1968 2377 2021; x_wconf 90' lang='lat' dir='ltr'><strong>vio</strong></span> <span class='ocrx_word' id='word_1_620' title='bbox 2401 1975 2457 2021; x_wconf 92' lang='lat' dir='ltr'><strong>et</strong></span> <span class='ocrx_word' id='word_1_621' title='bbox 2483 1976 2815 2020; x_wconf 87' lang='lat' dir='ltr'><strong>monstrante</strong></span> <span class='ocrx_word' id='word_1_622' title='bbox 2834 1964 3102 2027; x_wconf 87' lang='lat' dir='ltr'><strong>semitam,</strong></span> <span class='ocrx_word' id='word_1_623' title='bbox 3131 1978 3238 2018; x_wconf 92' lang='lat' dir='ltr'><strong>non</strong></span> <span class='ocrx_word' id='word_1_624' title='bbox 3260 1976 3418 2032; x_wconf 86' lang='lat' dir='ltr'><strong>posse</strong></span> <span class='ocrx_word' id='word_1_625' title='bbox 3445 1960 3670 2030; x_wconf 82' lang='lat' dir='ltr'><strong>ingredi.</strong></span> <span class='ocrx_word' id='word_1_626' title='bbox 3692 1960 3873 2015; x_wconf 81' lang='lat' dir='ltr'><strong>Taceo</strong></span> 
     </span>
    </p>
   </div>
   <div class='ocr_carea' id='block_1_81' title="bbox 2290 2050 3869 2121">
    <p class='ocr_par' dir='ltr' id='par_1_81' title="bbox 2290 2050 3869 2121">
     <span class='ocr_line' id='line_1_81' title="bbox 2290 2050 3869 2121; baseline -0.006 -8"><span class='ocrx_word' id='word_1_627' title='bbox 2290 2058 2357 2113; x_wconf 89' lang='lat' dir='ltr'><strong>de</strong></span> <span class='ocrx_word' id='word_1_628' title='bbox 2382 2056 2779 2119; x_wconf 84' lang='lat' dir='ltr'><strong>Grammaticis,</strong></span> <span class='ocrx_word' id='word_1_629' title='bbox 2800 2055 3145 2120; x_wconf 80' lang='lat' dir='ltr'><strong>thetoribus,</strong></span> <span class='ocrx_word' id='word_1_630' title='bbox 3168 2051 3525 2121; x_wconf 83' lang='lat' dir='ltr'><strong>Philosophis,</strong></span> <span class='ocrx_word' id='word_1_631' title='bbox 3547 2050 3869 2116; x_wconf 83' lang='lat' dir='ltr'><strong>Geometris,</strong></span> 
     </span>
    </p>
   </div>
   <div class='ocr_carea' id='block_1_82' title="bbox 2293 2149 3868 2218">
    <p class='ocr_par' dir='ltr' id='par_1_82' title="bbox 2293 2149 3868 2218">
     <span class='ocr_line' id='line_1_82' title="bbox 2293 2149 3868 2218; baseline -0.001 -12"><span class='ocrx_word' id='word_1_632' title='bbox 2293 2153 2612 2213; x_wconf 86' lang='lat' dir='ltr'><strong>Dialectieis,</strong></span> <span class='ocrx_word' id='word_1_633' title='bbox 2637 2149 2875 2216; x_wconf 73' lang='lat' dir='ltr'><strong>Musicis,</strong></span> <span class='ocrx_word' id='word_1_634' title='bbox 2900 2151 3260 2215; x_wconf 82' lang='lat' dir='ltr'><strong>Astronomis,</strong></span> <span class='ocrx_word' id='word_1_635' title='bbox 3286 2150 3603 2218; x_wconf 77' lang='lat' dir='ltr'><strong>Astrologis,</strong></span> <span class='ocrx_word' id='word_1_636' title='bbox 3626 2150 3868 2216; x_wconf 76' lang='lat' dir='ltr'><strong>Medicis,</strong></span> 
     </span>
    </p>
   </div>
   <div class='ocr_carea' id='block_1_83' title="bbox 2287 2240 3871 2312">
    <p class='ocr_par' dir='ltr' id='par_1_83' title="bbox 2287 2240 3871 2312">
     <span class='ocr_line' id='line_1_83' title="bbox 2287 2240 3871 2312; baseline -0.002 -16"><span class='ocrx_word' id='word_1_637' title='bbox 2287 2257 2513 2312; x_wconf 90' lang='lat' dir='ltr'><strong>quorum</strong></span> <span class='ocrx_word' id='word_1_638' title='bbox 2546 2241 2768 2295; x_wconf 88' lang='lat' dir='ltr'><strong>scientia</strong></span> <span class='ocrx_word' id='word_1_639' title='bbox 2818 2240 3134 2293; x_wconf 89' lang='lat' dir='ltr'><strong>mortalibus</strong></span> <span class='ocrx_word' id='word_1_640' title='bbox 3182 2240 3267 2293; x_wconf 85' lang='lat' dir='ltr'><strong>vel</strong></span> <span class='ocrx_word' id='word_1_641' title='bbox 3312 2240 3593 2294; x_wconf 86' lang='lat' dir='ltr'><strong>utilissima</strong></span> <span class='ocrx_word' id='word_1_642' title='bbox 3640 2248 3745 2303; x_wconf 88' lang='lat' dir='ltr'><strong>est,</strong></span> <span class='ocrx_word' id='word_1_643' title='bbox 3811 2249 3871 2293; x_wconf 83' lang='lat' dir='ltr'><strong>et</strong></span> 
     </span>
    </p>
   </div>
   <div class='ocr_carea' id='block_1_84' title="bbox 2289 2329 3869 2400">
    <p class='ocr_par' dir='ltr' id='par_1_84' title="bbox 2289 2329 3869 2400">
     <span class='ocr_line' id='line_1_84' title="bbox 2289 2329 3869 2400; baseline -0.003 -15"><span class='ocrx_word' id='word_1_644' title='bbox 2289 2334 2343 2386; x_wconf 88' lang='lat' dir='ltr'><strong>in</strong></span> <span class='ocrx_word' id='word_1_645' title='bbox 2374 2343 2480 2386; x_wconf 87' lang='lat' dir='ltr'><strong>tres</strong></span> <span class='ocrx_word' id='word_1_646' title='bbox 2509 2340 2689 2400; x_wconf 86' lang='lat' dir='ltr'><strong>partes</strong></span> <span class='ocrx_word' id='word_1_647' title='bbox 2724 2330 3006 2395; x_wconf 70' lang='lat' dir='ltr'><strong>scinditur,</strong></span> <span class='ocrx_word' id='word_1_648' title='bbox 3038 2329 3114 2400; x_wconf 75' lang='lat' dir='ltr'><strong>(b)</strong></span> <span class='ocrx_word' id='word_1_649' title='bbox 3142 2340 3195 2382; x_wconf 78' lang='grc' dir='ltr'><strong>τό</strong></span> <span class='ocrx_word' id='word_1_650' title='bbox 3223 2333 3395 2395; x_wconf 68' lang='grc' dir='ltr'><strong>δόγμα,</strong></span> <span class='ocrx_word' id='word_1_651' title='bbox 3417 2343 3502 2387; x_wconf 73' lang='grc' dir='ltr'><strong>τὴν</strong></span> <span class='ocrx_word' id='word_1_652' title='bbox 3524 2333 3733 2394; x_wconf 74' lang='grc' dir='ltr'><strong>μέθοδον,</strong></span> <span class='ocrx_word' id='word_1_653' title='bbox 3782 2343 3869 2389; x_wconf 74' lang='grc' dir='ltr'><strong>τὴν</strong></span> 
     </span>
    </p>
   </div>
   <div class='ocr_carea' id='block_1_85' title="bbox 2287 2419 3866 2493">
    <p class='ocr_par' dir='ltr' id='par_1_85' title="bbox 2287 2419 3866 2493">
     <span class='ocr_line' id='line_1_85' title="bbox 2287 2419 3866 2493; baseline -0.001 -18"><span class='ocrx_word' id='word_1_654' title='bbox 2287 2432 2553 2493; x_wconf 72' lang='grc' dir='ltr'><strong>ιμπιιριαν.</strong></span> <span class='ocrx_word' id='word_1_655' title='bbox 2616 2420 2701 2475; x_wconf 91' lang='lat' dir='ltr'><strong>Ad</strong></span> <span class='ocrx_word' id='word_1_656' title='bbox 2748 2421 2985 2475; x_wconf 87' lang='lat' dir='ltr'><strong>minores</strong></span> <span class='ocrx_word' id='word_1_657' title='bbox 3027 2429 3175 2474; x_wconf 89' lang='lat' dir='ltr'><strong>artes</strong></span> <span class='ocrx_word' id='word_1_658' title='bbox 3216 2419 3449 2484; x_wconf 80' lang='lat' dir='ltr'><strong>veniam,</strong></span> <span class='ocrx_word' id='word_1_659' title='bbox 3494 2427 3551 2473; x_wconf 91' lang='lat' dir='ltr'><strong>et</strong></span> <span class='ocrx_word' id='word_1_660' title='bbox 3594 2435 3716 2490; x_wconf 73' lang='lat' dir='ltr'><strong>qua:</strong></span> <span class='ocrx_word' id='word_1_661' title='bbox 3759 2433 3866 2473; x_wconf 93' lang='lat' dir='ltr'><strong>non</strong></span> 
     </span>
    </p>
   </div>
   <div class='ocr_carea' id='block_1_86' title="bbox 2290 2510 3861 2581">
    <p class='ocr_par' dir='ltr' id='par_1_86' title="bbox 2290 2510 3861 2581">
     <span class='ocr_line' id='line_1_86' title="bbox 2290 2510 3861 2581; baseline -0.003 -14"><span class='ocrx_word' id='word_1_662' title='bbox 2290 2524 2399 2567; x_wconf 88' lang='lat' dir='ltr'><strong>tam</strong></span> <span class='ocrx_word' id='word_1_663' title='bbox 2439 2522 2591 2581; x_wconf 65' lang='grc' dir='ltr'><strong><em>λογῳ,</em></strong></span> <span class='ocrx_word' id='word_1_664' title='bbox 2637 2526 2797 2581; x_wconf 89' lang='lat' dir='ltr'><strong>quam</strong></span> <span class='ocrx_word' id='word_1_665' title='bbox 2839 2527 2998 2565; x_wconf 89' lang='lat' dir='ltr'><strong>manu</strong></span> <span class='ocrx_word' id='word_1_666' title='bbox 3042 2510 3499 2564; x_wconf 88' lang='lat' dir='ltr'><strong>administrantur.</strong></span> <span class='ocrx_word' id='word_1_667' title='bbox 3566 2510 3861 2580; x_wconf 57' lang='lat' dir='ltr'><strong>Agricola,</strong></span> 
     </span>
    </p>
   </div>
   <div class='ocr_carea' id='block_1_87' title="bbox 2288 2601 3861 2669">
    <p class='ocr_par' dir='ltr' id='par_1_87' title="bbox 2288 2601 3861 2669">
     <span class='ocr_line' id='line_1_87' title="bbox 2288 2601 3861 2669; baseline -0.004 -10"><span class='ocrx_word' id='word_1_668' title='bbox 2288 2604 2637 2669; x_wconf 79' lang='lat' dir='ltr'><strong>c:emeutarii,</strong></span> <span class='ocrx_word' id='word_1_669' title='bbox 2666 2602 2825 2665; x_wconf 89' lang='lat' dir='ltr'><strong>fabri,</strong></span> <span class='ocrx_word' id='word_1_670' title='bbox 2856 2601 3221 2667; x_wconf 89' lang='lat' dir='ltr'><strong>metallorum,</strong></span> <span class='ocrx_word' id='word_1_671' title='bbox 3250 2601 3579 2668; x_wconf 86' lang='lat' dir='ltr'><strong>lignorumve</strong></span> <span class='ocrx_word' id='word_1_672' title='bbox 3606 2614 3861 2664; x_wconf 72' lang='lat' dir='ltr'><strong>etesorcs,</strong></span> 
     </span>
    </p>
   </div>
   <div class='ocr_carea' id='block_1_88' title="bbox 2290 2689 3865 2763">
    <p class='ocr_par' dir='ltr' id='par_1_88' title="bbox 2290 2689 3865 2763">
     <span class='ocr_line' id='line_1_88' title="bbox 2290 2689 3865 2763; baseline -0.004 -15"><span class='ocrx_word' id='word_1_673' title='bbox 2290 2695 2475 2748; x_wconf 86' lang='lat' dir='ltr'><strong>lanarii</strong></span> <span class='ocrx_word' id='word_1_674' title='bbox 2516 2708 2731 2763; x_wconf 90' lang='lat' dir='ltr'><strong>quoque</strong></span> <span class='ocrx_word' id='word_1_675' title='bbox 2759 2702 2814 2746; x_wconf 89' lang='lat' dir='ltr'><strong>et</strong></span> <span class='ocrx_word' id='word_1_676' title='bbox 2848 2690 3099 2754; x_wconf 80' lang='lat' dir='ltr'><strong>fullones,</strong></span> <span class='ocrx_word' id='word_1_677' title='bbox 3130 2699 3187 2745; x_wconf 89' lang='lat' dir='ltr'><strong>et</strong></span> <span class='ocrx_word' id='word_1_678' title='bbox 3214 2691 3393 2744; x_wconf 67' lang='lat' dir='ltr'><strong>caeteri</strong></span> <span class='ocrx_word' id='word_1_679' title='bbox 3421 2691 3510 2758; x_wconf 91' lang='lat' dir='ltr'><strong>qui</strong></span> <span class='ocrx_word' id='word_1_680' title='bbox 3538 2689 3738 2743; x_wconf 79' lang='lat' dir='ltr'><strong>variam</strong></span> <span class='ocrx_word' id='word_1_681' title='bbox 3770 2704 3865 2741; x_wconf 81' lang='lat' dir='ltr'><strong>su-</strong></span> 
     </span>
    </p>
   </div>
   <div class='ocr_carea' id='block_1_89' title="bbox 2291 2777 3864 2852">
    <p class='ocr_par' dir='ltr' id='par_1_89' title="bbox 2291 2777 3864 2852">
     <span class='ocr_line' id='line_1_89' title="bbox 2291 2777 3864 2852; baseline -0.005 -15"><span class='ocrx_word' id='word_1_682' title='bbox 2291 2784 2608 2852; x_wconf 90' lang='lat' dir='ltr'><strong>pellectilem</strong></span> <span class='ocrx_word' id='word_1_683' title='bbox 2639 2792 2694 2837; x_wconf 88' lang='lat' dir='ltr'><strong>et</strong></span> <span class='ocrx_word' id='word_1_684' title='bbox 2724 2782 2845 2834; x_wconf 80' lang='lat' dir='ltr'><strong>vilia</strong></span> <span class='ocrx_word' id='word_1_685' title='bbox 2871 2781 3126 2850; x_wconf 91' lang='lat' dir='ltr'><strong>opuscula</strong></span> <span class='ocrx_word' id='word_1_686' title='bbox 3164 2780 3510 2844; x_wconf 89' lang='lat' dir='ltr'><strong>fabricantur,</strong></span> <span class='ocrx_word' id='word_1_687' title='bbox 3532 2778 3732 2846; x_wconf 85' lang='lat' dir='ltr'><strong>absque</strong></span> <span class='ocrx_word' id='word_1_688' title='bbox 3768 2777 3864 2830; x_wconf 84' lang='lat' dir='ltr'><strong>do-</strong></span> 
     </span>
    </p>
   </div>
   <div class='ocr_carea' id='block_1_90' title="bbox 2289 2867 3865 2943">
    <p class='ocr_par' dir='ltr' id='par_1_90' title="bbox 2289 2867 3865 2943">
     <span class='ocr_line' id='line_1_90' title="bbox 2289 2867 3865 2943; baseline -0.004 -16"><span class='ocrx_word' id='word_1_689' title='bbox 2289 2883 2438 2927; x_wconf 75' lang='lat' dir='ltr'><strong>ctore</strong></span> <span class='ocrx_word' id='word_1_690' title='bbox 2485 2888 2590 2926; x_wconf 90' lang='lat' dir='ltr'><strong>non</strong></span> <span class='ocrx_word' id='word_1_691' title='bbox 2637 2882 2865 2943; x_wconf 83' lang='lat' dir='ltr'><strong>possunt</strong></span> <span class='ocrx_word' id='word_1_692' title='bbox 2892 2887 3014 2925; x_wconf 86' lang='lat' dir='ltr'><strong>esse</strong></span> <span class='ocrx_word' id='word_1_693' title='bbox 3038 2870 3181 2939; x_wconf 87' lang='lat' dir='ltr'><strong>quod</strong></span> <span class='ocrx_word' id='word_1_694' title='bbox 3205 2871 3444 2940; x_wconf 90' lang='lat' dir='ltr'><strong>cupiunt.</strong></span> <span class='ocrx_word' id='word_1_695' title='bbox 3480 2887 3500 2919; x_wconf 74' lang='grc' dir='ltr'><strong>ι</strong></span> <span class='ocrx_word' id='word_1_696' title='bbox 3527 2868 3678 2935; x_wconf 88' lang='lat' dir='ltr'><strong>Quod</strong></span> <span class='ocrx_word' id='word_1_697' title='bbox 3705 2867 3865 2921; x_wconf 76' lang='lat' dir='ltr'><strong>Medi-</strong></span> 
     </span>
    </p>
   </div>
   <div class='ocr_carea' id='block_1_91' title="bbox 2289 2974 2663 3028">
    <p class='ocr_par' dir='ltr' id='par_1_91' title="bbox 2289 2974 2663 3028">
     <span class='ocr_line' id='line_1_91' title="bbox 2289 2974 2663 3028; baseline -0.013 -8"><span class='ocrx_word' id='word_1_698' title='bbox 2289 2981 2471 3019; x_wconf 81' lang='lat' dir='ltr'><strong>corum</strong></span> <span class='ocrx_word' id='word_1_699' title='bbox 2501 2974 2604 3028; x_wconf 90' lang='lat' dir='ltr'><strong>est,</strong></span> <span class='ocrx_word' id='word_1_700' title='bbox 2644 2983 2663 3016; x_wconf 76' lang='grc' dir='ltr'><strong>ι</strong></span> 
     </span>
    </p>
   </div>
   <div class='ocr_carea' id='block_1_92' title="bbox 2365 3075 3571 3145">
    <p class='ocr_par' dir='ltr' id='par_1_92' title="bbox 2365 3075 3571 3145">
     <span class='ocr_line' id='line_1_92' title="bbox 2365 3075 3571 3145; baseline -0.004 -14"><span class='ocrx_word' id='word_1_701' title='bbox 2365 3077 2673 3132; x_wconf 75' lang='lat' dir='ltr'><strong>Promittant</strong></span> <span class='ocrx_word' id='word_1_702' title='bbox 2705 3076 2914 3138; x_wconf 74' lang='lat' dir='ltr'><strong>Hedici,</strong></span> <span class='ocrx_word' id='word_1_703' title='bbox 2943 3086 3160 3129; x_wconf 81' lang='lat' dir='ltr'><strong>tractant</strong></span> <span class='ocrx_word' id='word_1_704' title='bbox 3186 3076 3391 3145; x_wconf 80' lang='lat' dir='ltr'><strong>fabrilia</strong></span> <span class='ocrx_word' id='word_1_705' title='bbox 3418 3075 3571 3145; x_wconf 78' lang='lat' dir='ltr'><strong>fabri.</strong></span> 
     </span>
    </p>
   </div>
   <div class='ocr_carea' id='block_1_93' title="bbox 2859 3165 3772 3237">
    <p class='ocr_par' dir='ltr' id='par_1_93' title="bbox 2859 3165 3772 3237">
     <span class='ocr_line' id='line_1_93' title="bbox 2859 3165 3772 3237; baseline 0 -16"><span class='ocrx_word' id='word_1_706' title='bbox 2859 3167 3070 3235; x_wconf 79' lang='lat' dir='ltr'><strong>(Horat.</strong></span> <span class='ocrx_word' id='word_1_707' title='bbox 3105 3168 3271 3236; x_wconf 78' lang='lat' dir='ltr'><strong>Epist.</strong></span> <span class='ocrx_word' id='word_1_708' title='bbox 3304 3167 3393 3222; x_wconf 85' lang='lat' dir='ltr'><strong>lib.</strong></span> <span class='ocrx_word' id='word_1_709' title='bbox 3420 3169 3473 3221; x_wconf 86' lang='grc'><strong>1.</strong></span> <span class='ocrx_word' id='word_1_710' title='bbox 3504 3165 3666 3237; x_wconf 81' lang='lat' dir='ltr'><strong>Epist.</strong></span> <span class='ocrx_word' id='word_1_711' title='bbox 3698 3165 3772 3235; x_wconf 86' lang='grc'><strong>1).</strong></span> 
     </span>
    </p>
   </div>
   <div class='ocr_carea' id='block_1_94' title="bbox 2365 3297 3865 3369">
    <p class='ocr_par' dir='ltr' id='par_1_94' title="bbox 2365 3297 3865 3369">
     <span class='ocr_line' id='line_1_94' title="bbox 2365 3297 3865 3369; baseline -0.003 -13"><span class='ocrx_word' id='word_1_712' title='bbox 2365 3305 2419 3357; x_wconf 82' lang='lat'><strong>7.</strong></span> <span class='ocrx_word' id='word_1_713' title='bbox 2446 3301 2566 3357; x_wconf 89' lang='lat' dir='ltr'><strong>Sola</strong></span> <span class='ocrx_word' id='word_1_714' title='bbox 2587 3301 2982 3369; x_wconf 87' lang='lat' dir='ltr'><strong>Scripturarum</strong></span> <span class='ocrx_word' id='word_1_715' title='bbox 3008 3314 3097 3353; x_wconf 92' lang='lat' dir='ltr'><strong>ars</strong></span> <span class='ocrx_word' id='word_1_716' title='bbox 3120 3309 3225 3364; x_wconf 89' lang='lat' dir='ltr'><strong>est,</strong></span> <span class='ocrx_word' id='word_1_717' title='bbox 3249 3313 3407 3368; x_wconf 88' lang='lat' dir='ltr'><strong>quam</strong></span> <span class='ocrx_word' id='word_1_718' title='bbox 3429 3297 3529 3352; x_wconf 90' lang='lat' dir='ltr'><strong>sibi</strong></span> <span class='ocrx_word' id='word_1_719' title='bbox 3550 3311 3737 3351; x_wconf 82' lang='lat' dir='ltr'><strong>omnes</strong></span> <span class='ocrx_word' id='word_1_720' title='bbox 3757 3310 3865 3366; x_wconf 85' lang='lat' dir='ltr'><strong>pas-</strong></span> 
     </span>
    </p>
   </div>
   <div class='ocr_carea' id='block_1_95' title="bbox 2294 3391 2715 3447">
    <p class='ocr_par' dir='ltr' id='par_1_95' title="bbox 2294 3391 2715 3447">
     <span class='ocr_line' id='line_1_95' title="bbox 2294 3391 2715 3447; baseline -0.012 0"><span class='ocrx_word' id='word_1_721' title='bbox 2294 3394 2393 3447; x_wconf 90' lang='lat' dir='ltr'><strong>sim</strong></span> <span class='ocrx_word' id='word_1_722' title='bbox 2426 3391 2715 3446; x_wconf 88' lang='lat' dir='ltr'><strong>vindicant.</strong></span> 
     </span>
    </p>
   </div>
   <div class='ocr_carea' id='block_1_96' title="bbox 2363 3497 3623 3570">
    <p class='ocr_par' dir='ltr' id='par_1_96' title="bbox 2363 3497 3623 3570">
     <span class='ocr_line' id='line_1_96' title="bbox 2363 3497 3623 3570; baseline -0.006 -13"><span class='ocrx_word' id='word_1_723' title='bbox 2363 3502 2641 3557; x_wconf 80' lang='lat' dir='ltr'><strong>Scribimus</strong></span> <span class='ocrx_word' id='word_1_724' title='bbox 2668 3499 2879 3565; x_wconf 80' lang='lat' dir='ltr'><strong>indocti,</strong></span> <span class='ocrx_word' id='word_1_725' title='bbox 2896 3499 3129 3569; x_wconf 82' lang='lat' dir='ltr'><strong>doctique</strong></span> <span class='ocrx_word' id='word_1_726' title='bbox 3154 3509 3384 3570; x_wconf 79' lang='lat' dir='ltr'><strong>poemata</strong></span> <span class='ocrx_word' id='word_1_727' title='bbox 3416 3497 3623 3553; x_wconf 75' lang='lat' dir='ltr'><strong>passim.</strong></span> 
     </span>
    </p>
   </div>
   <div class='ocr_carea' id='block_1_97' title="bbox 3554 3607 3762 3681">
    <p class='ocr_par' dir='ltr' id='par_1_97' title="bbox 3554 3607 3762 3681">
     <span class='ocr_line' id='line_1_97' title="bbox 3554 3607 3762 3681; baseline 0 -19"><span class='ocrx_word' id='word_1_728' title='bbox 3554 3607 3762 3681; x_wconf 85' lang='lat' dir='ltr'><strong>(lbid.).</strong></span> 
     </span>
    </p>
   </div>
   <div class='ocr_carea' id='block_1_98' title="bbox 2366 3719 3871 3795">
    <p class='ocr_par' dir='ltr' id='par_1_98' title="bbox 2366 3719 3871 3795">
     <span class='ocr_line' id='line_1_98' title="bbox 2366 3719 3871 3795; baseline -0.004 -16"><span class='ocrx_word' id='word_1_729' title='bbox 2366 3725 2512 3780; x_wconf 86' lang='lat' dir='ltr'><strong>lianc</strong></span> <span class='ocrx_word' id='word_1_730' title='bbox 2548 3723 2758 3795; x_wconf 82' lang='lat' dir='ltr'><strong>garrula</strong></span> <span class='ocrx_word' id='word_1_731' title='bbox 2804 3736 2960 3788; x_wconf 91' lang='lat' dir='ltr'><strong>anus,</strong></span> <span class='ocrx_word' id='word_1_732' title='bbox 3009 3721 3147 3777; x_wconf 89' lang='lat' dir='ltr'><strong>hanc</strong></span> <span class='ocrx_word' id='word_1_733' title='bbox 3182 3721 3383 3777; x_wconf 90' lang='lat' dir='ltr'><strong>delirus</strong></span> <span class='ocrx_word' id='word_1_734' title='bbox 3410 3735 3595 3784; x_wconf 89' lang='lat' dir='ltr'><strong>senex,</strong></span> <span class='ocrx_word' id='word_1_735' title='bbox 3622 3719 3761 3774; x_wconf 89' lang='lat' dir='ltr'><strong>hanc</strong></span> <span class='ocrx_word' id='word_1_736' title='bbox 3784 3733 3871 3773; x_wconf 84' lang='lat' dir='ltr'><strong>so-</strong></span> 
     </span>
    </p>
   </div>
   <div class='ocr_carea' id='block_1_99' title="bbox 2297 3808 3867 3884">
    <p class='ocr_par' dir='ltr' id='par_1_99' title="bbox 2297 3808 3867 3884">
     <span class='ocr_line' id='line_1_99' title="bbox 2297 3808 3867 3884; baseline -0.002 -19"><span class='ocrx_word' id='word_1_737' title='bbox 2297 3816 2469 3884; x_wconf 85' lang='lat' dir='ltr'><strong>phista</strong></span> <span class='ocrx_word' id='word_1_738' title='bbox 2501 3814 2780 3878; x_wconf 87' lang='lat' dir='ltr'><strong>verbosus,</strong></span> <span class='ocrx_word' id='word_1_739' title='bbox 2806 3812 2945 3866; x_wconf 89' lang='lat' dir='ltr'><strong>hanc</strong></span> <span class='ocrx_word' id='word_1_740' title='bbox 2969 3812 3204 3867; x_wconf 82' lang='lat' dir='ltr'><strong>universi</strong></span> <span class='ocrx_word' id='word_1_741' title='bbox 3234 3818 3581 3879; x_wconf 70' lang='lat' dir='ltr'><strong>prmsumunt,</strong></span> <span class='ocrx_word' id='word_1_742' title='bbox 3611 3808 3867 3874; x_wconf 86' lang='lat' dir='ltr'><strong>lacerant,</strong></span> 
     </span>
    </p>
   </div>
   <div class='ocr_carea' id='block_1_100' title="bbox 2295 3898 3864 3974">
    <p class='ocr_par' dir='ltr' id='par_1_100' title="bbox 2295 3898 3864 3974">
     <span class='ocr_line' id='line_1_100' title="bbox 2295 3898 3864 3974; baseline -0.006 -12"><span class='ocrx_word' id='word_1_743' title='bbox 2295 3909 2508 3971; x_wconf 91' lang='lat' dir='ltr'><strong>docent,</strong></span> <span class='ocrx_word' id='word_1_744' title='bbox 2558 3914 2846 3974; x_wconf 89' lang='lat' dir='ltr'><strong>antequam</strong></span> <span class='ocrx_word' id='word_1_745' title='bbox 2894 3903 3127 3958; x_wconf 82' lang='lat' dir='ltr'><strong>discant.</strong></span> <span class='ocrx_word' id='word_1_746' title='bbox 3160 3902 3265 3956; x_wconf 87' lang='lat' dir='ltr'><strong>Alii</strong></span> <span class='ocrx_word' id='word_1_747' title='bbox 3294 3901 3524 3955; x_wconf 86' lang='lat' dir='ltr'><strong>adducto</strong></span> <span class='ocrx_word' id='word_1_748' title='bbox 3552 3898 3864 3967; x_wconf 87' lang='lat' dir='ltr'><strong>supercilio,</strong></span> 
     </span>
    </p>
   </div>
   <div class='ocr_carea' id='block_1_101' title="bbox 2295 3989 3870 4070">
    <p class='ocr_par' dir='ltr' id='par_1_101' title="bbox 2295 3989 3870 4070">
     <span class='ocr_line' id='line_1_101' title="bbox 2295 3989 3870 4070; baseline -0.008 -16"><span class='ocrx_word' id='word_1_749' title='bbox 2295 3999 2513 4070; x_wconf 88' lang='lat' dir='ltr'><strong>grandia</strong></span> <span class='ocrx_word' id='word_1_750' title='bbox 2543 3998 2708 4053; x_wconf 84' lang='lat' dir='ltr'><strong>verba</strong></span> <span class='ocrx_word' id='word_1_751' title='bbox 2734 3996 3075 4060; x_wconf 90' lang='lat' dir='ltr'><strong>trutinantes,</strong></span> <span class='ocrx_word' id='word_1_752' title='bbox 3100 3995 3239 4049; x_wconf 90' lang='lat' dir='ltr'><strong>inter</strong></span> <span class='ocrx_word' id='word_1_753' title='bbox 3260 3992 3602 4048; x_wconf 88' lang='lat' dir='ltr'><strong>mulierculas</strong></span> <span class='ocrx_word' id='word_1_754' title='bbox 3621 3990 3689 4045; x_wconf 91' lang='lat' dir='ltr'><strong>de</strong></span> <span class='ocrx_word' id='word_1_755' title='bbox 3707 3989 3870 4044; x_wconf 86' lang='lat' dir='ltr'><strong>sacris</strong></span> 
     </span>
    </p>
   </div>
   <div class='ocr_carea' id='block_1_102' title="bbox 2297 4081 3869 4161">
    <p class='ocr_par' dir='ltr' id='par_1_102' title="bbox 2297 4081 3869 4161">
     <span class='ocr_line' id='line_1_102' title="bbox 2297 4081 3869 4161; baseline -0.007 -16"><span class='ocrx_word' id='word_1_756' title='bbox 2297 4092 2487 4147; x_wconf 86' lang='lat' dir='ltr'><strong>litteris</strong></span> <span class='ocrx_word' id='word_1_757' title='bbox 2529 4088 2992 4161; x_wconf 75' lang='lat' dir='ltr'><strong>phi1050phantur.</strong></span> <span class='ocrx_word' id='word_1_758' title='bbox 3043 4087 3146 4141; x_wconf 88' lang='lat' dir='ltr'><strong>Alii</strong></span> <span class='ocrx_word' id='word_1_759' title='bbox 3190 4085 3422 4149; x_wconf 87' lang='lat' dir='ltr'><strong>discunt,</strong></span> <span class='ocrx_word' id='word_1_760' title='bbox 3461 4082 3595 4152; x_wconf 88' lang='lat' dir='ltr'><strong>proh</strong></span> <span class='ocrx_word' id='word_1_761' title='bbox 3626 4081 3813 4151; x_wconf 90' lang='lat' dir='ltr'><strong>pudor,</strong></span> <span class='ocrx_word' id='word_1_762' title='bbox 3839 4094 3869 4134; x_wconf 85' lang='lat' dir='ltr'><strong>a</strong></span> 
     </span>
    </p>
   </div>
   <div class='ocr_carea' id='block_1_103' title="bbox 2299 4169 3868 4250">
    <p class='ocr_par' dir='ltr' id='par_1_103' title="bbox 2299 4169 3868 4250">
     <span class='ocr_line' id='line_1_103' title="bbox 2299 4169 3868 4250; baseline -0.009 -14"><span class='ocrx_word' id='word_1_763' title='bbox 2299 4181 2532 4245; x_wconf 88' lang='lat' dir='ltr'><strong>feminis,</strong></span> <span class='ocrx_word' id='word_1_764' title='bbox 2562 4179 2703 4250; x_wconf 90' lang='lat' dir='ltr'><strong>quod</strong></span> <span class='ocrx_word' id='word_1_765' title='bbox 2735 4179 2881 4234; x_wconf 88' lang='lat' dir='ltr'><strong>viros</strong></span> <span class='ocrx_word' id='word_1_766' title='bbox 2911 4177 3142 4232; x_wconf 84' lang='lat' dir='ltr'><strong>doceant</strong></span> <span class='ocrx_word' id='word_1_767' title='bbox 3185 4192 3203 4229; x_wconf 88' lang='lat'><strong>:</strong></span> <span class='ocrx_word' id='word_1_768' title='bbox 3248 4184 3303 4228; x_wconf 91' lang='lat' dir='ltr'><strong>et</strong></span> <span class='ocrx_word' id='word_1_769' title='bbox 3344 4189 3413 4227; x_wconf 90' lang='lat' dir='ltr'><strong>ne</strong></span> <span class='ocrx_word' id='word_1_770' title='bbox 3441 4187 3628 4243; x_wconf 88' lang='lat' dir='ltr'><strong>parum</strong></span> <span class='ocrx_word' id='word_1_771' title='bbox 3657 4171 3759 4224; x_wconf 88' lang='lat' dir='ltr'><strong>hoe</strong></span> <span class='ocrx_word' id='word_1_772' title='bbox 3782 4169 3868 4233; x_wconf 89' lang='lat' dir='ltr'><strong>sit,</strong></span> 
     </span>
    </p>
   </div>
   <div class='ocr_carea' id='block_1_104' title="bbox 2298 4260 3869 4344">
    <p class='ocr_par' dir='ltr' id='par_1_104' title="bbox 2298 4260 3869 4344">
     <span class='ocr_line' id='line_1_104' title="bbox 2298 4260 3869 4344; baseline -0.01 -16"><span class='ocrx_word' id='word_1_773' title='bbox 2298 4272 2524 4344; x_wconf 88' lang='lat' dir='ltr'><strong>quadam</strong></span> <span class='ocrx_word' id='word_1_774' title='bbox 2586 4270 2838 4327; x_wconf 88' lang='lat' dir='ltr'><strong>facilitate</strong></span> <span class='ocrx_word' id='word_1_775' title='bbox 2881 4268 3193 4327; x_wconf 84' lang='lat' dir='ltr'><strong>verborum,</strong></span> <span class='ocrx_word' id='word_1_776' title='bbox 3239 4265 3348 4319; x_wconf 88' lang='lat' dir='ltr'><strong>imo</strong></span> <span class='ocrx_word' id='word_1_777' title='bbox 3400 4263 3619 4318; x_wconf 88' lang='lat' dir='ltr'><strong>audacia</strong></span> <span class='ocrx_word' id='word_1_778' title='bbox 3669 4260 3869 4315; x_wconf 87' lang='lat' dir='ltr'><strong>edisse-</strong></span> 
     </span>
    </p>
   </div>
   <div class='ocr_carea' id='block_1_105' title="bbox 2299 4347 3871 4434">
    <p class='ocr_par' dir='ltr' id='par_1_105' title="bbox 2299 4347 3871 4434">
     <span class='ocr_line' id='line_1_105' title="bbox 2299 4347 3871 4434; baseline -0.011 -14"><span class='ocrx_word' id='word_1_779' title='bbox 2299 4374 2426 4421; x_wconf 91' lang='lat' dir='ltr'><strong>runt</strong></span> <span class='ocrx_word' id='word_1_780' title='bbox 2452 4364 2593 4428; x_wconf 90' lang='lat' dir='ltr'><strong>aliis,</strong></span> <span class='ocrx_word' id='word_1_781' title='bbox 2622 4362 2763 4434; x_wconf 90' lang='lat' dir='ltr'><strong>quod</strong></span> <span class='ocrx_word' id='word_1_782' title='bbox 2795 4360 2894 4431; x_wconf 90' lang='lat' dir='ltr'><strong>ipsi</strong></span> <span class='ocrx_word' id='word_1_783' title='bbox 2924 4374 3033 4413; x_wconf 88' lang='lat' dir='ltr'><strong>non</strong></span> <span class='ocrx_word' id='word_1_784' title='bbox 3075 4358 3399 4426; x_wconf 83' lang='lat' dir='ltr'><strong>intelligunt.</strong></span> <span class='ocrx_word' id='word_1_785' title='bbox 3442 4354 3619 4408; x_wconf 83' lang='lat' dir='ltr'><strong>Taceo</strong></span> <span class='ocrx_word' id='word_1_786' title='bbox 3660 4352 3729 4407; x_wconf 89' lang='lat' dir='ltr'><strong>de</strong></span> <span class='ocrx_word' id='word_1_787' title='bbox 3771 4347 3871 4403; x_wconf 82' lang='lat' dir='ltr'><strong>mei</strong></span> 
     </span>
    </p>
   </div>
   <div class='ocr_carea' id='block_1_106' title="bbox 2300 4448 3873 4526">
    <p class='ocr_par' dir='ltr' id='par_1_106' title="bbox 2300 4448 3873 4526">
     <span class='ocr_line' id='line_1_106' title="bbox 2300 4448 3873 4526; baseline -0.011 -13"><span class='ocrx_word' id='word_1_788' title='bbox 2300 4457 2584 4523; x_wconf 86' lang='lat' dir='ltr'><strong>similibus,</strong></span> <span class='ocrx_word' id='word_1_789' title='bbox 2633 4455 2723 4526; x_wconf 89' lang='lat' dir='ltr'><strong>qui</strong></span> <span class='ocrx_word' id='word_1_790' title='bbox 2765 4454 2813 4509; x_wconf 92' lang='lat' dir='ltr'><strong>si</strong></span> <span class='ocrx_word' id='word_1_791' title='bbox 2858 4452 2996 4507; x_wconf 86' lang='lat' dir='ltr'><strong>forte</strong></span> <span class='ocrx_word' id='word_1_792' title='bbox 3038 4451 3103 4506; x_wconf 89' lang='lat' dir='ltr'><strong>ad</strong></span> <span class='ocrx_word' id='word_1_793' title='bbox 3146 4450 3450 4519; x_wconf 87' lang='lat' dir='ltr'><strong>Scripturas</strong></span> <span class='ocrx_word' id='word_1_794' title='bbox 3485 4454 3727 4510; x_wconf 85' lang='lat' dir='ltr'><strong>sanctas,</strong></span> <span class='ocrx_word' id='word_1_795' title='bbox 3760 4448 3873 4511; x_wconf 85' lang='lat' dir='ltr'><strong>post</strong></span> 
     </span>
    </p>
   </div>
   <div class='ocr_carea' id='block_1_107' title="bbox 2303 4534 3873 4606">
    <p class='ocr_par' dir='ltr' id='par_1_107' title="bbox 2303 4534 3873 4606">
     <span class='ocr_line' id='line_1_107' title="bbox 2303 4534 3873 4606; baseline -0.012 -1"><span class='ocrx_word' id='word_1_796' title='bbox 2303 4550 2588 4605; x_wconf 66' lang='lat' dir='ltr'><strong>saeculares</strong></span> <span class='ocrx_word' id='word_1_797' title='bbox 2633 4548 2839 4602; x_wconf 89' lang='lat' dir='ltr'><strong>litteras</strong></span> <span class='ocrx_word' id='word_1_798' title='bbox 2887 4544 3165 4606; x_wconf 90' lang='lat' dir='ltr'><strong>venerint;</strong></span> <span class='ocrx_word' id='word_1_799' title='bbox 3213 4549 3269 4595; x_wconf 90' lang='lat' dir='ltr'><strong>et</strong></span> <span class='ocrx_word' id='word_1_800' title='bbox 3308 4549 3560 4595; x_wconf 81' lang='lat' dir='ltr'><strong>sermone</strong></span> <span class='ocrx_word' id='word_1_801' title='bbox 3583 4534 3873 4604; x_wconf 88' lang='lat' dir='ltr'><strong>composito</strong></span> 
     </span>
    </p>
   </div>
   <div class='ocr_carea' id='block_1_108' title="bbox 2311 4624 3872 4707">
    <p class='ocr_par' dir='ltr' id='par_1_108' title="bbox 2311 4624 3872 4707">
     <span class='ocr_line' id='line_1_108' title="bbox 2311 4624 3872 4707; baseline -0.011 -13"><span class='ocrx_word' id='word_1_802' title='bbox 2311 4654 2492 4694; x_wconf 73' lang='lat' dir='ltr'><strong>aurem</strong></span> <span class='ocrx_word' id='word_1_803' title='bbox 2538 4636 2720 4707; x_wconf 90' lang='lat' dir='ltr'><strong>populi</strong></span> <span class='ocrx_word' id='word_1_804' title='bbox 2764 4635 3064 4699; x_wconf 87' lang='lat' dir='ltr'><strong>mulserint,</strong></span> <span class='ocrx_word' id='word_1_805' title='bbox 3092 4630 3349 4704; x_wconf 88' lang='lat' dir='ltr'><strong>quidquid</strong></span> <span class='ocrx_word' id='word_1_806' title='bbox 3387 4628 3633 4692; x_wconf 83' lang='lat' dir='ltr'><strong>dixerint,</strong></span> <span class='ocrx_word' id='word_1_807' title='bbox 3671 4626 3770 4679; x_wconf 89' lang='lat' dir='ltr'><strong>hoe</strong></span> <span class='ocrx_word' id='word_1_808' title='bbox 3799 4624 3872 4678; x_wconf 87' lang='lat' dir='ltr'><strong>le-</strong></span> 
     </span>
    </p>
   </div>
   <div class='ocr_carea' id='block_1_109' title="bbox 2306 4714 3876 4803">
    <p class='ocr_par' dir='ltr' id='par_1_109' title="bbox 2306 4714 3876 4803">
     <span class='ocr_line' id='line_1_109' title="bbox 2306 4714 3876 4803; baseline -0.011 -17"><span class='ocrx_word' id='word_1_809' title='bbox 2306 4746 2427 4803; x_wconf 82' lang='lat' dir='ltr'><strong>gem</strong></span> <span class='ocrx_word' id='word_1_810' title='bbox 2457 4731 2549 4784; x_wconf 88' lang='lat' dir='ltr'><strong>Dei</strong></span> <span class='ocrx_word' id='word_1_811' title='bbox 2578 4736 2764 4798; x_wconf 87' lang='lat' dir='ltr'><strong>putant</strong></span> <span class='ocrx_word' id='word_1_812' title='bbox 2790 4745 2803 4780; x_wconf 93' lang='lat'><strong>:</strong></span> <span class='ocrx_word' id='word_1_813' title='bbox 2838 4740 2939 4781; x_wconf 90' lang='lat' dir='ltr'><strong>nec</strong></span> <span class='ocrx_word' id='word_1_814' title='bbox 2981 4726 3119 4780; x_wconf 86' lang='lat' dir='ltr'><strong>seire</strong></span> <span class='ocrx_word' id='word_1_815' title='bbox 3157 4723 3463 4791; x_wconf 88' lang='lat' dir='ltr'><strong>dignantur,</strong></span> <span class='ocrx_word' id='word_1_816' title='bbox 3491 4715 3619 4787; x_wconf 91' lang='lat' dir='ltr'><strong>quid</strong></span> <span class='ocrx_word' id='word_1_817' title='bbox 3645 4714 3876 4781; x_wconf 67' lang='lat' dir='ltr'><strong>Proiihe-</strong></span> 
     </span>
    </p>
   </div>
   <div class='ocr_carea' id='block_1_110' title="bbox 2306 4810 3876 4890">
    <p class='ocr_par' dir='ltr' id='par_1_110' title="bbox 2306 4810 3876 4890">
     <span class='ocr_line' id='line_1_110' title="bbox 2306 4810 3876 4890; baseline -0.014 -14"><span class='ocrx_word' id='word_1_818' title='bbox 2306 4834 2395 4887; x_wconf 65' lang='lat' dir='ltr'><strong>tae,</strong></span> <span class='ocrx_word' id='word_1_819' title='bbox 2440 4820 2569 4890; x_wconf 89' lang='lat' dir='ltr'><strong>quid</strong></span> <span class='ocrx_word' id='word_1_820' title='bbox 2614 4818 2858 4888; x_wconf 91' lang='lat' dir='ltr'><strong>Apostoli</strong></span> <span class='ocrx_word' id='word_1_821' title='bbox 2902 4816 3199 4874; x_wconf 87' lang='lat' dir='ltr'><strong>senserint;</strong></span> <span class='ocrx_word' id='word_1_822' title='bbox 3243 4812 3336 4867; x_wconf 91' lang='lat' dir='ltr'><strong>sed</strong></span> <span class='ocrx_word' id='word_1_823' title='bbox 3386 4810 3451 4864; x_wconf 89' lang='lat' dir='ltr'><strong>ad</strong></span> <span class='ocrx_word' id='word_1_824' title='bbox 3480 4820 3694 4863; x_wconf 88' lang='lat' dir='ltr'><strong>sensum</strong></span> <span class='ocrx_word' id='word_1_825' title='bbox 3722 4819 3876 4857; x_wconf 90' lang='lat' dir='ltr'><strong>suum</strong></span> 
     </span>
    </p>
   </div>
   <div class='ocr_carea' id='block_1_111' title="bbox 2306 4895 3881 4982">
    <p class='ocr_par' dir='ltr' id='par_1_111' title="bbox 2306 4895 3881 4982">
     <span class='ocr_line' id='line_1_111' title="bbox 2306 4895 3881 4982; baseline -0.013 -14"><span class='ocrx_word' id='word_1_826' title='bbox 2306 4915 2595 4982; x_wconf 89' lang='lat' dir='ltr'><strong>incongrua</strong></span> <span class='ocrx_word' id='word_1_827' title='bbox 2642 4918 2829 4979; x_wconf 88' lang='lat' dir='ltr'><strong>aptant</strong></span> <span class='ocrx_word' id='word_1_828' title='bbox 2872 4905 3209 4968; x_wconf 82' lang='lat' dir='ltr'><strong>testimonia;</strong></span> <span class='ocrx_word' id='word_1_829' title='bbox 3251 4901 3403 4973; x_wconf 88' lang='lat' dir='ltr'><strong>quasi</strong></span> <span class='ocrx_word' id='word_1_830' title='bbox 3445 4896 3644 4970; x_wconf 85' lang='lat' dir='ltr'><strong>grande</strong></span> <span class='ocrx_word' id='word_1_831' title='bbox 3685 4895 3788 4956; x_wconf 84' lang='lat' dir='ltr'><strong>sit.</strong></span> <span class='ocrx_word' id='word_1_832' title='bbox 3828 4902 3881 4948; x_wconf 87' lang='lat' dir='ltr'><strong>et</strong></span> 
     </span>
    </p>
   </div>
   <div class='ocr_carea' id='block_1_112' title="bbox 2306 4991 3879 5062">
    <p class='ocr_par' dir='ltr' id='par_1_112' title="bbox 2306 4991 3879 5062">
     <span class='ocr_line' id='line_1_112' title="bbox 2306 4991 3879 5062; baseline -0.015 -4"><span class='ocrx_word' id='word_1_833' title='bbox 2306 5018 2413 5058; x_wconf 92' lang='lat' dir='ltr'><strong>non</strong></span> <span class='ocrx_word' id='word_1_834' title='bbox 2458 5000 2860 5055; x_wconf 85' lang='lat' dir='ltr'><strong>vitiosissimum</strong></span> <span class='ocrx_word' id='word_1_835' title='bbox 2883 4995 3109 5051; x_wconf 83' lang='lat' dir='ltr'><strong>docendi</strong></span> <span class='ocrx_word' id='word_1_836' title='bbox 3138 5007 3326 5062; x_wconf 82' lang='lat' dir='ltr'><strong>genus,</strong></span> <span class='ocrx_word' id='word_1_837' title='bbox 3355 4991 3644 5060; x_wconf 89' lang='lat' dir='ltr'><strong>depravare</strong></span> <span class='ocrx_word' id='word_1_838' title='bbox 3667 4992 3879 5040; x_wconf 83' lang='lat' dir='ltr'><strong>senten-</strong></span> 
     </span>
    </p>
   </div>
   <div class='ocr_carea' id='block_1_113' title="bbox 2308 5077 3878 5157">
    <p class='ocr_par' dir='ltr' id='par_1_113' title="bbox 2308 5077 3878 5157">
     <span class='ocr_line' id='line_1_113' title="bbox 2308 5077 3878 5157; baseline -0.014 -8"><span class='ocrx_word' id='word_1_839' title='bbox 2308 5095 2431 5157; x_wconf 88' lang='lat' dir='ltr'><strong>tias,</strong></span> <span class='ocrx_word' id='word_1_840' title='bbox 2461 5104 2516 5147; x_wconf 92' lang='lat' dir='ltr'><strong>ct</strong></span> <span class='ocrx_word' id='word_1_841' title='bbox 2557 5090 2625 5146; x_wconf 89' lang='lat' dir='ltr'><strong>ad</strong></span> <span class='ocrx_word' id='word_1_842' title='bbox 2665 5090 2992 5145; x_wconf 86' lang='lat' dir='ltr'><strong>voluntatem</strong></span> <span class='ocrx_word' id='word_1_843' title='bbox 3022 5099 3172 5140; x_wconf 87' lang='lat' dir='ltr'><strong>suam</strong></span> <span class='ocrx_word' id='word_1_844' title='bbox 3200 5082 3529 5151; x_wconf 84' lang='lat' dir='ltr'><strong>Scripturam</strong></span> <span class='ocrx_word' id='word_1_845' title='bbox 3558 5077 3770 5132; x_wconf 89' lang='lat' dir='ltr'><strong>trahere</strong></span> <span class='ocrx_word' id='word_1_846' title='bbox 3796 5089 3878 5128; x_wconf 91' lang='lat' dir='ltr'><strong>re-</strong></span> 
     </span>
    </p>
   </div>
   <div class='ocr_carea' id='block_1_114' title="bbox 2306 5173 3876 5256">
    <p class='ocr_par' dir='ltr' id='par_1_114' title="bbox 2306 5173 3876 5256">
     <span class='ocr_line' id='line_1_114' title="bbox 2306 5173 3876 5256; baseline -0.014 -17"><span class='ocrx_word' id='word_1_847' title='bbox 2306 5193 2653 5256; x_wconf 89' lang='lat' dir='ltr'><strong>pugnantem.</strong></span> <span class='ocrx_word' id='word_1_848' title='bbox 2702 5180 2864 5248; x_wconf 88' lang='lat' dir='ltr'><strong>Quasi</strong></span> <span class='ocrx_word' id='word_1_849' title='bbox 2894 5192 2999 5232; x_wconf 94' lang='lat' dir='ltr'><strong>non</strong></span> <span class='ocrx_word' id='word_1_850' title='bbox 3027 5175 3337 5245; x_wconf 86' lang='lat' dir='ltr'><strong>legerimus,</strong></span> <span class='ocrx_word' id='word_1_851' title='bbox 3371 5173 3876 5227; x_wconf 84' lang='lat' dir='ltr'><strong>llomerocentnnas,</strong></span> 
     </span>
    </p>
   </div>
   <div class='ocr_carea' id='block_1_115' title="bbox 2307 5254 3879 5341">
    <p class='ocr_par' dir='ltr' id='par_1_115' title="bbox 2307 5254 3879 5341">
     <span class='ocr_line' id='line_1_115' title="bbox 2307 5254 3879 5341; baseline -0.014 -12"><span class='ocrx_word' id='word_1_852' title='bbox 2307 5254 2361 5329; x_wconf 83' lang='lat' dir='ltr'><strong>et</strong></span> <span class='ocrx_word' id='word_1_853' title='bbox 2394 5254 2885 5341; x_wconf 13' lang='lat' dir='ltr'><strong>rVirgiliocentonas</strong></span> <span class='ocrx_word' id='word_1_854' title='bbox 2918 5285 2933 5322; x_wconf 89' lang='lat'><strong>:</strong></span> <span class='ocrx_word' id='word_1_855' title='bbox 2962 5281 3024 5321; x_wconf 88' lang='lat' dir='ltr'><strong>ac</strong></span> <span class='ocrx_word' id='word_1_856' title='bbox 3050 5280 3157 5320; x_wconf 94' lang='lat' dir='ltr'><strong>non</strong></span> <span class='ocrx_word' id='word_1_857' title='bbox 3184 5263 3264 5318; x_wconf 91' lang='lat' dir='ltr'><strong>sic</strong></span> <span class='ocrx_word' id='word_1_858' title='bbox 3287 5262 3447 5317; x_wconf 90' lang='lat' dir='ltr'><strong>etiam</strong></span> <span class='ocrx_word' id='word_1_859' title='bbox 3475 5259 3745 5314; x_wconf 79' lang='lat' dir='ltr'><strong>Maronem</strong></span> <span class='ocrx_word' id='word_1_860' title='bbox 3771 5254 3879 5309; x_wconf 86' lang='lat' dir='ltr'><strong>sine</strong></span> 
     </span>
    </p>
   </div>
   <div class='ocr_carea' id='block_1_116' title="bbox 2307 5343 3876 5433">
    <p class='ocr_par' dir='ltr' id='par_1_116' title="bbox 2307 5343 3876 5433">
     <span class='ocr_line' id='line_1_116' title="bbox 2307 5343 3876 5433; baseline -0.017 -11"><span class='ocrx_word' id='word_1_861' title='bbox 2307 5365 2523 5422; x_wconf 85' lang='lat' dir='ltr'><strong>Christo</strong></span> <span class='ocrx_word' id='word_1_862' title='bbox 2545 5364 2812 5433; x_wconf 83' lang='lat' dir='ltr'><strong>possimus</strong></span> <span class='ocrx_word' id='word_1_863' title='bbox 2835 5358 3016 5414; x_wconf 88' lang='lat' dir='ltr'><strong>dicere</strong></span> <span class='ocrx_word' id='word_1_864' title='bbox 3037 5354 3432 5417; x_wconf 84' lang='lat' dir='ltr'><strong>Christianum,</strong></span> <span class='ocrx_word' id='word_1_865' title='bbox 3459 5349 3553 5420; x_wconf 91' lang='lat' dir='ltr'><strong>qui</strong></span> <span class='ocrx_word' id='word_1_866' title='bbox 3579 5343 3876 5415; x_wconf 84' lang='lat' dir='ltr'><strong>scripserit:</strong></span> 
     </span>
    </p>
   </div>
   <div class='ocr_carea' id='block_1_117' title="bbox 2371 5495 3861 5580">
    <p class='ocr_par' dir='ltr' id='par_1_117' title="bbox 2371 5495 3861 5580">
     <span class='ocr_line' id='line_1_117' title="bbox 2371 5495 3861 5580; baseline -0.015 -14"><span class='ocrx_word' id='word_1_867' title='bbox 2371 5518 2444 5580; x_wconf 89' lang='lat' dir='ltr'><strong>(b)</strong></span> <span class='ocrx_word' id='word_1_868' title='bbox 2474 5515 2699 5580; x_wconf 69' lang='lat' dir='ltr'><strong>subdunt</strong></span> <span class='ocrx_word' id='word_1_869' title='bbox 2726 5513 2809 5580; x_wconf 87' lang='lat' dir='ltr'><strong>_de</strong></span> <span class='ocrx_word' id='word_1_870' title='bbox 2839 5522 2977 5580; x_wconf 86' lang='lat' dir='ltr'><strong>more</strong></span> <span class='ocrx_word' id='word_1_871' title='bbox 2998 5495 3861 5580; x_wconf 29' lang='lat' dir='ltr'><strong>vetustiores‘ediltietzqqidamjlﬁ</strong></span> 
     </span>
    </p>
   </div>
   <div class='ocr_carea' id='block_1_118' title="bbox 2309 5557 3861 5634">
    <p class='ocr_par' dir='ltr' id='par_1_118' title="bbox 2309 5557 3861 5634">
     <span class='ocr_line' id='line_1_118' title="bbox 2309 5557 3861 5634; baseline -0.017 -6"><span class='ocrx_word' id='word_1_872' title='bbox 2309 5557 2705 5629; x_wconf 60' lang='lat' dir='ltr'><strong>tiréiééaiii‘aéiiiﬁ</strong></span> <span class='ocrx_word' id='word_1_873' title='bbox 2726 5557 3175 5634; x_wconf 57' lang='lat' dir='ltr'><strong>interpretationem</strong></span> <span class='ocrx_word' id='word_1_874' title='bbox 3198 5566 3340 5621; x_wconf 87' lang='lat' dir='ltr'><strong>hanc,</strong></span> <span class='ocrx_word' id='word_1_875' title='bbox 3363 5562 3417 5611; x_wconf 80' lang='lat' dir='ltr'><strong>id</strong></span> <span class='ocrx_word' id='word_1_876' title='bbox 3432 5557 3861 5634; x_wconf 40' lang='lat' dir='ltr'><strong>_est.iu&#39;doctlr_inam</strong></span> 
     </span>
    </p>
   </div>
   <div class='ocr_carea' id='block_1_119' title="bbox 2308 5619 3875 5694">
    <p class='ocr_par' dir='ltr' id='par_1_119' title="bbox 2308 5619 3875 5694">
     <span class='ocr_line' id='line_1_119' title="bbox 2308 5619 3875 5694; baseline -0.015 -6"><span class='ocrx_word' id='word_1_877' title='bbox 2308 5619 2799 5694; x_wconf 47' lang='lat' dir='ltr'><strong>iiii&#39;ﬁﬁnféi&#39;iisiéh</strong></span> <span class='ocrx_word' id='word_1_878' title='bbox 2814 5619 2837 5691; x_wconf 11' lang='lat'><strong>;7</strong></span> <span class='ocrx_word' id='word_1_879' title='bbox 2854 5619 2936 5694; x_wconf 71' lang='lat' dir='ltr'><strong>qui</strong></span> <span class='ocrx_word' id='word_1_880' title='bbox 2961 5631 3105 5679; x_wconf 86' lang='lat' dir='ltr'><strong>etiam</strong></span> <span class='ocrx_word' id='word_1_881' title='bbox 3128 5639 3240 5675; x_wconf 83' lang='lat' dir='ltr'><strong>mox</strong></span> <span class='ocrx_word' id='word_1_882' title='bbox 3265 5619 3374 5673; x_wconf 87' lang='lat' dir='ltr'><strong>eum</strong></span> <span class='ocrx_word' id='word_1_883' title='bbox 3399 5623 3650 5685; x_wconf 85' lang='lat' dir='ltr'><strong>plerisque</strong></span> <span class='ocrx_word' id='word_1_884' title='bbox 3673 5619 3777 5668; x_wconf 85' lang='lat' dir='ltr'><strong>aliis</strong></span> <span class='ocrx_word' id='word_1_885' title='bbox 3799 5628 3875 5679; x_wconf 83' lang='lat' dir='ltr'><strong>pro</strong></span> 
     </span>
    </p>
   </div>
   <div class='ocr_carea' id='block_1_120' title="bbox 2309 5694 2807 5761">
    <p class='ocr_par' dir='ltr' id='par_1_120' title="bbox 2309 5694 2807 5761">
     <span class='ocr_line' id='line_1_120' title="bbox 2309 5694 2807 5761; baseline -0.014 -14"><span class='ocrx_word' id='word_1_886' title='bbox 2309 5712 2403 5761; x_wconf 62' lang='grc' dir='ltr'><strong>λετ..</strong></span> <span class='ocrx_word' id='word_1_887' title='bbox 2424 5699 2606 5745; x_wconf 87' lang='lat' dir='ltr'><strong>habent</strong></span> <span class='ocrx_word' id='word_1_888' title='bbox 2628 5694 2807 5756; x_wconf 80' lang='lat' dir='ltr'><strong>lingua.</strong></span> 
     </span>
    </p>
   </div>
  </div>
