4078 6198
234 251 341 309 545

309 361 428 414 Juut
455 358 582 412 redit
611 365 656 410 ct
683 355 818 422 virgo
835 393 848 416 ,
878 350 1086 403 redeunt
1115 347 1357 401 Saturnia
1383 360 1553 413 regno.

309 451 429 504 1am
459 464 583 502 nova
606 445 861 515 progenies
888 442 1011 494 cosio
1041 438 1317 491 demittitur
1343 429 1490 487 otto.

1163 545 1375 617 (Virgil.
1412 543 1586 610 Ectog.
1617 541 1694 608 t).

237 669 402 741 276
469 666 536 718 Et
565 671 766 732 patrem
796 660 1100 729 loquentem
1129 655 1196 709 ad
1228 655 1416 716 ﬁlium,

309 760 478 823 Nate,
506 769 628 810 mea:
652 755 780 807 vires
796 791 813 819 ,
841 767 952 805 mea
974 764 1158 820 ntagna
1186 746 1406 816 potentia
1431 743 1586 796 solus.

229 871 302 923 Et
331 879 447 940 post
474 866 636 921 verba
661 863 950 920 Salvatoris
975 861 1030 916 in
1055 872 1236 915 cruce.

284 981 456 1062 ‘Talia
495 976 747 1048 perstabat
784 988 1067 1027 memorans
1086 1012 1100 1034 ,
1141 970 1370 1038 ﬁxusque
1407 963 1659 1018 manebat.

301 1090 534 1146 Puerilia
574 1097 702 1142 sunt
741 1086 878 1151 htec,
921 1091 976 1137 et
1002 1080 1378 1135 circulatorum
1406 1075 1534 1130 ludo
1579 1072 1797 1135 similia,

225 1181 426 1234 docere
455 1176 595 1248 quod
640 1177 852 1244 ignores
901 1220 912 1227 .
958 1172 1086 1234 imo,
1133 1177 1190 1222 ut
1237 1182 1356 1222 cum
1392 1163 1669 1219 stomacho
1717 1161 1799 1212 lo-

225 1285 382 1339 quar,
420 1283 486 1322 ne
517 1267 618 1320 hoc
645 1263 856 1334 quidem
889 1262 1025 1315 scire
1047 1259 1188 1328 quod
1216 1257 1444 1311 nescias.

300 1360 355 1414 8.
400 1357 660 1412 Videlicet
686 1350 1115 1407 manifestissima
1143 1356 1226 1402 cst
1251 1345 1497 1409 Genesis,
1527 1343 1578 1395 in
1605 1354 1706 1410 qua
1735 1339 1802 1393 de

226 1459 422 1504 natura
463 1446 667 1510 mundi,
699 1444 768 1498 de
797 1441 1018 1497 exordio
1059 1439 1268 1510 generis
1312 1435 1548 1500 humani,
1577 1433 1644 1486 de
1669 1430 1804 1484 divi-

218 1542 383 1596 sione
413 1550 588 1600 terrm,
620 1536 693 1608 (η)
720 1535 788 1590 de
810 1532 1124 1588 confusione
1149 1531 1465 1599 linguarum,
1499 1533 1550 1580 et
1577 1524 1801 1578 descen-

225 1632 379 1686 sione
424 1643 590 1696 usqnc
633 1625 699 1680 ad
745 1623 1056 1695 Egyptum,
1104 1621 1275 1690 gentis
1303 1617 1554 1672 scribitur
1585 1613 1802 1668 Hebrae-

227 1735 402 1774 orum.
428 1718 578 1771 Patct
599 1713 815 1768 Exodus
834 1727 955 1766 cum
973 1711 1156 1764 decem
1173 1707 1362 1778 plagis,
1386 1719 1505 1758 cum
1522 1703 1797 1770 decalogo,

220 1799 347 1878 cum
371 1808 606 1880 mysticis
629 1805 928 1873 divinisque
973 1799 1254 1870 praeceptis
1325 1795 1382 1849 In
1427 1802 1676 1863 promptu
1717 1799 1800 1846 est

231 1903 490 1957 Leviticus
517 1899 670 1965 liber,
703 1897 755 1950 in
798 1909 907 1965 quo
933 1892 1139 1960 singula
1195 1886 1480 1953 sacriﬁcia,
1538 1885 1646 1938 imo
1684 1882 1797 1936 sin-

223 1995 366 2062 gula:
410 2005 542 2059 pene
591 1985 831 2057 syllabae,
877 1992 932 2037 ct
973 1990 1150 2036 vestes
1171 1980 1384 2042 Aaron,
1412 1987 1466 2030 et
1497 1982 1639 2028 totus
1665 1971 1800 2027 ordo

227 2082 514 2144 Levilicus,
545 2078 748 2145 spirant
772 2073 1007 2130 caelestia
1029 2077 1380 2127 sacramenta.
1403 2063 1617 2119 Numeri
1643 2077 1795 2129 vero,

231 2186 408 2227 nonne
456 2170 613 2223 totius
654 2163 1024 2226 arithmeticae,
1065 2169 1120 2214 et
1144 2156 1446 2226 Prophetia:
1473 2153 1800 2219 Balaam,-et

224 2262 572 2334 quadraginta
599 2258 820 2312 duarum
849 2269 944 2323 per
971 2264 1208 2306 eremum
1239 2245 1570 2301 mansionum
1600 2251 1800 2314 myste-

224 2333 308 2407 ria
339 2348 645 2405 continent?
688 2342 1152 2399 Deutcronomium
1197 2349 1410 2406 quoque
1431 2333 1664 2390 secunda
1691 2333 1793 2396 lex,

217 2454 281 2500 et
325 2441 652 2511 [St-angelica:
682 2437 812 2507 legis
841 2432 1216 2504 praeﬁguratio,
1246 2441 1423 2483 nonne
1448 2427 1528 2481 sic
1550 2441 1613 2481 ea
1639 2424 1800 2478 habet

221 2550 347 2605 quze
390 2534 566 2603 priora
593 2538 737 2596 sunt,
770 2538 827 2582 ut
859 2537 1034 2581 tamen
1066 2537 1202 2578 nova
1227 2521 1333 2576 sint
1356 2517 1537 2574 omnia
1562 2517 1628 2571 de
1653 2524 1799 2569 vetc-

225 2624 414 2679 ribus?
452 2624 529 2691 (ὁ)
562 2621 843 2687 llucnsquc
875 2613 1269 2670 Pentateuchus
1299 2627 1312 2663 :
1342 2607 1538 2678 quibus
1564 2605 1797 2675 quinque

222 2716 404 2771 verbis
447 2715 524 2784 (l.
564 2711 682 2767 Cor.
728 2711 814 2764 Η.
858 2707 977 2778 19)‘,
1007 2704 1149 2773 loqui
1179 2717 1238 2756 se
1267 2701 1403 2756 velle
1431 2698 1715 2769 Apostolus
1744 2697 1796 2749 in

226 2805 465 2861 Ecclesia
511 2803 784 2872 gloriatur.
834 2797 904 2868 (c)
936 2793 1036 2850 Job
1064 2792 1339 2862 exemplar
1364 2788 1652 2859 patientim,
1679 2801 1798 2856 qua:

226 2914 334 2955 non
363 2895 612 2966 mysteria
640 2906 736 2948 suo
763 2901 1012 2946 sermone
1035 2881 1442 2955 complectitur?
1465 2880 1631 2934 Prosa
1661 2877 1796 2932 inci-

226 2989 326 3060 pit,
358 3001 514 3042 versu
545 2984 758 3048 labitur,
791 2978 1026 3049 pedestri
1053 2988 1300 3031 sermone
1328 2971 1507 3026 ﬁnitur
1541 2987 1553 3024 :
1580 2982 1797 3023 omnes-

225 3094 330 3150 que
359 3079 502 3147 leges
527 3073 836 3132 dialecticze,
860 3067 1244 3138 prepositione,
1271 3061 1654 3130 assumptione,
1678 3073 1799 3113 con-

227 3168 544 3230 ﬁrmatione,
597 3161 940 3217 conclusione
982 3155 1320 3212 determinat.
1371 3151 1589 3220 Singula
1633 3150 1684 3203 in
1732 3165 1798 3204 eo

225 3259 389 3314 verba
419 3258 574 3325 plena
603 3259 728 3306 sunt
755 3248 1020 3304 sensibus.
1055 3246 1145 3312 Et,
1173 3252 1232 3297 ut
1259 3242 1326 3296 de
1354 3242 1561 3296 czeteris
1590 3240 1796 3304 sileam,

227 3346 681 3407 resurrectionem
707 3353 991 3409 corporum
1014 3337 1092 3390 sic
1118 3333 1428 3405 prophetat;
1463 3339 1520 3384 ut
1541 3329 1714 3382 nullus
1733 3329 1800 3384 (lc

227 3459 300 3499 ea
334 3440 418 3494 vel
444 3433 794 3497 manifestius,
822 3430 906 3484 vel
929 3427 1133 3482 cautius
1154 3423 1430 3493 scripserit
1458 3439 1471 3475 :
1499 3438 1517 3472 ι
1548 3420 1692 3483 Scio,
1716 3421 1797 3474 in-

229 3534 364 3606 quit,
389 3529 529 3601 quod
558 3526 864 3592 redemptor
892 3533 1042 3574 meus
1070 3516 1221 3580 vivit,
1249 3523 1303 3568 et
1327 3513 1379 3567 in
1405 3510 1692 3566 novissimo
1715 3510 1800 3564 die

231 3597 300 3679 de
325 3597 465 3676 terra
489 3622 890 3672 resurrecturus
919 3622 1036 3663 sum
1074 3624 1087 3660 :
1114 3614 1168 3660 et
1193 3615 1403 3658 rursum
1428 3597 1802 3656 circumdahor

231 3712 372 3783 pelle
413 3722 564 3772 mea;
597 3715 649 3760 et
676 3704 728 3757 in
755 3714 918 3756 carne
947 3713 1063 3752 mea
1090 3693 1282 3750 videbo
1312 3693 1501 3746 Deum.
1525 3689 1692 3756 Quem
1718 3689 1800 3742 vi-

232 3779 388 3859 surus
424 3813 539 3853 sum
579 3809 678 3864 ego
704 3794 842 3861 ipse,
885 3799 940 3843 et
969 3786 1106 3842 oculi
1144 3785 1248 3838 mei
1272 3779 1608 3850 conspecturi
1637 3786 1761 3832 sunt
1783 3819 1799 3843 ,

229 3903 286 3948 et
313 3904 418 3944 non
435 3887 590 3940 alius.
612 3879 860 3948 Deposita
882 3885 963 3931 est
980 3877 1094 3928 lucc
1117 3886 1243 3940 spes
1268 3885 1384 3925 mea
1407 3870 1458 3922 in
1483 3869 1602 3922 sinu
1630 3882 1752 3921 meo
1779 3885 1796 3916 ι

230 3979 375 4050 (Job.
396 3974 482 4028 19.
497 3973 587 4024 ‘25.
601 3969 692 4036 26)
705 4010 717 4021 .
733 3965 956 4020 Veniam
971 3962 1038 4016 ad
1056 3961 1233 4015 Jesum
1252 3958 1412 4023 Nave,
1428 3957 1516 4026 qui
1539 3965 1692 4026 typus
1709 3957 1805 4008 Do-

231 4045 367 4123 mini
389 4079 492 4118 non
516 4061 686 4115 solum
704 4059 756 4110 in
781 4054 964 4124 gestis,
982 4052 1075 4105 scd
1093 4049 1320 4104 etiamin
1343 4049 1576 4110 nomine,
1642 4045 1798 4115 277

231 4156 446 4214 transiit
487 4147 797 4211 .lordancm,
838 4142 1070 4197 hostium
1115 4151 1277 4206 regna
1305 4135 1583 4207 subvertit,
1621 4133 1805 4187 divisit

293 4289 368 4350 (τι)
387 4285 474 4350 .Ad
496 4281 683 4334 Erasini
707 4277 956 4350 Euserium
980 4273 1147 4350 Eii}?!
1162 4265 1616 4350 βςιὶεὶίέἓεξὲἱηξιὲιεές
1639 4267 1804 4350 ιῖοηίη·

231 4325 950 4409 adﬁtiﬁgtiiziiiii'eig‘gmum
963 4371 977 4394 ,
999 4346 1146 4405 usque
1249 4328 1432 4409 crpitum
1453 4325 1677 4409 serioifulr
1709 4325 1806 4376 lle-

235 4387 654 4463 Eiiuiii',
675 4387 730 4449 ut
741 4387 992 4463 Victorius
1006 4387 1366 4463 apimadverti't,
1388 4389 1553 4463 exitus
1569 4387 1804 4463 Ilelii‘rzeof

673 4446 771 4511 non
789 4446 952 4528 statim
972 4471 999 4505 a
1021 4455 1222 4528 Genesi,
1244 4451 1332 4500 sed
1354 4446 1636 4528 tuu‘lta'po‘st
1652 4447 1804 4528 Exodi

820 4520 1013 4594 ‘Veram‘
1040 4509 1324 4594 lectionem“
1342 4524 1405 4582 ex
1428 4509 1652 4594 V’nulgatis
1687 4515 1803 4557 ante

235 4573 707 4641 anni'iSM._eMeIu
733 4583 941 4630 Victorio
967 4585 1018 4627 et
1040 4576 1154 4625 Mss.
1180 4573 1502 4637 reposuimus.

296 4629 825 4714 (Ib-Xmid'pl—eirosque
848 4641 1004 4714 editos
1026 4629 1321 4714 :"tlucusque
1333 4629 1803 4714 Mo‘t}_ses.,nl'utc‘lusque

241 4691 801 4763 Péitiztéiﬁiuiuiiorio
833 4701 1003 4763 alludit
1032 4691 1605 4763 Hierony'musﬁposltoli
1648 4691 1802 4761 locum

235 4751 884 4835 Erti22$"§dnbi§viinn's',’ubi
909 4761 960 4810 in
983 4757 1195 4809 Ecclesia
1208 4751 1406 4816 {inquit
1420 4751 1560 4812 {volo
1597 4753 1710 4812 quin
1746 4765 1804 4801 ue

237 4835 379 4860 «ut...
403 4845 537 4860 tum...
559 4841 664 4860 man
686 4824 826 4860 Imm"-
849 4834 959 4860 num
983 4835 1044 4860 px
1069 4831 1218 4860 sensu
1242 4824 1464 4860 veterum
1488 4812 1687 4860 aliorum
1712 4766 1804 4860 Ἁι-

237 4812 386 4884 35sz
400 4812 830 4887 sa'zi'a'ﬁiebibini,
849 4834 959 4884 quae
983 4812 1219 4887 exsensa
1242 4812 1804 4887 vemrum‘aliorum‘l‘a-

240 4874 380 4944 ἷῖίιῖιῖ
392 4874 984 4954 mimice—interpretatur,
1005 4881 1064 4930 ad
1085 4881 1300 4940 quinque
1314 4874 1635 4925 Pentateuclti
1656 4874 1805 4922 libros

242 4942 464 5016 quinque
486 4949 624 5016 Paqu
645 4942 796 5016 verba
817 4942 1065 5016 referens.

308 4994 555 5075 (ei—duod—
564 4994 722 5068 havsi
739 4994 880 5054 libris
900 5005 1011 5075 dobi
1034 5001 1283 5075 historiam
1301 4994 1770 5075 proximisubjiciat
1784 5028 1800 5052 ,

241 5057 514 5138 ψ]ξὲῇυῖιαὶ
535 5057 756 5138 vetei-um
784 5067 998 5138 emptum
1031 5057 1344 5138 centonemet
1373 5057 1800 5138 Hieronymiaqum

243 5115 695 5196 ipsum—commota
711 5131 816 5196 post
834 5126 1104 5196 Prophetas
1123 5124 1171 5171 in
1189 5115 1606 5196 Agioglraphorum
1628 5115 1803 5184 ordine

242 5177 555 5248 'r'éEEiiséior,
579 5188 670 5236 nisi
691 5177 732 5234 si
757 5177 948 5248 quatus
968 5193 1044 5248 est
1065 5184 1199 5232 locus
1223 5177 1650 5248 iste'librariorum
1675 5177 1804 5244 iucu-

243 5237 591 5316 riij'péﬁuqin
612 5247 876 5316 probabilis
918 5247 1040 5316 ratio
1061 5254 1152 5316 est,
1177 5242 1304 5316 quod
1329 5239 1548 5302 ejusdem
1569 5237 1802 5307 auctoris,

240 5298 628 5366 iiié‘siiéodeiﬁ
661 5309 838 5376 Moyse
857 5298 1175 5376 conscriptum
1195 5298 1386 5352 'lihrum
1421 5311 1532 5348 esse
1566 5298 1805 5376 senserit,

370 5357 481 5426 Béc'
772 5375 854 5442 est
871 5381 934 5440 ex
958 5357 1182 5428 antiquis,
1207 5378 1299 5412 nec
1320 5376 1349 5442 Ξ
1371 5373 1488 5442 vLero
1501 5357 1704 5406 multum
1723 5357 1808 5427 ab-

243 5418 693 5489 ila‘ri-éi'gchiédna.
720 5429 857 5489 Quod
877 5431 916 5477 si
921 5441 1028 5537 (pro
1052 5418 1285 5488 germana
1320 5424 1557 5472 habeatur
1579 5418 1808 5480 superius

244 5503 463 5537 mlnnlala
487 5493 806 5537 niinrumdam
831 5490 918 5537 cod
958 5527 970 5537 .
997 5489 1165 5537 lectio.
1196 5496 1446 5537 ﬂuensque
1469 5490 1667 5537 Moyses,
1693 5487 1808 5528 tunc

958 5527 970 5538 .
997 5489 1165 5548 lectio,
1196 5496 1449 5548 ﬂuensque
1469 5490 1667 5548 Moyses,
1693 5487 1808 5548 tunc:

241 5540 734 5617 Qiiéﬁiieinﬁdnim,
764 5559 815 5617 et
836 5551 949 5617 Johi
969 5540 1335 5599 remotissimam
1358 5540 1691 5604 :il'itiquitatem
1715 5540 1805 5588 sibi

235 5614 562 5685 .I-roposuisse
579 5614 856 5664 credendus
881 5614 991 5660 erit.

244 5503 464 5551 adnotata
487 5493 806 5558 quorumdam
831 5490 918 5558 cod

1608 225 1925 283 EPISTOLA
1966 225 2074 279 LIII

3387 228 3494 283 546

1923 347 2114 392 terram
2140 337 2322 389 victori
2350 337 2561 404 populo,
2592 346 2644 390 et
2671 351 2764 404 per
2786 339 3018 408 singulas
3046 342 3229 406 urbes,
3256 343 3485 411 viculos,

1917 435 2144 486 montes,
2171 423 2406 487 ﬁumina,
2432 433 2717 489 torrentes,
2749 435 2904 492 atque
2925 432 3176 496 confinia,
3207 431 3486 498 Ecclesia;

1914 514 2250 582 ctelestisquc
2294 513 2589 567 Jerusalem
2619 512 2909 581 spiritualia
2937 532 3097 583 regna
3121 519 3396 575 describit.
3427 522 3487 578 In

1913 603 2158 658 Judicum
2183 603 2320 657 libro
2344 611 2474 671 quot
2499 603 2768 672 principes
2798 606 2997 672 populi,
3032 615 3110 660 tot
3137 607 3314 676 ﬁgura:
3335 624 3481 668 sunt.

1914 694 2056 747 Ruth
2105 694 2373 750 Moabitis.
2420 694 2570 748 Isaia:
2613 694 2790 762 explet
2833 697 3163 762 vaticinium,
3209 699 3482 759 dicentis:

1918 801 1936 834 ι
1971 784 2168 839 Emitte
2204 798 2418 853 agnum,
2465 784 2711 849 Domine,
2759 787 3150 841 dominatorem
3194 798 3370 852 terrm,
3415 794 3485 847 de

1911 883 2058 941 petra
2080 873 2278 928 deserti
2299 873 2365 927 ad
2393 883 2627 929 montem
2653 875 2778 928 ﬁlia:
2798 876 2926 930 Sion
2953 895 2972 926 ι
3001 876 3154 946 (lsai.
3180 879 3266 932 ιϐ.
3288 878 3362 948 l).
3389 880 3485 935 Sa-

1911 965 2054 1018 muel
2080 965 2133 1017 in
2162 964 2274 1018 lleli
2301 973 2532 1028 mortuo,
2556 967 2682 1020 etin
2703 967 2882 1020 occiso
2901 967 2993 1038 [al.
3021 968 3310 1039 occisione].
3333 969 3483 1034 Saul,

1911 1060 2146 1106 veterem
2191 1053 2360 1122 legem
2411 1053 2659 1108 abolitam
2709 1065 2991 1110 monstrat.
3038 1057 3205 1112 Porro
3235 1059 3288 1112 in
3315 1059 3486 1116 Sadoc

1911 1151 2069 1209 atque
2099 1142 2282 1206 David,
2315 1143 2438 1196 novi
2467 1144 2786 1210 Sacerdotii,
2811 1147 3042 1214 novique
3065 1148 3274 1217 Imperii
3306 1165 3485 1205 sacra-

1912 1238 2089 1283 menta
2131 1237 2376 1283 testatur.
2405 1231 2704 1297 Malachim,
2736 1233 2786 1287 id
2820 1242 2922 1300 est,
2953 1234 3154 1304 Regum
3192 1239 3402 1304 tertius,
3429 1250 3484 1295 et

1911 1329 2128 1388 quartus
2154 1321 2287 1376 liber
2312 1336 2342 1375 a
2370 1321 2657 1378 Salomone
2685 1337 2852 1394 usque
2876 1327 2942 1380 ad
2963 1327 3274 1386 Jechoniam
3301 1351 3312 1386 :
3339 1344 3392 1388 et
3416 1335 3483 1390 ab

1911 1411 2194 1466 Jeroboam
2227 1413 2339 1468 ﬁlio
2380 1414 2617 1480 Nabath,
2664 1431 2834 1484 usque
2873 1419 2940 1472 ad
2988 1420 3146 1486 Osee,
3177 1424 3264 1490 qni
3291 1424 3481 1480 ductus

1909 1510 1992 1555 est
2031 1503 2082 1554 in
2114 1503 2382 1572 Assyrios,
2429 1509 2648 1573 regam
2690 1504 2824 1560 Juda
2867 1516 2922 1561 et
2961 1523 3182 1578 regnum
3227 1511 3480 1568 describit

1911 1589 2094 1642 Israel.
2124 1590 2180 1644 Si
2211 1590 2486 1644 historiam
2515 1594 2793 1661 respicias,
2830 1597 2988 1650 verba
3019 1599 3278 1669 simplicia
3310 1613 3435 1657 sunt
3462 1621 3478 1656 :

1907 1680 1951 1732 si
2002 1680 2056 1733 in
2105 1680 2297 1735 litteris
2324 1697 2537 1736 sensum
2584 1683 2835 1739 latentem
2875 1687 3191 1756 inspexeris,
3227 1691 3478 1751 Ecclesia

1909 1772 2166 1838 paucitas,
2213 1779 2268 1824 et
2315 1771 2697 1826 lltercticorum
2744 1785 2930 1830 contra
2997 1777 3287 1834 Eeclesiam
3339 1782 3476 1838 bella

1906 1866 2208 1913 narrantur.
2253 1859 2540 1914 Duodecim
2590 1861 2869 1932 Propheta:
2914 1865 2967 1918 in
2997 1867 3154 1922 unius
3195 1869 3478 1926 voluminis

1906 1951 2176 2019 angustias
2209 1951 2482 2015 coarctati,
2519 1952 2688 2007 multo
2728 1953 2872 2009 aliud
2900 1969 3058 2024 quam
3085 1969 3277 2013 sonant
3303 1962 3354 2014 in
3387 1961 3471 2016 lit-

1907 2046 2038 2102 tera,
2089 2040 2448 2108 prmligurant.
2500 2041 2637 2094 Osee
2675 2042 2871 2097 crebro
2910 2046 3153 2100 nominat
3195 2047 3469 2117 prraim.

1905 2127 2224 2192 Samariam,
2255 2129 2476 2199 Ioseph,
2508 2130 2734 2196 Jezrael,
2767 2141 2823 2186 et
2852 2148 3072 2188 uxorem
3113 2135 3482 2204 fornicariam,

1903 2225 1958 2272 et
1984 2217 2351 2272 fornicationis
2379 2219 2538 2280 ﬁlios.
2571 2229 2626 2274 et
2651 2220 2947 2276 adulteram
2972 2223 3218 2279 cubicqu
3242 2228 3475 2284 clausam

1907 2307 2102 2370 mariti,
2153 2307 2320 2361 multo
2368 2317 2608 2377 tempore
2635 2309 2828 2364 sedere
2853 2311 3088 2378 viduam,
3117 2323 3173 2369 et
3202 2315 3302 2370 sub
3328 2327 3480 2373 veste

1906 2395 2134 2465 lugubri,
2179 2397 2279 2450 viri
2323 2397 2389 2451 ad
2435 2412 2494 2452 se
2536 2399 2764 2453 reditum
2810 2403 3129 2469 praestolari.
3172 2405 3290 2461 Joel
3336 2407 3478 2465 ﬁlius

1907 2485 2193 2552 Phathuel,
2241 2485 2495 2540 describit
2545 2497 2740 2541 terram
2766 2489 3047 2546 duodecim
3080 2494 3334 2563 tribuum,
3377 2497 3476 2552 he-

1906 2591 2053 2644 ruca,
2084 2576 2304 2641 brucbo,
2339 2577 2564 2645 locusta,
2596 2579 2839 2657 rubigine
2861 2590 3102 2640 vastante
3125 2570 3429 2657 corruptam
3456 2607 3472 2646 :

1905 2677 1958 2722 et
1987 2678 2109 2736 post
2136 2669 2470 2722 eversionem
2503 2670 2696 2738 prioris
2727 2675 2927 2741 populi,
2957 2675 3180 2731 effusum
3226 2681 3286 2734 iri
3312 2683 3480 2750 Spiri~

1905 2768 2014 2811 tum
2041 2758 2292 2812 Sanctum
2322 2774 2483 2827 super
2511 2773 2699 2840 servos
2740 2763 2853 2829 Dei,
2899 2775 2952 2819 et
2993 2769 3234 2836 ancillas,
3281 2770 3332 2824 id
3369 2783 3473 2840 est,

1903 2863 2066 2916 super
2094 2858 2310 2902 centum
2339 2850 2525 2918 viginti
2554 2837 2884 2907 credentium
2916 2857 3152 2919 nomina,
3185 2861 3272 2927 qui
3303 2837 3476 2916 effun-

1904 2935 2109 2990 dcndus
2135 2945 2252 2990 erat
2283 2937 2334 2990 in
2363 2939 2640 2993 ctenaculo
2663 2940 2790 2994 Sion
2844 2960 2855 2994 :
2906 2944 2997 3012 qui
3025 2955 3238 2999 centum
3266 2949 3474 3018 viginti,

1904 3028 1972 3081 ab
2011 3041 2119 3082 uno
2163 3043 2335 3098 usque
2378 3029 2443 3083 ad
2473 3030 2775 3098 quindecim
2818 3035 3068 3099 paulatim
3096 3044 3151 3090 et
3175 3053 3270 3105 per
3301 3040 3476 3096 incre-

1907 3127 2084 3172 menta
2111 3128 2412 3187 surgentes,
2446 3119 2750 3188 quindecim
2775 3121 3034 3190 graduum
3065 3141 3342 3183 numerum
3370 3131 3482 3184 efﬁ-

1906 3211 2074 3275 ciunt,
2119 3211 2210 3279 qui
2237 3211 2288 3264 in
2332 3211 2591 3265 Psalterio
2639 3213 2864 3283 mystice
2908 3216 3267 3273 continentur.
3317 3226 3481 3277 Amos

1909 3311 2088 3367 pastor
2116 3307 2171 3353 et
2197 3301 2447 3366 rusticus,
2479 3309 2533 3354 et
2562 3319 2580 3352 ι
2618 3303 2870 3357 ruborum
2901 3320 3049 3361 mora
3079 3307 3425 3378 distringcns,
3453 3333 3474 3365 ι

1909 3389 2092 3457 paucis
2117 3390 2296 3445 verbis
2333 3391 2591 3459 explicari
2635 3408 2740 3447 non
2775 3407 2967 3463 pateSI.
2996 3397 3127 3464 Quis
3153 3401 3296 3453 enim
3321 3401 3481 3471 digne

1906 3484 2169 3550 exprimat
2199 3482 2316 3546 tria,
2358 3492 2450 3537 aut
2495 3492 2725 3553 quatuor
2747 3486 2952 3540 scelera
2977 3489 3270 3562 .Damasci,
3297 3492 3478 3560 Gazm,

1908 3583 1962 3679 et
1991 3575 2135 3648 Tyri,
2164 3587 2218 3633 et
2244 3579 2494 3642 ldnmete,
2521 3589 2576 3636 et
2607 3579 2838 3636 ﬁliorum
2873 3582 3122 3650 Ammon,
3145 3594 3198 3638 et
3225 3587 3398 3652 Moab,
3428 3597 3484 3642 et

1910 3669 1963 3721 in
1993 3669 2220 3737 septimo
2247 3679 2544 3737 octavoque
2569 3670 2758 3739 gradu,
2796 3671 2944 3739 ,luda:
2971 3683 3023 3727 et
3054 3673 3252 3727 Israel?
3281 3676 3375 3730 llic
3404 3678 3484 3730 lo-

1908 3761 2084 3830 quitur
2107 3762 2173 3815 ad
2204 3776 2392 3816 vaccas
2433 3763 2677 3829 pingues,
2707 3777 2826 3830 quze
2855 3774 2978 3816 sunt
3006 3767 3055 3817 in
3085 3775 3266 3820 monte
3293 3767 3481 3823 Sama-

1909 3853 2002 3906 ria:
2026 3892 2041 3915 ,
2073 3861 2125 3906 ct
2149 3853 2408 3906 ruituram
2441 3851 2654 3903 domum
2705 3853 2958 3918 majorem
2986 3855 3353 3923 minoremque
3402 3867 3483 3911 te-

1909 3950 2100 3996 statur.
2128 3941 2241 4010 lpse
2260 3942 2430 3995 cernit
2448 3941 2684 3996 ﬁctorem
2710 3944 2929 3997 locusta:
2950 3959 2964 4007 ;
2987 3952 3039 3996 et
3059 3951 3285 3999 stantem
3306 3947 3484 4001 Domi-

1913 4047 2038 4086 num
2068 4047 2230 4100 super
2259 4047 2466 4085 murum
2486 4032 2634 4086 litum
2659 4032 2740 4088 vel
2766 4032 3258 4099 adamantinum,et
3325 4036 3488 4107 273

1914 4127 2164 4178 nncinmn
2189 4138 2489 4193 pomorum,
2513 4125 2867 4180 attrahentem
2909 4127 3163 4194 supplicia
3187 4129 3485 4195 peccatori-

1915 4217 2034 4279 bus,
2052 4225 2106 4270 et
2128 4215 2320 4269 famem
2342 4215 2394 4268 in
2421 4223 2616 4269 terram
2642 4232 2656 4269 :
2686 4230 2790 4269 non
2819 4215 3010 4269 [amem
3028 4216 3199 4283 panis,
3217 4231 3316 4270 nec
3343 4218 3487 4273 sitim

1914 4323 2082 4376 aquae,
2114 4307 2209 4363 sed
2241 4306 2488 4361 audiendi
2536 4307 2761 4362 verbum
2811 4306 2932 4361 Dei.
2977 4307 3174 4362 Abdias
3201 4310 3291 4378 qui
3325 4310 3488 4364 inter-

1917 4406 2152 4469 pretatur
2187 4417 2206 4450 ε
2236 4412 2422 4452 servus
2455 4398 2543 4452 Dei
2577 4415 2596 4448 ο
2624 4395 2714 4468 [ιιι.
2752 4397 3004 4470 Domini],
3030 4407 3275 4465 pertonat
3301 4409 3487 4456 contra

1915 4489 2084 4544 Edom
2133 4487 2500 4557 sanguineum,
2534 4496 2910 4558 terrenumque
2955 4487 3245 4544 hominem.
3286 4490 3490 4545 Fratris

1912 4595 2124 4651 quoque
2152 4578 2319 4634 Jacob
2359 4593 2571 4648 semper
2615 4580 2866 4634 aemulum
2900 4579 3046 4634 hasta
3080 4581 3307 4650 percutit
3334 4581 3489 4649 spiri-

1913 4670 2063 4723 tuali.
2095 4669 2260 4723 Jonas
2295 4686 2314 4719 ι
2340 4667 2584 4722 columba
2614 4687 2632 4718 ι
2669 4667 3060 4736 pulcherrima,
3093 4667 3366 4735 naufragio
3391 4681 3490 4720 suo

1915 4762 2214 4831 passionem
2244 4759 2451 4814 Domini
2478 4759 2846 4828 praiﬁgurans,
2867 4759 3119 4812 mundum
3139 4756 3202 4809 ad
3221 4755 3485 4824 patuiten-

1913 4855 2041 4907 tiam
2084 4859 2300 4908 revocat
2328 4868 2342 4904 :
2371 4859 2426 4904 et
2452 4850 2554 4904 sub
2583 4851 2797 4904 nomine
2825 4849 3036 4912 Ninive,
3066 4847 3291 4901 salutem
3318 4847 3486 4913 genti-

1913 4947 2010 4999 bus
2039 4945 2268 4999 nuntiat.
2296 4942 2547 4996 Michazas
2572 4940 2640 4993 dc
2668 4938 2943 5000 Morasthi,
2979 4954 2997 4986 ι
3019 4935 3260 4989 cohaarcs
3287 4953 3305 4984 ι
3336 4934 3486 4988 Chri-

1911 5037 2001 5099 sti,
2033 5033 2388 5087 vastatioucm
2419 5029 2702 5085 annuntiat
2743 5027 2866 5079 ﬁlia:
2895 5004 3134 5089 latronis,
3163 5033 3218 5078 et
3241 5022 3482 5077 obsidio-

1914 5139 2036 5178 nem
2081 5121 2230 5192 ponit
2265 5127 2454 5173 contra
2497 5132 2615 5172 eam
2660 5133 2673 5169 :
2721 5117 2843 5184 quia
2869 5113 3135 5167 maxillam
3166 5115 3489 5182 percusserit

1909 5213 2104 5282 jndicis
2150 5208 2330 5263 Israel.
2378 5207 2587 5260 Nahum
2623 5223 2641 5256 ι
2673 5205 2977 5258 consolator
2999 5223 3018 5256 ι
3051 5203 3219 5264 orbis,
3249 5203 3489 5270 increpat

1915 5305 2182 5359 civitatem
2207 5301 2542 5369 sanguinem,
2571 5307 2626 5352 et
2653 5310 2766 5366 posu
2793 5295 3124 5349 eversionem
3154 5294 3293 5346 illius
3317 5294 3486 5362 loqui-

1918 5405 2040 5475 tur:
2076 5413 2096 5448 ι
2126 5395 2263 5449 Ecce
2305 5406 2466 5460 super
2511 5399 2722 5443 montes
2772 5387 2933 5457 pedes
2977 5384 3388 5454 evangelizantis
3431 5395 3486 5440 et

1917 5485 2278 5541 annuntiantis
2308 5497 2490 5554 pacem
2519 5502 2537 5535 ι
2571 5481 2757 5556 (Num.
2792 5481 2841 5534 l.
2873 5477 2987 5548 l5).
3022 5476 3231 5531 Abacuc
3265 5493 3282 5526 Ι
3321 5476 3483 5530 lucta-

1924 5594 2006 5638 tor
2032 5601 2049 5633 ι
2086 5581 2235 5637 fortis
2265 5587 2315 5631 ct
2345 5575 2562 5646 rigidus,
2604 5582 2717 5627 stat
2736 5585 2893 5640 super
2915 5567 3206 5626 custodiam
3234 5580 3402 5632 suam,
3432 5579 3481 5623 et
