4078 6198
646 257 754 324 847

649 382 765 451 figit
789 380 1013 452 gradum
1040 391 1198 443 super
1230 371 1599 430 munitionem,
1627 377 1679 419 ut
1698 366 1791 419 Clu
1810 369 1965 418 istum
1989 368 2041 419 in
2059 378 2218 419 cruce

646 471 1058 540 contempletur,
1082 473 1136 519 et
1152 463 1325 516 dicat:
1350 478 1368 510 ι
1398 459 1618 527 Operuit
1639 458 1803 511 cmlus
1820 457 1985 526 gloria
2007 456 2143 524 ejus,
2169 463 2223 509 et

648 561 818 616 laudis
845 560 959 626 ejus
988 556 1140 624 plena
1163 561 1245 605 est
1266 560 1427 605 terra.
1450 548 1711 616 Splendor
1733 548 1872 615 ejus,
1896 547 2061 599 utqu
2084 547 2218 599 erit:

646 663 841 705 cornua
885 646 939 699 in
984 642 1229 697 manibus
1251 640 1389 709 ejus,
1417 640 1486 693 ibi
1512 639 1827 692 abscondita
1855 647 1940 691 est
1967 637 2223 691 fortitudo

641 740 757 807 ejus
780 756 800 787 ι
820 735 999 803 (Abas.
1020 734 1102 799 3).
1119 730 1420 799 Snphonias
1442 747 1461 778 ι
1483 729 1815 797 speculatori
1833 736 1885 781 et
1903 742 2220 782 arcanorum

642 824 849 881 Domini
888 823 1152 892 cognitor,
1199 819 1349 874 audit
1391 819 1680 873 clamorem
1724 832 1754 869 a
1784 824 1933 886 porta
1972 817 2217 884 piscimn,

636 926 692 972 et
731 916 984 986 ejulatum
1027 930 1058 969 a
1092 912 1347 975 secunda,
1398 921 1454 965 ct
1496 911 1873 964 contritionem
1901 924 1931 960 a
1958 907 2207 961 collibus.

636 1005 828 1060 Indicit
874 1018 1089 1074 quoque
1134 1002 1392 1059 ululatum
1435 1000 1826 1056 habitatoribus
1869 999 1991 1066 pilae
2037 1016 2051 1049 :
2095 997 2219 1066 quia

634 1096 891 1153 conticuit
911 1095 1087 1150 omnis
1116 1093 1342 1163 populus
1363 1092 1637 1146 Chanaam
1671 1108 1683 1143 :
1712 1090 2072 1157 disperierunt
2101 1087 2219 1141 uni-

634 1189 801 1253 versi,
828 1188 919 1256 qui
940 1187 1164 1240 involuti
1185 1192 1340 1240 erant
1364 1194 1609 1253 argento.
1638 1183 1867 1251 Aggrens
1898 1198 1918 1231 ι
1944 1180 2166 1234 festivus
2189 1196 2209 1230 ›

633 1288 691 1334 et
717 1278 891 1339 hctus,
920 1276 1010 1346 qui
1037 1275 1323 1331 seminavit
1350 1274 1403 1327 in
1432 1272 1707 1341 lacrymis,
1733 1280 1790 1324 ut
1812 1270 1863 1323 in
1888 1269 2084 1339 gaudio
2106 1283 2218 1323 me-

634 1376 798 1432 teret,
820 1366 1155 1421 destructum
1182 1363 1464 1434 Templum
1487 1361 1797 1426 remdilicat,
1826 1361 2217 1428 Dominamque

632 1458 843 1513 Patrem
867 1457 1069 1512 inducit
1087 1456 1396 1525 loquentem
1429 1473 1443 1508 :
1478 1471 1497 1504 ι
1526 1452 1718 1527 ῌΙιυε
1737 1467 1899 1505 unum
1925 1449 2215 1515 modicum,

631 1556 688 1604 et
711 1562 810 1617 ego
832 1546 1183 1603 commovebo
1210 1546 1406 1600 cmlum
1434 1553 1489 1598 et
1512 1552 1733 1607 terram,
1765 1550 1820 1595 et
1844 1556 2011 1606 mare,
2033 1550 2087 1594 et
2106 1539 2216 1593 ari-

635 1640 783 1701 dam,
813 1650 870 1694 et
902 1638 1127 1693 movebo
1166 1651 1356 1692 omnes
1385 1643 1575 1705 gentes
1605 1650 1620 1685 :
1648 1642 1705 1688 et
1730 1632 1911 1686 veniet
1940 1631 2215 1687 desidera-

635 1740 722 1785 tus
747 1729 953 1783 cunctis
977 1728 1225 1798 gentibus
1250 1746 1268 1778 r
1295 1727 1450 1796 (Agg.
1471 1725 1528 1779 2.
1561 1727 1614 1778 7.
1644 1726 1724 1792 8).
1751 1724 2036 1778 Zacharias
2061 1742 2078 1775 ι
2100 1738 2214 1778 me-

635 1836 756 1875 mor
783 1820 993 1874 Domini
1020 1819 1125 1883 sui,
1157 1836 1177 1870 r
1207 1818 1494 1886 multiplex
1522 1817 1573 1870 in
1603 1816 1911 1884 Prophetia,
1938 1815 2013 1881 (a)
2034 1814 2214 1869 Jesnm

635 1910 872 1965 vestibus
901 1908 1134 1964 sordidis
1184 1908 1448 1970 indutum,
1476 1916 1530 1961 et
1554 1905 1783 1974 lapidem
1822 1905 2100 1959 oculorum
2131 1920 2216 1958 sc-

634 2011 795 2069 ptem,
820 1998 1307 2066 candelabrumque
1325 2012 1544 2051 aureum
1564 2010 1686 2049 cum
1717 1994 1937 2049 totidem
1956 1994 2211 2059 lucernis,

628 2099 765 2162 quot
805 2090 995 2154 oculis,
1034 2089 1169 2143 duas
1197 2102 1411 2157 quoque
1438 2087 1606 2151 olivas
1632 2102 1662 2139 a
1690 2085 1926 2139 sinistris
1954 2085 2213 2153 lampadis

633 2182 807 2238 cernit
831 2189 888 2237 et
916 2179 1119 2235 dextris
1152 2196 1166 2233 :
1197 2188 1254 2233 ut
1280 2187 1401 2247 post
1428 2178 1502 2247 (b)
1527 2191 1716 2246 equos,
1750 2176 1916 2242 rut‘os,
1946 2177 2133 2246 nigros
2158 2185 2213 2231 et

627 2272 799 2337 albos,
829 2278 886 2324 et
911 2269 1105 2332 varios,
1135 2276 1191 2322 et
1213 2266 1498 2335 dissipatas
1521 2265 1806 2336 quadrigas
1831 2281 1900 2320 ex
1928 2266 2207 2333 Ephraim,

624 2372 681 2419 et
698 2378 895 2433 equum
917 2362 987 2417 de
1014 2360 1334 2424 Jerusalem,
1368 2373 1659 2429 pauperem
1689 2373 1869 2428 regem
1891 2360 2211 2414 vaticinctur

624 2464 679 2509 et
733 2452 1005 2523 pradicet,
1053 2449 1326 2506 sedentem
1374 2462 1535 2517 super
1594 2450 1795 2517 pullum
1838 2449 2005 2503 ﬁlium
2044 2449 2212 2504 asina

623 2542 936 2612 subiugatis.
966 2540 1249 2595 Malachias
1279 2550 1486 2608 aperte,
1517 2547 1573 2593 et
1600 2540 1657 2592 in
1687 2538 1791 2592 fine
1815 2540 2051 2593 omnium
2081 2540 2210 2594 Pro-

625 2631 928 2700 phetarum,
950 2630 1018 2685 de
1040 2628 1340 2699 abjectione
1363 2629 1525 2683 lsrael
1551 2638 1605 2683 et
1626 2630 1905 2685 vocatione
1927 2631 2166 2699 gentium
2191 2648 2207 2685 ξ

627 2741 648 2773 ι
673 2722 786 2775 Non
813 2730 901 2776 est
929 2719 1058 2774 mihi
1077 2761 1093 2786 ,
1120 2720 1214 2785 ait,
1241 2719 1491 2774 voluntas
1520 2720 1571 2773 in
1600 2719 1773 2787 vobis,
1798 2720 1925 2774 dicit
1951 2722 2207 2777 Dominus

619 2811 987 2876 exercituum,
1038 2796 1095 2864 et
1148 2824 1343 2865 munus
1416 2810 1579 2880 πθ
1651 2826 1754 2865 non
1804 2812 2089 2881 suscipiam
2137 2812 2205 2868 de

621 2917 779 2956 manu
803 2910 995 2955 vestra.
1023 2900 1106 2954 Ab
1131 2907 1253 2955 ortu
1293 2900 1438 2955 enim
1468 2901 1596 2953 solis
1633 2916 1801 2970 usque
1838 2901 1905 2955 ad
1932 2916 2201 2966 occasum,

618 3007 866 3062 magnum
882 2999 967 3046 est
980 3004 1175 3046 nomen
1192 3004 1367 3044 meum
1395 2990 1710 3059 ingentibus
1729 3009 1742 3042 :
1759 3002 1812 3045 et
1837 2991 1893 3045 in
1918 2993 2062 3045 omni
2088 2993 2204 3048 loco

616 3082 965 3148 sacrificatur,
996 3090 1052 3136 et
1091 3080 1315 3136 oﬂ‘ertur
1352 3081 1559 3135 nomini
1593 3097 1711 3137 meo
1731 3082 1930 3137 oblatio
1959 3084 2150 3138 munda
2176 3104 2196 3137 ι

616 3173 773 3245 (Μαι.
789 3175 812 3227 1
828 3216 841 3228 .
871 3173 984 3243 10).
1008 3172 1215 3239 lsaiam,
1234 3172 1542 3238 Jeremiam,
1564 3172 1921 3241 Ezechielem,
1940 3184 1995 3230 et
2013 3176 2203 3230 Danie-

617 3265 722 3320 lem
744 3266 864 3335 quis
889 3266 1057 3335 possit
1075 3266 1155 3321 vel
1180 3266 1497 3336 intelligere,
1524 3266 1608 3319 vel
1635 3267 1935 3335 exponere?
1961 3266 2199 3333 Quorum

615 3356 820 3425 primus
871 3370 976 3410 non
1033 3355 1375 3425 Pr0phetiam
1419 3355 1549 3409 mihi
1594 3356 1800 3410 videtur
1843 3366 2055 3425 texere,
2104 3357 2200 3413 sed

616 3447 981 3517 Evangelittm.
1010 3445 1291 3503 Secundus
1317 3446 1517 3515 virgam
1540 3460 1764 3500 nuceam
1785 3444 1965 3517 [Vulg.
1989 3448 2200 3516 vigilan-

612 3537 734 3609 tem]
763 3545 817 3593 et
855 3538 1015 3592 ullam
1057 3550 1371 3591 suecensam
1399 3552 1428 3587 a
1475 3534 1611 3589 facie
1641 3537 1938 3604 Aquilonis,
1968 3548 2023 3593 et
2068 3554 2195 3610 par-

611 3627 738 3682 dum
764 3628 1046 3698 spoliatum
1072 3626 1183 3681 suis
1206 3625 1512 3688 coloribus;
1540 3634 1596 3679 et
1613 3625 1945 3696 quadruplex
1970 3629 2197 3688 diversis

611 3719 796 3772 metris
856 3719 1022 3773 nectit
1069 3715 1412 3785 alphabetum
1455 3712 1939 3786 (Lamentationes).
1986 3718 2194 3778 Tertius

610 3809 866 3878 principia
896 3818 954 3863 et
982 3807 1139 3861 finem
1185 3806 1345 3860 tantis
1391 3796 1553 3860 habet
1594 3805 2004 3865 obscuritatibus
2039 3811 2194 3867 invo-

612 3900 743 3965 luta,
771 3908 830 3954 ut
872 3898 1012 3968 apud
1054 3896 1309 3951 Hebraeos
1335 3896 1449 3951 istze
1480 3906 1659 3965 partes
1688 3912 1809 3952 cum
1840 3900 2060 3956 exordio
2089 3902 2197 3959 Ge-

610 4003 804 4044 neseos
842 3998 966 4041 ante
1012 4001 1183 4041 annos
1228 3986 1438 4055 triginta
1488 4001 1593 4040 non
1644 3987 1905 4057 legantur.
1960 3993 2192 4059 Quartus

610 4091 741 4133 vero
790 4077 880 4145 qui
911 4083 965 4130 et
991 4088 1262 4131 extremus
1290 4076 1428 4131 inter
1451 4086 1679 4147 quatuor
1707 4079 2019 4151 Prophetas,
2052 4094 2188 4140 tem-

609 4184 803 4239 porum
827 4167 1161 4232 conscius,et
1184 4169 1343 4224 totius
1364 4169 1543 4226 inundi
1571 4168 1644 4242 (c)
1664 4181 1939 4246 φιλοῖστωρ,
1963 4175 2187 4245 lapidem

610 4258 893 4328 pnccisttm
936 4256 1004 4312 de
1050 4269 1231 4313 monte
1275 4261 1392 4315 sine
1430 4262 1695 4329 manibus,
1745 4271 1798 4317 et
1822 4279 1982 4333 regna
2009 4268 2186 4321 omnia

606 4350 1007 4406 subvertentem
1027 4391 1044 4416 ,
1073 4352 1218 4407 claro
1257 4367 1508 4407 sermone
1539 4355 1860 4423 pronuntiat.
1895 4357 2079 4425 David,
2105 4358 2189 4414 Si—

608 4442 852 4499 monides
895 4454 1097 4512 noster,
1141 4445 1400 4501 Pindarus
1446 4453 1501 4501 et
1542 4447 1773 4513 Alcaeus,
1804 4449 2025 4506 Flaccus
2048 4467 2185 4521 quo-

604 4548 730 4603 que,
762 4532 1003 4590 Catullus
1033 4543 1087 4589 et
1108 4533 1366 4599 Serenus,
1396 4534 1663 4590 Christmn
1696 4538 1806 4608 lyra
1833 4550 2101 4608 personat,
2132 4551 2187 4598 et

604 4624 657 4678 in
686 4623 1023 4679 decachordo
1056 4625 1308 4694 psalterio
1350 4625 1418 4680 ab
1448 4624 1628 4680 inferis
1654 4628 1875 4682 suscitat
1900 4645 2182 4701 resurgeno

606 4723 736 4770 tem.
766 4714 1019 4770 Salomon
1039 4755 1053 4778 .
1086 4716 1356 4784 pacificus,
1390 4725 1444 4769 et
1484 4716 1729 4771 amabilis
1758 4718 1984 4783 Domini,
2008 4737 2185 4779 mores

603 4807 841 4875 corrigit,
862 4817 1103 4861 naturam
1120 4806 1298 4866 docet,
1319 4805 1611 4859 Ecclesiam
1628 4805 1801 4876 jungit
1820 4818 1874 4862 et
1893 4809 2047 4864 Chris
2071 4828 2181 4878 mn,

604 4908 1014 4968 cunctarumque
1045 4899 1349 4966 nuptiarum
1378 4896 1535 4950 dulce
1580 4898 1721 4950 canit
1764 4900 2180 4968 epithalamium.

608 4988 804 5043 Esther
831 4990 883 5042 in
914 4988 1165 5043 bcclc~izc
1195 4998 1322 5057 typo
1350 4986 1601 5056 populum
1626 4988 1813 5042 liberat
1837 4990 1905 5045 de
1927 4993 2180 5063 periculo,

667 5121 740 5242 Ea)
774 5120 969 5193 Josuam
991 5119 1214 5181 intellige
1240 5119 1388 5168 ﬁlium
1404 5117 1977 5194 Josedech'Pontificem.

689 5182 738 5240 lt)
769 5183 1050 5242 Sequimur.
1095 5195 1239 5242 quam
1265 5195 1326 5230 ex
1350 5181 1597 5242 antams-
1626 5180 1880 5232 ωσιοιὺυε
1913 5181 1977 5233 let

689 5180 738 5240 lt)
769 5183 1050 5244 Sequimur.
1095 5195 1239 5243 quam
1265 5195 1326 5230 ex
1350 5181 1597 5244 Brixiauis-
1626 5180 1880 5232 (indicibus
1913 5181 2181 5237 lectionem

604 5240 851 5293 Victorius
860 5240 1210 5305 restituit,cum
1224 5240 1634 5292 verosimillimum
1647 5245 1709 5293 sit
1721 5245 1922 5305 primum
1939 5246 2180 5297 Zachariae

605 5311 750 5362 caput
771 5305 901 5351 innui
923 5315 951 5351 a
973 5304 1283 5367 Hieronymo,
1309 5315 1403 5352 non
1425 5311 1637 5363 sextum,
1658 5304 1785 5366 quOd
1802 5314 1907 5367 post
1933 5308 2180 5359 Erasmum

605 5362 910 5412 lartianaaus
929 5370 1128 5412 nutasse
1151 5365 1341 5412 videtur
1363 5363 1479 5412 dum
1497 5362 1636 5412 lenit.
1659 5378 1804 5412 cauos
1824 5366 1998 5412 uarios.
2024 5371 2174 5412 rum

607 5371 1128 5470 lartianaausgmtasve
1151 5371 1341 5413 videtur
1363 5371 1479 5412 dum
1497 5371 1637 5426 legit,
1659 5378 1804 5425 equos
1824 5371 1999 5429 varios,
2024 5371 2175 5432 rnfos,

605 5428 653 5470 et
674 5419 827 5482 albos,
849 5430 894 5471 et
951 5430 1193 5482 tsstpttm,
1218 5432 1315 5473 etc.

670 5478 1151 5542 (c)_Pleriqug-,_ltlss.
1180 5478 1517 5535 'rhilostoricus
1545 5498 1562 5534 :
1587 5487 1782 5536 omnino
1812 5493 1977 5538 autem
2000 5491 2177 5542 vitiose

604 5538 939 5612 ουῐξιέςιῑὲεξτῖιί
960 5540 1192 5612 Partim
1242 5543 1553 5612 ι’θιίιοεεοτοβς
1578 5560 1667 5595 nos
1688 5559 1903 5612 eaeo-9.,
1928 5538 2063 5612 quod
2096 5538 2177 5601 ἒ»ὲὶ

598 5595 898 5721 animans
950 5598 1150 5656 cupidus
1168 5636 1180 5660 ,
1224 5614 1283 5650 ex
1337 5595 1552 5663 vulgatis
1588 5595 2173 5663 eme'ndavtio'r'ibiiwsﬁsrri:

1934 234 2173 296 SANCTI
2216 248 2584 305 IIIERONYMI

3816 264 3921 321 548

2334 374 2387 417 et
2431 364 2708 417 intctfecto
2740 366 2928 427 Aman,
2979 368 3064 436 qui
3112 368 3488 439 interpretatur
3527 375 3864 447 «iniquitas,
3896 400 3914 432 ι

2331 465 2510 522 partes
2554 456 2780 507 convivii
2828 467 2879 508 et
2906 457 3047 511 diem
3078 460 3342 514 celebrem
3373 464 3531 516 mittit
3562 464 3617 518 in
3649 477 3912 535 posteros.
3960 454 3965 465 ’

2333 544 2773 613 Paralipomenon
2826 546 2994 609 liber,
3042 549 3094 602 id
3144 561 3259 615 est,
3318 552 3667 610 lnstrmncnti
3714 563 3914 616 veteris

2330 638 2536 700 επιτσμὴ
2582 645 2757 689 tantus
2801 652 2863 689 ac
2910 638 3029 690 talis
3072 650 3188 702 est,
3241 650 3298 693 ut
3339 642 3544 711 absque
3592 644 3684 700 illo
3721 648 3917 718 siquis

2330 725 2606 778 scientiam
2624 726 3015 794 Scripturarnm
3034 730 3134 783 sibi
3155 731 3374 784 voluerit
3395 748 3665 802 arrogarc,
3680 738 3913 806 seipsum

2331 811 2568 867 irrideat.
2620 815 2723 869 Per
2766 819 2973 885 singula
3017 820 3214 888 quippe
3260 823 3497 887 nomina,
3532 825 3916 900 juncturasqne

2329 904 2634 969 verborum,
2666 916 2719 959 et
2752 911 3122 975 praetermiss'e
3150 912 3200 963 in
3232 911 3433 981 Regum
3456 914 3605 969 libris
3630 928 3916 989 tanguntur

2330 992 2587 1057 historia,
2652 1006 2708 1049 et
2756 998 3182 1079 innumerabiles
3244 1002 3580 1069 explicantur
3641 1007 3913 1078 Evangelii

2327 1084 2671 1153 quaestiones.
2720 1086 2883 1140 Ezras
2927 1100 2980 1142 et
3025 1089 3295 1156 Neemias,
3341 1093 3640 1163 «adjutori
3669 1097 3913 1155 videlicet

2327 1170 2383 1227 et
2414 1192 2434 1225 t
2473 1176 2780 1229 consolator
2803 1193 2833 1229 a
2861 1168 3124 1245 Domino,
3157 1198 3176 1230 ι
3214 1182 3266 1234 in
3298 1197 3460 1236 unum
3491 1185 3739 1242 volumen
3768 1196 3914 1244 coar-

2326 1266 2570 1317 ctantur':
2603 1265 2900 1320 instaurant
2922 1268 3225 1337 Templum,
3256 1287 3437 1325 muros
3457 1284 3710 1331 extruunt
3724 1279 3910 1333 civita-

2328 1349 2396 1407 tis
2427 1372 2439 1407 :
2469 1356 2747 1427 omnisque
2777 1357 2864 1409 illa
2898 1358 3048 1412 turba
3075 1360 3251 1428 populi
3282 1362 3554 1418 redeuntis
3582 1364 3635 1419 in
3662 1368 3909 1435 patriam,

2326 1452 2381 1498 et
2416 1438 2708 1515 descriptio
2753 1447 3123 1516 Sacerdotum,
3166 1450 3494 1520 Levitarum,
3530 1455 3758 1525 lsraelis,
3790 1472 3913 1529 pro-

2326 1536 2617 1607 selylorum
2669 1553 2732 1593 ac
2759 1554 2856 1608 per
2876 1541 3111 1610 singulas
3152 1542 3377 1598 familias
3407 1562 3675 1604 murorum
3706 1563 3772 1606 ac
3798 1555 3913 1606 tur-

2325 1626 2461 1680 rium
2499 1642 2661 1696 Opera
2705 1629 2898 1695 divisa,
2930 1631 3072 1685 aliud
3105 1631 3158 1686 in
3196 1636 3400 1689 cortice
3427 1636 3731 1705 przefcrunt,
3759 1642 3915 1697 aliud

2325 1721 2558 1775 retinent
2584 1722 2635 1775 in
2659 1722 2913 1777 medulla.

2397 1812 2559 1882 280
2631 1801 2685 1867 8.
2740 1804 2927 1868 Cernis
2954 1826 3040 1871 me
3068 1812 3462 1886 Scripturarnm
3490 1833 3671 1877 amore
3696 1825 3910 1894 raptum

2327 1905 2619 1959 excessisse
2664 1904 2878 1983 modum
2908 1906 3182 1975 Epistola‘,
3213 1920 3264 1964 et
3294 1921 3469 1965 tamen
3512 1929 3615 1966 non
3655 1914 3910 1983 implesse

2322 1994 2465 2064 quod
2492 1986 2653 2049 volui.
2668 1982 2983 2051 Audiviiuus
3008 2006 3208 2053 tantum
3228 2002 3352 2069 quid
3372 2017 3545 2065 nosse,
3565 2004 3691 2075 quid
3710 1982 3909 2076 cupere

2321 2084 2629 2150 debeamus,
2662 2095 2721 2140 ut
2744 2097 2799 2142 et
2824 2103 2924 2142 nos
2949 2105 3161 2160 quoque
3184 2093 3448 2159 possimus
3474 2094 3655 2150 dicere
3684 2115 3697 2150 :
3725 2115 3745 2148 ι
3768 2098 3908 2153 Con-

2321 2175 2520 2245 cupivit
2546 2176 2722 2230 anima
2767 2193 2885 2233 mea
2927 2178 3238 2235 desiderare
3270 2182 3677 2250 justilicationes
3707 2196 3822 2242 tuas
3850 2189 3904 2243 in

2320 2264 2464 2318 onmi
2510 2273 2750 2335 tempore
2780 2286 2799 2319 ι
2840 2267 2957 2337 (Ps.
2989 2269 3111 2324 118.
3140 2270 3256 2338 20).
3287 2270 3549 2329 Caeterum
3576 2275 3903 2333 Socraticum

2320 2344 2447 2409 illud
2468 2355 2717 2424 impletur
2734 2357 2787 2410 in
2806 2358 2959 2413 nobis
2978 2375 2994 2415 :
3014 2358 3127 2415 Hoc
3146 2368 3350 2415 tantum
3376 2364 3509 2428 scio,
3534 2364 3676 2434 quod
3698 2369 3898 2422 nescio.

2318 2444 2553 2515 Tangam
2580 2454 2635 2501 et
2663 2462 2859 2502 novum
2897 2449 3132 2505 breviter
3155 2450 3575 2508 Testamentum.
3601 2455 3897 2525 Matuta-us,

2315 2526 2546 2601 Marcus,
2606 2528 2798 2602 Lucas,
2849 2549 2903 2594 et
2956 2538 3211 2608 Joannes,
3261 2544 3513 2615 quadriga
3559 2547 3796 2615 Domini,
3843 2561 3900 2605 et

2314 2641 2497 2681 verum
2528 2615 2611 2705 [dj
2645 2616 2956 2696 Cherubin),
3004 2632 3146 2702 quod
3194 2635 3569 2704 interpretatur
3617 2656 3635 2689 α
3663 2640 3898 2694 scientiae

2314 2715 2629 2785 multitudo,
2659 2736 2679 2770 ι
2715 2735 2808 2788 per
2838 2731 3002 2775 totum
3026 2738 3219 2791 corpus
3245 2725 3443 2780 oculati
3468 2736 3622 2794 sunt,
3651 2730 3896 2785 scintilla:

2311 2809 2564 2875 emicant,
2597 2809 2904 2866 discurrunt
2948 2811 3174 2882 fulgura,
3207 2816 3370 2884 pedes
3401 2818 3595 2873 habent
3630 2831 3805 2876 rectos
3839 2833 3896 2877 et

2312 2898 2365 2951 in
2431 2897 2658 2953 sublime
2730 2900 3030 2965 tendentes,
3104 2914 3246 2972 terga
3302 2916 3527 2974 pennata
3582 2918 3637 2963 et
3699 2909 3894 2979 ubique

2313 2987 2604 3042 volitantia.
2674 2988 2883 3044 Tenent
2960 3006 3019 3046 se
3085 3005 3305 3060 mutuo,
3380 2996 3587 3067 sibique
3655 3000 3893 3069 perplexi

2310 3084 2453 3142 sunt,
2485 3087 2537 3132 et
2581 3079 2729 3148 quasi
2777 3089 2888 3132 ruta
2931 3081 2983 3135 in
3044 3094 3158 3136 rota
3210 3086 3511 3154 volvuntur,
3560 3096 3614 3142 et
3665 3101 3891 3161 pergunt

2308 3181 2646 3238 quocumque
2694 3184 2788 3224 eos
2836 3170 2991 3226 flatus
3052 3174 3236 3229 Sancti
3284 3174 3512 3246 Spiritus
3559 3179 3887 3249 perduxerit.

2308 3255 2503 3313 Paulus
2584 3253 2876 3329 Apostolus
2946 3263 3012 3318 ad
3092 3269 3297 3336 septem
3368 3265 3634 3327 Eeclesias
3705 3268 3891 3330 scribit

2307 3344 2529 3419 (octava
2580 3352 2722 3406 enim
2763 3353 2829 3406 ad
2882 3353 3140 3411 chrmos
3193 3356 3262 3429 [ε]
3315 3372 3346 3412 a
3403 3360 3667 3432 plerisque
3737 3374 3889 3421 extra

2304 3456 2584 3497 numerum
2632 3444 2891 3514 ponitur.)
2917 3463 2937 3497 ι
2978 3445 3316 3503 Timotheum
3343 3449 3554 3506 instruit
3578 3467 3641 3508 ac
3665 3452 3847 3510 Titum
3864 3495 3884 3522 ,

2303 3530 2667 3587 Philemonem
2704 3548 2800 3604 pro
2841 3534 3059 3605 fugitivo
3087 3536 3286 3593 famulo
3310 3537 3607 3613 (Onesimo)
3632 3541 3887 3613 depreca-

2305 3629 2410 3675 tur.
2439 3621 2613 3691 Super
2639 3638 2744 3693 quo
2771 3631 2948 3679 tacere
2974 3625 3165 3682 melius
3194 3637 3341 3696 puto,
3370 3643 3529 3697 quam
3555 3645 3724 3701 pauca
3743 3634 3846 3687 seri
3865 3661 3886 3679 ι

2300 3711 2450 3768 bere.
2481 3714 2646 3769 Actus
2688 3714 3065 3784 Apostolorum
3110 3717 3304 3773 nudam
3334 3720 3548 3788 quidem
3577 3736 3770 3779 sonare
3799 3714 3905 3780 tit?

2299 3800 2496 3857 dentur
2543 3802 2845 3871 historiam,
2890 3813 2946 3860 et
2993 3810 3265 3862 nascentis
3309 3809 3561 3867 Ecclesiae
3606 3812 3878 3870 infantiam

2299 3899 2485 3948 texere
2524 3908 2540 3945 :
2572 3886 2670 3948 sed
2706 3879 2754 3948 si
2783 3888 3093 3950 noverimus
3120 3899 3437 3968 scriptorem
3468 3914 3650 3957 eorum
3679 3902 3877 3960 Lucam

2298 3999 2420 4041 esse
2450 3985 2735 4051 medicum,
2765 3986 2918 4056 cujus
2950 4004 2969 4037 ι
2998 3975 3140 4042 Laus
3166 3998 3251 4044 est
3279 3990 3331 4044 in
3359 3991 3673 4064 Evangelio,
3700 4015 3721 4048 ι
3764 3998 3879 4049 ani-

2297 4077 2690 4134 madvertemus
2715 4078 2916 4148 pariter
2938 4080 3117 4134 omnia
3151 4081 3316 4136 verba
3343 4082 3505 4151 illius,
3544 4085 3736 4139 animm
3758 4087 3873 4140 lan-

2294 4170 2505 4239 guentis
2542 4185 2665 4225 esse
2706 4170 3046 4226 medicinam.
3079 4168 3329 4239 Jacobus,
3381 4173 3590 4240 Petrus,
3617 4176 3871 4244 Joannes,

2293 4259 2459 4315 Judas
2497 4260 2761 4330 Apostoli,
2795 4270 2999 4331 septem
3029 4261 3299 4332 Epistolas
3320 4263 3602 4320 ediderunt
3626 4273 3733 4320 tam
3759 4283 3875 4337 tuy-

2294 4354 2460 4408 sticas
2485 4368 2644 4421 quam
2687 4355 2986 4409 succinctas
3005 4392 3021 4420 ,
3050 4364 3104 4410 et
3130 4355 3320 4411 breves
3344 4357 3541 4425 pariter
3567 4366 3620 4412 ct
3646 4358 3866 4427 longas:

2294 4444 2484 4499 breves
2528 4446 2578 4497 in
2623 4446 2823 4511 verbis,
2872 4445 3059 4517 longas
3102 4448 3155 4501 in
3195 4449 3494 4513 sententiis,
3543 4457 3778 4504 utrarns
3802 4451 3872 4504 sit

2291 4536 2378 4603 qui
2412 4550 2515 4589 non
2549 4536 2599 4590 in
2638 4551 2821 4591 earum
2867 4536 3098 4594 lectione
3122 4540 3367 4594 caecutiat
3391 4538 3485 4611 [ιιι.
3509 4542 3866 4614 concutiatur].

2291 4626 2644 4696 Apocalypsis
2671 4626 2893 4680 Joannis
2922 4636 2999 4682 tot
3030 4629 3191 4684 habet
3218 4641 3571 4698 sat-ramenta,
3600 4641 3731 4701 quot
3750 4648 3869 4687 ver-

2353 4801 2431 4863 (d)
2462 4801 2600 4851 Hanc
2622 4801 2950 4867 alilnqupque
2974 4805 3432 4867 interpretationem
3459 4811 3599 4867 urget
3620 4802 3868 4867 Hierony-

2289 4877 2415 4922 mus,
2443 4870 2495 4912 et
2518 4864 2722 4927 ett-ponit
2744 4864 2794 4911 in
2818 4864 3016 4927 Lexieo,
3049 4878 3162 4925 qua:
3207 4875 3368 4915 tamen
3390 4864 3635 4927 plerisque
3666 4864 3869 4927 veritati

2289 4937 2497 4973 consona
2513 4923 2607 4972 non
2632 4923 2841 4983 videtur,
2864 4926 2964 4982 alii,
2992 4933 3045 4974 ut
3060 4923 3309 4984 tueantur,
3323 4923 3457 4975 valde
3480 4923 3738 4974 desudant.
3764 4925 3866 4975 Sed

2287 4985 2530 5035 Hebrzeos
2547 4987 2845 5047 antiquiores
2876 4987 2934 5034 ad
2972 4986 3226 5035 notandam
3266 4990 3485 5037 scientiae
3509 4984 3895 5035 multitudinetn'

2289 5060 2348 5095 ea
2384 5060 2503 5095 voce
2523 5052 2649 5103 Tn:
2662 5060 2776 5095 usos
2821 5060 2951 5106 esse,
2977 5048 3149 5110 probat
3188 5048 3411 5099 Philonis
3450 5049 3779 5098 testimonium
3802 5048 3867 5097 de

2287 5115 2568 5178 simulacris,
2591 5117 2775 5178 Arcas;
2816 5132 3052 5178 Ima..."
3098 5129 3279 5178 nam“
3323 5131 3383 5167 ..ι
3428 5131 3603 5178 ικωτιίμη
3629 5128 3764 5176 πολλή.
3816 5127 3869 5166 et

2288 5177 2516 5241 Clemens
2547 5176 2808 5241 Alexandr.
2834 5176 2967 5241 ὶσικένί
2983 5186 3083 5241 at,»
3107 5176 3220 5238 3......
3242 5196 3311 5228 τῶν
3332 5194 3502 5241 meum
3518 5176 3865 5241 sﬁwaatmm

2285 5251 2420 5299 «alia.
2445 5238 2648 5307 accedit
2672 5236 2836 5307 Isabnr
2862 5239 2941 5307 Ali
2956 5240 3006 5286 in
3024 5236 3226 5307 Lentino,
3249 5236 3580 5307 Interpretatio
3721 5238 3864 5307 lngus

2284 5307 2355 5350 est
2377 5298 2632 5362 multitudo
2648 5298 2877 5362 sciantur.
2904 5301 2965 5350 Et
2988 5301 3181 5362 tandem
3201 5298 3418 5362 Joannes
3437 5300 3743 5362 Metropolim
3768 5298 3863 5362 Da-

2285 5362 2449 5431 rensis
2462 5374 2474 5407 :
2502 5360 2625 5431 Qth
2648 5358 2983 5431 etutmcnonten
3005 5359 3304 5431 (fierit-bim?
3344 5358 3619 5431 multitudo:
3636 5358 3862 5431 cognitio-

2285 5421 2377 5491 nis,
2520 5421 2692 5491 mysta
2711 5420 2979 5491 sementim,
3003 5420 3102 5471 sive
3122 5420 3485 5491 attitudtmtt’agt
3506 5420 3749 5491 opulentia
3784 5433 3863 5491 sa-

2283 5481 2495 5591 gentt'tv,
2520 5481 2723 5553 Videtur
2745 5481 2952 5530 nominis
2993 5482 3285 5559 etymologia
3306 5495 3368 5529 ex
3394 5481 3863 5555 minimumu-

2334 5555 2378 5591 r.
2406 5543 2633 5591 Hebratc.
2671 5548 2793 5591 Ὦ)
2835 5542 2955 5591 facta
2990 5544 3193 5591 litterar.
3220 5544 3508 5591 metatheSI.
3534 5543 3665 5591 (mod
3687 5555 3860 5591 acrum.

2334 5555 2378 5601 r,
2406 5543 2633 5591 Hebraic.
2671 5548 2793 5597 τι)
2835 5542 2955 5591 facta
2990 5544 3193 5592 litterar.
3220 5544 3508 5603 metatbesi,
3534 5543 3665 5606 quod
3687 5542 3860 5604 scium.

2283 5612 2601 5675 prndentrrn,_
2611 5617 2655 5675 et
2669 5624 2873 5675 quorum
2900 5618 3050 5675 notat,
3066 5612 3280 5675 _(lesunti.

2349 5673 2417 5733 (ε)
2453 5672 2556 5719 Vid.
2588 5671 2689 5719 Lib.
2729 5673 2793 5720 de
2826 5675 2879 5731 :5.
2913 5673 2971 5721 li.
2994 5675 3041 5721 in
3065 5672 3214 5721 Paulo
3235 5686 3339 5734 cap.
3367 5670 3419 5722 ν.
