4078 6198
148 253 264 313 549

146 360 245 418 ba.
282 362 477 417 Parnm
497 360 607 416 dixi
634 375 729 431 pro
753 360 944 416 merito
966 359 1271 416 voluminis.
1295 356 1438 411 Laus
1456 353 1632 410 omnis
1653 354 1737 407 in-

146 450 334 507 ferior
361 461 442 506 est
464 467 479 504 :
510 450 564 506 in
591 450 768 505 verbis
795 449 1018 520 singulis
1041 447 1367 527 multiplices
1392 447 1558 501 latent
1584 444 1743 499 intel-

146 542 420 614 ﬁgentia.

225 635 288 690 9.
331 633 438 690 Oro
464 644 545 700 te,
580 633 740 687 frater
764 632 1071 699 carissime,
1102 632 1241 687 inter
1260 630 1378 686 hac
1395 629 1610 697 vivere,
1639 630 1741 685 ista

146 727 430 791 meditari,
478 727 606 780 nihil
652 725 797 780 aliud
842 740 1038 793 nosse,
1070 724 1202 780 nihil
1238 737 1513 794 quaerere,
1562 736 1742 775 nonne

148 817 249 872 tibi
280 816 495 871 videtur
511 816 621 885 jam
654 815 740 871 hic
766 816 820 869 in
850 815 1008 871 terris
1033 816 1184 886 regni
1210 813 1448 869 calestis
1466 811 1742 866 habitacu-

146 906 264 962 lum
286 907 314 961 Υ
361 907 495 963 Nolo
537 906 828 963 ol'fendaris
855 908 906 960 in
936 907 1226 977 Scripturis
1252 905 1452 960 sanctis
1478 902 1740 974 simplici-

150 1008 292 1062 tate,
324 1009 379 1054 et
404 999 557 1069 quasi
582 999 787 1053 vilitate
812 998 1093 1053 verborum
1110 1039 1126 1065 ,
1154 1012 1274 1067 qua
1301 996 1388 1052 vel
1417 994 1548 1050 vitio
1572 994 1738 1050 inter-

148 1098 409 1158 pretum,
439 1088 523 1144 vel
568 1087 637 1143 de
687 1087 947 1141 industria
979 1088 1056 1142 sic
1102 1087 1308 1156 prolata
1354 1094 1500 1152 sunt,
1578 1086 1736 1157 281

146 1186 209 1233 ut
237 1179 500 1233 ruSticam
536 1179 847 1233 concionem
885 1176 979 1250 [aL
1002 1175 1389 1248 contentionem]
1419 1175 1628 1231 facilius
1659 1176 1739 1230 in-

142 1278 464 1325 struerent:
494 1276 551 1324 et
576 1269 631 1323 in
661 1282 764 1322 una
802 1268 1095 1338 eademque
1137 1268 1420 1333 sententia,
1448 1267 1607 1321 aliter
1642 1266 1740 1321 do-

141 1371 289 1427 ctus,
310 1361 473 1416 aliter
492 1360 702 1415 audiret
723 1358 988 1415 indoctus.
1007 1358 1125 1413 Non
1150 1373 1270 1413 sum
1291 1367 1398 1412 tam
1418 1358 1665 1429 petulans
1681 1362 1740 1412 ‘ct

139 1450 343 1517 hebes,
378 1459 436 1505 ut
473 1451 588 1505 hac
628 1464 716 1506 me
745 1465 906 1505 nosse
933 1444 1203 1519 pollicear,
1231 1458 1285 1504 et
1324 1463 1509 1503 eorum
1536 1447 1740 1502 fructus

140 1542 194 1597 in
242 1542 333 1611 (τι)
389 1552 530 1596 terra
571 1556 786 1612 capere,
828 1556 1053 1611 quorum
1100 1538 1308 1595 radices
1350 1540 1403 1593 in
1450 1538 1588 1595 calo
1617 1538 1738 1592 ﬁxae

139 1642 306 1694 sunt;
337 1631 437 1685 sed
478 1631 620 1686 velle
657 1631 867 1687 fateor:
894 1631 1099 1686 sedenti
1148 1645 1236 1685 me
1279 1628 1540 1701 prafero,
1571 1629 1740 1698 magi-

144 1732 318 1777 strum
350 1735 609 1787 renuens,
627 1722 880 1776 comitem
908 1720 1168 1791 spondeo.
1187 1721 1396 1775 Petenti
1424 1720 1602 1786 datur,
1620 1719 1737 1788 pul-

143 1813 287 1870 santi
314 1812 560 1882 aperitur
588 1830 603 1867 :
631 1827 879 1882 quarens
906 1811 1123 1865 invenit.
1159 1811 1433 1865 Discamus
1460 1810 1513 1863 in
1546 1810 1731 1877 terris,

143 1923 378 1979 quorum
407 1907 565 1962 nobis
592 1907 813 1963 scientia
839 1914 1145 1977 perseveret
1173 1906 1225 1960 in
1253 1903 1413 1961 calo.
1640 1927 1661 1955 \

214 2002 304 2057 10.
345 1999 533 2055 Obviis
564 2008 614 2055 te
642 2000 882 2055 manibus
908 1998 1190 2069 excipiam,
1218 2007 1307 2065 et,
1338 2004 1396 2052 ut
1424 1996 1602 2066 inepte
1628 1993 1734 2048 ali-

142 2091 290 2162 quid,
325 2107 391 2147 ac
418 2092 487 2147 de
516 2091 856 2161 Hermagora
883 2090 1177 2146 tumiditate
1200 2090 1272 2162 (ὁ)
1295 2088 1551 2155 effutiam,
1580 2087 1731 2158 quid-

142 2183 269 2254 quid
294 2182 599 2253 quasieris,
624 2191 795 2238 tecum
817 2183 954 2255 scire
972 2181 1228 2238 conabor.
1250 2180 1425 2237 Habes
1446 2181 1531 2236 hic
1550 2193 1734 2234 aman-

141 2273 411 2329 tissimum
438 2273 513 2327 tui
528 2272 744 2328 fratrem
770 2270 1182 2341 Eusebium,qui
1206 2271 1500 2326 litterarum
1522 2279 1731 2325 tuarum

140 2364 274 2419 mihi
300 2364 532 2435 gratiam
559 2362 873 2433 duplicavit,
898 2360 1140 2417 referens
1165 2362 1497 2417 honestatem
1524 2375 1731 2415 morum

140 2464 373 2519 tuorum,
398 2461 770 2523 contemptum
796 2452 999 2517 saeculi,
1022 2450 1180 2507 ﬁdem
1206 2451 1474 2519 amicitia,
1496 2466 1730 2506 amorem

139 2543 354 2600 Christi.
378 2543 523 2600 Nam
544 2542 879 2615 prudentiam
899 2550 954 2598 et
970 2542 1167 2610 eloquii
1186 2549 1514 2597 venustatem
1530 2582 1547 2608 ,
1570 2540 1728 2595 etiam

138 2638 337 2707 absque
366 2635 491 2703 illo,
514 2635 630 2705 ipsa
657 2633 893 2705 Epistola
920 2632 1256 2704 praferebat.
1283 2631 1517 2699 Festina,
1550 2647 1731 2702 quaso

140 2738 206 2793 te,
229 2736 284 2784 et
309 2726 572 2783 haerentis
599 2727 654 2781 in
677 2727 791 2781 salo
811 2725 1066 2781 navicula
1086 2724 1265 2779 funem
1290 2723 1458 2795 magis
1481 2724 1726 2795 pracide,
1755 2730 1795 2768 ⁸

137 2834 290 2889 quam
320 2819 501 2875 solve.
541 2816 709 2873 Nemo
734 2816 1132 2873 renuntiaturus
1165 2814 1363 2870 saculo
1390 2815 1526 2871 bene
1554 2823 1731 2885 potest

138 2911 362 2968 vendere
385 2953 403 2980 ,
447 2924 567 2980 qua
603 2909 923 2979 contempsit
963 2915 1024 2963 ut
1065 2907 1337 2962 venderet.
1378 2905 1645 2976 Quidquid
1674 2908 1726 2962 in

137 3012 381 3073 sumptus
409 3000 492 3056 de
521 3010 613 3055 tuo
640 2999 846 3064 tuleris,
876 3012 972 3069 pro
995 2999 1146 3053 lucro
1171 3006 1439 3066 computa.
1465 2996 1545 3069 (ι)
1574 2998 1728 3053 Anti-

138 3107 296 3162 quum
320 3092 537 3147 dictum
557 3099 643 3145 est
665 3106 678 3142 :
704 3089 877 3143 Avaro
898 3097 1004 3142 tam
1028 3088 1180 3143 deest
1203 3087 1343 3158 quod
1370 3088 1547 3156 habet,
1570 3103 1727 3159 quam

140 3182 279 3251 quod
308 3198 417 3237 non
453 3180 637 3235 habet.
671 3178 744 3251 (ο)
771 3195 790 3229 ι
818 3177 1066 3233 Credenti
1098 3186 1237 3233 totus
1265 3178 1495 3235 mundus
1523 3178 1730 3233 divitia~

143 3289 260 3329 rum
302 3281 408 3328 est.
451 3269 690 3325 inﬁdelis
730 3278 909 3325 autem
953 3269 1109 3323 etiam
1149 3268 1308 3323 obolo
1349 3268 1566 3339 indiget.
1595 3287 1616 3322 ι
1641 3270 1731 3326 Sic

143 3348 394 3418 vivamus
417 3371 668 3430 tanquam
696 3359 825 3414 nihil
854 3359 1140 3425 habentes,
1167 3366 1223 3415 et
1246 3359 1422 3414 omnia
1446 3360 1727 3430 possiden-

146 3462 243 3508 tes.
273 3454 473 3509 V'tc'rus
499 3460 554 3506 et
573 3451 811 3516 vestitus,
836 3449 1035 3506 divitia
1059 3449 1480 3506 Christianorum
1504 3460 1646 3507 sunt.
1671 3451 1730 3508 Si

145 3540 307 3598 habes
343 3544 397 3598 in
430 3549 692 3612 potestate
716 3555 829 3595 rem
858 3547 1004 3594 tuam
1029 3580 1044 3606 ,
1074 3539 1242 3595 vende
1267 3556 1284 3594 :
1309 3540 1356 3597 si
1384 3554 1492 3596 non
1523 3540 1689 3598 habes
1711 3583 1726 3609 ,

145 3636 364 3707 projice.
410 3634 638 3689 Tolleuti
680 3634 908 3688 tunicam
937 3670 953 3699 ,
984 3640 1040 3688 et
1078 3633 1292 3702 pallium
1320 3633 1727 3704 relinquendum

145 3737 244 3783 est.
284 3727 505 3783 Scilicet
540 3727 642 3781 nisi
673 3735 729 3780 tu
756 3740 969 3795 semper
991 3726 1349 3780 recrastinans
1371 3767 1387 3792 ,
1415 3734 1470 3781 et
1491 3725 1632 3781 diem
1661 3726 1730 3781 de

146 3818 231 3874 die
260 3820 504 3883 trahens,
531 3829 685 3873 caute
710 3826 764 3872 et
787 3816 1109 3886 pedetentim
1134 3825 1251 3870 tuas
1274 3816 1730 3885 possessiunculas

146 3912 451 3968 vendideris
474 3952 489 3977 ,
521 3925 626 3964 non
668 3910 828 3963 habet
861 3908 1106 3963 Christus
1146 3908 1286 3963 unde
1323 3907 1431 3962 alat
1470 3923 1730 3979 pauperes

146 4017 288 4059 suos.
325 4004 524 4059 Totum
554 4002 665 4057 Deo
689 4000 855 4063 dedit,
882 4001 971 4069 qui
996 4000 1229 4069 seipsum
1255 3999 1465 4054 obtulit.
1488 4000 1731 4069 Apostoli

146 4110 339 4150 navem
387 4100 592 4148 tantum
637 4100 691 4146 et
734 4092 866 4144 retia
913 4091 1261 4159 reliquerunt.
1295 4090 1463 4145 Vidua
1491 4091 1597 4146 duo
1625 4108 1732 4149 ara

148 4188 292 4241 misit
326 4184 394 4240 ad
423 4182 857 4256 gazophylacium
882 4223 897 4248 ,
924 4190 979 4237 et
1008 4180 1285 4250 prafertur
1312 4179 1482 4236 Crasi
1511 4182 1728 4238 divitiis.

150 4276 347 4333 FACILB
378 4275 674 4331 contemnit
707 4273 882 4329 omnia
903 4313 920 4339 ,
947 4272 1037 4342 qui
1067 4285 1126 4326 se
1154 4284 1365 4341 semper
1392 4272 1590 4341 cogitat
1616 4286 1733 4327 esse

156 4371 487 4425 moriturum.

216 4523 288 4585 (a)
316 4521 441 4572 Illud
464 4521 515 4572 in
547 4525 681 4585 terra
704 4532 767 4585 ex
790 4517 1036 4585 Brixianis
1057 4514 1198 4585 codd.
1238 4515 1481 4585 Victorius
1499 4518 1730 4585 gestauit.

268 4577 385 4656 ῖιιεκ
426 4596 515 4656 Pro
554 4579 746 4656 δβάεηιέ,
764 4580 1193 4656 λῖῖιερξιείεῖζίένὲἓ
1204 4578 1485 4656 (199299-?)-
1512 4577 1651 4628 Ρειυιί
1668 4580 1733 4629 de

160 4636 289 4693 Urbe
313 4643 401 4692 Ms.
427 4636 677 4692 invenisse
699 4636 951 4701 dicit.sed
971 4636 1096 4689 enite
1119 4636 1456 4701 meiproﬁteor.

219 4704 289 4767 (b)
325 4706 452 4755 Olim
474 4705 562 4754 sed
586 4703 721 4767 falso,
747 4700 999 4767 timiditate
1028 4713 1045 4750 :
1070 4708 1173 4749 tum
1194 4699 1501 4767 Martiangus
1535 4713 1732 4767 quoque

160 4760 397 4828 effundam
432 4780 521 4828 pro
543 4760 770 4828 emttitun.
793 4762 977 4812 Alludit
1010 4769 1175 4810 autem
1211 4760 1627 4828 H_ier_._Ciceronis
1649 4760 1732 4813 Ἰο-

162 4821 269 4873 cum
286 4825 386 4894 1in
403 4821 522 4894 lfde
544 4821 734 4894 liivent.
745 4833 1072 4894 .ttertnagoras
1083 4834 1171 4871 nec
1310 4821 1442 4894 dicat
1456 4824 1727 4894 attendere,

162 4896 247 4933 nec
270 4886 386 4948 quid
410 4886 688 4949 polliceatur
711 4885 896 4949 videtur
919 4882 1278 4949 intelligere._Et
1301 4882 1442 4946 paulo
1454 4884 1604 4949 infra,
1616 4882 1733 4949 Iter-

164 4942 383 5004 magorus
406 4942 493 4995 sua
529 4947 692 5010 fretus
718 4946 915 5010 scientia
958 4958 1053 4995 non
1073 4942 1214 5009 'quid
1253 4942 1355 5005 ais,
1377 4946 1464 4996 sed
1487 4946 1605 5008 quid
1628 4946 1731 5010 ipse

166 5007 557 5065 posset,e.tposui
580 5021 629 5056 se
651 5007 851 5057 videtur.

230 5066 300 5144 te)
328 5064 686 5144 Edatur-istum
700 5070 944 5144 sententia
976 5068 1041 5116 ab
1059 5067 1360 5144 Hieronymo
1377 5069 1576 5144 passim,
1596 5076 1648 5118 et
1669 5070 1732 5144 ab

168 5122 438 5191 aliis’etiam
473 5126 707 5191 Pati-ibus,
735 5128 996 5191 Augustino
1026 5142 1191 5191 sape,
1234 5122 1456 5191 Cassiano
1478 5122 1649 5191 Col'lat.
1664 5130 1734 5191 24

171 5196 276 5245 cap.
298 5186 378 5232 26.
394 5185 645 5250 ‘Bernardo
669 5188 713 5234 in
738 5185 832 5250 vita
855 5189 905 5237 S.
933 5185 1200 5250 Malaeliia’;
1225 5205 1287 5238 ex
1301 5190 1483 5241 Gracis
1493 5202 1611 5239 vero
1624 5189 1734 5241 Cle-

172 5252 343 5315 mente
366 5246 698 5315 Alexandrino
735 5248 913 5315 Slvom.
959 5250 1042 5299 lib.
1078 5252 1157 5315 2.,
1171 5246 1396 5315 aliisque.
1442 5250 1532 5301 Est
1566 5259 1732 5300 autem

171 5306 297 5367 apud
321 5306 460 5356 LXX.
495 5308 728 5359 Pl‘OVCl‘b.
758 5311 831 5358 17.
857 5318 964 5371 post
982 5324 1108 5360 vers.
1130 5306 1178 5361 ϐ.
1203 5329 1267 5364 τοῦ
1298 5306 1429 5364 iumen
1452 5323 1535 5370 ὅλος
1556 5323 1578 5362 a
1599 5324 1732 5374 ιδσιως

173 5377 460 5433 τδννζεημρτων.
483 5388 546 5422 τοῦ
568 5379 610 5433 8i
628 5386 781 5423 ἀπιστοῦ
803 5381 889 5422 υῦδὶ
909 5384 1053 5433 ὀβολός.

238 5431 317 5497 (ι)Δ
343 5430 544 5497 Seneca
569 5432 657 5497 alii
673 5436 908 5497 tribuunt,
933 5430 1023 5482 Sed
1060 5434 1159 5497 jam
1192 5434 1366 5497 Ennio,
1391 5441 1538 5496 atque
1554 5431 1730 5497 Catoni

175 5487 416 5551 adscripsit
456 5492 533 5559 .lro.
582 5493 812 5559 Salisher.
854 5487 1030 5559 _Carm.
1060 5487 1136 5544 'ad
1193 5495 1328 5559 Opus
1353 5487 1508 5559 suum
1554 5494 1729 5559 Polia-

176 5561 318 5616 jyaro
338 5560 434 5616 tam
457 5558 584 5605 deest
620 5555 747 5616 quod
783 5554 939 5614 liabet,
964 5568 1109 5611 quam
1150 5554 1277 5616 quod
1300 5570 1392 5607 non
1417 5555 1572 5606 habet.
1611 5556 1734 5603 Vide

174 5606 416 5669 ‘l'thphili
440 5606 652 5665 Paschal.
682 5616 764 5665 ΙΙΙ.
792 5606 939 5664 ηιιηι.’
966 5606 1041 5666 1⁷5.
1066 5606 1503 5669 Α’ρςὲίινηιεηδυναπι
1526 5617 1606 5667 cui
1627 5622 1731 5665 tan-

181 5627 302 5660 xuco
322 5627 416 5662 llllll
443 5627 652 5665 l'ascltal.
682 5627 764 5665 ιιι.
792 5630 924 5664 nttm.
966 5627 1041 5666 l5.
1066 5627 1215 5669 n‘esczt
1231 5630 1448 5669 mensura

176 5673 269 5720 lunt
292 5627 419 5725 tieest
442 5690 566 5741 quoa
590 5677 746 5737 habet,
769 5686 1003 5741 quantum
1035 5678 1160 5739 quod
1182 5693 1271 5729 non
1294 5679 1448 5730 habet.

479 5761 539 5823 S.
588 5762 959 5823 Humome
1022 5761 1069 5820 Ι.

1539 238 1865 297 EPISTOLA
1905 239 2040 295 LIV.

3321 253 3432 309 550

2212 354 2374 431 εει
2445 355 2768 412 EPISTOLA
2802 359 2909 415 Ltv
2933 362 3032 433 (ά).

2483 485 2550 524 ΑΙ)
2577 485 2790 525 FURIAI.

2308 559 2386 615 De
2420 560 2675 617 Viduitate
2701 567 2961 620 servanda.

1848 667 2065 726 Furiam
2087 673 2312 740 viduam,
2337 672 2556 729 Titiana:
2580 676 2763 745 ﬁliam,
2786 673 2941 731 Probi
2970 679 3197 737 Consolis
3219 703 3425 756 nurum,

1918 763 2150 816 hortatur
2184 773 2240 818 ut
2277 765 2330 817 in
2358 765 2598 819 uiduitate
2628 777 2938 836 perseveret,
2968 786 3058 824 nec
3087 773 3225 827 iteret
3250 781 3428 832 matri-

1918 852 2180 919 monium;
2212 863 2260 908 et
2284 855 2524 921 quoniam
2545 856 2713 909 adhuc
2733 856 2910 911 virenti
2931 870 3041 912 erat
3063 872 3229 927 (etate,
3252 868 3430 933 quibus

1916 943 2080 997 modis
2110 944 2403 1014 pudicitiam
2428 947 2580 1001 simul
2606 963 2668 1001 ac
2695 947 2887 1019 famam
2915 952 3041 1006 tueri
3069 952 3269 1025 debeat,
3299 974 3431 1027 pra:-

1915 1031 2058 1102 cipit.

1918 1144 1971 1199 l.
2011 1144 2274 1203 Obsecras
2302 1148 2517 1217 litteris,
2540 1159 2595 1206 et
2615 1154 2925 1223 suppliciter
2943 1144 3270 1227 deprecaris,
3296 1171 3352 1217 ut
3372 1164 3428 1217 ti-

1845 1232 1978 1304 bi(e)
1992 1236 2244 1302 scribam,
2265 1239 2374 1295 imo
2395 1242 2707 1307 rescribam,
2726 1248 2992 1315 quomodo
3011 1251 3190 1307 vivere
3209 1252 3422 1319 debeas,

1844 1333 1901 1379 et
1919 1326 2192 1382 viduitatis
2216 1344 2471 1385 coronam
2498 1332 2668 1388 illaso
2692 1336 2953 1404 pudicitia
2974 1341 3191 1397 nomine
3211 1358 3427 1400 consera

1845 1431 1990 1471 vare.
2029 1416 2237 1473 Gaudet
2271 1421 2481 1493 animus
2501 1463 2516 1487 ,
2546 1424 2815 1480 exsultant
2840 1428 3046 1484 viscera
3070 1470 3086 1496 ,
3114 1434 3271 1502 gestit
3297 1434 3425 1491 aﬂ'e-

1843 1516 1998 1577 ctus,
2039 1509 2141 1564 hoc
2183 1519 2235 1565 te
2273 1526 2469 1583 cupere
2508 1528 2630 1583 ﬁse
2672 1530 2792 1585 posr
2820 1518 2989 1573 virum
3012 1561 3027 1586 ,
3056 1522 3197 1591 quod
3226 1533 3425 1582 sancta

1842 1601 2115 1654 memoriae
2155 1610 2326 1656 mater
2362 1612 2447 1656 tua
2484 1603 2690 1658 Titiana
2726 1608 2892 1662 multo
2927 1618 3167 1680 tempore
3193 1612 3293 1668 fuit
3324 1616 3424 1671 sub

1841 1690 2053 1742 marito.
2097 1689 2374 1746 Exaudita
2406 1702 2530 1748 sunt
2557 1710 2745 1763 preces
2772 1707 2827 1751 et
2855 1701 3124 1757 orationes
3149 1703 3283 1772 ejus.
3316 1707 3423 1760 lm-

1843 1781 2069 1848 petravit
2089 1820 2106 1845 ,
2139 1792 2196 1834 ut
2227 1782 2612 1852 adipisceretur
2637 1788 2689 1841 in
2715 1788 2871 1843 unica
2897 1790 3003 1845 ﬁlia
3027 1834 3044 1859 ,
3072 1795 3211 1863 quod
3240 1797 3423 1854 vivens

1839 1870 1952 1941 ipsa
1994 1873 2323 1941 possederat.
2364 1874 2541 1931 Habes
2582 1888 2837 1946 praterea
2865 1886 3080 1951 generis
3115 1888 3186 1941 tui
3220 1892 3423 1959 grande

1841 1963 2189 2032 privilegium,
2212 1965 2353 2035 quod
2375 1967 2570 2023 exinde
2593 1984 2626 2023 a
2648 1969 2873 2027 Camillo
2898 1973 2982 2045 (L.
3011 1975 3201 2033 Furius
3224 1979 3420 2038 Camil-

1839 2052 1987 2123 lus),
2020 2055 2102 2110 vel
2131 2056 2275 2110 nulla
2299 2097 2316 2123 ,
2346 2058 2432 2113 vel
2459 2075 2579 2114 rara
2603 2072 2796 2117 vestra
2824 2064 3032 2123 familia
3061 2072 3308 2129 scribitur
3334 2091 3421 2133 se-

1837 2146 2040 2235 cundos
2068 2162 2226 2203 nosse
2263 2151 2581 2207 concubitus
2612 2170 2626 2206 :
2655 2163 2712 2207 ut
2733 2168 2836 2210 non
2864 2173 2972 2212 nu
3010 2160 3272 2219 laudanda
3300 2167 3375 2222 sis
3397 2208 3414 2235 ,

1838 2234 1881 2288 si
1908 2234 2064 2291 vidua
2091 2252 2420 2306 perseveres,
2440 2256 2596 2311 quam
2623 2246 2943 2313 execranda,
2963 2248 3006 2303 si
3035 2250 3085 2305 id
3115 2234 3413 2314 Christiana

1838 2340 1942 2381 non
1988 2342 2170 2383 serves
2193 2370 2209 2393 ,
2236 2330 2376 2400 quod
2409 2345 2506 2401 per
2535 2341 2676 2388 tanta
2719 2338 2913 2392 sacula
2942 2342 3164 2410 gentiles
3204 2343 3418 2406 femina

1836 2417 2220 2475 custodierunt.

1906 2506 1962 2561 2.
2003 2507 2174 2564 Taceo
2199 2509 2266 2566 de
2291 2511 2448 2568 Paula
2477 2523 2531 2570 et
2557 2515 2866 2587 Eustochio,
2893 2522 3073 2591 stirpis
3098 2536 3288 2583 vestra
3312 2530 3414 2587 llo-

1835 2596 2003 2662 ribus,
2034 2613 2102 2653 ne
2127 2614 2224 2669 per
2249 2605 2586 2661 occasionem
2616 2608 2999 2670 exhortationis
3030 2624 3132 2670 tua
3156 2618 3273 2673 illas
3302 2620 3419 2678 lau-

1835 2686 1963 2743 dare
1986 2688 2189 2747 videar.
2216 2692 2602 2766 Blasillamque
2632 2709 2911 2767 pratereo,
2933 2720 3051 2774 qua
3070 2707 3136 2779 (ι’)
3168 2713 3415 2768 maritum

1836 2792 1987 2834 suum
2008 2820 2023 2847 ,
2053 2790 2199 2836 tuum
2229 2793 2405 2839 secuta
2447 2801 2759 2856 germanum
2780 2832 2794 2857 ,
2822 2792 2873 2846 in
2904 2794 3049 2850 brevi
3095 2799 3215 2854 vita
3244 2803 3416 2872 spatio

1838 2880 2072 2943 tempora
2093 2876 2342 2931 virtutum
2367 2879 2530 2933 multa
2550 2883 2857 2951 complevit.
2878 2887 3049 2956 Atque
3068 2891 3266 2946 utinam
3290 2908 3416 2962 pra-

1836 2964 1987 3017 conia
2016 2964 2328 3021 feminarum
2356 2968 2689 3025 imitarentur
2710 2973 2805 3027 viri
2829 2993 2841 3027 :
2863 2990 2929 3029 ετ
2949 2992 3146 3033 ιιυοοελ
3169 2990 3416 3038 senectus

1836 3054 2118 3120 redderet,
2149 3057 2289 3126 quod
2325 3068 2515 3127 sponte
2543 3060 2700 3116 oll‘ert
2724 3062 3104 3122 adolescentia.
3144 3069 3331 3127 Sciens
3360 3082 3416 3128 et

1836 3142 2021 3198 videns
2046 3143 2098 3198 in
2125 3143 2390 3201 ﬂammam
2420 3147 2572 3202 mitto
2601 3164 2813 3205 manum
2839 3170 2852 3205 :
2875 3153 3205 3212 adducentur
3229 3174 3418 3230 super-

1834 3232 1973 3296 cilia,
2001 3235 2318 3290 extendetur
2343 3237 2653 3304 brachium;
2683 3238 2955 3314 [ratusque
2973 3244 3049 3317 (g)
3071 3246 3307 3305 Chremes
3328 3259 3415 3306 tu—

1835 3324 1972 3378 mido
1993 3325 2223 3381 desteviet
2251 3343 2355 3381 ore.
2382 3327 2717 3401 Consurgent
2738 3348 2992 3402 proceres
3013 3338 3269 3397 adversus
3299 3343 3418 3412 Epi-

1836 3412 2026 3468 stolam
2053 3429 2257 3477 meam;
2285 3419 2434 3472 turba
2458 3421 2667 3488 patritia
2693 3422 2970 3480 dctonabit
2994 3424 3090 3500 [aL
3112 3429 3411 3507 denotabit],

1835 3520 1922 3560 me
1962 3521 2171 3577 magum
2191 3545 2207 3573 ,
2235 3524 2320 3564 me
2350 3510 2682 3567 seductorem
2708 3514 2986 3572 clamitans
3008 3560 3023 3585 ,
3056 3529 3111 3576 et
3153 3522 3204 3576 in
3247 3532 3417 3583 terras

1836 3594 2048 3649 ultimas
2075 3596 2475 3666 deportandum.
2505 3602 2735 3670 Addant,
2813 3607 2975 3679 283
3046 3612 3091 3664 si
3121 3612 3335 3678 volunt,
3361 3626 3418 3670 et

1835 3682 2171 3751 Samaritem,
2190 3698 2246 3741 ut
2262 3688 2468 3743 Domini
2487 3692 2595 3746 mei
2618 3693 2821 3748 titulum
2844 3712 3241 3768 recognoscam.
3260 3700 3419 3760 Certe

1837 3774 1996 3830 ﬁliam
2026 3792 2055 3831 a
2091 3788 2307 3847 parente
2348 3796 2454 3835 non
2484 3783 2681 3848 divido,
2711 3800 2812 3839 nec
2840 3786 2959 3842 dico
2988 3791 3117 3845 illud
3145 3793 3212 3847 de
3240 3793 3418 3849 Evan-

1833 3866 1974 3933 gelio
1997 3883 2012 3920 :
2033 3866 2160 3921 Sine
2185 3877 2240 3920 ut
2268 3870 2451 3921 mortui
2470 3872 2712 3939 sepeliant
2731 3883 2953 3928 mortuos
2975 3894 3093 3934 suos
3118 3882 3330 3951 (Matth.
3359 3892 3413 3946 8.

1834 3954 1936 4020 εὶς
1958 3965 2005 4009 et
2025 3955 2150 4009 Luc.
2178 3956 2232 4011 9.
2252 3956 2366 4027 60).
2393 3957 2534 4012 Vivit
2552 3962 2718 4029 enim,
2740 3963 2829 4031 qui
2853 3966 3020 4020 credit
3043 3969 3095 4023 in
3121 3972 3412 4034 Christum.

1838 4043 1905 4096 Et
1923 4044 2010 4113 qui
2040 4044 2090 4097 in
2120 4044 2263 4099 illum
2287 4046 2489 4114 credit,
2510 4047 2671 4105 debet
2693 4051 2874 4122 utique
2899 4060 3163 4126 quomodo
3187 4063 3280 4120 ille
3303 4082 3419 4124 am-

1839 4132 2059 4198 bulavit,
2084 4142 2138 4187 et
2167 4134 2279 4204 ipse
2307 4136 2579 4194 ambulare
2609 4139 2685 4213 (l.
2712 4141 2869 4199 Joan.
2896 4145 2951 4198 2.
2979 4146 3058 4218 6).

1910 4225 1963 4278 5.
2007 4222 2222 4287 Quando
2251 4226 2540 4282 honorandi
2565 4237 3165 4300 parentes.—Facessat
3195 4245 3414 4319 invidia,

1840 4334 1997 4411 quam
2026 4320 2227 4411 nomini
2258 4321 2556 4379 Christiano
2584 4327 2961 4386 maledicorum
2988 4349 3199 4407 semper
3224 4344 3414 4411 genui-

1839 4424 1940 4463 nus
1969 4408 2135 4479 inﬁgit
2161 4425 2177 4465 :
2204 4420 2298 4479 ut,
2325 4412 2452 4507 du_m
2480 4417 2672 4507 probra
2703 4427 2964 4489 metuunt,
2993 4425 3058 4481 ad
3088 4408 3308 4489 virtutes
3337 4435 3418 4507 (lt)

1841 4513 1945 4553 non
1976 4513 2349 4568 provocentur.
2381 4502 2627 4575 Exceptis
2652 4508 2891 4578 epistolis
2910 4553 2925 4577 ,
2954 4513 3259 4584 ignoramus
3284 4502 3422 4580 alte;

1840 4598 2065 4644 rutrum.
2100 4590 2345 4655 SOLAQUE
2385 4609 2541 4649 causa
2574 4597 2782 4666 pietatis
2819 4610 2927 4666 est,
2960 4605 3045 4659 ubi
3073 4611 3248 4663 carnis
3274 4610 3414 4669 nulla

1899 4702 1973 4821 te
2001 4701 2248 4815 neme;
2274 4704 2463 4817 ea
2702 4725 2817 4762 αηπο

2434 4784 2497 4819 ss.
2534 4772 2817 4821 rescribam.
2842 4788 2940 4821 uno

1920 4763 1972 4843 et):
2272 4780 2358 4843 iac_
2381 4763 2509 4843 Mssa
2534 4771 2817 4843 rescribam,
2842 4763 2963 4843 into
2982 4778 3211 4841 scribam,
3235 4783 3319 4843 qui
3366 4793 3421 4835 ct.

1836 4826 1980 4898 paulo
2001 4828 2118 4898 intra
2145 4836 2359 4898 voces‘ut
2373 4830 2743 4898 adipisceretur,
2769 4826 2864 4884 non
2890 4826 3090 4888 habent.

1872 4888 1973 4963 “(ﬂ
2002 4887 2190 4963 vitiose
2210 4887 2607 4963 habentplures
2628 4887 2741 4944 Mss:
2760 4902 2825 4963 et
2845 4905 2990 4963 vetus
3013 4900 3164 4963 editio
3186 4907 3290 4963 post
3312 4917 3419 4954 ma-

1835 4950 2002 5023 ritnn't‘,
2029 4959 2123 5021 etc.
2141 4950 2322 5000 deinde
2336 4950 2505 5023 sortita
2527 4966 2614 5016 pro
2635 4961 2814 5023 secuta.
2836 4956 2951 5023 μου
2971 4959 3158 5009 scilicet
3181 4950 3284 5023 viro
3297 4950 3421 5023 {eo-

1835 5023 1940 5089 que
1961 5009 2375 5089 liuriaggerma‘no
2391 5009 2558 5089 iuncta
2593 5024 2668 5065 est
2703 5015 2913 5064 Blasilla
2932 5054 2946 5075 ,
2971 5032 3082 5080 qua
3126 5009 3277 5082 paulo
3297 5009 3421 5089 'post

1838 5078 1945 5131 ejus
1974 5078 2180 5119 mortem
2202 5079 2368 5119 secuta
2391 5080 2485 5121 est.

1900 5132 1971 5194 (g)
1992 5131 2101 5179 Duo
2122 5144 2264 5200 manu
2290 5142 2488 5182 exarata
2506 5134 2821 5200 exemplaria,
2846 5142 3091 5200 natusque
3118 5145 3422 5200 Terentianus

1837 5190 2081 5262 chfémes,
2111 5200 2227 5262 etc?
2247 5193 2390 5262 jux_t_a
2413 5206 2557 5262 quam
2588 5190 2855 5262 lectionem
2873 5199 2968 5262 vid.
2995 5190 3418 5259 'l'erentinniml'l‘e:

1838 5252 2148 5321 autotttinior.
2168 5252 2289 5321 .Act.
2329 5252 2559 5321 5.__Scer_t.
2586 5257 2634 5305 5.
2672 5265 2821 5319 atque
2844 5259 2980 5309 alibi.
3005 5263 3096 5313 Est
3130 5252 3294 5315 autem
3313 5252 3421 5319 flu-

1838 5313 1947 5360 ratii
1973 5325 2144 5381 verstzs
2167 5313 2216 5359 in
2250 5313 2369 5362 Arte
2391 5313 2610 5376 Poetica,
2626 5313 2775 5379 atque
2799 5321 2863 5369 ibi
2887 5322 3085 5383 quidem
3103 5332 3183 5375 est
3200 5313 3423 5395 delitigat

1838 5386 1926 5420 oro
1947 5370 2186 5420 destemt.

1837 5386 1926 5434 pro
1947 5384 2186 5434 (testarier.

1905 5431 1971 5515 ιω
1990 5432 2910 5515 .992E'ZEE‘SE-.Pﬂ“_ﬂ‘i9°f:9l3'9"“?!
2934 5444 3106 5515 οιιίιίοι
3126 5460 3220 5515 twn
3245 5464 3416 5515 ρτουο-

1838 5492 2237 5569 centLSuperiori
2263 5495 2410 5544 etiam
2439 5492 2543 5569 voci
2565 5492 2801 5569 genuinus
2823 5492 3007 5555 addunt
3021 5492 3219 5569 quidan
3240 5492 3399 5567 ἕέῖγῖιῦ

1841 5553 2615 5637 v'enl‘livarﬂ‘igeﬂmpe“genuinum
2632 5563 2833 5636 dentem
2858 5553 3003 5627 esse,
3027 5553 3423 5637 iﬁié’k‘iﬁi’é‘é‘.

1839 5627 1988 5699 sum
2197 5616 2396 5699 phrasin
2419 5626 2725 5673 amanuensis
2742 5638 2837 5675 non
2858 5616 3002 5677 nemo
3026 5616 3423 5699 ἱέιῖὄίδιιξξῑῖἶᾷ

1843 5689 1978 5726 sema
1999 5677 2063 5726 de
2086 5690 2175 5728 suo
2196 5677 2407 5729 addidit.-

2785 5773 3170 5855 (Dia-ltuit.)
