4078 6198
140 306 245 370 553

140 428 330 484 stianis
360 423 535 490 initia,
559 418 656 478 sed
685 418 824 474 linis.
850 414 1046 473 Paulus
1080 412 1221 470 male
1245 413 1432 483 coepit,
1462 410 1559 478 sed
1582 412 1724 466 bene

142 520 341 575 ﬁnivit.
371 514 525 572 Juda:
549 512 833 567 laudantur
859 509 1077 565 exordia
1103 524 1119 574 ;
1150 506 1245 562 sed
1275 505 1396 560 ﬁnis
1422 503 1726 575 proditione

142 611 454 666 damnatur.
480 605 622 675 Lege
649 601 989 658 Ezechielem
1018 617 1031 652 :
1065 617 1086 651 ι
1118 597 1329 653 Iustitia
1352 596 1485 666 justi
1513 608 1621 650 non
1658 594 1728 647 li-

144 700 359 756 berabit
402 711 558 763 eum,
591 695 646 749 in
687 705 1020 764 quacumque
1048 689 1137 744 die
1178 686 1494 759 peccaverit.
1527 679 1597 739 Et
1623 684 1726 738 im-

145 795 321 864 pietas
363 788 512 859 impii
556 801 664 843 non
693 783 907 840 nocebit
929 781 979 837 ei
997 823 1013 848 ,
1040 781 1096 835 in
1123 791 1458 850 quacumque
1480 775 1571 830 die
1597 788 1726 830 con-

150 895 336 937 versus
360 877 524 934 fuerit
549 876 618 931 ab
648 874 922 945 impietate
945 885 1042 926 sua
1074 888 1094 923 ι
1130 868 1345 939 (Ezech.
1370 865 1486 935 35).
1513 864 1619 919 Ista
1644 869 1729 917 est

148 972 288 1028 scala
316 967 485 1024 Jacob
507 1008 522 1033 ,
559 982 653 1037 per
677 979 836 1036 quam
862 961 1051 1032 Angeli
1090 960 1167 1032 (α)
1197 957 1523 1022 ascendunt,
1551 962 1607 1009 et
1633 953 1727 1007 de-

147 1048 411 1117 scendunt
447 1076 461 1113 :
503 1058 589 1114 cui
644 1054 899 1110 Dominus
944 1051 1190 1106 innititur
1241 1048 1406 1118 lapsis
1452 1047 1727 1116 porrigens

148 1166 388 1215 manum,
416 1157 470 1204 et
496 1146 668 1203 fessos
695 1142 1099 1199 ascendentium
1130 1138 1347 1211 gradus,
1376 1136 1458 1190 sui
1486 1143 1728 1189 contem-

146 1242 385 1312 platione
411 1244 742 1295 sustentans.
772 1232 880 1290 Sed
906 1232 1046 1287 sicut
1071 1245 1179 1285 non
1205 1229 1317 1282 vult
1342 1233 1569 1281 mortem
1597 1237 1724 1293 pec-

147 1333 348 1390 caloris
372 1373 390 1400 ,
424 1338 629 1386 tantum
663 1325 758 1400 [aL
785 1333 980 1379 tantum
1011 1317 1279 1392 quantum]
1307 1326 1366 1372 ut
1390 1322 1729 1371 convertatur

148 1436 197 1478 et
222 1425 377 1477 vivat
408 1440 424 1475 :
449 1422 522 1474 ita
548 1416 754 1488 tepidos
782 1414 914 1493 odit,
940 1421 995 1467 et
1020 1414 1128 1466 cito
1152 1410 1199 1465 ei
1226 1421 1479 1463 nauseam
1507 1403 1726 1460 faciunt.

143 1515 312 1586 286
385 1509 482 1566 Cui
511 1512 630 1581 plus
655 1507 958 1571 dimittitur,
987 1504 1105 1573 plus
1132 1501 1324 1570 diligit.

212 1584 265 1657 ἦ.
325 1599 558 1655 Vestiam
597 1597 783 1652 cultus.
808 1623 886 1637 --
914 1593 1165 1649 Meretrix
1209 1591 1299 1645 illa
1342 1590 1396 1643 in
1440 1584 1728 1657 Evangelia

144 1693 412 1764 baptizata
454 1689 706 1759 lacrymis
743 1688 887 1753 suis,
926 1693 981 1741 et
1018 1685 1201 1747 crine,
1232 1695 1338 1751 quo
1375 1679 1574 1735 multos
1603 1686 1727 1731 ante

145 1784 476 1852 deceperat,
506 1778 667 1849 pedes
698 1776 906 1832 Domini
950 1783 1194 1842 tergens,
1224 1771 1422 1824 salvata
1460 1775 1543 1822 est
1571 1765 1722 1838 (Luc.

147 1876 223 1947 7).
250 1874 368 1929 Non
396 1871 584 1927 habuit
608 1870 906 1938 crispantes
940 1867 1149 1929 mitras,
1179 1878 1279 1918 nec
1306 1859 1592 1915 stridentes
1617 1855 1726 1912 cal-

147 1966 353 2028 ceolos,
384 1977 488 2019 nec
522 1961 684 2016 orbes
717 1959 876 2014 stibio
915 1956 1240 2026 fuliginatos.
1267 1953 1477 2019 Quanto
1507 1949 1721 2015 fcedior,

148 2065 291 2111 tanto
320 2052 619 2124 pulchrior.
659 2049 797 2118 Quid
828 2048 955 2103 facit
990 2048 1043 2101 in
1083 2045 1217 2100 facie
1243 2043 1557 2099 Christiana:
1596 2056 1724 2111 pur-

146 2147 383 2215 purissus
413 2153 470 2199 et
495 2141 749 2198 cerussa?
780 2155 1007 2210 quorum
1035 2139 1263 2193 alterum
1291 2137 1540 2191 ruborem
1566 2149 1726 2204 gena-

143 2252 259 2291 rum
288 2236 664 2303 labiorumque
704 2231 961 2286 mentitur
991 2247 1004 2282 :
1033 2230 1259 2284 alterum
1299 2225 1586 2281 candorem
1615 2225 1727 2279 oris

146 2335 198 2380 et
216 2325 340 2380 colli
366 2341 382 2378 :
412 2323 549 2393 ignis
566 2322 845 2391 juvenum,
870 2318 1102 2373 fomenta
1124 2316 1425 2380 libidinum,
1446 2312 1726 2383 impudicae

144 2417 335 2471 mentis
376 2414 596 2468 indicia.
636 2409 916 2480 Quomodo
957 2408 1089 2463 ﬂere
1133 2416 1309 2476 potest
1352 2419 1450 2474 pro
1492 2402 1727 2473 peccatis

145 2506 280 2571 suis,
310 2520 438 2575 quae
478 2503 729 2574 lacrymis
766 2511 944 2556 cutem
988 2497 1184 2564 nudat,
1212 2505 1268 2551 et
1294 2495 1473 2559 sulcos
1498 2493 1645 2549 ducit
1673 2492 1725 2546 in

145 2597 313 2654 facie?
341 2598 582 2654 Ornatus
612 2595 714 2650 iste
755 2607 861 2648 non
908 2589 1121 2646 Domini
1158 2597 1277 2653 est;
1312 2587 1556 2642 velamen
1586 2584 1725 2639 istud

146 2688 465 2744 Antichristi
490 2696 593 2742 est.
621 2687 739 2752 Qus
768 2697 976 2738 vmucu
1014 2680 1170 2749 erigit
1197 2678 1265 2733 ad
1295 2678 1489 2733 caelum
1515 2677 1723 2740 vultus,

146 2796 273 2851 quos
299 2780 573 2837 Conditor
598 2775 674 2850 (ι)
704 2792 808 2833 non
838 2774 1134 2847 agnoscat?
1161 2772 1379 2827 Frustra
1421 2767 1727 2824 obtenditur

146 2873 505 2930 adolescentia
531 2913 548 2939 ,
579 2881 636 2927 et
658 2879 789 2926 aetas
818 2868 1071 2940 puellaris
1095 2865 1376 2922 asseritur.
1410 2863 1579 2919 Vidua
1607 2876 1727 2931 quae

146 2966 332 3019 marito
372 2964 596 3034 placere
624 2962 854 3028 desivit,
884 2971 938 3017 et
971 2961 1125 3031 juxta
1152 2957 1467 3028 Apostolum
1493 2970 1621 3011 vere
1645 2954 1725 3008 vi-

147 3052 244 3107 dua
270 3058 384 3119 e'st,
426 3053 557 3107 nihil
592 3052 753 3106 habet
795 3050 1191 3114 necessarium,
1231 3048 1333 3103 nisi
1374 3061 1727 3116 perseveran-

146 3142 290 3198 tiam.
316 3142 568 3199 Meminit
595 3140 834 3210 pristinae
858 3140 1165 3208 voluptatis,
1195 3139 1297 3193 scit
1317 3137 1442 3206 quid
1464 3136 1723 3199 amiserit,

145 3246 246 3301 quo
272 3232 548 3287 delectata
585 3230 675 3284 sit.
706 3228 972 3283 Ardentes
997 3227 1195 3282 diaboli
1225 3226 1432 3296 sagitta).
1453 3264 1470 3291 ,
1496 3224 1726 3294 jejunio-

88 3375 93 3379 ,
144 3336 263 3376 rum
304 3332 360 3376 et
399 3321 705 3390 vigiliarum
744 3320 919 3389 rigore
956 3316 1048 3389 [al.
1089 3314 1298 3387 [rigore]
1337 3315 1727 3384 restinguenda:

144 3424 286 3468 sunt.
329 3414 444 3468 Aut
488 3410 812 3481 loquendum
855 3408 1010 3465 nobis
1049 3416 1163 3473 est,
1195 3417 1253 3462 ut
1284 3407 1461 3461 vestiti
1498 3419 1724 3461 sumus:

146 3513 236 3559 aut
259 3504 625 3571 vestiendum,
651 3514 707 3558 ut
738 3502 1024 3573 loquimur.
1057 3502 1195 3569 Quid
1222 3501 1366 3556 aliud
1392 3500 1723 3571 pollicemur,

148 3605 201 3649 et
236 3595 380 3650 aliud
408 3594 778 3650 ostendimus?
815 3608 1006 3651 LINGUA
1041 3603 1297 3663 personat
1320 3592 1642 3659 castitatem,
1673 3600 1728 3647 et

150 3691 317 3740 totum
346 3700 543 3756 corpus
581 3683 793 3754 praefert
821 3682 1224 3752 impudicitiam.

217 3777 271 3833 8.
306 3778 420 3832 lloc
448 3787 703 3847 quantum
733 3775 800 3831 ad
826 3775 1065 3831 habitum
1096 3774 1328 3845 pertinet
1365 3781 1421 3829 et
1452 3781 1722 3829 ornatum.

149 3867 412 3924 Caeterum
438 3870 590 3923 vidua
615 3883 726 3937 qua:
747 3868 801 3920 in
824 3868 1017 3922 deliciis
1043 3875 1115 3920 est
1145 3866 1276 3937 (non
1297 3874 1380 3921 est
1402 3879 1603 3931 meum,
1627 3863 1723 3918 sed

147 3958 429 4029 Apostoli)
458 3960 625 4012 vivens
664 3966 866 4011 mortua
900 3966 993 4012 est.
1022 3956 1160 4023 Quid
1186 3957 1289 4010 sibi
1316 3955 1430 4009 vult
1456 3955 1559 4009 hoc
1583 3954 1724 4024 quod

147 4048 222 4102 ait
248 4068 262 4103 :
292 4052 462 4103 vivens
483 4056 683 4101 mortua
708 4047 817 4100 est?
840 4046 917 4118 (1.
945 4045 1076 4099 Tim.
1108 4046 1161 4100 5.
1186 4045 1268 4113 6.)
1298 4045 1487 4098 Vivere
1513 4043 1724 4112 quidem

147 4138 361 4192 videtur
405 4136 808 4209 ignorantibus,
837 4143 893 4191 et
931 4150 1039 4190 non
1069 4149 1189 4190 esse
1223 4142 1443 4204 peccato
1479 4142 1686 4187 mortua
1709 4175 1724 4196 ,

150 4231 239 4284 sed
263 4230 517 4297 Christo,
548 4243 706 4299 quem
735 4234 939 4282 secreta
978 4241 1085 4281 non
1125 4224 1347 4290 fallunt,
1387 4231 1597 4279 mortua
1623 4233 1726 4278 est.

157 4338 176 4371 ι
208 4322 398 4376 Anima
429 4334 549 4391 qua:
582 4319 899 4389 peccaverit,
924 4318 1037 4388 ipsa
1066 4312 1590 4385 morieturi(Esech.
1614 4312 1725 4385 18).

161 4428 178 4461 ι
202 4412 563 4480 Quorumdam
587 4410 864 4464 hominum
885 4415 1103 4479 peccata
1124 4404 1406 4463 manifesta
1426 4413 1570 4470 sunt,
1593 4418 1732 4473 pra:-

155 4502 392 4558 cedentia
413 4502 480 4558 ad
500 4501 761 4572 judicium
786 4516 799 4553 :
828 4498 1089 4568 quosdam
1116 4507 1293 4552 autem
1315 4504 1365 4550 et
1393 4495 1732 4565 subsequun-

156 4598 255 4644 tur.
292 4592 552 4649 Similiter
593 4600 648 4646 et
689 4591 827 4644 facta
865 4591 1004 4645 bona
1041 4586 1318 4642 manifesta
1345 4593 1506 4640 sunt:
1530 4594 1585 4640 et
1609 4602 1728 4656 quae

154 4678 306 4736 aliter
329 4697 390 4738 se
417 4683 638 4748 habent,
669 4679 924 4735 abscondi
955 4693 1059 4734 non
1090 4685 1315 4748 possunt
1344 4696 1363 4729 ι
1394 4676 1471 4737 (1.
1506 4675 1643 4732 Tim.
1670 4677 1724 4731 5.

154 4768 244 4824 24.
273 4783 318 4826 et
350 4772 468 4846 25).
496 4772 649 4841 Quod
690 4771 821 4827 dicit
862 4768 1161 4826 istiusmodi
1198 4775 1282 4823 est
1311 4784 1324 4821 :
1352 4766 1577 4835 Quidam
1620 4775 1727 4821 tam

155 4859 317 4918 libere
352 4874 408 4922 et
437 4867 611 4937 palam
650 4872 905 4935 peccant,
944 4871 1003 4918 ut
1040 4868 1320 4933 postquam
1359 4873 1454 4915 eos
1492 4858 1724 4923 videris,

157 4952 337 5005 statim
365 4955 630 5024 intelligas
654 4966 983 5024 peccatores.
1014 4952 1163 5007 Alios
1186 4960 1390 5016 autem,
1419 4950 1510 5020 qui
1538 4949 1727 5004 callide

158 5041 431 5097 occultant
454 5045 579 5097 vitia
608 5060 725 5112 sua,
748 5061 811 5102 ex
840 5044 1081 5115 sequenti
1104 5041 1511 5099 conversatione
1533 5055 1729 5110 cogno-

158 5131 377 5186 scimus.
407 5132 666 5189 Similiter
692 5145 744 5188 et
771 5135 907 5189 bona
943 5134 1083 5205 apud
1110 5134 1320 5205 aliquos
1357 5130 1413 5186 in
1449 5131 1730 5200 propatulo

220 5320 292 5384 (α)
326 5324 574 5375 Postrema
599 5326 752 5375 editio
770 5325 1241 5437 Benedictlnfuxta
1264 5323 1567 5395 vetustlores
1590 5319 1729 5391 alias,

221 5396 250 5431 ο
283 5390 464 5437 tantum
503 5390 679 5437 verbo.
705 5387 1043 5437 conscendunt.
1120 5401 1198 5437 um
1232 5385 1373 5437 lassis
1412 5397 1501 5437 oro
1542 5381 1691 5437 lapsis
1715 5420 1729 5437 .

159 5391 250 5431 uno
267 5381 464 5448 tantum
503 5390 679 5445 verbo,
705 5387 1043 5437 conscendunt.
1077 5381 1198 5437 Tum
1232 5385 1373 5437 lassis
1412 5397 1501 5448 pro
1542 5381 1691 5444 lapsis
1715 5420 1730 5439 ,

159 5446 279 5513 quod
301 5448 410 5498 olim
436 5452 483 5500 in
515 5449 794 5513 Erasmiaua
817 5449 1061 5499 Victorius
1091 5454 1380 5513 correxerat
1395 5446 1623 5506 {nosque
1647 5456 1728 5513 re-

157 5507 355 5574 stituere
380 5526 474 5561 non
496 5512 846 5569 dubitavimus,
874 5525 939 5561 ne
961 5522 1197 5574 manus;
1228 5509 1348 5561 vitio
1382 5505 1611 5570 peccaret
1652 5505 1731 5553 hic

159 5559 302 5635 locus,
321 5559 430 5635 cum
444 5559 625 5623 statim
638 5574 788 5635 fessos
802 5559 1048 5635 nominet.

219 5627 286 5699 (ιζ)
321 5630 387 5681 ita
409 5627 712 5699 correximus
737 5645 785 5699 e_
800 5632 917 5699 uss.
930 5641 1090 5699 antea
1107 5632 1238 5699 enim
1262 5637 1368 5699 erat
1389 5642 1475 5679 nos
1497 5627 1728 5699 agnoscit.

162 5681 449 5745 Cont’ereuda
471 5681 717 5759 "porroVest
747 5681 901 5757 Epist.
926 5681 1018 5743 2772.8
1034 5681 1093 5742 ad
1116 5681 1429 5743 Eustochium
1453 5704 1501 5738 n.
1527 5681 1606 5738 '1'5.

1505 294 1835 354 EPISTOLA
1870 294 2008 354 LIV.

3305 308 3413 364 55'."

1834 417 1990 475 sunt,
2022 408 2075 463 in
2105 409 2225 464 aliis
2252 408 2412 481 longo
2443 424 2541 465 usu
2568 409 2844 467 discimus.
2872 413 3008 480 Quid
3034 431 3165 487 ergo
3194 434 3415 479 necesse

1834 509 1918 555 est
1958 514 2058 557 nos
2077 500 2281 571 jactare
2306 501 2638 572 pudicitiam,
2668 518 2789 573 qua:
2815 504 2931 559 sine
3003 509 3163 580 237
3234 514 3412 569 comi.

1838 592 1976 648 tibus
2003 600 2059 647 et
2082 590 2409 663 appendieiis
2438 594 2573 662 suis,
2601 596 2931 653 continentia
2958 607 3014 654 et
3035 603 3318 671 parcitate,
3349 605 3413 662 fi-

1834 680 1955 736 dem
1979 683 2061 736 sui
2084 683 2262 740 facere
2289 698 2392 739 non
2419 685 2937 756 potest?Apostolus
2965 702 3199 746 macerat
3221 709 3414 768 corpus

1834 788 2025 876 suum,
2041 783 2095 830 et
2121 776 2313 831 anima:
2350 776 2565 847 subjicit
2588 777 2848 848 imperio;
2876 795 2946 835 ne
2969 782 3110 851 quod
3140 784 3258 840 aliis
3287 801 3413 856 pne-

1834 866 1985 934 cipit,
2012 866 2128 935 ipse
2168 882 2272 921 non
2316 877 2497 923 servet
2530 885 2544 923 :
2584 883 2653 923 nr
2697 884 3133 927 ADOLESCENTULA
3176 871 3416 932 fervente

1834 957 1969 1013 cibis
2009 972 2256 1028 corpore,
2285 958 2352 1014 de
2378 960 2622 1016 castitate
2648 973 2837 1015 secura
2866 961 2986 1016 est?

1905 1047 1959 1102 9.
1990 1048 2173 1119 Neque
2198 1065 2327 1106 vero
2356 1050 2469 1106 haec
2492 1050 2707 1116 dicens,
2735 1051 3041 1109 condemno
3067 1055 3217 1111 cibos
3235 1098 3250 1122 ,
3281 1074 3415 1126 quos

1836 1139 1976 1195 Deus
1996 1141 2195 1196 creavit
2220 1141 2288 1195 ad
2315 1141 2568 1196 utendum
2590 1156 2712 1197 cum
2734 1144 3021 1213 gratiarum
3048 1146 3290 1213 actione;
3317 1148 3412 1204 sed

1830 1231 2114 1299 juvenibus
2148 1240 2203 1287 et
2231 1232 2425 1302 puellis
2454 1232 2524 1303 (c)
2551 1233 2816 1288 incentiva
2845 1234 3031 1291 aufero
3056 1238 3413 1308 voluptatum.

1833 1319 1950 1375 Non
1972 1321 2168 1377 Etuzei
2193 1322 2346 1399 ignes
2364 1363 2381 1389 ,
2409 1338 2516 1378 non
2546 1323 2796 1378 Vulcania
2826 1325 2983 1381 tellus
3002 1369 3018 1393 ,
3042 1342 3148 1383 non
3176 1327 3413 1386 Vesevus

1833 1418 1889 1465 et
1915 1411 1991 1482 (1)
2024 1411 2284 1483 Olympus
2310 1412 2469 1466 tantis
2495 1412 2777 1468 ardoribus
2803 1423 3050 1480 :estuant,
3073 1427 3131 1473 ut
3148 1418 3409 1489 juveniles

1833 1500 2082 1555 medullae
2105 1503 2228 1557 vino
2254 1503 2446 1572 plenae,
2471 1511 2525 1558 et
2543 1503 2766 1573 dapibus
2792 1504 3153 1563 inflammatas.
3179 1510 3409 1566 Avaritia

1833 1590 2071 1645 calcatur
2105 1606 2133 1644 a
2170 1592 2480 1662 plerisque,
2522 1602 2576 1646 et
2617 1608 2738 1647 cum
2790 1596 3062 1664 marsupio
3103 1597 3406 1669 deponitur.

1832 1678 2141 1734 Maledicam
2166 1681 2398 1750 linguam
2428 1681 2680 1735 indictum
2703 1683 2949 1737 emendat
2978 1687 3267 1741 silentium.
3288 1687 3410 1743 Cul-

1833 1778 1917 1823 tus
1951 1771 2195 1839 corporis
2232 1781 2287 1825 et
2329 1770 2541 1825 habitus
2569 1772 2794 1826 vestium
2816 1813 2831 1836 ,
2862 1773 3019 1827 ttnius
3058 1775 3206 1831 hora:
3238 1777 3411 1847 spatio

1829 1869 2208 1914 commutatur.
2250 1860 2440 1914 Omnia
2484 1860 2585 1914 alia
2632 1872 2849 1929 peccata
2884 1864 3221 1919 extrinsecus
3250 1877 3408 1932 sunt;

1830 1950 1884 1997 et
1911 1943 2052 2012 quod
2100 1941 2229 1997 furis
2257 1953 2374 2009 est,
2408 1942 2564 1997 facile
2592 1944 2860 2012 abjicitur.
2892 1943 3014 2000 Sola
3055 1946 3219 2003 libido
3256 1950 3407 2005 insita

1829 2047 1859 2087 a
1901 2034 2043 2097 Deo,
2085 2034 2155 2088 ob
2201 2033 2494 2088 liberorum
2533 2035 2957 2103 procreationem
2983 2079 2996 2101 ,
3029 2039 3073 2093 si
3113 2036 3248 2093 fines
3284 2054 3405 2093 suos

1831 2136 2046 2193 egressa
2079 2122 2273 2188 fuerit,
2303 2122 2566 2177 redundat
2608 2124 2661 2177 iu
2702 2124 2919 2193 vitium,
2950 2136 3004 2181 et
3035 2128 3263 2196 quadam
3293 2128 3407 2200 lege

1833 2226 2034 2269 natura:
2075 2214 2129 2268 in
2179 2215 2377 2268 coitum
2424 2214 2587 2283 gestit
2628 2230 2936 2286 erumpere.
2982 2217 3212 2273 Grandis
3254 2219 3413 2290 igitur

1833 2305 2043 2359 virtutis
2084 2312 2200 2369 est,
2241 2311 2296 2357 ct
2336 2302 2579 2357 sollicitae
2617 2302 2938 2375 diligentiae,
2972 2320 3228 2377 superare
3266 2312 3408 2379 quod

1833 2406 1956 2450 nata
1982 2396 2056 2450 sis
2084 2414 2098 2451 :
2121 2395 2173 2448 in
2198 2408 2378 2459 carne,
2411 2408 2515 2447 non
2545 2395 2837 2450 carnaliter
2865 2396 3048 2452 vivere
3072 2416 3086 2451 :
3112 2408 3283 2454 tecum
3309 2414 3409 2469 pu-

1831 2502 1995 2556 gnare
2023 2484 2295 2555 quotidie,
2326 2493 2381 2541 et
2407 2485 2666 2540 inclusum
2699 2484 2906 2541 hostem
2945 2487 3073 2557 Argi
3103 2487 3183 2560 (ut
3218 2488 3410 2545 fabula:

1832 2573 2028 2648 ferunt)
2053 2587 2265 2630 centum
2305 2576 2474 2631 oculis
2509 2577 2816 2632 observare.
2851 2577 2963 2634 Hoc
2987 2578 3235 2649 estquod
3262 2582 3409 2650 Apo-

1831 2669 2000 2723 stolus
2025 2667 2201 2723 verbis
2225 2666 2344 2722 aliis
2366 2666 2683 2736 loquebatur
2707 2686 2752 2722 τι
2780 2670 2950 2724 Omne
2972 2680 3248 2739 peccatum
3269 2674 3409 2743 quod

1835 2760 2012 2814 fecerit
2038 2760 2219 2825 homo,
2249 2768 2404 2814 extra
2427 2774 2623 2829 corpus
2645 2769 2749 2815 est.
2772 2761 2872 2827 Qui
2894 2771 3071 2817 autem
3093 2761 3389 2820 fornicatur

1832 2853 1884 2908 in
1910 2867 2103 2922 corpus
2128 2867 2280 2906 suum
2304 2859 2486 2920 peccat
2508 2869 2528 2903 ι
2551 2850 2625 2923 (ἓ.
2652 2851 2771 2906 Cor.
2794 2854 2848 2907 6.
2879 2852 2986 2925 18).
3019 2855 3179 2908 Aiunt
3196 2855 3405 2923 medici,

1831 2953 1886 2999 et
1913 2944 2002 3015 qui
2039 2943 2107 2997 de
2142 2941 2497 2996 humanorum
2539 2955 2824 3009 corporum
2870 2944 3134 3011 scripsere
3172 2947 3408 3009 naturis.

1832 3036 2206 3107 prrecipueque
2226 3034 2460 3090 Galenus
2484 3032 2537 3087 in
2563 3031 2737 3098 libris,
2756 3047 2977 3101 quorum
3003 3034 3184 3090 titulus
3203 3046 3307 3106 περι
3331 3036 3411 3109 (d)

1832 3124 2050 3197 hunc»:
2079 3126 2305 3198 (Caleni
2330 3124 2444 3180 libri
2471 3122 2535 3178 de
2567 3122 2781 3177 'l'ucnda
2818 3124 3090 3196 sanitate),
3123 3141 3410 3196 puerorum

1832 3231 1885 3277 et
1906 3220 2181 3291 juvenum,
2210 3232 2272 3271 ac
2300 3215 2550 3287 perfecta:
2571 3214 2747 3269 artatis
2766 3213 3002 3269 virorum
3026 3215 3414 3289 mulierumque

1832 3325 2057 3380 corpora
2088 3307 2158 3381 (ε)
2188 3307 2349 3362 insito
2385 3306 2564 3362 calore
2602 3304 2843 3369 fervere,
2875 3313 2930 3360 et
2967 3305 3155 3361 noxios
3181 3319 3304 3363 esse
3332 3307 3413 3363 bis

1831 3402 2077 3458 aetatibus
2096 3399 2268 3465 cibos,
2287 3398 2380 3469 qui
2398 3398 2631 3453 calorem
2654 3406 2912 3467 augeant;
2943 3397 3264 3469 sanitatique
3284 3413 3414 3455 con-

1831 3496 2025 3552 ducere
2053 3491 2246 3563 frigida
2273 3506 2500 3562 quasque
2539 3491 2590 3544 in
2630 3505 2725 3545 esu
2764 3499 2819 3546 et
2850 3498 2976 3560 potu
3005 3505 3237 3548 sumere.
3264 3487 3416 3550 Sicut

1830 3602 1862 3641 e
1890 3584 2160 3641 contrario
2184 3582 2402 3638 senibus
2427 3622 2442 3648 ,
2472 3579 2560 3651 qui
2588 3579 2775 3650 pituita
2818 3579 3062 3635 laborant
3095 3592 3151 3637 et
3182 3579 3374 3653 frigore
3394 3628 3409 3648 ,

1831 3675 2033 3732 calidos
2056 3674 2225 3739 cibos,
2256 3681 2313 3726 et
2340 3681 2521 3727 vetera
2550 3671 2673 3725 vina
2715 3668 2992 3740 prodesse.
3026 3669 3179 3727 Unde
3205 3681 3261 3727 et
3289 3672 3410 3729 Sal-

1832 3774 1983 3820 vator
2012 3781 2027 3818 :
2062 3781 2082 3816 ι
2115 3761 2407 3825 Attendite,
2438 3761 2630 3829 inquit,
2658 3758 2835 3823 vobis,
2867 3772 2936 3812 ne
2963 3756 3101 3812 forte
3125 3769 3414 3828 graventur

1831 3855 1994 3910 corda
2030 3861 2211 3908 vestra
2251 3851 2304 3904 in
2346 3848 2563 3917 crapula
2602 3856 2657 3902 et
2693 3847 2987 3912 ebrietate,
3013 3854 3068 3900 et
3086 3849 3230 3903 curis
3257 3848 3414 3919 lllljlls

1834 3946 1955 3999 vita:
1979 3964 1998 3996 ›
2023 3942 2172 4009 (Luc.
2200 3939 2291 3994 2i.
2321 3939 2433 4008 54).
2462 3936 2557 3990 Et-
2604 3936 2768 4007 288
2841 3934 3161 4005 Apostolus:
3190 3952 3211 3988 ι
3236 3935 3415 3995 Nolite

1833 4035 2089 4093 inebriari
2132 4032 2280 4097 vino,
2309 4031 2365 4085 in
2404 4041 2512 4100 quo
2555 4036 2639 4083 est
2684 4027 2896 4082 luxuria
2924 4044 2944 4079 ι
2970 4024 3186 4100 (Ephes.
3217 4028 3272 4085 5.
3300 4030 3411 4102 18).

1833 4128 1945 4184 Nec
1987 4125 2183 4181 mirum
2226 4123 2330 4178 hoc
2368 4120 2585 4193 figulum
2634 4119 2867 4175 sensisse
2907 4118 2975 4174 de
3003 4118 3239 4187 vasculo,
3268 4123 3410 4191 quod

1836 4224 1951 4290 ipse
1978 4215 2266 4272 fabricatus
2292 4222 2410 4279 est,
2441 4226 2560 4267 cum
2587 4212 2747 4267 etiam
2789 4210 3070 4278 Comicus,
3097 4210 3249 4283 cujus
3292 4210 3414 4269 finis

1837 4320 1921 4366 est
1956 4309 2222 4362 humanos
2253 4318 2432 4360 mores
2455 4316 2613 4359 nosse
2638 4313 2797 4374 atque
2824 4302 3149 4368 describere,
3177 4302 3371 4362 dixerit
3396 4323 3411 4361 :

1981 4401 2107 4457 Sine
2127 4399 2304 4455 Cerere
2331 4407 2378 4454 et
2404 4396 2585 4452 Libero
2610 4395 2759 4467 friget
2798 4394 2982 4450 Venus.

2655 4463 2921 4537 (Tenum.
2949 4467 3002 4521 in
3024 4463 3228 4522 Eum.

1898 4583 1969 4646 (c)
2002 4582 2118 4646 Mss.
2144 4580 2250 4646 fere
2273 4592 2476 4646 omnes,
2515 4586 2663 4642 atque
2681 4577 2809 4646 _edit_i
2846 4578 3145 4646 vetustiores
3171 4576 3415 4646 incentiva

1835 4638 2146 4696 ess‘e'adsero
2167 4639 2429 4704 voluptatis
2444 4653 2463 4691 :
2484 4638 2886 4704 quemadmodum
2913 4638 3139 4704 e_tiam_in_
3153 4639 3418 4704 Aquisgra-

1836 4706 1976 4755 nensi
2001 4704 2213 4765 Concilio
2244 4699 2322 4765 aii.
2346 4702 2457 4753 816.
2495 4699 2525 4751 ἐι
2544 4714 2642 4765 quo
2672 4700 2830 4764 potior
2873 4700 3017 4762 hujus
3052 4699 3283 4762 Epistolaa
3304 4699 3420 4764 pars

1836 4767 2126 4817 exscriliitur
2159 4764 2244 4813 lib.
2282 4763 2330 4810 2.
2563 4763 2576 4765 ⁷
2676 4763 2686 4764 ί
3308 4763 3313 4764 ί
3470 4792 3478 4798 .

1899 4829 1978 4891 (d)
2008 4828 2283 4891 Perperamg
2299 4826 2552 4885 hucusque
2574 4821 2759 4891 vulgati
2779 4834 2861 4885 αρι
2879 4831 3042 4891 δῄῳ..
3059 4818 3220 4891 veteri
3245 4818 3421 4891 editio-

1834 4878 1920 4950 ne;
1944 4878 2039 4952 dua
2060 4878 2201 4952 ετὲρθ,
2216 4888 2415 4952 utimur.
2440 4878 2759 4952 εὶρθνὶεζεξ
2782 4878 2877 4952 Oti.“
2894 4878 2919 4942 ι’
2934 4878 3272 4952 θξηξθξὲιξιθ..ρ
3297 4879 3413 4952 lis?-

1833 4937 1995 5013 ὁᾷιῖνῶ
2012 4937 2332 5006 restituimus,
2357 4937 2430 4995 sic
2453 4937 2582 5013 enini
2612 4937 2763 5013 habet
2787 4937 2931 4991 etiam
2966 4938 3189 5013 galinleli
3358 4944 3419 5013 t_i-

1834 4998 1985 5073 tulus,
2010 4998 2065 5060 et
2082 4998 2340 5073 praeterea
2361 5016 2494 5073 tuum
2519 5003 2725 5073 plurium
2746 5013 2954 5051 numero
2975 4998 3150 5051 Grece
3170 5011 3270 5051 non
3290 5001 3414 5051 diel—

1834 5086 1959 5131 mus,
1972 5063 2116 5122 'sicut'
2133 5081 2296 5131 neque
2316 5063 2487 5131 Latine
2510 5063 2821 5131 ualetudinem

1892 5122 1962 5195 (c)
1989 5122 2507 5195 Variat_Ci_sterci_ens.
2553 5122 2842 5195 exemplar,
2878 5122 3164 5195 autﬂpotius
3206 5129 3417 5195 peccat;

1892 5154 1962 5195 te)
1999 5154 2156 5182 V'drlut.
2198 5154 2507 5180 btucrucua-
2553 5154 2794 5185 unc-"pun
2878 5154 2963 5171 συ..
3003 5154 3164 5183 γνωμσ
3208 5154 3376 5183 γυναι,
3401 5161 3417 5183 ν

1836 5196 2003 5256 primo,
2019 5193 2151 5241 enim
2174 5188 2512 5256 h_eic__verbum
2535 5188 2803 5251 conducere
2826 5154 3099 5256 interserit,
3126 5189 3226 5256 tum
3249 5184 3420 5256 sub‘sir

1836 5244 2008 5323 quenti
2035 5264 2180 5302 versu
2204 5249 2327 5312 legit
2347 5247 2590 5298 contrario
2610 5255 2763 5295 sensu
2778 5277 2798 5304 ,
2820 5244 3105 5305 mulatith
3129 5254 3304 5294 nocere
3323 5244 3418 5308 fn-

1836 5316 1974 5485 qui?)
2005 5375 2104 5447 Pro
2139 5370 2371 5441 Olympo,
2400 5377 2553 5430 quem
2594 5362 2793 5433 ignibus
2833 5362 3010 5415 ardere
3047 5375 3145 5414 non
3170 5362 3419 5438 legimus,

1837 5439 1948 5485 doct
1988 5438 2077 5485 viri
2098 5429 2489 5483 substitueudum
2514 5432 2681 5485 putaut
2703 5424 3028 5483 Chnnmram,
3050 5425 3201 5476 Tauri
3245 5428 3419 5478 montis

1837 5424 1971 5498 docti
1988 5436 2077 5485 viri
2098 5424 2489 5498 subaudiendum
2514 5424 2681 5498 pulsiut
2699 5424 2999 5498 IChRmvfam
3013 5459 3028 5483 ,
3050 5425 3201 5498 Tauri
3224 5424 3422 5498 *φθορὰ

1840 5485 1892 5548 in
1911 5485 2070 5557 Lycia,
2094 5497 2167 5557 de_
2180 5507 2276 5557 qua
2297 5485 2592 5557 Pompimius
2614 5485 2851 5557 ῃθιῃίζι.
2882 5486 2922 5538 ι.
2947 5498 3055 5557 cap.
3218 5486 3422 5557 «Licia,

1839 5547 2014 5622 inquit,
2049 5547 2310 5622 ut_ferunt
2350 5547 2571 5622 iuliastata
2594 5547 2711 5599 olim
2734 5550 2984 5622 Chimaerae
3008 5547 3259 5622 ignibus“,
3291 5547 3422 5622 Sid'gi

1904 5608 1981 5684 itu
2001 5608 2071 5668 'et
2105 5616 2253 5667 Tauri
2280 5614 2606 5684 promuntorio
2631 5611 2874 5684 grandem
2895 5608 3070 5660 sinum"
3087 5608 3286 5684 claudit.
3309 5625 3335 5658 ι
3363 5610 3422 5662 ΕΙ

1882 5682 2049 5744 liuius,
2082 5698 2103 5726 ι
2117 5690 2255 5729 mons
2275 5673 2511 5730 Chimara
2536 5673 2759 5724 noctibus
2780 5673 3006 5737 llagmns,
3019 5689 3042 5719 ι
3073 5678 3170 5725 etc.
