4078 6198
667 340 767 370 792‘!

665 364 770 394 ἱιέὶο)

742 459 827 512 ll).
873 452 1004 518 Quid
1042 444 1290 499 uitandum
1332 434 1590 501 iuvenibus
1632 447 1681 481 in
1726 428 1865 480 cibis.
1899 453 1968 463 ——
1997 422 2231 476 Primum

672 551 850 621 igitur,
876 512 922 597 si
952 552 1125 593 tamen
1158 527 1420 586 stomachi
1452 527 1533 595 (a)
1561 521 1783 576 ﬁrmitas
1824 516 2043 587 patitur,
2074 512 2249 567 donec

671 614 931 711 (puellares
953 640 1123 684 annos
1150 634 1422 681 transeas,
1450 629 1642 686 aquam
1670 614 1725 666 in
1754 619 1881 679 potu
1909 619 2062 709 sume
2081 645 2097 669 ,
2128 616 2249 711 quae

672 694 854 784 initura
881 717 1219 791 frigidissima
1245 721 1352 769 est.
1382 712 1484 764 Aut
1504 707 1548 761 si
1576 705 1679 759 hoc
1707 699 2041 791 imbecillitas
2062 694 2247 764 prohi-

672 820 789 876 bet,
820 789 1095 866 audi'cum
1126 803 1448 860 Timotheo:
1479 816 1499 848 ι
1535 796 1672 850 Vino
1701 789 1912 848 modico
1938 795 2092 842 utere
2123 796 2247 876 pro-

670 874 788 976 pter
812 899 1171 962 stomachum,
1198 903 1253 949 et
1278 894 1588 961 frequentes
1613 896 1731 940 tuas
1755 880 2094 976 inﬁrmitates
2121 894 2142 928 ι
2172 874 2246 945 (1.

669 969 808 1051 Ῠὶηι.
853 993 908 1050 5.
956 988 1075 1058 2‘5).
1125 983 1328 1041 Deinde
1366 982 1420 1035 in
1466 978 1597 1048 ipsis
1633 975 1769 1030 cibis
1810 969 1982 1026 calida
2027 978 2255 1058 quaeque

671 1086 848 1143 devita
877 1102 893 1139 :
925 1056 1039 1136 non
1058 1079 1233 1134 solum
1260 1074 1329 1129 de
1355 1069 1607 1128 carnibus
1637 1066 1845 1136 loquor,
1874 1074 2037 1131 super
2061 1056 2255 1127 quibus

675 1195 769 1234 vas
809 1173 1091 1233 electionis
1132 1166 1337 1241 profert
1372 1160 1698 1220 sententiam
1728 1176 1742 1210 :
1778 1175 1798 1208 ι
1833 1156 2038 1211 Bonum
2064 1158 2147 1205 est
2170 1147 2253 1241 vi:

678 1286 808 1327 num
845 1282 953 1325 non
989 1237 1209 1326 bibere,
1238 1269 1293 1315 ct
1328 1269 1549 1314 carnem
1581 1267 1688 1307 non
1719 1246 2075 1309 manducare;
2109 1260 2130 1293 ι
2160 1237 2255 1294 sed

676 1367 840 1423 etiam
864 1364 918 1418 in
945 1360 1076 1430 ipsis
1099 1352 1452 1427 leguminibus
1477 1344 1714 1403 inﬂantia
1733 1354 1979 1412 quasque,
2001 1344 2057 1430 et
2078 1331 2259 1405 gravia

681 1458 773 1532 [aL
802 1428 1037 1528 gravida]
1061 1444 1376 1504 declinanda
1404 1448 1529 1497 sunt
1555 1455 1570 1491 :
1600 1435 1841 1506 nihilque
1868 1433 1941 1487 ita
1968 1428 2107 1532 scias
2131 1439 2262 1480 con-

679 1521 883 1605 ducere
909 1521 1227 1601 Christianis
1265 1529 1699 1592 adolescentibus
1718 1570 1735 1591 ,
1766 1535 1826 1581 ut
1851 1536 2003 1580 esum
2028 1521 2258 1577 olerum.

688 1639 840 1696 Unde
871 1645 928 1692 et
959 1637 1013 1689 in
1052 1632 1161 1687 alio
1190 1630 1312 1684 loco
1338 1643 1354 1679 :
1388 1645 1407 1677 ι
1437 1623 1540 1691 Qui
1570 1621 1814 1675 inﬁrmus
1835 1622 1951 1679 est,
1978 1612 2088 1676 ait,
2117 1608 2262 1661 olera

688 1730 973 1786 manducet
1004 1745 1023 1779 ι
1062 1724 1239 1788 (Rom.
1280 1720 1363 1774 14.
1393 1717 1485 1786 9.);
1516 1713 1784 1780 ardorque
1805 1717 2089 1774 corporum
2115 1697 2263 1768 frigi-

688 1820 929 1875 dioribus
959 1815 1133 1886 epulis
1162 1806 1545 1880 temperandus
1577 1812 1679 1858 est.
1720 1801 1811 1854 Sic
1844 1797 1938 1870 [aL
1969 1793 2054 1866 Si]
2090 1801 2267 1886 autem

694 1927 800 1968 tres
829 1880 1062 1980 pueri-et
1099 1901 1286 1959 Daniel
1322 1895 1677 1969 leguminibus
1717 1888 2085 1946 vescebantur.
2115 1880 2269 1938 Pueri

692 1976 881 2065 erant,
909 1997 1136 2054 necdum
1168 1993 1246 2067 (ιθ)
1275 1990 1344 2046 ad
1381 1986 1706 2055 sartaginem
1747 1987 2037 2044 venerant,
2077 1976 2132 2029 in
2168 1987 2272 2043 qua

695 2109 788 2148 rex
819 2088 1142 2161 Babylonius
1181 2096 1343 2139 senes
1379 2078 1587 2150 iudices
1624 2075 1789 2129 frixit.
1818 2070 1983 2126 Nobis
2014 2081 2121 2122 non
2150 2078 2273 2161 cor-

669 2183 841 2251 ,poris
877 2155 1089 2240 cultus,
1117 2175 1208 2246 qui
1250 2174 1305 2228 in
1349 2171 1455 2227 illis
1491 2170 1738 2239 (excepto
1778 2159 2057 2234 privilegio
2092 2155 2277 2251 gratia:

695 2248 812 2344 Dei)
838 2286 907 2327 ex
927 2263 1294 2338 hujuscemodi
1317 2262 1455 2318 cibis
1477 2260 1773 2321 enituerat;
1800 2253 1895 2310 sed
1920 2252 2111 2344 anima:
2125 2248 2280 2344 vigor

688 2341 970 2437 ‘qumritur,
998 2375 1120 2431 qua:
1158 2356 1338 2414 carnis
1381 2352 1685 2409 inﬁrmitate
1723 2347 1781 2402 fit
1809 2345 2014 2402 fortior.
2046 2341 2174 2399 Inde
2197 2348 2280 2394 est

695 2431 841 2529 quod
875 2451 1118 2508 nonnulli
1147 2450 1310 2504 vitam
1336 2445 1580 2516 pudicam
1607 2438 1991 2511 appetentium,
2020 2435 2073 2490 in
2105 2431 2282 2529 medio

700 2523 873 2602 tinere
920 2548 1219 2605 corruunt,
1249 2538 1377 2593 dmn
1420 2536 1588 2590 solam
1628 2530 2004 2587 abstinentiam
2042 2523 2282 2580 carnium

702 2644 921 2707 putant;
949 2642 1013 2688 et
1030 2629 1386 2702 leguminibus
1406 2633 1632 2680 onerant
1652 2620 2010 2682 stomachum,
2031 2632 2149 2687 qua:
2170 2630 2287 2669 mo-

705 2703 979 2782 inoderatc
1000 2735 1262 2793 parceque
1283 2723 1516 2786 sumpta,
1544 2712 1757 2768 innoxia
1785 2720 1929 2765 sunt.
1955 2709 2041 2774 Et,
2066 2703 2285 2775 utquod

704 2819 879 2874 sentio
908 2817 1117 2886 loquar,
1148 2811 1278 2866 nihil
1306 2810 1384 2864 sic
1418 2806 1713 2862 inflammat
1738 2816 1962 2872 corpora
1984 2843 2000 2869 ,
2031 2809 2085 2856 et
2115 2799 2289 2853 titillat

706 2908 945 2965 membra
984 2903 1231 2975 genitalia
1252 2943 1267 2968 ,
1297 2900 1435 2955 sicut
1464 2897 1759 2966 indigestus
1782 2893 1934 2947 cibus
1957 2933 1973 2959 ,
2001 2900 2291 2959 ructusque

705 2997 1013 3054 convulsus.
1045 2992 1180 3048 Malo
1204 2989 1342 3060 apud
1372 2998 1441 3053 te,
1474 2987 1603 3053 ﬁlia,
1635 2981 1954 3041 verecundia
1982 2994 2286 3051 parumper,

706 3105 868 3163 quam
895 3100 1054 3142 causa
1100 3080 1413 3153 periclitari.
1453 3078 1713 3147 Qurnomn
1753 3072 2099 3129 seminarium
2140 3070 2289 3124 volu-

710 3191 913 3254 ptatnm
952 3186 1070 3242 est,
1101 3186 1364 3229 venenum
1401 3178 1546 3241 puta.
1580 3167 1780 3221 Parcus
1805 3164 1960 3220 cibus
1981 3203 1997 3227 ,
2029 3171 2082 3217 et
2109 3170 2295 3216 venter

710 3253 924 3344 semper
949 3268 1229 3333 esuriens,
1259 3262 1519 3322 triduanis
1545 3259 1763 3330 jejuniis
1839 3256 2003 3329 289
2074 3253 2297 3324 praefer-

716 3379 841 3432 tur;
868 3373 926 3421 et
948 3362 1116 3418 multo
1155 3358 1349 3415 melius
1377 3363 1459 3409 est
1487 3351 1725 3423 quotidie
1754 3363 1963 3418 parum,
1994 3362 2151 3417 quam
2174 3359 2297 3400 raro

712 3458 846 3513 satis
872 3468 1107 3511 sumere.
1132 3450 1312 3505 Pluvia
1342 3446 1430 3501 illa
1458 3443 1658 3512 optima
1687 3449 1789 3503 est,
1815 3455 1935 3509 qua:
1973 3437 2171 3492 sensim
2197 3437 2294 3493 de—

715 3548 926 3605 scendit
969 3547 1023 3601 in
1064 3553 1281 3597 terram.
1314 3536 1533 3592 Subitus
1559 3542 1614 3589 ct
1641 3530 1839 3588 nimius
1867 3530 2037 3585 imber
2071 3530 2125 3584 in
2164 3544 2299 3599 prae-

715 3655 842 3711 ceps
867 3652 994 3694 arva
1016 3632 1298 3690 subvertit.
1974 3630 1979 3635 λ

787 3734 879 3789 11.
920 3726 1145 3796 Quando
1171 3720 1431 3785 comedis,
1453 3719 1625 3785 cogita
1644 3714 1789 3787 quod
1814 3714 1995 3769 statim
2013 3713 2104 3768 tibi
2135 3727 2298 3768 oran-

717 3826 868 3888 dum,
908 3821 1054 3876 illico
1079 3827 1134 3872 et
1184 3811 1465 3885 legendum
1516 3809 1605 3864 sit.
1645 3808 1721 3862 De
1767 3804 2060 3875 Scripturis
2101 3804 2303 3859 sanctis

721 3918 916 3973 habeto
941 3913 1104 3967 ﬁxum
1134 3920 1387 3964 versuum
1410 3915 1730 3963 numerum;
1772 3896 1910 3952 istud
1943 3911 2165 3965 pensum
2194 3897 2300 3949 Do-

722 4010 868 4065 mino
899 4015 991 4060 tuo
1016 4000 1202 4056 rcddc.
1229 3998 1337 4052 Nec
1369 4004 1493 4048 ante
1517 3990 1683 4061 quieti
1727 3989 1964 4044 membra
2013 3986 2301 4053 concedas,

722 4112 883 4168 quam
912 4092 1181 4149 calathum
1214 4086 1443 4157 pectoris
1475 4084 1586 4145 tui,
1616 4082 1718 4137 hoc
1744 4081 2083 4152 subtegmine
2114 4080 2301 4149 imple-

724 4187 886 4242 veris.
928 4183 1056 4236 Post
1100 4178 1399 4248 Scripturas
1447 4182 1660 4230 sanctas
1698 4172 1977 4229 doctorum
2027 4171 2300 4225 hominum

725 4286 979 4335 tractatus
1006 4274 1119 4344 lege
1148 4290 1161 4326 :
1191 4286 1375 4327 eorum
1403 4269 1703 4331 dumtaxat,
1732 4281 1959 4336 quorum
2016 4263 2150 4319 ﬁdes
2181 4272 2305 4317 nota

726 4382 829 4427 est.
862 4370 977 4424 Non
1000 4380 1219 4423 necesse
1249 4362 1414 4418 habes
1442 4376 1629 4415 aurum
1650 4362 1702 4414 in
1737 4360 1850 4413 luto
1870 4372 2145 4428 quarrere;
2177 4355 2306 4408 mul-

728 4467 795 4517 tis
826 4458 1144 4530 margaritis,
1178 4469 1340 4509 unam
1367 4452 1570 4508 redime
1595 4450 1957 4519 margaritam.
1985 4447 2076 4503 Sta
2101 4489 2116 4513 ,
2154 4447 2303 4512 juxta

727 4552 1035 4615 .Icrctniam,
1068 4549 1118 4602 in
1139 4548 1237 4600 viis
1260 4544 1496 4615 pluribus
1519 4541 1729 4611 (lerant.
1763 4540 1817 4595 6.
1844 4539 1957 4610 16),
1982 4548 2040 4594 ιιι
2065 4537 2131 4592 ad
2163 4537 2306 4591 illam

730 4649 867 4699 viam
896 4656 1013 4710 qme
1039 4639 1103 4693 ad
1126 4637 1337 4693 Patrem
1370 4634 1476 4706 [aL
1510 4631 1762 4703 patriam]
1792 4630 1958 4692 ducit,
2000 4630 2303 4698 pervenias.

729 4738 984 4789 Amorem
1007 4728 1281 4783 Invnilium
1316 4734 1473 4794 atque
1501 4738 1866 4791 gemmarum,
1911 4722 2308 4789 sericarumque

729 4823 953 4878 vestium
977 4859 991 4884 ,
1025 4815 1254 4872 transfer
1280 4813 1347 4867 ad
1376 4810 1652 4866 scientiam
1679 4810 2098 4878 Scripturarum.
2134 4806 2311 4878 Ingre-

728 4916 856 4969 dere
878 4921 1071 4966 terram
1095 4904 1549 4977 repromissionis.
1584 4902 1720 4957 laete
1738 4909 1791 4954 et
1821 4899 1981 4954 melle
2008 4908 2309 4954 manantem

724 5006 745 5074 (
771 5000 939 5057 Exod.
960 4998 1053 5068 2).
1080 4992 1319 5052 Comede
1360 4992 1590 5045 similam
1622 5000 1678 5045 et
1701 4992 1881 5043 oleum
1915 5007 1927 5043 :
1964 4990 2161 5044 vestire
2187 5006 2308 5044 cum

734 5090 928 5160 loseph
973 5087 1130 5142 Variis
1176 5081 1499 5139 indumentis
1546 5078 1748 5150 (Cenes.
1784 5080 1923 5148 37):
1974 5079 2313 5149 perforentur

728 5314 746 5363 ἱ
780 5255 868 5369 [2(a)
902 5251 1088 5361 Eodem
1111 5262 1279 5306 sensu,
1303 5248 1392 5297 sed
1426 5245 1549 5296 ferte
1591 5248 1754 5297 verius
1784 5247 1882 5295 duo
1920 5245 2033 5296 Mss.
2075 5244 2313 5295 stomachi

747 5327 777 5363 ιι
821 5326 911 5364 mu
933 5326 1005 5361 as.

747 5321 830 5364 uti:
845 5321 1005 5364 nutus.

794 5376 866 5436 (υ)
903 5372 1194 5422 Rectissime
1232 5368 1797 5436 Victorius___sartugnient
1822 5368 2048 5436 hoclom
2071 5370 2213 5429 inter)
2232 5380 2313 5417 re-

732 5429 859 5482 tatu'
879 5445 1131 5482 accensam
1148 5491 1151 5492 ν
1169 5439 1318 5492 atque
1361 5429 1682 5479 cbullientein
1708 5431 1778 5492 ad
1822 5431 2049 5492 libidines
2076 5442 2307 5492 carnem.

732 5494 896 5541 Senes
928 5505 1047 5540 vero
1072 5488 1289 5552 iudices,
1316 5492 1582 5552 Achahum,
1610 5499 1663 5540 et
1696 5491 1989 5541 Sedechiam
2022 5490 2171 5538 fuiSsc
2210 5488 2311 5552 He-

734 5554 978 5599 brzeorum
1004 5550 1193 5598 traditio
1216 5557 1292 5599 est
1308 5585 1323 5608 ,
1348 5550 1455 5612 illos
1476 5555 1675 5600 costum
1691 5588 1703 5606 ,
1736 5555 1819 5612 qui
1858 5553 2093 5612 Susanna:
2128 5550 2311 5611 pudici-

734 5615 861 5672 tiam
886 5614 1136 5672 tentarunt
1157 5644 1171 5672 _,
1188 5611 1610 5672 .quosJer-cmias
1634 5610 1840 5672 quidem
1874 5613 1991 5672 igne
2026 5610 2277 5672 damnatos
2296 5649 2310 5668 ,

736 5664 917 5733 Daniel
940 5676 1055 5733 vero
1078 5664 1304 5733 lapidatus
1327 5670 1458 5715 dicit.
1486 5668 1605 5717 Vide
1630 5664 1974 5732 Hieronymum
2000 5673 2047 5719 in
2064 5664 2312 5720 Continere

734 5728 872 5777 tarus
897 5726 943 5772 in
969 5730 1227 5783 utrumque
1254 5724 1422 5773 locum.

1953 306 2196 365 SANCTI
2238 297 2635 359 lllERONYMI.

3849 292 3962 347 536

2351 428 2513 467 aures
2543 423 2645 465 tu:e
2670 426 2792 466 cum
2821 409 3114 464 Jerusalem
3152 421 3399 463 sermone
3428 405 3558 471 Dei;
3590 412 3654 459 ιιι
3701 406 3957 474 pretiosa

2349 519 2415 557 ex
2462 503 2570 556 illis
2622 515 2880 555 novarum
2936 507 3177 568 segetum
3216 511 3382 566 grana
3430 494 3808 565 dependeant.
3843 496 3956 550 lla-

2352 596 2446 650 bes
2471 594 2541 665 (c)
2568 593 2825 650 Sanctum
2846 590 3224 659 Exsuperium,
3257 588 3498 657 probate
3519 585 3701 641 aetatis
3720 596 3781 641 et
3798 586 3957 655 ﬁdei,

2351 687 2442 755 qui
2475 696 2526 740 te
2544 683 2762 739 monitis
2790 682 2903 736 suis
2934 681 3243 750 frequenter
3269 678 3533 733 instituat.

2429 776 2512 831 12.
2553 775 2662 830 Fac
2692 774 2785 829 tibi
2827 772 3031 826 amicos
3057 771 3128 824 de
3154 770 3337 838 iniquo
3360 782 3692 834 mammona,
3753 768 3859 840 qui
3906 777 3962 825 te

2355 869 2614 938 recipiant
2631 867 2686 920 in
2708 874 2909 920 aeterna
2933 862 3273 918 tabernacula
3305 859 3460 930 (Luc.
3491 860 3603 931 16).
3628 858 3745 916 Illis
3772 862 3963 917 tribue

2354 958 2566 1014 divitias
2594 966 2732 1022 tuas,
2775 955 2869 1026 qni
2899 969 3005 1007 non
3037 951 3297 1008 Phasides
3324 965 3485 1014 aves,
3537 951 3634 1006 sed
3677 949 3959 1007 cibarium

2356 1064 2548 1120 panem
2576 1045 2895 1110 comedant;
2918 1044 3008 1114 qui
3038 1043 3236 1098 famem
3276 1041 3545 1110 expellat,
3573 1057 3680 1096 non
3705 1042 3806 1112 qni
3854 1057 3960 1096 au-

2356 1150 2480 1210 geat
2507 1138 2793 1193 luxuriam.
2838 1134 3083 1204 Intellige
3109 1147 3276 1202 super
3300 1146 3531 1201 egenum
3561 1140 3620 1186 et
3654 1146 3960 1205 pauperem

2358 1231 2532 1304 (Psat.
2557 1230 2673 1301 10).
2691 1228 2850 1284 Omni
2877 1226 3078 1298 petenti
3097 1235 3170 1289 te,
3189 1225 3257 1278 da
3277 1239 3293 1288 ;
3316 1223 3413 1278 sed
3433 1224 3664 1277 maxime
3681 1223 3959 1278 domosd-

2358 1323 2437 1377 cis
2465 1321 2587 1376 ﬁdei
2611 1338 2625 1373 :
2655 1319 2856 1375 nudum
2885 1318 3044 1381 vesti,
3069 1317 3397 1372 esurientem
3424 1315 3565 1378 ciba.
3596 1325 3959 1386 aegrotantem

2363 1414 2516 1467 visita
2555 1410 2707 1485 (Luc.
2738 1411 2819 1481 6).
2887 1409 3346 1477 Quotiescumque
3399 1421 3614 1462 manum
3663 1408 3957 1469 extendis.

2362 1504 2632 1559 Christum
2659 1502 2856 1572 cogita.
2888 1499 3032 1555 Cave
3072 1513 3142 1554 ne
3166 1538 3183 1563 ,
3208 1497 3546 1553 mendicante
3571 1498 3804 1553 Domino
3848 1498 3961 1553 Deo

2366 1603 2478 1661 tuo,
2507 1595 2711 1648 alienas
2731 1593 2946 1646 divitias
2973 1605 3192 1662 augeas.

2438 1686 2527 1740 13.
2546 1683 2795 1739 Cavenda:
2813 1685 3058 1757 iuuenum
3082 1680 3534 1752 confabulationes.
3561 1678 3963 1753 Confabulandi

2369 1774 2562 1841 ﬁducia
2576 1774 2631 1827 in
2653 1773 2835 1827 viduis.
2860 1772 3083 1827 Sanctus
3105 1786 3252 1824 antur
3274 1771 3636 1838 impatientiam
3657 1786 3764 1824 non
3781 1772 3959 1824 habet.

2371 1864 2576 1918 Laudes
2621 1863 2889 1917 Eustachii
2910 1862 3139 1933 uirginis.
3166 1860 3501 1916 —.|uvenum
3522 1859 3643 1931 fuge
3658 1861 3960 1917 consortia.

2372 1952 2988 2023 Comatulos,comptos,
3019 1961 3180 2021 atque
3194 1951 3445 2017 lascivos,
3464 1950 3656 2005 domus
3682 1959 3792 2005 tua
3819 1959 3963 2007 tecta

2375 2058 2483 2100 non
2510 2043 2746 2099 videant.
2770 2042 2971 2098 Cantor
2990 2041 3243 2112 pellatur,
3276 2049 3337 2095 ut
3361 2041 3574 2096 noxius.
3603 2040 3878 2097 Fidicinas
3905 2050 3965 2095 et

2377 2136 2648 2206 psaltrias,
2680 2144 2736 2191 et
2760 2133 3067 2190 istiusmodi
3093 2132 3319 2188 chorum
3339 2132 3536 2206 diaboli
3552 2173 3568 2195 ,
3593 2132 3745 2204 quasi
3772 2133 3964 2188 morti-

2379 2194 2491 2280 fera
2507 2194 2810 2281 sirenarum
2835 2223 3077 2280 carmina
3099 2194 3470 2294 proturba'fal.
3491 2194 3659 2276 deviis
3671 2237 3734 2276 ac
3753 2233 3964 2293 protur-

2380 2314 2465 2387 ba]
2489 2329 2556 2370 ex
2584 2314 2792 2370 sedibus
2816 2314 2941 2369 tuis.
2966 2313 3086 2368 Noli
3111 2311 3179 2368 ad
3206 2311 3478 2383 publicum
3502 2311 3729 2366 subinde
3798 2312 3966 2383 2m

2382 2403 2704 2475 procedere,
2734 2412 2790 2458 et
2816 2402 3115 2474 spadonum
3159 2401 3401 2458 exercitu
3447 2409 3735 2471 prmeunte,
3783 2401 3966 2456 Vldua-

2383 2511 2503 2551 rum
2522 2493 2859 2551 circumferri
2875 2494 3145 2549 libertate.
3162 2492 3416 2548 Pessima:
3432 2491 3837 2547 consuetudinis
3855 2502 3961 2557 est,

2384 2603 2506 2643 cum
2546 2586 2751 2659 fragilis
2795 2602 2961 2642 sexus
2989 2596 3046 2642 et
3100 2584 3367 2640 imbecilla
3414 2592 3546 2639 :etas
3579 2597 3677 2637 suo
3742 2583 3966 2638 arbitrio

2386 2679 2640 2744 abutitur,
2673 2686 2730 2733 et
2759 2677 3107 2748 putatlicere,
3134 2676 3276 2747 quod
3301 2675 3453 2732 libet.
3487 2692 3508 2727 ι
3541 2673 3730 2730 Omnia
3750 2674 3964 2744 quidem

2386 2769 2585 2834 licent,
2618 2768 2714 2823 sed
2742 2783 2849 2823 non
2893 2768 3074 2822 omnia
3101 2766 3393 2837 expediunt
3422 2784 3443 2818 ι
3496 2765 3572 2837 (I.
3606 2766 3724 2820 Cor.
3751 2765 3803 2819 6.
3836 2763 3963 2834 l2).

2389 2858 2498 2913 Nec
2526 2867 2839 2928 procurator
2862 2859 3275 2924 calamistratus,
3306 2871 3407 2912 nec
3422 2856 3690 2911 formosus
3712 2856 3967 2912 collacu-

2393 2964 2527 3005 neus
2550 2990 2565 3015 ,
2598 2963 2699 3003 nec
2723 2948 2981 3004 candidus
3007 2948 3117 3021 [ιιι.
3146 2947 3457 3003 candidulus
3482 2944 3502 3018 ]
3542 2955 3598 3002 et
3645 2946 3967 3001 rubicundus

2391 3039 2601 3093 assecla
2629 3038 2902 3093 adluereat
2921 3038 3080 3093 lateri
3107 3046 3222 3092 tuo.
3262 3036 3533 3092 Interdum
3558 3036 3767 3090 animus
3801 3034 3970 3091 domi-

2394 3147 2584 3186 narum
2622 3146 2691 3185 ex
2737 3130 3052 3186 ancillarum
3097 3130 3280 3185 habitu
3319 3129 3606 3198 iudicatur.
3658 3126 3965 3183 Sanctarum

2396 3222 2659 3293 virginum
2690 3229 2744 3276 et
2771 3220 3052 3275 viduarum
3074 3219 3388 3274 societatem
3414 3225 3629 3289 appete.
3684 3217 3752 3273 Et
3778 3217 3823 3273 si
3853 3231 3965 3271 ser-

2399 3305 2703 3363 mocinandi
2732 3321 2856 3362 cum
2890 3304 3019 3360 viris
3045 3303 3349 3360 incubuerit
3372 3303 3689 3366 necessitas,
3741 3300 3968 3357 arbitros

2399 3413 2468 3455 ne
2491 3399 2687 3455 divites
2714 3415 2727 3451 :
2763 3406 3016 3468 tantaque
3041 3395 3419 3452 confabulandi
3444 3393 3640 3449 ﬁducia
3677 3393 3765 3459 sit,
3792 3400 3852 3447 ut
3892 3393 3969 3446 in-

2402 3499 2575 3545 trante
2602 3490 2732 3554 alio,
2763 3503 2867 3545 nec
2917 3503 3144 3559 paveas.
3198 3503 3298 3543 nec
3340 3487 3650 3543 erubescas.
3691 3484 3967 3556 Speculum

2403 3582 2599 3637 mentis
2627 3592 2713 3638 est
2741 3580 2925 3645 facies,
2953 3591 3008 3636 et
3038 3581 3181 3636 taciti
3201 3580 3343 3635 oculi
3368 3578 3549 3634 cordis
3572 3577 3803 3633 fatentur
3824 3591 3970 3632 arca-

2403 3690 2491 3730 na.
2524 3672 2765 3728 Vidimus
2795 3688 2967 3743 nuper
2986 3673 3394 3743 ignominiosum
3434 3670 3718 3741 quemdam
3748 3682 3844 3739 per
3890 3677 3971 3722 to-

2404 3773 2515 3820 tum
2540 3762 2817 3819 Orientem
2838 3764 3092 3818 volitasse
3113 3762 3196 3834 (ά)
3212 3776 3505 3817 rumorem.
3530 3761 3597 3816 Et
3618 3769 3768 3826 mtas,
3793 3768 3847 3815 et
3862 3760 3974 3815 cul-

2407 3867 2512 3923 tus,
2542 3864 2600 3912 et
2630 3855 2865 3921 habitus,
2896 3865 2951 3912 et
2995 3856 3236 3911 incessus
3255 3896 3270 3919 ,
3299 3864 3356 3909 et
3394 3853 3682 3910 indiscreta
3729 3852 3968 3917 societas,

2403 3951 2683 4022 exquisitae
2707 3949 2901 4020 epulae,
2924 3948 3103 4018 regius
3120 3957 3429 4019 apparatus,
3454 3945 3683 4002 Neronis
3701 3953 3756 4001 et
3781 3944 3975 4001 Sarda-

2405 4043 2579 4113 napali
2608 4042 2822 4111 nuptias
2858 4040 3229 4110 loquebantur.
3265 4038 3501 4094 Aliorum
3531 4038 3754 4103 vulnus,
3798 4044 3971 4091 nostr:

2406 4135 2476 4189 sit
2495 4134 2693 4188 cautio.
2727 4151 2747 4183 ι
2769 4132 3059 4187 Pestilente
3074 4130 3371 4198 ﬂagellato,
3390 4128 3465 4201 (e)
3479 4130 3673 4183 stultus
3698 4127 3965 4198 sapientior

2406 4228 2528 4283 erit.
2560 4245 2579 4278 ι
2606 4224 2788 4295 (Prov.
2821 4222 2936 4294 19).
2968 4220 3199 4278 Sanctus
3247 4234 3400 4275 amor
3445 4220 3828 4291 impatientiam
3871 4232 3973 4273 non

2409 4315 2590 4372 habet.
2616 4315 2803 4369 Falsus
2829 4327 3015 4368 rumor
3036 4312 3143 4366 cito
3170 4311 3510 4381 opprimitur,
3559 4318 3616 4366 et
3646 4311 3753 4364 vita
3799 4318 3975 4379 poste-

2410 4409 2521 4464 rior
2541 4407 2747 4480 iudicat
2783 4405 2852 4460 de
2884 4404 3084 4475 priore.
3114 4403 3256 4458 Fieri
3301 4402 3518 4473 quidem
3556 4417 3662 4456 non
3704 4409 3894 4471 potest,
3923 4410 3981 4455 ut

2411 4503 2609 4572 absque
2657 4513 2838 4555 morsu
2866 4498 3178 4565 hominum,
3218 4497 3343 4552 vilic
3384 4495 3544 4567 hujus
3573 4496 3831 4552 curricula
3862 4497 3980 4566 quis

2474 4638 2544 4699 (ε)
2576 4634 2663 4685 Est
2687 4635 2766 4699 hic
2795 4632 3384 4699 Exsuperius'l‘olosanus
3405 4630 3670 4699 Episcomts
3689 4666 3703 4691 ,
3729 4630 3805 4699 cui
3834 4628 3982 4699 etiam

2413 4690 2791 4750 Commentarios
2835 4690 3199 4756 inZachariam
3244 4690 3534 4756 nuncupavit
3574 4690 3713 4741 Hier.
3758 4695 3810 4738 et
3844 4690 3983 4751 cujus

2417 4759 2586 4809 laudes
2621 4756 2775 4818 fusius
2799 4758 2845 4804 in
2867 4755 3082 4818 Epistula
3104 4757 3163 4805 ad
3188 4755 3429 4804 Ruﬂinum
3454 4760 3738 4816 prosecutus
3764 4758 3857 4800 est.

2477 4820 2556 4882 (d)
2590 4818 2728 4882 Haud
2750 4810 2951 4882 dubium
2975 4818 3093 4878 quin
3118 4818 3167 4865 in
3208 4818 3298 4866 huc
3322 4810 3466 4882 voce:
3481 4824 3719 4882 rumore!"
3735 4810 3982 4882 utendum

2415 4871 2581 4939 cubet,
2608 4880 2692 4940 qui
2711 4880 2840 4940 enim
2865 4871 3057 4940 videtur
3079 4891 3242 4940 rumor
3265 4887 3411 4939 atque
3434 4873 3650 4940 humanis
3672 4871 3859 4940 habitu,
3887 4885 3985 4919 mo-

2415 4934 2578 4998 ribus,
2597 4934 2651 4988 ei.
2672 4938 2803 4989 cultu
2825 4939 3157 4989 describitur?
3180 4939 3263 4989 Sic
3285 4934 3443 4988 tamen
3468 4934 3732 4998 praeferunt
3751 4944 3849 4998 uno
3870 4946 3983 4983 cou-

2417 4993 2567 5055 sensu
2590 5001 2702 5051 Mss.
2728 5009 2876 5063 atque
2900 5001 3018 5063 editi
3037 5034 3051 5057 ,
3074 5014 3197 5063 quos
3218 5013 3394 5061 magno
3415 4993 3618 5047 numero
3640 4993 3984 5063 cpnsuluinuis,

2418 5074 2470 5115 ut
2512 5065 2575 5113 ab
2621 5056 2810 5112 eorum'
2834 5056 3123 5111 auctoritate
3166 5056 3427 5111 discedere
3469 5072 3562 5108 non
3586 5056 3859 5106 audeamus.
3887 5056 3984 5104 Sed

2417 5126 2610 5189 quando
2634 5124 2823 5185 priores
2851 5124 3065 5189 editores
3103 5122 3271 5189 loc_um_
3286 5123 3414 5171 hunc
3436 5132 3602 5189 neque
3624 5118 3876 5189 mstigant,
3901 5129 3988 5166 ne-

2417 5181 2518 5249 que
2541 5181 2750 5249 tentant,
2774 5197 2864 5233 nos
2883 5184 3093 5249 alterum
3100 5197 3141 5249 _c
3160 5183 3352 5249 duobus
3372 5181 3651 5249 mallemus,
3672 5187 3754 5228 aut
3770 5191 3874 5249 cum
3898 5191 3985 5249 ve-

2420 5239 2606 5297 t'ustiori
2631 5239 2846 5295 editione
2872 5257 3039 5295 vocem
3062 5244 3192 5293 illam
3216 5244 3415 5306 penitus
3436 5239 3655 5302 expungi
3673 5239 3832 5306 ,_quod
3867 5241 3985 5289 citra

2417 5321 2595 5369 sensus
2614 5307 2923 5369 diSpendium
2939 5306 3192 5355 commode
3217 5301 3330 5353 ﬁeri
3357 5301 3547 5366 potest,
3573 5301 3657 5369 aut
3681 5301 3805 5350 illam
3829 5309 3983 5369 trans-

2418 5368 2552 5419 ferre
2583 5369 2642 5419 ad
2681 5358 2898 5431 sequens
2919 5380 3122 5427 comma,
3146 5372 3328 5417 mutata
3353 5358 3757 5431 interpunctione.
3780 5374 3832 5409 ac
3850 5358 3992 5431 lege:-

2419 5444 2476 5480 re
2499 5432 2549 5480 in
2569 5437 2705 5479 recto
2730 5422 2903 5479 It'untor
2923 5434 2969 5479 et
2992 5422 3127 5488 tetas,
3153 5435 3250 5478 etc.
3276 5426 3402 5490 quod
3428 5422 3635 5475 for‘tasse
3657 5424 3835 5482 verius,
3858 5428 3910 5470 et
3930 5422 3989 5468 ad

2420 5492 2473 5540 S.
2502 5491 2727 5541 Doctoris
2748 5498 2966 5540 mentem
2984 5491 3302 5539 scriberetur.

2487 5553 2556 5614 (ε)
2592 5552 2779 5601 Favent
2820 5553 2931 5614 huic
2974 5546 3609 5614 lectiquedfroverbigrum
3656 5543 3853 5614 Codices
3894 5551 3989 5614 tam

2420 5603 2638 5670 Ηιέυἱωῑ,
2663 5625 2807 5674 quam
2839 5612 2993 5674 Graeci
3016 5624 3073 5660 ac
3107 5609 3283 5674 L_u_tiui_,
3310 5615 3361 5657 et
3392 5621 3454 5655 ex
3480 5605 3868 5674 Hieronymianis
3890 5603 3991 5667 ple-

2422 5677 2595 5741 riqne,
2622 5666 2811 5722 tametsi
2838 5673 3021 5721 Erasm.
3047 5684 3102 5720 ac
3139 5671 3444 5719 Martianzrus
3479 5666 3901 5729 uialunt'supietkv
3924 5678 3994 5717 ta-

2426 5742 2646 5793 )‘lt’ﬂllw',
2676 5743 2770 5781 t‘lti.
