4078 6198
167 249 274 307 557

165 371 511 436 pertranseat
542 383 552 416 :
587 359 946 431 maloruttthe
975 357 1220 414 solatium
1245 365 1326 414 est
1355 400 1369 425 ,
1416 359 1584 414 bonos
1627 371 1747 412 car-

168 474 342 528 pere,
393 457 520 512 dum
548 456 874 526 peccantium
926 451 1270 506 multitudine
1323 457 1510 520 putant
1538 448 1750 515 culpam

166 545 348 603 minui
377 555 734 618 peccatorum.
761 542 866 599 Sed
895 553 1068 598 tamen
1091 543 1197 597 cito
1225 542 1364 611 ignis
1391 540 1598 609 stipulae
1620 552 1752 592 cou-

165 637 426 708 quiescit,
479 644 533 690 et
575 634 851 691 exundans
876 633 1088 688 ﬂamma
1113 674 1130 700 ,
1158 630 1532 686 deficientibus
1579 627 1754 683 nutri-

166 726 396 791 mentis,
421 725 674 796 paulatim
707 725 990 780 emoritur.
1037 722 1095 778 Si
1122 737 1264 776 anno
1308 720 1575 792 praterito
1613 717 1751 773 fama

168 817 395 872 mentita
443 823 545 880 est,
570 825 660 870 aut
685 815 729 868 si
757 824 906 869 certe
935 827 1118 870 verum
1149 812 1300 876 dixit,
1323 818 1499 866 cesset
1544 809 1749 871 vitium,

168 905 407 961 cessabit
429 913 486 960 et
524 919 727 960 rumor.
764 905 891 959 Haec
931 904 1072 969 dico,
1105 917 1211 958 non
1241 903 1381 973 quod
1411 902 1477 956 de
1521 910 1575 955 te
1621 899 1749 953 sini-

169 1011 342 1056 strum
371 999 499 1071 quid
526 1010 784 1064 metuam,
809 1000 902 1054 sed
929 998 1071 1069 quod
1104 997 1314 1068 pietatis
1331 996 1522 1050 afl‘ectu
1542 1035 1556 1060 ,
1588 993 1752 1048 etiam

167 1109 290 1162 qua:
316 1099 426 1147 tuta
449 1103 592 1158 sunt,
611 1092 1002 1161 pertimescam.
1031 1088 1076 1144 0
1100 1089 1145 1143 si
1173 1088 1382 1142 videres
1406 1083 1482 1158 (a)
1512 1098 1753 1140 sororem

173 1196 344 1250 tuam,
374 1195 428 1240 et
457 1185 590 1239 illud
617 1183 756 1238 sacri
781 1183 890 1236 oris
933 1181 1200 1251 eloquium
1240 1195 1419 1236 coram
1467 1188 1518 1234 te
1570 1176 1755 1232 audire

167 1278 536 1346 contingeret,
561 1289 810 1330 cerneres
831 1273 884 1326 in
916 1273 1138 1343 parvulo
1166 1269 1481 1340 corpusculo
1511 1269 1754 1339 ingentes

167 1368 408 1420 animos.
441 1351 670 1419 Audires
724 1371 886 1418 totam
917 1363 1112 1418 veteris
1149 1370 1206 1416 et
1254 1361 1376 1415 novi
1425 1357 1752 1414 Testamenti

167 1458 569 1529 supellectilem
596 1473 662 1512 ex
688 1458 829 1511 illius
847 1457 1010 1512 corde
1037 1454 1262 1510 fervere.
1287 1453 1503 1523 Jejunia
1514 1467 1610 1522 pro
1630 1451 1754 1506 ludo

168 1549 366 1613 habet,
405 1551 705 1601 orationem
737 1562 834 1616 pro
877 1545 1100 1601 deliciis.
1151 1545 1320 1600 Tenet
1347 1555 1652 1615 tympanum
1700 1545 1752 1598 in

169 1641 331 1711 291
407 1637 708 1705 exemplum
748 1635 947 1698 Mariae,
971 1645 1025 1690 et
1061 1635 1336 1690 Pharaone
1376 1648 1576 1700 merso,
1624 1632 1747 1686 Vir-

169 1733 354 1803 ginum
381 1729 548 1785 choro
571 1728 812 1798 praecinit
841 1747 855 1783 ε
889 1747 908 1779 ι
937 1728 1224 1782 Cantemus
1257 1726 1501 1790 Domino,
1524 1724 1752 1794 gloriose

167 1821 314 1877 enim
332 1820 702 1890 magnificatus
723 1827 825 1880 est,
840 1832 1033 1886 equum
1050 1824 1106 1871 et
1119 1829 1461 1870 ascensorem
1483 1813 1677 1882 dejecit
1697 1813 1750 1866 in

169 1928 324 1967 mare
347 1931 365 1964 ι
389 1907 785 1981 (Exod.15.‘l).
810 1907 916 1962 Has
943 1906 1097 1962 docet
1123 1905 1370 1976 psaltrias
1385 1903 1624 1968 Christo,
1655 1901 1752 1958 has

170 2003 416 2058 fidicinas
457 2001 636 2056 erudit
661 1999 942 2055 Salvatori.
975 1996 1065 2052 Sic
1093 1996 1230 2060 dies,
1262 1995 1340 2050 sic
1366 2010 1472 2049 nox
1514 1993 1748 2059 ducitur,

167 2101 225 2148 et
252 2093 374 2146 oleo
403 2091 469 2144 ad
517 2088 786 2160 lampades
825 2096 1124 2158 praeparato
1143 2127 1158 2152 ,
1187 2086 1370 2155 sponsi
1405 2093 1752 2154 exspectatur

168 2183 454 2238 adventus.
489 2181 701 2236 Imitare
747 2196 876 2250 ergo
901 2188 957 2234 et
983 2188 1038 2233 tu
1081 2177 1533 2247 consanguineam
1580 2187 1745 2231 tuam.

165 2273 380 2330 Habeat
404 2274 594 2338 Roma,
625 2273 696 2344 (ὁ)
730 2271 878 2342 quod.
899 2270 1172 2340 augustior
1196 2269 1330 2324 urbe
1362 2268 1599 2323 Romana
1628 2283 1752 2338 pos-

167 2363 314 2418 sidet
340 2363 630 2418 Bethleem.

241 2454 332 2508 14.
376 2452 548 2508 llabes
578 2467 708 2521 opes
731 2494 746 2520 ,
777 2452 930 2508 facile
959 2451 1050 2508 tibi
1082 2461 1164 2507 est
1190 2449 1548 2522 indigentibus
1579 2449 1750 2504 victus

165 2543 406 2599 subsidia
436 2544 762 2598 ministrare.
791 2543 943 2610 Quod
975 2542 1198 2596 luxuria:
1233 2541 1551 2611 parabatur,
1582 2541 1750 2594 virtus

166 2637 402 2691 insumat
440 2653 452 2687 :
488 2637 685 2689 nullam
735 2634 842 2707 [aL
889 2633 1066 2706 nulla]
1127 2634 1337 2703 nuptias
1379 2641 1749 2702 contemptura

167 2726 354 2780 timeat
393 2736 704 2796 egestatem.
733 2725 955 2780 Redime
996 2725 1251 2794 virgines,
1288 2739 1420 2794 quas
1448 2725 1499 2777 iu
1529 2724 1749 2778 cubicu-

164 2820 277 2874 lum
297 2820 435 2888 regis
463 2819 704 2874 inducas.
731 2818 952 2887 Suscipe
995 2818 1211 2882 viduas,
1252 2832 1386 2885 quas
1416 2817 1553 2870 inter
1578 2815 1752 2884 Virgi-

166 2925 295 2963 num
322 2909 454 2974 lilia,
484 2919 537 2964 et
559 2908 852 2980 Martyrum
877 2922 1029 2962 rosas
1049 2947 1064 2973 ,
1097 2906 1248 2976 quasi
1277 2905 1530 2976 quasdam
1558 2905 1753 2971 violas,

167 3001 398 3054 misceas
427 3016 441 3054 :
475 3013 571 3069 pro
598 3013 796 3054 corona
822 2999 1005 3068 spinea
1024 3039 1038 3063 ,
1073 2999 1126 3052 in
1154 3011 1254 3067 qua
1299 2996 1545 3051 Christus
1566 2994 1750 3050 mundi

165 3089 368 3145 delicta
396 3091 660 3160 portavit,
693 3089 819 3143 talia
844 3097 987 3142 serta
1017 3101 1302 3156 compone.
1329 3086 1560 3140 Lattetur
1579 3095 1633 3139 et
1659 3084 1750 3138 ade

155 3180 379 3250 juvetur
408 3179 773 3235 nobilissimus
815 3187 965 3248 pater
996 3187 1154 3232 tuus:
1183 3177 1356 3232 discat
1395 3191 1426 3230 a
1454 3177 1581 3241 filia,
1609 3175 1750 3246 quod

163 3271 432 3328 didicerat
457 3271 526 3326 ab
571 3285 762 3326 uxore.
806 3270 923 3325 Jam
975 3269 1212 3323 incanuit
1263 3278 1465 3338 caput,
1519 3277 1754 3324 tremunt

161 3379 377 3436 genua,
425 3363 615 3422 dentes
641 3363 838 3418 cadunt
865 3379 880 3416 :
906 3371 962 3418 et
997 3361 1174 3417 fronte
1218 3361 1290 3416 ob
1345 3361 1556 3416 senium
1606 3360 1751 3431 rugis

162 3457 536 3523 arata,viciua
581 3465 664 3511 est
690 3471 834 3509 mors
862 3456 914 3510 in
946 3455 1186 3520 foribus;
1231 3453 1543 3523 designatur
1588 3468 1749 3522 rogus

167 3561 355 3617 prope.
381 3545 639 3612 Velimus,
670 3547 918 3612 nolimus,
939 3547 1289 3601 senescimus.
1319 3545 1477 3600 Paret
1510 3545 1611 3600 sibi
1642 3546 1752 3599 via-

168 3639 333 3692 ticum
360 3678 376 3705 ,
411 3639 552 3708 quod
597 3639 756 3709 longo
797 3638 976 3694 itineri
1027 3638 1391 3693 necessarium
1427 3646 1526 3692 est.
1555 3634 1748 3692 Secum

169 3738 368 3801 portet,
395 3732 535 3800 quod
563 3732 758 3786 invitus
778 3731 1096 3786 dimissurus
1135 3740 1253 3793 est;
1306 3731 1412 3783 into
1462 3731 1750 3798 prtemittat

166 3821 222 3876 in
255 3821 479 3886 calum,
507 3822 648 3892 quod
694 3823 739 3876 si
791 3823 1094 3892 negaverit,
1143 3831 1283 3876 terra
1331 3832 1606 3890 sumptura
1645 3830 1744 3876 est.

244 3914 334 3967 15.
372 3913 557 3968 Solent
586 3913 996 3966 adolescentulis
1019 3912 1211 3978 vidum,
1235 3928 1459 3980 quarunt
1481 3914 1752 3967 nonnulla:

163 4005 422 4058 abierunt
448 4012 590 4056 retro
617 4011 736 4069 post
760 4001 1031 4066 Satanam,
1085 4016 1205 4054 cum
1252 4003 1528 4055 luxuriata:
1557 4001 1752 4056 fuerint

166 4097 222 4150 in
247 4092 464 4148 Christo
494 4093 569 4162 (c)
600 4093 860 4146 nubentes
883 4091 1096 4146 dicere:
1121 4092 1553 4146 Patrimoniolum
1574 4109 1747 4147 meum

172 4183 414 4255 quotidie
459 4185 592 4252 perit
617 4200 630 4234 :
661 4182 920 4252 majorum
969 4181 1254 4238 hatreditas
1282 4183 1570 4251 dissipatur
1598 4200 1611 4235 :
1641 4198 1728 4237 ser

172 4290 272 4330 vus
327 4275 716 4330 contumeliose
772 4275 981 4329 locutus
1035 4283 1117 4329 est
1167 4290 1180 4328 :
1231 4274 1512 4343 imperium
1562 4274 1751 4329 ancilla

173 4368 424 4438 neglexit.
459 4367 589 4436 Quis
610 4369 863 4438 procedet
889 4368 952 4422 ad
980 4367 1285 4439 publicum?
1308 4368 1428 4438 quis
1455 4369 1761 4440 respondes

173 4458 252 4514 bit
276 4472 370 4526 pro
396 4474 642 4528 agrorum
663 4457 913 4512 tributis?
941 4457 1198 4512 Parvulos
1226 4473 1375 4513 meos
1405 4458 1495 4528 qui
1521 4460 1750 4523 erudict,

173 4559 225 4604 et
257 4551 504 4605 vernulas
527 4551 647 4620 quis
667 4536 944 4605 cilucabit?
969 4551 1032 4606 Et
1054 4549 1193 4604 hanc
1225 4550 1358 4618 proh
1392 4551 1574 4616 nefas,
1626 4567 1755 4606 cau-

173 4655 287 4694 sam
315 4650 588 4710 0ppouunt
628 4642 972 4708 matrimonii,
1011 4657 1130 4712 quae
1161 4643 1246 4696 vel
1275 4641 1389 4696 sola
1416 4643 1602 4698 debuit
1650 4661 1749 4698 nu-

175 4731 310 4800 ptias
339 4732 614 4802 impedire.
639 4734 956 4804 Superducit
977 4741 1148 4788 mater
1168 4732 1314 4800 ﬁliis,
1348 4749 1452 4788 nou
1477 4735 1554 4807 (α)
1586 4738 1752 4791 nutri-

176 4823 307 4876 tiunt
335 4864 348 4888 ,
389 4824 481 4878 sed
517 4825 762 4891 hostem;
795 4842 898 4879 nou
931 4834 1208 4894 parentem
1231 4865 1246 4892 ,
1298 4825 1392 4881 sed
1445 4837 1749 4899 tyrannum.

174 4913 509 4967 Inflammata
553 4917 770 4973 libidine
794 4959 810 4984 ,
854 4918 1183 4972 obliviscitur
1214 4919 1349 4973 uteri
1379 4921 1464 4975 sui
1495 4939 1506 4974 :
1533 4932 1585 4976 et
1616 4923 1754 4976 inter

243 5067 316 5135 (ᾳ)
352 5065 660 5135 Eustochium
691 5071 880 5120 videtur
900 5071 1236 5134 intelligenda,
1262 5085 1371 5134 qua:
1393 5077 1753 5135 consanguinea

173 5130 378 5195 quidem
402 5135 508 5195 erat
531 5127 708 5195 Furiae,
734 5144 828 5178 non
849 5137 1010 5182 tamen
1049 5127 1332 5189 svoror,ni'si
1366 5135 1407 5181 si
1447 5127 1648 5195 spiriiits
1680 5138 1753 5182 di-

174 5189 332 5240 cenda
347 5189 483 5299 2‘szit;
524 5189 650 5252 quod
690 5198 742 5240 et
775 5205 919 5253 supra
949 5201 1163 5242 notatum
1205 5202 1281 5243 est
1319 5189 1638 5257 nobis'epist.
1675 5196 1750 5244 ‘22.

174 5265 311 5299 num.
413 5287 424 5297 .

174 5265 311 5300 num.
347 5265 424 5299 ΖΙ.

246 5311 310 5376 (l2)
337 5311 583 5376 Plerique
609 5313 728 5362 editi
753 5327 809 5362 ac
845 5313 958 5362 Mss.
1001 5315 1246 5376 angustior
1268 5353 1281 5374 ,
1331 5318 1504 5365 vitiose
1550 5323 1711 5366 tamen
1737 5353 1750 5374 ,

173 5373 269 5425 nec
291 5373 350 5422 ad
375 5373 427 5423 S.
453 5373 678 5423 Ductoris
702 5384 916 5424 tuentem
936 5412 948 5435 ,
975 5373 1102 5440 quod
1129 5392 1192 5427 ex
1227 5373 1335 5426 aliis
1358 5378 1599 5426 similibus
1635 5373 1755 5427 locis

203 5442 377 5484 onstat.

175 5451 201 5563 ἑ
242 5494 321 5563 (c)_
342 5497 592 5563 Postrema
638 5497 788 5563 editio
831 5499 1448 5563 Benedictina_subautcs,
1485 5501 1750 5563 incongrua

174 5557 398 5607 heic'loci
433 5558 665 5608 lectione.
695 5559 885 5615 γωκωὶ
928 5560 1026 5615 alii,
1064 5575 1118 5608 ac
1151 5559 1264 5608 Mss.
1305 5569 1355 5610 ut
1390 5557 1657 5610 edidimus?
1690 5562 1752 5610 At

173 5618 390 5680 subantes
414 5621 618 5669 Gravius
641 5622 784 5667 etiam
817 5622 986 5680 prohat
1012 5637 1072 5670 ex
1104 5624 1307 5670 vetustis
1329 5622 1594 5672 codicibus.

241 5679 308 5742 (ill
347 5681 505 5732 Aliter
530 5682 626 5730 duo
653 5680 761 5729 Mss.
803 5679 1036 5730 t't'trit'tmt.

1550 243 1874 301 EPISTOLA
1917 243 1979 299 ιι
1994 245 2045 298 ν.

1864 358 2111 426 parvulos
2160 372 2282 415 suas
2325 360 2564 415 miserias
2599 359 2938 424 nescientes,
2974 362 3161 432 lugetis
3208 361 3432 424 dudum,

1863 462 2002 502 nova
2040 459 2199 519 nupta
2275 452 2434 523 292
2509 453 2867 522 componitur.
2899 453 3034 518 Quid
3065 455 3314 510 obtendis
3362 454 3434 526 (ε)

1863 541 2272 608 patrimonium?
2300 544 2425 612 quid
2449 543 2753 614 superbiam
2777 543 3142 598 servulorum?
3165 545 3434 600 Confitere

1863 632 2264 701 turpitudinem.
2297 634 2450 689 Nulla
2497 635 2701 690 idcirco
2730 635 2978 689 maritum
3028 634 3194 698 ducit,
3217 644 3274 689 ut
3314 650 3434 690 cum

1869 723 2061 778 marito
2087 739 2192 778 non
2221 724 2469 778 dormiat.
2493 725 2599 780 Aut
2618 725 2662 780 si
2685 735 2832 780 certe
2860 724 3024 779 libido
3046 739 3154 778 non
3181 723 3432 782 stimulat.

1869 828 1985 882 qua:
1999 823 2140 868 tanta
2162 815 2364 869 insania
2383 825 2485 881 est,
2507 817 2559 870 in
2577 832 2779 871 morem
2798 826 3095 870 scortorum
3119 815 3440 884 prostituere

1861 906 2185 971 castitatem,
2216 913 2273 959 ut
2296 917 2593 976 augeantur
2616 907 2848 972 divitia};
2881 897 2936 962 et
2965 915 3182 976 propter
3212 921 3323 960 rem
3355 907 3437 956 vi.

1861 995 1964 1050 lem
1988 1003 2152 1065 atque
2181 996 2469 1066 perituram
2495 1038 2510 1063 ,
2539 997 2794 1067 pudicitia
2822 1037 2838 1060 ,
2871 1011 2988 1066 qua:
3015 1005 3070 1051 et
3115 996 3346 1066 pretiosa
3389 1006 3441 1050 et

1862 1094 2060 1140 aeterna
2083 1096 2186 1152 est,
2220 1088 2524 1158 polluatur?
2552 1089 2607 1144 Si
2626 1089 2792 1144 habes
2817 1088 3036 1154 liberos,
3071 1087 3285 1159 nuptias
3313 1087 3440 1157 quid

1861 1183 2130 1251 requiris?
2168 1183 2211 1238 si
2249 1198 2355 1239 non
2395 1184 2582 1249 habes,
2614 1197 2777 1251 quare
2805 1190 3081 1252 expertam
3109 1195 3214 1235 non
3246 1179 3439 1235 metuis

1859 1275 2232 1340 sterilitatem;
2283 1283 2337 1329 et
2383 1289 2499 1331 rem
2547 1275 2800 1330 incertam
2830 1315 2844 1341 ,
2887 1283 3034 1329 certo
3082 1271 3298 1344 prmfers
3343 1287 3439 1341 puo

1860 1364 1974 1419 dori
1992 1364 2015 1417 ?

1934 1455 2212 1527 Sponsam
2262 1459 2469 1515 tabula.
2527 1458 2843 1532 Nuptiarum
2895 1461 3231 1515 secundarum
3289 1460 3438 1514 mise-

1858 1546 1966 1600 riae.
1981 1577 2052 1586 —
2070 1547 2385 1604 Scribuntur
2403 1550 2497 1605 tibi
2528 1567 2667 1605 nunc
2693 1551 2972 1620 sponsales
2991 1553 3204 1618 tabulae,
3235 1559 3295 1606 ut
3319 1561 3438 1621 post

1860 1637 2132 1704 paululum
2162 1635 2233 1707 (ι’)
2266 1647 2641 1694 testamentum
2672 1640 2848 1695 facere
2872 1642 3235 1710 compellaris.
3263 1640 3439 1696 Simu-

1859 1723 2053 1777 labitur
2067 1726 2242 1779 mariti
2261 1728 2540 1782 infirmitas
2561 1745 2574 1781 :
2602 1737 2658 1784 et
2675 1729 2817 1798 quod
2847 1738 2901 1784 te
2922 1731 3236 1785 morituram
3264 1731 3438 1786 facere

1857 1815 2041 1880 volet,
2072 1816 2188 1886 ipse
2236 1819 2472 1873 victurus
2499 1819 2700 1875 faciet:
2736 1828 2828 1874 aut
2870 1821 2915 1874 si
2944 1822 3219 1887 evenerit,
3273 1828 3332 1875 tit
3371 1835 3445 1876 ex:

1857 1905 2095 1962 secundo
2140 1908 2335 1964 marito
2375 1908 2573 1965 habeas
2603 1909 2776 1976 filios,
2805 1910 3098 1966 domestica
3143 1911 3315 1966 oritur
3340 1927 3438 1981 νυ·-

1856 2009 1979 2065 gna,
2017 1995 2328 2053 intestinum
2362 2000 2627 2068 praelium.
2659 2000 2774 2055 Non
2805 2000 2988 2056 licebit
3035 2001 3125 2057 tibi
3167 2015 3349 2056 amare
3373 2001 3437 2054 li-

1857 2087 2037 2155 heros,
2069 2102 2171 2144 nec
2196 2090 2364 2158 :equis
2389 2092 2629 2160 aspicere
2648 2091 2839 2158 oculis,
2868 2107 3002 2162 quos
3018 2092 3266 2163 genuisti.
3289 2091 3436 2147 Clam

1858 2177 2099 2248 porriges
2124 2179 2295 2246 cibos,
2324 2180 2580 2236 invidebit
2605 2189 2849 2237 mortuo:
2869 2191 2923 2236 et
2951 2181 3052 2235 nisi
3072 2180 3250 2236 oderis
3276 2182 3435 2242 filios.

1858 2267 2034 2324 adhuc
2075 2284 2260 2324 eorum
2309 2283 2491 2326 amare
2521 2270 2788 2327 videberis
2814 2279 3038 2341 patrem.
3070 2269 3222 2338 Quod
3279 2271 3324 2324 si
3372 2270 3437 2322 du

1861 2363 2037 2430 priore
2061 2377 2227 2418 uxore
2249 2363 2488 2418 sobolem
2513 2362 2737 2430 habens,
2753 2363 2968 2418 domum
2987 2372 3038 2418 te
3064 2361 3436 2425 introduxerit;

1859 2453 2021 2506 etiam
2070 2454 2114 2507 si
2145 2453 2566 2510 clementissima
2608 2454 2792 2520 fueris,
2839 2467 3028 2509 omnes
3067 2453 3330 2518 Commdi,
3383 2465 3430 2507 et

1859 2542 2232 2613 Mimographi,
2266 2553 2320 2599 et
2345 2559 2657 2599 communes
2678 2545 2978 2599 Rhetorum
3006 2545 3128 2610 loci,
3160 2544 3213 2598 in
3241 2557 3436 2598 nover-

1857 2650 1972 2689 eam
1991 2635 2340 2689 saavissimam
2365 2633 2760 2690 declamabunt.
2784 2636 2838 2691 Si
2865 2635 3135 2706 privignus
3155 2636 3434 2706 languerit,

1857 2733 1910 2778 et
1937 2723 2276 2778 condoluerit
2305 2734 2487 2794 caput,
2517 2724 2860 2780 infamaberis
2877 2736 2934 2780 ut
2959 2726 3215 2781 venefica.
3245 2725 3302 2780 Si
3330 2741 3435 2779 non

1858 2813 2071 2869 dederis
2099 2814 2277 2879 cibos,
2311 2813 2572 2880 crudelis;
2603 2815 2648 2868 si
2678 2814 2921 2882 dederis,
2949 2815 3188 2870 malefica
3219 2813 3434 2869 diceris.

1857 2903 1966 2957 Oro
1997 2914 2067 2967 te,
2099 2903 2227 2973 quid
2273 2903 2472 2958 habent
2499 2913 2702 2959 tantum
2752 2904 2881 2958 boni
2919 2905 3165 2960 secundae
3213 2904 3433 2975 nuptiae,

1861 3003 1916 3046 ut
1947 2993 2062 3048 hmo
2091 2993 2230 3047 mala
2256 2993 2467 3050 valeant
2493 2994 2886 3065 compensare?

1931 3082 2018 3137 16.
2064 3081 2322 3138 Volumus
2350 3085 2488 3139 scire
2511 3085 2695 3154 quales
2714 3099 2833 3140 esse
2847 3084 3076 3140 debeant
3096 3085 3306 3142 vidum?
3329 3086 3437 3144 Le-

1859 3187 2048 3243 gamus
2071 3171 2417 3242 Evaugelium
2435 3173 2728 3228 secundum
2748 3174 2943 3229 Lucam
2969 3190 2983 3226 :
3009 3173 3074 3228 Et
3098 3185 3224 3240 erat,
3244 3177 3434 3247 inquit.

1859 3264 2010 3317 Arma
2035 3264 2381 3334 prophetissa,
2411 3265 2522 3334 ﬁlia
2554 3263 2794 3320 Phanuel
2818 3266 2881 3320 de
2902 3267 3033 3320 tribu
3058 3267 3184 3321 Aser
3206 3267 3356 3338 (Luc.
3378 3269 3436 3324 2.

1860 3355 1973 3426 36).
2006 3359 2158 3412 Anna
2179 3395 2194 3422 ,
2246 3356 2624 3427 interpretatur
2657 3359 2840 3428 gratia.
2880 3357 3146 3425 Phanuel,
3175 3359 3228 3413 in
3259 3360 3437 3430 lingua

1860 3455 2066 3514 nostra,
2114 3455 2331 3502 resonat
2377 3446 2571 3502 vultum
2601 3447 2716 3502 Dei.
2747 3449 2910 3512 Aser,
2942 3448 3025 3504 vel
3075 3447 3128 3502 in
3167 3450 3437 3503 beatitudi-

1864 3555 1997 3606 nem,
2016 3537 2101 3594 vel
2130 3538 2181 3592 iu
2211 3538 2410 3595 divitias
2440 3539 2682 3594 vertitur.
2699 3538 2831 3606 Quia
2855 3538 3016 3610 igitur
3035 3539 3103 3596 ab
3126 3540 3440 3597 adolescen-

1860 3629 1928 3682 tia
1957 3644 2126 3699 usque
2153 3628 2218 3684 ad
2249 3631 2519 3702 octoginta
2546 3640 2775 3701 quatuor
2798 3646 2970 3686 annos
2991 3631 3263 3690 viduitatis
3303 3648 3453 3690 onus.

1857 3719 2206 3785 Sustinuerat,
2238 3730 2288 3775 et
2322 3736 2427 3774 non
2450 3721 2734 3776 recedebat
2761 3721 2830 3776 de
2857 3721 3059 3790 templo
3090 3723 3219 3788 Dei,
3251 3724 3449 3780 diebus

1859 3823 1921 3862 ac
1970 3809 2219 3863 noctibus
2278 3810 2533 3862 insistens
2574 3809 2794 3876 jejuniis
2849 3817 2905 3862 et
2942 3809 3437 3868 obsecrationibus:

1859 3900 2060 3954 idcirco
2102 3899 2300 3952 meruit
2326 3898 2550 3966 gratiam
2588 3898 2918 3966 spiritualein
2951 3897 3056 3970 [ιιι.
3089 3902 3392 3975 specialem]
3423 3945 3438 3965 ,

1861 4002 1913 4046 et
1936 3989 2225 4058 nuncupari
2244 3989 2346 4042 ﬁlia
2379 3989 2556 4042 vultus
2585 3989 2708 4053 Dei;
2733 3988 2808 4060 (g)
2841 3998 2896 4045 et
2923 3989 2990 4045 ab
3015 3991 3205 4056 atavis,
3282 3995 3446 4064 293

1862 4080 2207 4145 beatitudine,
2250 4079 2553 4148 divitiisque
2577 4089 2842 4135 censetur.
2876 4081 3241 4136 Recordemur
3269 4084 3444 4138 vidua:

1861 4173 2193 4241 Sareptanze,
2211 4185 2330 4240 qua:
2346 4179 2520 4225 etsuzn
2540 4181 2593 4225 et
2612 4170 2838 4227 filiorum
2859 4172 3036 4235 saluti,
3058 4171 3183 4230 Elite
3212 4174 3444 4242 praetulit

1867 4263 2060 4318 famem
2089 4279 2102 4316 :
2136 4270 2192 4316 ut
2219 4262 2272 4316 in
2313 4263 2424 4332 ipsa
2455 4271 2610 4317 nocte
2630 4262 2882 4316 moritura
2903 4277 3021 4317 cum
3041 4263 3166 4326 filio,
3187 4267 3445 4334 supersti-

1867 4363 1972 4408 tem
2017 4352 2281 4422 h05pitem
2329 4353 2694 4422 relinqueret,
2751 4353 2952 4417 malens
2990 4353 3151 4408 vitam
3194 4355 3434 4424 perdere,

1865 4460 2021 4513 quam
2054 4443 2450 4514 eleemosynam
2481 4461 2493 4498 :
2522 4453 2576 4498 et
2609 4443 2660 4498 in
2690 4444 2890 4514 pugillo
2939 4444 3020 4515 (It)
3048 4444 3233 4500 farina:
3278 4447 3439 4502 somi-

1934 4642 1991 4708 (c)
2033 4641 2382 4708 Heic‘quoque
2406 4641 2653 4708 Erasmum
2676 4649 2876 4692 secutus
2898 4642 3064 4708 Editor
3088 4644 3438 4694 Benedictinus

1861 4703 2120 4815 perperam
2164 4703 2682 4766 le’git'uwtrimonium
2731 4719 2816 4766 pro
2859 4703 3234 4765 patrimonium,
3274 4713 3441 4754 contra

1889 4767 2139 4815 lieronvmi
2184 4772 2398 4815 mentem
2426 4802 2439 4815 .
2468 4773 2521 4814 tit
2557 4778 2621 4814 ex
2653 4768 2892 4815 superiori
2925 4773 3159 4815 contextu
3198 4773 3400 4815 apparet
3426 4805 3438 4815 .

1889 4767 2139 4875 liqponyptdi
2184 4772 2398 4816 mentem
2425 4802 2439 4825 ,
2468 4773 2521 4814 tit
2557 4778 2621 4814 ex
2653 4768 2892 4828 superiori
2925 4773 3159 4815 contextu
3198 4773 3400 4827 apparet
3426 4805 3438 4824 ,

1889 4837 1913 4875 at
2093 4843 2106 4875 ι
2142 4841 2238 4875 em.

1864 4837 1913 4876 et
1938 4829 2050 4876 Mss.
2077 4829 2238 4875 fidetn.

1927 4889 1995 4950 (f)
2031 4887 2364 4950 Cenl'erendus
2389 4887 2623 4935 Ammian.
2662 4886 2968 4950 Marcellinus
3004 4887 3035 4933 l.
3076 4885 3152 4950 28.
3179 4898 3278 4949 quo
3315 4885 3432 4935 fran-

1862 4947 1984 4997 dem'
2002 4950 2156 5006 illam,
2181 4963 2236 4997 se
2263 4949 2470 4997 invident
2498 4948 2820 5008 compellendi
2842 4951 3077 5008 eoujuges
3095 4947 3155 4994 ad
3177 4947 3432 4996 festameu:

1865 5021 1964 5060 tum
1988 5009 2333 5059 conficiendum
2353 5045 2366 5066 ,
2390 5007 2617 5069 pluribus
2630 5009 2838 5069 damnat.
2872 5026 2892 5051 ι
2919 5007 3063 5069 Parte
3087 5007 3177 5056 alia
3198 5020 3319 5056 uxor
3345 5021 3447 5055 ma-

1863 5075 2011 5121 ritum
2038 5074 2202 5120 testari
2227 5067 2492 5130 compellit,
2522 5069 2714 5130 hocque
2739 5068 2865 5130 idem
2892 5075 2944 5118 ut
2965 5067 3272 5130 faciatruxor,
3298 5077 3444 5129 urget

1864 5133 2066 5181 maritus
2096 5127 2352 5178 instanter:
2388 5129 2542 5176 l’eriti
2575 5129 2699 5189 juris
2737 5127 3031 5178 altrinsecus
3073 5127 3402 5179 adsciscunttir
3427 5164 3441 5186 ,

1867 5202 1960 5242 etc.
1986 5209 2008 5236 »
2039 5191 2137 5239 Sed
2180 5200 2230 5239 et
2269 5196 2440 5237 noster
2472 5189 2606 5236 Zeno
2636 5189 2796 5236 Serm.
2832 5189 2878 5237 2.
2916 5191 2981 5240 de
3021 5190 3245 5239 Avaritia.
3278 5208 3300 5235 ι
3323 5190 3442 5238 Inde

1867 5262 1960 5320 est,
1982 5253 2154 5314 inquit,
2175 5251 2302 5320 quod
2326 5251 2559 5320 coniuges
2579 5248 2776 5320 nuptiali
2796 5251 3095 5320 sanctissimo
3111 5258 3444 5320 repugnantes

1861 5311 1997 5377 jugo,
2018 5311 2104 5373 pro
2124 5325 2180 5360 se
2205 5313 2417 5377 quisque
2439 5311 2673 5377 nitentes,
2699 5322 2864 5360 amore
2891 5311 3121 5361 videlicet
3144 5313 3315 5372 nimio,
3344 5312 3442 5364 hat:-

1866 5369 2353 5442 i‘editatentcaptaui
2377 5372 2501 5442 alter
2532 5369 2789 5442 alterius...»

1935 5436 2009 5497 (ῃ)
2044 5431 2287 5482 Victorius
2308 5437 2354 5482 et
2375 5431 2501 5497 {uari
2527 5431 2832 5497 beatitudine
2847 5432 3120 5497 divitiisque
3142 5433 3344 5486 censeri.

1931 5493 2006 5559 (li)
2041 5497 2196 5559 Antea
2222 5501 2328 5559 erat
2363 5494 2548 5556 farris;
2572 5493 2658 5542 sed
2687 5500 2740 5542 ut
2775 5493 3236 5559 ediditutts.ltabettt
3273 5504 3441 5548 vetera

1869 5555 2165 5619 exetitplaria
2201 5555 2395 5612 omnia,
2424 5569 2531 5616 quze
2572 5567 2685 5619 nos,
2703 5564 2755 5619 et
2796 5571 2906 5618 qua:
2931 5556 3166 5607 Reatinus
3198 5560 3442 5619 interpres

1869 5574 2015 5608 exetu
2039 5572 2165 5604 uaria
2201 5572 2362 5604 omnia
2383 5592 2395 5612 ,
2424 5572 2531 5616 quze
2572 5572 2676 5611 nos,
2703 5572 2755 5605 et
2796 5572 2906 5618 qua:
2931 5572 3166 5607 iteattnus
3199 5572 3432 5619 interpres

1869 5572 2107 5669 consuluit
2134 5631 2152 5683 :7
2171 5631 2319 5679 quem
2346 5619 2489 5666 etiam
2517 5616 2656 5683 paulo
2677 5618 3070 5683 infrasequiutur
3091 5657 3103 5677 ,
3130 5620 3356 5683 legentes
3383 5617 3432 5670 in

1869 5683 2076 5749 gentium
2110 5682 2253 5731 vidua
2276 5717 2288 5738 ,
2317 5693 2401 5742 pro
2427 5694 2487 5728 eo
2509 5679 2636 5741 quod
2662 5686 2767 5729 erat
2788 5681 2995 5736 iuqcutt’u
3019 5679 3194 5734 vidule.
