4078 6198
602 277 708 334 559

605 391 817 447 narium
866 389 969 446 sibi
1022 387 1209 442 messis
1261 379 1545 435 Dominiczc
1596 375 1911 445 praeparavit
1985 370 2178 425 Farina

609 482 823 546 seritur,
852 488 908 534 et
934 478 1034 534 olei
1066 485 1315 541 capsaces
1356 470 1611 523 nascitur.
1640 466 1695 519 ln
1723 464 1909 520 Judara
1928 460 2182 516 frumenti

610 583 692 629 est
714 569 953 643 penuria.
983 566 1217 622 Granum
1245 561 1386 615 enim
1420 558 1577 613 tritici
1601 556 1673 611 ibi
1705 564 1970 608 mortuum
2014 553 2185 607 fuerat

617 666 791 733 (Joan.
826 657 947 729 12),
993 665 1048 712 et
1075 657 1128 710 in
1154 653 1391 724 gentiqu
1422 651 1579 705 vidua
1623 646 1731 703 olei
1758 646 1955 701 ﬂuenta
2001 658 2184 698 mana-

611 758 754 809 baut.
809 750 1057 820 Legimus
1103 746 1157 801 in
1190 744 1374 801 Judith
1403 742 1480 814 (a)
1523 741 1617 814 (si
1663 741 1749 796 cui
1791 748 1968 793 tamen
2011 737 2185 808 placet

610 844 852 897 volumen
886 836 1180 908 recipere)
1223 834 1438 889 viduam
1492 831 1794 889 confectam
1844 829 2099 901 jejuniis,
2130 838 2186 883 et

608 931 789 985 habitu
820 925 1029 999 lugubri
1055 914 1529 994 sorditatam,qua:
1545 936 1652 978 non
1680 920 1891 991 lugebat
1915 928 2185 973 mortuum

605 1023 801 1088 virum,
833 1019 928 1075 sed
958 1019 1211 1089 squalore
1254 1016 1531 1087 corporis,
1573 1016 1757 1085 sponsi
1780 1012 2052 1085 quazrebat
2091 1006 2185 1066 ad-

605 1121 846 1167 tentum.
878 1109 1049 1165 Video
1093 1115 1352 1164 armatam
1394 1106 1572 1177 gladio
1612 1120 1828 1160 manum
1854 1143 1871 1170 ,
1912 1109 2186 1157 cruentam

606 1202 906 1258 dexteram.
935 1200 1282 1270 Recognosco
1311 1207 1472 1267 caput
1499 1196 1857 1267 Holophernis
1894 1194 1962 1249 de
2001 1192 2190 1248 mediis

610 1294 854 1349 hostibus
880 1301 1206 1362 reportatum
1232 1290 1458 1362 (Iudith.
1487 1290 1541 1345 8.
1572 1298 1616 1343 et
1635 1288 1823 1359 seqq)
1852 1286 2026 1341 Vincit
2046 1285 2191 1340 viros

609 1384 831 1451 lcmina,
863 1391 919 1438 et
942 1382 1159 1437 castitas
1189 1389 1398 1435 truncat
1431 1379 1708 1435 libidinem
1738 1396 1753 1433 :
1785 1376 2074 1445 habituque
2101 1389 2189 1431 re-

611 1482 773 1545 pente
805 1481 1028 1539 mutato,
1052 1473 1117 1527 ad
1146 1472 1394 1528 victrices
1422 1471 1612 1528 sordes
1635 1470 1796 1539 redit,
1819 1468 2066 1527 omnibus
2087 1483 2191 1523 δεε-

610 1565 714 1621 culi
743 1564 975 1621 cultibus
1000 1564 1327 1619 mundiores.

682 1657 771 1711 17.
801 1640 876 1728 (ὁ)
905 1655 1130 1721 Quidam
1175 1654 1418 1724 imperite
1440 1663 1496 1709 et
1537 1653 1800 1708 Deboram
1832 1652 1974 1707 inter
2005 1652 2196 1707 viduas

614 1754 917 1810 numerant,
947 1745 1243 1814 ducemque
1271 1745 1440 1800 Barac
1458 1784 1474 1810 ,
1501 1744 1826 1799 arbitrantur
1873 1743 2096 1798 Deborzc
2130 1743 2194 1796 fi-

618 1837 789 1901 lium;
819 1849 943 1891 cum
984 1833 1127 1889 aliud
1156 1834 1434 1904 Scriptura
1486 1841 1890 1889 commemoret.
1924 1830 2089 1887 Nobis
2129 1830 2198 1887 ad

623 1929 725 1981 hoc
770 1924 1150 1989 nominabitur,
1196 1923 1339 1993 quod
1371 1922 1712 1993 PrOphetissa
1742 1920 1924 1989 fuerit,
1951 1921 2076 1976 etin
2104 1937 2190 1975 or-

620 2018 748 2072 dine
791 2015 1036 2073 Judicum
1080 2022 1418 2085 supputetur.
1450 2014 1519 2069 Et
1557 2014 1680 2083 quia
1714 2012 1894 2067 dicere
1941 2020 2151 2083 poterat
2182 2029 2197 2066 :

627 2127 646 2161 ι
679 2108 850 2182 Quam
876 2108 1051 2163 dulcia
1087 2106 1288 2176 gutturi
1317 2119 1439 2160 meo
1464 2103 1677 2173 eloquia
1721 2113 1808 2158 tua
1841 2120 1854 2157 :
1886 2117 2049 2171 super
2095 2102 2201 2158 mel

620 2210 672 2254 et
702 2200 874 2254 favum
897 2201 977 2253 ori
1006 2214 1125 2254 meo
1145 2197 1315 2272 (Psal.
1342 2198 1466 2252 118.
1495 2196 1643 2267 105).
1664 2196 1793 2266 Apis
1824 2209 2017 2250 nomen
2046 2209 2203 2249 acce-

623 2291 731 2359 pit,
776 2290 1171 2359 Scripturarum
1226 2288 1449 2344 floribus
1496 2296 1682 2356 pasta,
1739 2286 1970 2357 Spiritus
2016 2286 2203 2342 Sancti

622 2379 788 2434 odore
829 2378 1042 2450 perfusa
1068 2420 1083 2443 ,
1115 2388 1170 2433 et
1198 2379 1383 2433 dulces
1411 2377 1694 2433 ambrosiae
1738 2390 1928 2431 succos
1970 2375 2201 2446 prophe-

623 2470 716 2525 tali
741 2485 834 2524 ore
859 2485 1205 2539 componens.
1234 2469 1422 2524 Noemi
1447 2469 1589 2539 (qure
1624 2467 1901 2524 nobiscum
1931 2465 2001 2540 [c]
2043 2474 2201 2521 sonat

625 2570 1044 2634 παρακαλημινη,
1058 2576 1214 2630 quam
1231 2560 1860 2630 interpretaripossumus
1872 2555 2204 2630 consolatam)

628 2654 821 2709 marito
844 2663 899 2708 et
927 2653 1110 2708 liberis
1140 2667 1363 2723 peregre
1397 2653 1653 2717 mortuis,
1678 2652 1985 2723 pudicitiam
2014 2665 2205 2720 repor-

629 2746 759 2802 tavit
783 2747 835 2801 in
861 2747 1081 2817 patriam
1105 2761 1121 2811 ;
1165 2754 1222 2802 et
1248 2746 1351 2799 hoc
1374 2752 1666 2801 sustentata
1691 2744 1885 2800 viatico
1913 2744 1993 2816 (d)
2013 2759 2204 2798 nurum

628 2834 970 2893 Moabitidem
1011 2830 1180 2891 tenuit
1223 2834 1412 2905 (Ruth.
1445 2836 1531 2905 1);
1562 2844 1622 2890 ut
1670 2835 1799 2889 illud
1847 2835 1999 2890 Isaia:
2024 2835 2209 2891 vatici-

629 2928 776 2984 nium
795 2926 1156 2997 compleretur
1186 2943 1200 2981 :
1231 2944 1252 2980 s
1284 2925 1481 2980 Emitte
1504 2940 1699 2995 agnum
1724 2925 1947 2980 Domine
1962 2924 2206 2981 domina-

630 3031 799 3075 torem
834 3027 989 3074 terrte
1016 3016 1083 3073 de
1102 3025 1251 3087 petra
1276 3015 1495 3083 deserti,
1524 3016 1589 3070 ad
1618 3025 1855 3073 montem
1886 3015 2010 3071 lilia:
2031 3015 2163 3072 Sion
2183 3035 2204 3070 ι

630 3109 779 3178 (lsai.
814 3109 901 3166 16.
926 3109 1004 3182 1).
1024 3109 1187 3164 Venio
1236 3108 1303 3163 ad
1334 3108 1559 3164 Viduam
1583 3108 1649 3164 de
1669 3108 1977 3179 Evangelio,
1992 3108 2210 3164 viduam

633 3200 1007 3272 pauperculam
1034 3199 1187 3272 (Luc.
1205 3198 1321 3270 21),
1339 3199 1486 3254 omni
1508 3198 1801 3254 lsraelitico
1876 3196 2039 3271 295
2111 3213 2211 3268 po-

634 3292 763 3362 pulo
788 3291 1060 3354 ditiorem,
1078 3307 1197 3361 qua:
1224 3290 1492 3360 accipiens
1519 3305 1741 3361 granum
1760 3290 1982 3360 sinapis,
2000 3300 2055 3345 et
2083 3289 2211 3345 mit-

635 3394 755 3438 teus
784 3382 1101 3436 fermentum
1132 3381 1184 3435 in
1208 3379 1392 3434 farinae
1422 3380 1553 3435 satis
1577 3381 1787 3446 tribus;
1818 3380 1990 3436 Patris
2014 3390 2068 3436 et
2093 3380 2214 3437 Filii

635 3474 1030 3530 confessionem
1050 3513 1065 3536 ,
1090 3471 1322 3542 Spiritus
1350 3471 1529 3527 Sancti
1559 3474 1728 3542 gratia
1778 3474 2131 3542 temperavit,
2161 3482 2217 3529 et

635 3564 747 3619 duo
772 3563 973 3617 minuta
1005 3561 1149 3616 ntisit
1170 3561 1222 3615 in
1242 3560 1712 3632 Gazophylacium.
1745 3562 2009 3633 Quidquid
2039 3562 2131 3636 (al.
2163 3565 2218 3617 id

635 3665 710 3712 est
736 3653 1000 3725 quidquid)
1031 3652 1230 3707 habere
1262 3661 1468 3722 poterat
1511 3653 1564 3707 in
1607 3653 1902 3709 substantia
1944 3668 2061 3715 sua,
2093 3655 2216 3710 uni-

636 3760 928 3817 versasque
953 3744 1165 3800 divitias
1195 3744 1245 3797 in
1272 3752 1497 3813 utroque
1525 3744 1643 3799 fidei
1685 3759 1796 3800 sua:
1821 3744 2012 3800 obtulit
2032 3746 2219 3802 Testa-

640 3845 843 3894 mento.
894 3837 1021 3892 "me
1068 3843 1193 3891 sunt
1240 3835 1348 3891 duo
1408 3836 1689 3906 Seraphim
1741 3845 1822 3892 ter
1867 3837 2217 3908 glorificantia

697 3974 771 4038 (a)
787 3973 1026 4038 _0tiosum
1050 3979 1167 4038 puto
1189 3987 1252 4023 ex
1271 3973 1625 4038 antiquioribus
1644 3984 1931 4038 recensere,
1944 3974 2028 4036 qui
2045 3973 2219 4025 librum

634 4032 764 4087 hunc
787 4034 1018 4098 laudant”:
1048 4032 1277 4098 Clemens
1315 4032 1509 4098 epistol.
1556 4035 1615 4098 ad
1652 4032 2220 4098 Corinth._et'qui_eum

636 4099 873 4159 mentitur
893 4096 1235 4159 in__Constitut,
1250 4094 1557 4159 Apostolicis.
1571 4094 1827 4159 Origenes
1843 4094 2061 4159 pluribus
2082 4096 2221 4159 locis,

636 4156 909 4213 Africanus,
929 4156 1159 4206 Clemens
1181 4155 1305 4207 alius
1320 4155 1638 4205 Alexandria.
1658 4155 1906 4206 StromJ.
1928 4155 2217 4211 Tcrtullian.

637 4217 703 4267 de
726 4217 1027 4278 Monogamia
1066 4217 1277 4279 cap.rl7.
1303 4217 1591 4279 Ambrosius
1610 4218 1676 4267 de
1700 4217 1880 4279 Olliciis
1902 4221 1949 4268 5.
1980 4228 2030 4268 et
2052 4221 2116 4270 de
2139 4221 2221 4272 Vi-

637 4279 777 4346 guis;
795 4290 866 4346 ne
880 4277 1039 4346 dicam
1075 4277 1141 4327 de
1163 4278 1438 4346 Augustine
1461 4278 1680 4346 Doctrin.
1723 4278 1898 4346 Christ.
1925 4280 2009 4346 lib.
2036 4282 2084 4341 2,
2111 4296 2218 4346 cap.

637 4339 686 4387 8.
716 4346 769 4404 e_t
790 4337 1131 4404 Carthaginen.
1158 4337 1373 4404 Con'cilio
1394 4343 1442 4389 5.
1468 4353 1575 4389 can.
1596 4341 1690 4404 A747.
1717 4341 1927 4404 aliisque
1950 4337 2224 4395 innumeris

638 4400 983 4466 testimoniis,
1014 4412 1126 4462 qua:
1169 4402 1356 4466 secutis
1400 4402 1711 4466 temporibus
1746 4400 1951 4466 proferri
1997 4412 2219 4466 possunt.

638 4460 901 4528 Prtestabit
921 4460 1211 4528 veroltotam
1235 4462 1389 4528 i_ps_ius
1403 4460 1611 4528 Hieron.
1631 4463 1681 4511 in
1698 4460 1829 4528 hunc
1852 4460 2049 4524 librum,
2072 4480 2223 4528 quem

638 4536 669 4572 ο
694 4519 920 4582 Chaldten
938 4520 1103 4578 vertit,
1124 4519 1467 4582 Prmfationem
1486 4526 1739 4582 conferre;
1766 4525 1870 4573 haec
1902 4519 2112 4577 enimat]
2134 4529 2225 4578 hu-

633 4579 848 4651 jus_loci
884 4594 1082 4631 sensum
1122 4580 1477 4651 explanandum
1500 4579 1781 4651 adducimus
1796 4619 1826 4651 ,_
1845 4599 1953 4651 cum
1989 4596 2223 4640 caeterum

638 4643 1007 4755 prolblehteneas,
1026 4654 1121 4691 non
1136 4644 1293 4692 licere
1316 4643 1462 4693 hodie
1481 4644 1589 4707 ejus
1604 4643 2033 4697 authenticitatem
2046 4663 2224 4701 vocare

638 4718 689 4755 tu
815 4719 933 4754 ntm.

637 4718 689 4761 ιιι
711 4718 933 4755 aumum.

724 4766 774 4830 ὁ)
810 4764 1145 4833 Prtepteleris
1175 4764 1571 4833 SLAmbrosjum
1608 4764 1695 4833 lil_t.
1720 4767 1793 4833 _de
1824 4767 1997 4833 Vitluis
2027 4783 2132 4833 cap.
2172 4774 2220 4823 8.

636 4826 834 4893 videtur
855 4826 1142 4893 insimulare
1158 4863 1172 4885 ,
1196 4826 1289 4893 ille
1299 4829 1440 4893 enim
1463 4827 1617 4893 Barac
1640 4827 1859 4893 Deborte
1875 4829 2025 4881 lilium
2047 4826 2221 4893 sentit,

635 4890 766 4952 quod
788 4895 973 4952 negant
995 4890 1224 4952 plerique
1248 4887 1351 4951 alii,
1372 4902 1433 4939 ex
1463 4890 1522 4939 iis
1545 4890 1694 4952 etiam
1718 4892 1801 4952 qui
1831 4890 2073 4942 Deboram
2094 4887 2223 4945 inter

638 4950 810 5014 viduas
840 4950 1065 5001 censent.
1109 4950 1361 5014 Scriptura
1384 4960 1550 5001 autem
1580 4950 1710 5000 illam
1736 4950 1873 5014 vocat
1905 4967 2112 5005 uxorem
2134 4956 2223 5005 La-

635 5011 827 5075 pidolh,
853 5025 917 5063 ex
941 5025 1039 5075 quo
1061 5011 1243 5075 tamen,
1270 5013 1461 5063 viduata
1484 5020 1625 5062 recte
1651 5014 1770 5075 dici,
1798 5012 1883 5063 alii
1909 5014 2108 5075 volunt,
2138 5018 2222 5069 vel

635 5072 766 5139 quod
782 5072 1071 5139 demortuae
1084 5074 1184 5139 iatn
1209 5083 1344 5139 esset
1366 5075 1588 5131 maritus,
1600 5074 1696 5139 ‘vel
1714 5072 1840 5139 quod
1866 5072 2105 5139 Lapidoth
2125 5094 2223 5135 non

636 5133 818 5202 virisit
840 5146 1040 5194 nomen,
1058 5133 1148 5184 sed
1168 5138 1307 5198 artis,
1328 5145 1382 5187 ut
1406 5136 1696 5187 vertendum
1721 5133 2064 5196 s'it,mult'erem
2090 5133 2224 5205 lycii-

636 5206 844 5246 nanum.

702 5256 775 5327 (ς)
810 5255 927 5327 limo
960 5269 1105 5327 porro
1136 5259 1346 5327 nominis
1378 5260 1727 5327 interpretatio
1748 5260 2077 5327 Noemi_haud
2102 5276 2221 5312 con-

635 5321 1135 5394 Ῐῖξιίιε,εέἒ,,⁴ἓιξ³2ι.¹ἔίη
1150 5321 1395 5394 ,Ψνέεηυξν
1425 5323 1679 5394 veteribus
1702 5322 2221 5394 (ιυοειυεξιθιίοοετίξυ

638 5378 717 5436 pis
740 5378 938 5439 prorsus
954 5378 1122 5439 ignota
1141 5386 1237 5429 est.
1252 5381 1433 5431 Verius
1452 5383 1705 5432 diceretur
1719 5378 1972 5434 humanitas
1997 5378 2188 5435 Domini
2204 5399 2222 5435 :

635 5446 733 5506 non
758 5438 892 5506 enim
925 5438 1015 5500 per
1033 5445 1079 5492 Π
1103 5441 1359 5503 scribitur,
1385 5443 1473 5491 sed
1512 5456 1602 5505 per
1623 5449 1662 5502 ν
1687 5444 1898 5494 litteram
1934 5452 2089 5506 tm).
2120 5447 2220 5497 Sed

640 5503 1131 5610 {legileullieronymus
1164 5523 1338 5560 sonum
1372 5503 1675 5574 vocis—hujus
1711 5516 1919 5566 attendit
1938 5553 1953 5577 ,
1976 5503 2074 5566 non
2114 5518 2219 5568 ele-

706 5620 787 5702 (Id‘)
976 5635 1206 5702 nempe!”
1223 5642 1333 5702 quae
1365 5630 1495 5680 Boos
1523 5636 2004 5702 nttpsitLgenuitque
2038 5638 2178 5690 Obed
2200 5676 2216 5702 ,

643 5680 773 5734 Unde
794 5679 959 5742 Jesse,
984 5689 1038 5733 et
1059 5679 1227 5744 David,
1243 5679 1337 5753 per
1358 5679 1508 5754 quem
1526 5679 1681 5743 ζιεὲῶ
1691 5679 1933 5748 ζῖιῖἷὲἶῶἶ

1889 255 2130 313 SANCTI
2169 251 2544 309 lllERONYMl

3773 263 3890 316 δὺο

2294 369 2607 424 Trinitatem
2630 410 2645 434 ,
2678 379 2729 423 et
2761 369 2812 423 in
2861 369 3140 424 thesauros
3166 371 3420 426 Ecclesia:
3446 375 3690 429 condita.
3723 374 3888 434 Unde

2294 471 2348 516 ct
2394 461 2597 531 forcipe
2620 463 2895 532 utriusque
2920 463 3271 528 Testamenti,
3303 464 3503 521 ardens
3531 467 3704 523 carbo
3724 483 3888 524 com-

2293 554 2614 623 prehensus,
2663 563 2849 625 purgat
2874 554 3011 609 labia
3039 558 3354 624 peccatoris.

2366 645 2456 701 18.
2483 645 2621 713 Quid
2649 656 2830 702 vetera
2875 656 3115 716 repetam
3142 687 3156 711 ,
3189 656 3245 703 et
3270 650 3497 706 virtutes
3552 651 3886 709 feminarum

2293 736 2362 792 de
2390 737 2542 793 libris
2571 737 2876 807 proferam,
2907 753 3034 793 cum
3081 740 3255 809 possis
3285 741 3479 795 multas
3502 750 3630 798 ante
3665 745 3867 799 oculos

2297 826 2388 882 tibi
2435 840 2739 898 proponere
2785 828 2839 883 in
2890 827 3037 883 Urbe
3065 842 3168 898 qua
3196 829 3368 895 vivis,
3399 845 3631 901 quarum
3678 834 3890 890 imitari

2296 918 2599 989 exemplum
2626 917 2865 975 debeas?
2888 919 2957 974 Et
2981 935 3050 975 ne
3080 919 3265 975 videar
3298 921 3610 979 adulatione
3643 940 3739 995 per
3767 927 3891 981 sin-

2295 1009 2446 1079 gulas
2472 1023 2692 1065 currere
2711 1050 2727 1075 ,
2758 1008 2955 1064 sufficit
2980 1009 3077 1064 tibi
3101 1020 3286 1065 sancta
3316 1011 3569 1069 Marcella
3588 1054 3605 1081 ,
3647 1030 3770 1086 qua:
3802 1033 3891 1072 re-

2297 1099 2569 1170 spondens
2618 1100 2805 1171 generi
2847 1114 2984 1167 suo,
3017 1099 3221 1170 aliquid
3264 1101 3421 1158 nobis
3470 1102 3543 1159 de
3587 1104 3891 1179 Evangelio

2269 1198 2274 1202 '
2298 1191 2498 1245 retulit.
2532 1191 2691 1245 Anna
2719 1198 2928 1263 septem
2954 1192 3110 1247 annis
3148 1206 3179 1245 a
3208 1192 3512 1262 virginitate
3552 1210 3649 1251 sua
3670 1197 3891 1252 vixerat

2298 1297 2419 1337 cum
2449 1283 2666 1351 marito,
2696 1285 2796 1338 ista
2835 1291 3043 1355 septem
3089 1283 3390 1340 mensibus.
3420 1285 3515 1341 Illa
3544 1285 3746 1343 Christi
3784 1303 3891 1343 ex-

2299 1375 2575 1444 spectabat
2601 1374 2888 1431 adventum
2921 1391 2937 1430 :
2963 1376 3066 1430 ista
3109 1385 3292 1442 tenet,
3323 1391 3483 1446 quem
3522 1377 3610 1433 illa
3630 1392 3893 1448 suscepe-

2301 1479 2402 1525 rat.
2431 1468 2523 1524 llla
2551 1469 2850 1540 vagientem
2896 1467 3123 1524 canebat
3150 1468 3519 1539 (al.cernebat)
3560 1486 3574 1523 :
3606 1469 3709 1525 ista
3744 1486 3891 1538 prac-

2300 1560 2444 1617 dicat
2473 1559 2910 1631 triumphantem.
2933 1560 3027 1615 Illa
3058 1560 3372 1629 loquebatur
3397 1560 3467 1615 de
3490 1574 3556 1615 eo
3591 1560 3855 1615 omnibus
3873 1602 3889 1623 ,

2300 1655 2392 1724 qui
2420 1654 2776 1724 expectabant
2791 1652 3216 1722 redemptionem
3249 1652 3410 1708 Israel
3425 1651 3515 1724 (al.
3528 1651 3853 1722 Jerusalem)
3877 1669 3892 1705 :

2304 1744 2420 1800 haec
2446 1759 2567 1801 cum
2598 1744 2893 1815 redemptis
2921 1744 3170 1814 gentibus
3196 1744 3433 1798 clamitat
3462 1760 3476 1797 :
3517 1760 3539 1795 ι
3560 1742 3752 1798 Frater
3776 1758 3894 1797 non

2304 1838 2541 1906 redimit,
2565 1837 2793 1894 redimet
2811 1838 3001 1892 homo»
3025 1836 3142 1907 (Ps.
3161 1837 3251 1893 48.
3266 1836 3341 1908 8).
3356 1849 3411 1892 et
3428 1836 3495 1892 de
3518 1836 3625 1890 alio
3642 1837 3892 1901 Psalmo,

2312 1929 2514 1984 «Homo
2532 1937 2687 1984 natus
2701 1938 2785 1984 est
2801 1930 2851 1983 in
2864 1943 2951 1997 ea,
2968 1937 3023 1983 et
3037 1928 3149 1997 ipse
3164 1926 3406 1982 fundavit
3426 1942 3545 1982 eam
3558 1927 3855 1983 altissimus
3868 1947 3890 1980 ι

2308 2018 2426 2091 (Ps.
2455 2018 2544 2075 86.
2575 2018 2654 2091 5).
2675 2018 2799 2075 Scio
2827 2034 2914 2075 me
2941 2028 3069 2075 ante
3093 2018 3198 2074 hoc
3226 2018 3395 2074 ferme
3424 2018 3701 2074 biennium
3721 2058 3738 2083 ,
3772 2018 3895 2073 edi-

2307 2110 2451 2165 disse
2480 2109 2643 2165 libros
2669 2118 2857 2165 contra
2897 2109 3269 2176 Jovinianum,
3297 2108 3493 2180 quibus
3530 2110 3814 2165 venientes
3861 2127 3895 2165 e

2308 2200 2579 2257 contrario
2606 2200 2951 2270 quaestiones,
2968 2200 3060 2256 ubi
3088 2200 3374 2271 Apostolus
3389 2200 3636 2257 concedit
3654 2201 3894 2257 secunda

2309 2293 2645 2347 matrimonia
2668 2333 2684 2359 ,
2725 2291 3121 2362 Scripturarum
3161 2291 3482 2347 auctoritate
3534 2290 3785 2346 contrivi.
3820 2290 3895 2346 Et

2308 2398 2414 2438 non
2442 2392 2527 2440 est
2571 2396 2795 2439 necesse
2841 2382 3027 2438 eadem
3057 2397 3125 2438 ex
3172 2383 3381 2452 integro
3439 2382 3712 2449 scribere,
3767 2397 3894 2437 cum

2311 2475 2484 2544 possis
2509 2475 2635 2531 inde
2658 2489 2778 2546 quae
2818 2475 3014 2545 scripta
3040 2481 3166 2531 sunt
3205 2474 3456 2530 mutuari.
3489 2475 3603 2529 lloc
3643 2483 3847 2529 tantum
3876 2516 3893 2540 ,

2311 2580 2378 2620 ne
2404 2564 2620 2620 modum
2643 2564 2890 2636 egrediar
2932 2564 3208 2636 epistolae,
3255 2564 3587 2621 admonitam
3628 2574 3685 2621 te
3716 2564 3842 2619 volo
3877 2582 3892 2619 :

2310 2657 2513 2713 Coorra
2533 2656 2793 2727 quotidie,
2824 2665 2878 2713 te
2896 2672 3017 2714 esse
3045 2657 3356 2712 morituram
3381 2698 3399 2725 ,
3423 2664 3481 2713 et
3505 2670 3781 2727 nunquam
3823 2654 3896 2711 de

2312 2746 2562 2804 secundis
2587 2748 2788 2819 nuptiis
2814 2748 3094 2819 cogitabis.

2693 2862 2854 2935 295
2927 2861 3254 2918 EPISTOLA
3284 2860 3374 2918 Lv
3403 2861 3498 2933 (ε).

2924 2992 2993 3032 Αἰ)
3018 2992 3291 3032 ΑΙΛΝΒῢὶῐ.

2315 3090 2547 3145 Amando
2578 3087 2895 3161 Presbytero,
2913 3089 3001 3159 qui
3018 3089 3112 3144 sibi
3127 3096 3453 3159 proposuerat
3472 3104 3560 3158 per
3581 3087 3775 3142 litteras
3801 3096 3903 3140 tres

2385 3183 2702 3252 quaestiones,
2732 3181 2978 3251 simulque
3006 3180 3069 3235 de
3094 3180 3360 3250 cujusdam
3380 3179 3584 3236 Sororis
3614 3188 3750 3234 statu
3777 3196 3900 3233 cou-

2388 3276 2632 3339 suluerat,
2658 3272 2727 3325 ad
2745 3272 2946 3344 singula
2971 3274 3260 3342 respondet.

2323 3405 2548 3460 Domino
2566 3419 2695 3460 vere
2717 3413 2903 3459 sancto
2931 3412 2984 3459 et
3010 3403 3348 3475 suscipiendo
3378 3404 3526 3459 fratri
3574 3402 3643 3474 ff)
3670 3406 3900 3460 Auauoo

2764 3493 3083 3567 Presbytero
3108 3494 3473 3552 Htsaoxruus.

2396 3630 2450 3685 1.
2473 3628 2659 3685 Brevis
2674 3628 2909 3700 Epistola
2937 3631 3124 3703 longas
3151 3632 3436 3702 explanare
3467 3647 3572 3688 non
3589 3632 3733 3689 valet
3753 3647 3904 3704 qum-

2329 3722 2532 3777 stioues
2555 3762 2571 3790 ,
2598 3731 2652 3779 et
2691 3724 2742 3778 in
2773 3731 2978 3779 arctum
3022 3725 3186 3779 multa
3225 3725 3555 3781 concludens
3576 3765 3593 3790 ,
3637 3725 3905 3795 stringere

2325 3816 2525 3883 verbis,
2551 3815 2694 3887 quod
2717 3817 2968 3872 sensibus
2988 3817 3265 3874 dilatatam
3288 3827 3390 3873 est.
3415 3818 3715 3888 Interrogas
3731 3860 3746 3884 ,
3777 3817 3905 3888 quid

2326 3909 2592 3980 significet
2617 3909 2748 3966 illud
2775 3910 2828 3965 in
2861 3910 3157 3981 Evangelio
3181 3910 3336 3982 juxta
3360 3909 3671 3966 Mattbtnum
3706 3928 3719 3964 :
3750 3930 3769 3962 ι
3802 3909 3908 3963 No-

2329 4001 2423 4056 lite
2445 4000 2663 4057 solliciti
2690 4014 2810 4057 esse
2835 3999 2903 4056 de
2925 4002 3163 4057 crastino
3192 4019 3208 4068 ;
3251 4000 3453 4057 sufficit
3480 4002 3623 4058 enim
3653 4001 3760 4057 diei
3789 4015 3906 4055 ma-

2328 4091 2439 4147 litia
2465 4106 2561 4148 sua
2589 4110 2609 4146 r
2642 4091 2855 4165 (Matth.
2885 4092 2940 4149 6.
2970 4090 3081 4164 541).
3109 4093 3411 4149 Crastinum
3439 4134 3457 4162 ,
3506 4092 3561 4148 in
3614 4092 3909 4162 Scripturis

2326 4183 2549 4251 sanctis,
2573 4183 2806 4239 futurum
2839 4193 3050 4255 tempus
3073 4184 3377 4255 significat:
3410 4186 3549 4241 sicut
3578 4194 3635 4241 et
3660 4184 3823 4240 Iacob
3851 4184 3907 4239 in

2327 4275 2520 4332 Genesi
2562 4277 2837 4347 loquitur:
2877 4295 2896 4331 ι
2932 4276 3200 4334 Exaudiet
3239 4291 3327 4335 me
3368 4292 3491 4333 cras
3512 4276 3716 4349 iustitia
3738 4289 3855 4331 mea
3880 4292 3903 4328 ι

2327 4366 2478 4438 (Gen.
2512 4366 2601 4423 50.
2630 4366 2742 4440 55).
2775 4368 2843 4422 Ει
2869 4367 2959 4424 ubi
2987 4368 3159 4425 altare
3197 4368 3498 4424 exstruitur
3521 4384 3552 4424 a
3582 4367 3787 4424 duabus
3815 4367 3915 4422 tri-

2329 4459 2498 4515 bubus
2527 4459 2718 4516 Ruben
2748 4469 2804 4516 et
2830 4458 2954 4527 AGad
2977 4500 2992 4528 ,
3022 4470 3078 4515 et
3122 4459 3342 4515 dimidia
3385 4460 3526 4517 tribu
3554 4459 3830 4523 Manasse,
3876 4473 3913 4515 a

2327 4558 2520 4604 cuncto
2543 4551 2739 4606 lsraele
2765 4550 2831 4607 ad
2860 4564 2953 4607 cas
2982 4550 3176 4622 legatio
3215 4550 3478 4619 mittitur,
3505 4566 3629 4605 cum
3679 4549 3915 4606 Phinces

2330 4642 2568 4702 Pontifici
2601 4644 3026 4714 respondissent,
3058 4644 3260 4700 idcirco
3289 4659 3348 4700 se
3374 4644 3546 4700 altare
3574 4643 3770 4699 fecisse
3795 4683 3811 4709 ,
3842 4656 3917 4697 nc

2327 4750 2449 4790 cras
2478 4734 2600 4790 filiis
2625 4736 2740 4790 suis
2779 4735 2992 4791 colendi
3034 4735 3201 4791 Deum
3246 4737 3516 4807 possessio
3555 4734 3919 4804 denegaretur

2326 4825 2504 4896 (Iosue
2530 4826 2620 4879 22.
2644 4825 2756 4899 24).
2785 4827 2852 4882 Et
2878 4826 3043 4882 multa
3072 4826 3373 4883 istiusmodi
3402 4827 3458 4881 in
3474 4824 3639 4880 veteri
3664 4822 3923 4892 reperies

2327 4917 2707 4978 Instrumento.
2731 4916 2831 4985 Qui
2866 4932 2997 4987 ergo
3036 4916 3105 4974 de
3147 4917 3336 4973 futuris
3364 4930 3462 4972 nus
3494 4904 3730 4983 cogitare
3782 4926 3920 4982 pro-

2329 5009 2531 5075 hibuit,
2562 5009 2828 5064 concessit
2866 5008 2935 5064 de
2968 5009 3359 5079 praesentibus,
3403 5014 3621 5078 propter
3659 5003 3919 5061 humanm

2328 5099 2451 5154 vitze
2480 5099 2841 5170 fragilitatem.
2869 5098 3024 5166 Quod
3053 5106 3234 5156 autem
3274 5097 3479 5169 adjicit,
3517 5114 3538 5150 ι
3572 5092 3773 5152 sufficit
3799 5092 3913 5150 diei

2389 5277 2457 5336 (ρ)
2494 5276 2564 5336 Δ,
2601 5277 2709 5326 117.
2734 5274 2923 5336 scripta
2944 5276 3064 5329 circ.
3089 5276 3313 5328 eumdem
3334 5286 3511 5325 annum
3536 5273 3665 5336 591.

2389 5335 2458 5402 (f)
2472 5335 2584 5402 _Hic
2606 5343 2684 5387 est
2720 5338 2805 5389 ille
2828 5335 3075 5402 Amandus
3108 5335 3703 5402 llurdigalzel’resbyter,
3730 5341 3783 5402 et
3819 5346 3913 5402 ρο-

2325 5393 2765 5463 ξῖρᾷἘρὶδοοηυε,
2803 5400 2864 5449 ad
2904 5415 3052 5463 quem
3090 5393 3631 5463 plures‘SuAPaulinus
3677 5393 3919 5463 e‘pistglas

2325 5461 2478 5510 dedit.
2506 5455 2864 5511 luter'Sanctos
2885 5455 3101 5512 refertur
3122 5463 3171 5511 in
3195 5460 3335 5521 Rom.
3361 5455 3775 5521 Hartyrologaﬂ.
3804 5455 3918 5521 Kal.

2325 5522 2454 5583 Julii.
2479 5521 2579 5571 Sed
2601 5522 2741 5571 aliam
2764 5525 2825 5572 ad
2848 5524 3114 5574 Amandum
3128 5520 3411 5583 epistolam,
3438 5517 3651 5583 eamque
3665 5517 3733 5583 de
3756 5519 3921 5583 tribus

2327 5580 2436 5646 aliis
2457 5585 2808 5646 quaestionibus
2837 5591 3075 5646 memorat
3115 5578 3430 5646 Cassiodorus
3452 5578 3613 5646 Insti't.
3638 5578 3673 5627 Ι.
3704 5580 3749 5628 1.
3775 5579 3924 5641 cujus

2327 5640 2517 5713 nullum
2557 5650 2785 5704 superest
2823 5643 3086 5713 vestigium
3109 5677 3123 5700 ,
3146 5655 3247 5713 nec
3258 5643 3386 5713 apud
3423 5640 3549 5692 alios
3571 5647 3808 5694 veteres.
3834 5649 3926 5700 aut

2329 5701 2637 5757 recentiores
2659 5713 2735 5754 est
2755 5701 3100 5754 menum—Vide
3122 5701 3473 5766 praefationem.
