4078 6198
206 229 310 290 56!

202 343 410 398 malitia
437 359 561 399 sua»
587 345 794 417 (Matth.
818 346 870 400 6.
893 344 1002 416 54),
1028 343 1127 397 hoc
1153 341 1308 396 tnodo
1332 340 1561 408 intelligo
1582 358 1594 393 :
1617 337 1778 392 Suffi-

203 435 285 489 cit
311 434 466 491 nobis
498 435 565 492 de
594 434 940 505 przcscntibus
965 433 1120 502 hujus
1149 431 1327 485 smculi
1350 431 1584 499 cogitare
1609 442 1776 496 angu-

203 528 354 582 stiis.
376 527 512 594 Quid
555 542 771 583 necesse
808 535 891 582 est
925 540 1143 580 sensum
1173 523 1240 578 ad
1273 524 1474 576 incerta
1503 529 1559 576 et
1603 519 1778 573 futura

203 617 518 684 extendere,
548 633 666 686 qua:
687 626 776 671 aut
802 617 1056 686 consequi
1086 630 1190 670 non
1218 628 1524 685 possumus,
1557 618 1648 666 aut
1666 609 1776 665 for-

205 707 348 761 sitan
395 708 501 762 cito
548 707 764 762 inventa
791 707 1116 777 perdamus?
1154 712 1320 760 Κακία
1349 703 1489 758 enim
1523 717 1680 772 quam
1704 701 1779 771 (a)

205 799 430 854 Latinus
455 801 610 854 vertit
635 801 687 854 in
721 801 985 865 malitiam,
1016 799 1156 868 apud
1199 798 1415 853 Grmcos
1445 797 1551 850 duo
1577 795 1777 864 signifi-

205 901 318 954 cat,
347 905 400 945 et
425 891 698 954 malitiam,
731 903 783 946 et
813 890 1176 955 afﬂictionem,
1202 905 1357 958 quam
1385 897 1584 942 χακὼσιν
1609 886 1779 942 61·ωεί

205 981 420 1047 dicunt,
450 989 503 1036 et
533 981 619 1036 hic
652 983 822 1052 magis
871 997 967 1050 pro
1003 980 1228 1044 malitia,
1277 977 1549 1033 transferri
1600 975 1783 1030 debuit

204 1071 448 1125 afﬂictio.
497 1072 650 1138 Quod
696 1073 741 1126 si
783 1073 1118 1126 contentiosc
1146 1069 1240 1144 (al.
1268 1067 1621 1137 contentione.)
1663 1067 1782 1136 quis

204 1161 446 1229 ducitur,
479 1163 672 1217 nolens
709 1173 873 1216 κακίαν
918 1161 1260 1217 afﬂictionem
1301 1176 1494 1214 sonare
1523 1168 1578 1214 et
1613 1173 1781 1223 angu-

201 1253 364 1317 stias,
393 1252 486 1308 sed
519 1253 798 1318 malitiam,
826 1253 918 1308 illo
945 1268 1105 1309 sensu
1133 1251 1524 1322 explanandum
1550 1259 1654 1316 est,
1677 1265 1784 1320 quo

199 1342 442 1396 mundus
471 1343 522 1395 in
553 1343 808 1408 maligno,
839 1343 942 1397 hoc
963 1352 1046 1398 est
1073 1343 1124 1396 in
1167 1342 1305 1396 malo
1339 1341 1543 1410 positus
1586 1341 1657 1394 sit
1685 1355 1701 1405 ;
1733 1348 1785 1394 et

199 1430 262 1482 in
319 1431 592 1486 Dominica
631 1430 884 1486 Oratione
925 1431 1152 1486 dicimus
1194 1449 1208 1485 :
1242 1430 1450 1484 Liberos
1474 1446 1566 1483 nos
1590 1444 1623 1482 a
1651 1428 1786 1481 malo

200 1520 426 1590 (Matth.
447 1522 499 1574 6.
514 1519 570 1592 5)
593 1541 605 1574 :
639 1530 695 1575 ut
718 1522 944 1576 sufiieiat
966 1522 1119 1578 nobis
1143 1532 1329 1576 contra
1346 1521 1603 1576 malitiam
1629 1517 1786 1588 hujus

201 1609 398 1664 satculi
431 1625 665 1677 praesens
703 1609 898 1665 habere
941 1622 1235 1666 certamen.

283 1701 446 1772 296
517 1701 572 1753 2.
602 1701 656 1754 In
683 1702 919 1756 secundo
959 1702 1192 1772 qutesisti
1230 1702 1350 1755 loco
1375 1701 1445 1756 de
1472 1700 1612 1755 beati
1639 1703 1784 1768 Apo-

206 1793 335 1845 stoli
356 1792 499 1845 Pauli
531 1792 695 1861 prima
722 1791 788 1846 ad
818 1791 1122 1846 Corinthios
1139 1791 1396 1861 Epistola,
1417 1791 1468 1844 in
1491 1806 1594 1861 qua
1616 1790 1786 1859 loqui-

210 1896 333 1938 tur:
367 1903 384 1936 ‹
409 1885 577 1940 Omne
604 1893 880 1955 peccatum
903 1883 1044 1954 quod
1075 1885 1254 1938 fecerit
1281 1883 1461 1947 homo,
1495 1891 1646 1938 extra
1669 1897 1786 1936 cor-

213 1993 316 2046 pus
332 1986 430 2031 est.
445 1978 543 2045 Qui
566 1987 741 2031 autem
758 1976 1045 2031 fornicatur
1062 1976 1114 2030 in
1131 1989 1324 2045 corpus
1344 1989 1495 2030 suum
1517 1972 1756 2044 peccat(i
1771 2011 1784 2025 .

210 2067 511 2138 Cor.6.18).
529 2068 789 2138 Legamus
816 2082 944 2138 ergo
961 2067 1117 2137 paulo
1139 2066 1405 2135 superius,
1423 2077 1474 2120 et
1493 2065 1570 2119 sic
1584 2064 1652 2118 ad
1673 2063 1791 2117 haec

213 2161 380 2216 verba
403 2154 692 2227 veniamus,
711 2177 777 2214 ne
805 2159 872 2215 de
899 2160 1152 2214 extremis
1174 2158 1430 2228 partibus,
1456 2165 1510 2211 et
1537 2164 1591 2209 ut
1619 2157 1692 2208 ita
1719 2154 1792 2208 dio

212 2267 360 2314 eam,
376 2251 537 2304 cauda
557 2250 773 2320 capituli
795 2259 958 2304 totam
982 2249 1297 2304 sententiam
1317 2261 1475 2300 nosse
1491 2245 1787 2313 cupiamus.

221 2359 240 2388 ο
280 2340 506 2412 Corpus,
539 2342 746 2410 inquit,
779 2355 884 2394 non
917 2339 1290 2403 fornicationi,
1321 2336 1415 2390 sed
1464 2336 1717 2398 Domino,
1739 2341 1794 2388 et

220 2433 481 2485 Dominus
509 2432 741 2501 corpori.
768 2431 906 2485 Deus
931 2438 1109 2484 autem
1133 2429 1222 2498 qui
1260 2427 1544 2482 Dominum
1571 2425 1795 2480 suscita-

216 2525 333 2588 vit,
362 2531 416 2576 et
462 2537 558 2576 nos
587 2537 710 2576 eum
740 2522 834 2576 illo
870 2520 1146 2575 suscitabit
1189 2534 1285 2588 per
1328 2518 1580 2571 virtutem
1619 2529 1791 2570 suam.

216 2613 450 2668 Nescitis
483 2613 603 2682 quia
632 2626 855 2681 corpora
904 2621 1078 2665 vestra
1122 2609 1358 2663 membra
1387 2607 1582 2662 Christi
1628 2604 1796 2660 sunt?

218 2705 444 2758 'l‘olleus
472 2719 598 2774 ergo
629 2703 865 2758 membra
895 2701 1114 2765 Christi,
1149 2701 1336 2754 faciam
1368 2700 1606 2753 membra
1626 2712 1799 2752 mere-

218 2794 412 2848 tricis?
438 2795 606 2848 Absit.
634 2797 716 2849 An
748 2795 991 2858 nescitis,
1020 2793 1144 2863 quia
1173 2793 1262 2861 qui
1289 2790 1565 2860 conjungit
1591 2803 1650 2844 se
1679 2803 1795 2843 me-

219 2885 404 2938 retrici
433 2925 446 2948 ,
472 2899 634 2938 unum
664 2898 861 2952 corpus
899 2884 1016 2938 est?
1045 2882 1215 2936 Erunt
1239 2882 1379 2935 enim
1406 2921 1420 2944 ,
1450 2878 1619 2948 inquit
1649 2919 1664 2943 ,
1691 2877 1799 2933 duo

221 2976 274 3028 in
302 2990 516 3030 carnem
541 2992 698 3029 unam
728 2974 919 3048 i(lbid.
945 2977 1031 3029 15.
1057 2983 1102 3028 et
1128 2971 1287 3043 seqq.)
1307 2991 1326 3023 ι
1351 2971 1448 3038 Qui
1471 2979 1649 3026 autem
1671 2985 1799 3025 con-

213 3067 392 3135 jungit
430 3081 488 3121 se
517 3065 738 3120 Domino
758 3107 772 3128 ,
802 3081 939 3119 unus
963 3065 1179 3134 spiritus
1208 3073 1306 3117 est.
1336 3062 1522 3133 Fugite
1565 3060 1797 3116 fornica-

221 3160 447 3214 tionem.
475 3158 646 3213 Omne
679 3167 955 3227 peceatum
1010 3155 1382 3225 quodcumque
1411 3154 1594 3209 fecerit
1618 3153 1798 3220 homo,

219 3260 378 3304 extra
408 3265 604 3318 corpus
647 3260 747 3304 est.
787 3248 887 3316 Qui
918 3258 1095 3302 autem
1127 3247 1418 3301 forniCatur
1443 3288 1460 3313 ,
1513 3247 1566 3300 in
1607 3261 1802 3316 corpus

222 3357 388 3397 suum
420 3349 606 3410 peccat
627 3359 646 3391 ι
674 3338 822 3410 (Gen.
849 3339 900 3392 2.
923 3338 1012 3402 ‘24;
1032 3348 1076 3391 et
1101 3338 1266 3390 Marc.
1290 3335 1374 3391 10.
1399 3337 1488 3408 8),
1509 3347 1562 3392 ει
1578 3337 1802 3407 reliqua.

223 3435 456 3488 Sanetus
484 3431 772 3501 Apostolus
817 3439 1000 3484 contra
1029 3429 1290 3483 luxuriam
1332 3429 1608 3498 disputans
1631 3468 1646 3494 ,
1670 3437 1724 3482 et
1751 3429 1802 3482 in

224 3520 598 3590 superioribus
627 3520 846 3575 dicens:
884 3539 902 3572 ‹
927 3519 1078 3574 Esca:
1111 3519 1302 3584 ventri,
1336 3529 1388 3572 et
1415 3527 1599 3573 venter
1624 3519 1762 3573 escis
1787 3537 1799 3573 :

227 3615 372 3668 Deus
399 3620 575 3667 autem
597 3622 650 3668 et
673 3613 813 3667 hunc
835 3622 884 3666 et
912 3611 1028 3665 illas
1055 3610 1295 3666 destruet
1319 3628 1338 3662 ι
1371 3610 1444 3680 (1.
1465 3609 1580 3663 Cor.
1607 3608 1660 3664 6.
1692 3611 1800 3681 15),

225 3712 621 3773 consequenter
644 3706 790 3759 venit
816 3703 879 3756 ad
909 3701 1334 3756 fornicationem.
1357 3701 1560 3754 Etenim
1592 3701 1805 3755 luxuria

229 3805 406 3850 mater
438 3795 673 3851 libidinis
701 3805 783 3850 est
803 3837 816 3859 ,
867 3805 1216 3862 ventremque
1238 3793 1528 3848 diszeutum
1575 3793 1724 3856 cibo,
1753 3803 1808 3847 et

229 3887 340 3939 vini
371 3886 674 3956 potionibus
694 3886 990 3954 irrigatum,
1019 3884 1262 3951 voluptas
1287 3883 1593 3950 genitalium
1632 3882 1809 3950 sequi-

230 3989 360 4041 tur;
408 3985 565 4044 atque
594 3982 649 4027 ut
678 3975 803 4027 alibi
831 3974 1030 4027 dictum
1069 3982 1178 4036 cst,
1202 3986 1299 4038 pro
1335 3973 1691 4024 membrorum
1719 3987 1808 4025 or-

227 4067 383 4128 dine,
403 4063 534 4115 ordo
551 4062 800 4114 vitiorum
821 4069 920 4114 est.
940 4059 1109 4114 Omne
1141 4059 1318 4126 itaque
1342 4069 1637 4126 peceatum,
1662 4061 1810 4114 verbi

231 4153 408 4227 gratia
438 4154 634 4206 furtum
661 4191 676 4216 ,
713 4149 1052 4205 homicidium
1079 4190 1093 4215 ,
1141 4147 1325 4216 rapina
1346 4187 1360 4211 ,
1406 4146 1693 4216 perjurium
1715 4190 1730 4214 ,
1761 4158 1814 4203 ct

233 4253 430 4299 etelera
459 4243 542 4296 his
568 4241 784 4307 similia,
813 4248 934 4309 post
955 4239 1148 4293 factum
1172 4237 1556 4306 pmnitudiuem
1580 4236 1810 4292 habent:

238 4347 294 4391 et
337 4337 462 4391 licet
498 4335 683 4389 invitet
707 4331 914 4388 lucrum
942 4373 956 4396 ,
992 4341 1168 4386 tamen
1213 4329 1421 4384 mordet
1462 4331 1812 4386 conscientia.

242 4425 497 4495 Voluptas
524 4425 636 4480 sola
667 4439 729 4478 ac
755 4424 921 4478 libido
949 4425 1106 4476 etiam
1137 4423 1188 4475 in
1226 4421 1342 4490 ipso
1381 4430 1619 4490 tempore
1646 4425 1815 4492 poeni-

243 4517 426 4580 tendi,
455 4516 752 4586 prteteritos
797 4515 1041 4569 stimulos
1088 4513 1320 4582 patitur,
1367 4521 1421 4568 et
1463 4513 1812 4569 titillationem

243 4611 440 4672 carnis,
473 4618 526 4664 et
551 4609 810 4663 incentiva
843 4606 1048 4677 peccati
1076 4623 1088 4658 :
1116 4614 1172 4660 ut
1199 4621 1293 4676 per
1321 4603 1455 4672 haec,
1480 4621 1597 4676 quae
1623 4608 1812 4677 corrigi

243 4702 506 4772 cupimus,
532 4702 843 4771 cogitantes.
861 4714 1072 4753 rursum
1100 4698 1170 4752 sit
1198 4698 1416 4751 materia
1444 4697 1811 4768 delinquendi.

247 4795 462 4850 Aliter:
507 4795 707 4849 Cat-tera
758 4804 975 4864 peccata
1031 4791 1328 4846 forinsecus
1367 4801 1511 4845 sunt.
1554 4791 1816 4862 Quidquid

249 4887 392 4942 enim
415 4887 699 4954 egerimus,
721 4887 774 4939 in
798 4885 930 4939 alios
954 4885 1191 4952 agimus:
1219 4882 1498 4936 fornicatio
1523 4898 1626 4936 non
1645 4884 1816 4937 solum

248 4975 630 5031 conscientiam
660 4955 989 5040 fornicantis,
1024 4973 1118 5028 sed
1149 4982 1203 5028 et
1248 4987 1442 5042 corpus
1469 4971 1729 5038 maculat,
1757 4989 1820 5028 ac

249 5064 544 5123 secundum
573 5066 882 5118 sententiam
907 5065 1136 5129 Domini,
1154 5078 1252 5134 qua
1276 5064 1349 5117 ait
1382 5080 1395 5117 :
1422 5081 1442 5114 ι
1478 5063 1703 5131 Propter
1721 5063 1820 5118 hoc

250 5159 521 5226 relinquet
572 5154 734 5209 homo
784 5164 985 5222 patrem
1033 5165 1088 5210 et
1129 5163 1387 5220 matrem,
1434 5161 1490 5208 et
1530 5152 1822 5208 adhaerebit

252 5247 409 5306 uxori
436 5262 564 5314 suae,
596 5255 648 5300 et
672 5256 827 5300 erunt
855 5243 961 5300 duo
1004 5245 1055 5298 in
1081 5261 1293 5301 carnem
1325 5259 1484 5300 unam
1512 5241 1702 5316 (Marc.
1731 5244 1816 5298 10.

250 5343 305 5396 7.
332 5339 422 5411 8),
453 5340 610 5394 etiam
636 5338 749 5409 ipse
773 5351 892 5392 cum
921 5337 1203 5393 meretrice
1232 5353 1393 5393 unum
1421 5350 1618 5406 corpus
1648 5333 1817 5390 efﬁci-

310 5517 383 5580 (o)
416 5517 498 5565 Sic
533 5523 733 5580 veteres
769 5514 884 5563 editi
900 5526 964 5580 ac
988 5513 1105 5580 hiss.
1128 5511 1820 5580 Hartlauteustamcnlatina.

245 5570 506 5629 Vetustiss.
533 5577 683 5626 Vatic.
715 5573 986 5638 exemplar.
1156 5586 1262 5634 qua:
1302 5573 1477 5625 Latinis
1502 5571 1638 5624 vertit
1667 5584 1685 5621 :
1722 5570 1820 5632 leg.

248 5646 462 5694 vortitur.
1498 5662 1502 5666 -

1601 225 1924 283 EPISTOLA
1966 226 2075 280 LV.

3351 235 3456 289 563

1887 346 1972 392 tur
1995 355 2010 401 ;
2038 349 2089 392 et
2119 350 2298 407 peccat
2325 339 2374 392 in
2402 355 2596 408 corpus
2618 323 2797 406 suum,
2817 343 2942 396 dum
2972 343 3226 412 templum
3255 314 3454 402 Chrisii

1885 429 2008 483 facit
2033 444 2228 499 corpus
2257 445 2377 486 esse
2426 433 2746 487 meretricis.
2773 434 3020 489 Dicamus
3069 445 3123 490 et
3149 438 3302 493 aliter
3325 483 3339 507 ,
3389 456 3455 496 ne

1886 518 2048 572 ullam
2092 520 2400 576 Grzecorum
2457 522 2772 576 sententiam
2820 525 3096 592 prazterirc
3148 528 3452 584 videamur.

1885 610 2039 666 Aliud
2071 620 2153 666 est
2227 614 2384 685 297
2458 630 2677 683 peccare
2717 632 2809 685 per
2835 631 3052 687 corpus,
3081 621 3224 675 aliud
3250 623 3300 676 in
3330 639 3451 678 cor-

1887 717 2034 770 pore.
2058 702 2304 769 Furtum,
2329 706 2690 772 homicidium,
2719 717 2771 762 et
2790 719 2980 764 caetera
3001 710 3202 780 absque
3228 710 3456 769 fornica-

1887 793 2030 848 tione
2075 805 2288 863 peccata
2317 837 2332 862 ,
2381 811 2540 852 manu
2582 798 3020 854 administramus
3079 801 3455 859 extrinsecus:

1887 881 2166 938 fornicatio
2191 885 2304 940 sola
2344 887 2662 944 intrinsecus
2689 889 2746 943 in
2771 903 3002 960 corpore
3025 901 3210 946 n05lro
3251 907 3462 949 exerce-

1887 987 1970 1029 tur
1990 991 2018 1028 a
2040 975 2214 1041 nobis,
2232 995 2336 1034 non
2354 993 2448 1048 per
2464 994 2658 1049 corpus
2686 980 2741 1034 in
2763 981 2896 1034 alios
2917 998 2929 1033 :
2955 989 3001 1034 et
3024 996 3131 1051 per,
3152 984 3460 1053 prtepositio

1888 1067 2238 1124 ministerium
2283 1069 2444 1124 habet
2483 1089 2495 1125 :
2525 1071 2613 1138 in,
2641 1079 2820 1126 autem
2847 1072 2902 1125 in
2932 1086 2990 1126 se
3017 1073 3340 1142 passionem.
3388 1073 3460 1143 (b)

1887 1154 2020 1210 Sunt
2050 1161 2137 1226 qui
2179 1159 2250 1212 ita
2288 1159 2612 1227 cdisscrant,
2643 1160 2783 1230 quod
2813 1161 3105 1216 secundum
3131 1161 3459 1231 Seripturam

1889 1262 2022 1301 uxor
2065 1249 2159 1303 viri
2190 1265 2384 1318 corpus
2412 1252 2502 1316 sit,
2541 1261 2596 1306 et
2619 1251 2938 1320 quicumque
2960 1251 3118 1307 fuerit
3147 1253 3457 1316 fornicatus,

1890 1346 2074 1405 peccet
2097 1339 2150 1392 in
2178 1354 2374 1410 corpus
2399 1356 2576 1406 suum,
2602 1342 2702 1395 hoc
2724 1351 2805 1397 est
2835 1343 2885 1396 in
2913 1359 3155 1407 uxorem,
3184 1344 3308 1398 dum
3340 1360 3456 1399 eam

1889 1443 1982 1481 sua
2013 1428 2368 1486 fornicatione
2395 1434 2749 1487 commaculat
2778 1475 2794 1500 ,
2823 1442 2875 1488 et
2903 1432 3028 1488 facit
3051 1448 3169 1489 eam
3199 1450 3303 1488 non
3330 1448 3457 1505 pec-

1889 1527 2101 1572 cautem
2123 1561 2138 1586 ,
2167 1534 2261 1574 sua
2288 1522 2664 1576 commixtione
2693 1537 2933 1591 peccare.

1961 1608 2036 1680 (c)
2075 1611 2128 1664 5.
2170 1609 2361 1679 Reperi
2380 1612 2616 1679 junctam
2641 1612 2891 1681 Epistola:
2911 1621 2964 1667 et
2987 1611 3464 1669 Commonitoriolo

1891 1697 1982 1768 [aL
2002 1699 2444 1772 Commentariolo]
2471 1710 2560 1756 tuo
2577 1701 2790 1758 brevem
2807 1702 3130 1771 chartulam,
3157 1706 3329 1773 inqua
3349 1705 3463 1760 haec

1892 1789 2054 1844 indita
2086 1790 2426 1846 ferebantur:
2459 1792 2817 1858 Quaerendum
2856 1795 2924 1848 ab
2951 1809 3037 1859 eo,
3079 1796 3129 1848 id
3177 1805 3257 1850 est
3287 1812 3317 1850 a
3354 1812 3461 1861 me,

1892 1890 2066 1935 utrum
2115 1881 2306 1938 mulier
2343 1882 2530 1938 relicto
2557 1884 2670 1939 viro
2711 1883 2973 1952 adultero,
3003 1896 3058 1940 et
3102 1888 3385 1954 sodomita,
3411 1898 3466 1942 et

1891 1971 1995 2026 alio
2020 1987 2117 2042 per
2137 1974 2240 2028 vim
2271 1983 2513 2044 accepto,
2544 1977 2710 2044 possit
2738 1977 2940 2046 absque
2979 1977 3285 2046 poenitentia
3313 1993 3460 2032 com-

1893 2063 2165 2117 municare
2192 2064 2466 2130 Ecclesiae,
2495 2066 2706 2120 vivente
2735 2065 2907 2120 adhuc
2928 2081 2992 2120 eo
3020 2081 3176 2135 quem
3209 2068 3354 2136 prius
3383 2083 3468 2123 re-

1895 2156 2140 2225 liquerat.
2169 2156 2321 2224 Quod
2345 2159 2548 2228 legens,
2575 2159 2716 2213 illius
2732 2159 2978 2214 versiculi
3004 2160 3312 2214 recordatus
3325 2175 3465 2217 sum:

1901 2263 1920 2296 ι
1952 2245 2032 2299 Ad
2059 2247 2389 2300 excusandas
2405 2249 2778 2302 excusationes
2803 2249 2854 2302 in
2873 2249 3105 2318 peccatis
3126 2267 3146 2301 ι
3171 2247 3288 2319 (Ps.
3319 2251 3464 2321 140).

1897 2335 2096 2390 Omnes
2123 2337 2265 2391 enim
2298 2337 2539 2392 homines
2565 2339 2705 2393 vitiis
2732 2339 2926 2394 nostris
2944 2339 3216 2405 favemus;
3244 2349 3301 2395 et
3329 2342 3470 2410 quod

1899 2430 2108 2496 propria
2143 2427 2364 2483 facimus
2392 2429 2684 2493 voluntate,
2718 2429 2785 2483 ad
2815 2438 3018 2485 natura!
3043 2429 3327 2486 referimus
3371 2448 3469 2486 ne-

1899 2521 2225 2574 cessitatem.
2257 2520 2535 2587 Quomodo
2559 2521 2604 2577 si
2626 2521 2769 2577 dicat
2787 2521 3102 2578 adolescens
3124 2541 3138 2577 :
3163 2524 3265 2577 vim
3301 2526 3473 2593 patior

1899 2610 2160 2679 corporis,
2193 2626 2278 2666 me
2306 2611 2372 2666 ad
2403 2611 2678 2666 libidinem
2697 2613 2857 2668 ardor
2878 2613 3120 2683 impellit,
3146 2615 3256 2684 ipsa
3276 2630 3474 2685 organa

1901 2699 2262 2754 membrorum
2291 2700 2623 2769 genitalium,
2671 2708 2726 2756 et
2754 2703 3071 2771 compositio
3101 2703 3362 2772 corporis,
3393 2703 3474 2758 fe-

1903 2791 2109 2846 mineos
2135 2794 2324 2861 qumrit
2350 2794 2645 2862 amplexus.
2679 2795 2744 2849 Et
2773 2811 2984 2850 rursum
3020 2797 3064 2850 si
3105 2795 3391 2861 homicida,
3422 2797 3475 2852 in

1903 2892 2162 2953 egestate,
2192 2885 2382 2953 inquit,
2411 2900 2584 2951 eram,
2614 2886 2915 2956 indigebam
2949 2887 3088 2950 cibo,
3114 2897 3324 2956 tegmen
3355 2902 3479 2942 cor-

1905 2973 2048 3042 poris
2095 2989 2202 3029 non
2230 2975 2523 3042 habebam;
2556 2975 2676 3030 ideo
2723 2977 2952 3031 alienum
2983 2977 3295 3046 sanguinem
3343 2977 3472 3044 fudi,

1906 3079 1973 3118 ne
2003 3064 2118 3133 ipse
2165 3064 2304 3120 fame
2333 3077 2386 3120 et
2429 3066 2622 3136 frigore
2665 3081 2924 3121 morerer.
2973 3067 3257 3134 Responde
3303 3067 3480 3137 itaque

1904 3154 2098 3220 sorori,
2123 3168 2240 3223 quae
2262 3168 2291 3206 a
2320 3154 2474 3209 nobis
2505 3168 2666 3224 super
2692 3169 2791 3209 suo
2818 3164 2958 3208 statu
3002 3156 3214 3224 quaerit,
3247 3171 3352 3210 non
3385 3171 3481 3210 no-

1905 3253 2098 3311 stram,
2131 3245 2226 3300 sed
2258 3245 2497 3315 Apostoli
2539 3246 2876 3300 sententiam.
2902 3266 2921 3298 ο
2960 3253 3040 3300 An
3079 3246 3353 3317 ignoratis,
3378 3247 3483 3301 fra-

1909 3348 2039 3403 tres,
2075 3337 2365 3392 scientibus
2408 3337 2549 3391 enim
2593 3337 2787 3406 Legem
2835 3337 3046 3406 loquor,
3097 3337 3348 3406 quoniam
3397 3338 3483 3392 lex

1907 3428 2210 3482 dominatur
2254 3427 2488 3494 homini,
2535 3437 2732 3498 quanto
2774 3435 3015 3496 tempore
3071 3428 3236 3482 vivit?
3288 3427 3477 3483 Mulier

1909 3522 2052 3576 enim
2080 3537 2196 3591 qua:
2211 3521 2310 3575 sub
2332 3521 2446 3574 viro
2465 3530 2566 3584 est,
2595 3520 2804 3575 vivente
2829 3520 2967 3587 viro,
2991 3520 3204 3575 astricta
3237 3529 3317 3575 est
3335 3520 3480 3590 Legi.

1909 3613 2063 3681 Quod
2089 3615 2131 3668 si
2162 3623 2407 3668 mortuus
2453 3613 2612 3668 fuerit
2655 3614 2737 3666 vir
2779 3614 2918 3682 ejus,
2947 3613 3170 3668 liberata
3200 3623 3285 3668 est
3312 3629 3341 3666 a
3371 3612 3486 3680 lege

1911 3706 2030 3759 viri.
2061 3704 2202 3774 Ergo
2229 3706 2440 3758 vivente
2471 3704 2606 3766 viro,
2637 3703 2874 3757 adultera
2895 3703 3018 3765 erit,
3041 3703 3086 3756 si
3116 3702 3327 3756 duxerit
3355 3701 3487 3756 alte-

1915 3812 2028 3849 runt
2057 3797 2228 3848 virum
2260 3816 2275 3846 ι
2311 3793 2486 3865 (Rom.
2529 3794 2582 3845 7.
2611 3794 2660 3845 1.
2693 3802 2738 3844 et
2765 3788 2948 3860 καφ).
2980 3791 3048 3843 Ει
3088 3791 3138 3842 in
3180 3789 3284 3842 alio
3331 3790 3486 3844 loco:

1921 3905 1936 3936 ι
1977 3885 2162 3938 Mulier
2187 3885 2398 3952 alligata
2429 3891 2530 3944 est,
2561 3889 2760 3948 quanto
2791 3889 3034 3948 tempore
3076 3877 3206 3930 vivit
3242 3877 3325 3930 vir
3347 3878 3485 3946 ejus.

1917 3976 1974 4029 Si
2003 3981 2180 4026 autem
2212 3970 2496 4026 dormierit
2517 3969 2598 4022 vir
2615 3969 2752 4038 ejus,
2773 3968 2993 4022 liberata
3016 3977 3097 4022 est
3122 3985 3135 4022 :
3163 3967 3251 4022 cui
3268 3967 3380 4020 vult
3401 3983 3490 4020 nu-

1919 4065 2249 4126 bat,tantum
2280 4062 2335 4116 in
2361 4061 2591 4115 Domino
2614 4077 2632 4112 ι
2665 4057 2873 4128 (1.6ον.
2899 4059 2953 4118 7.
2984 4057 3091 4127 59).
3112 4056 3310 4112 Omnes
3334 4056 3491 4126 igitur

1918 4153 2255 4207 causationes
2283 4151 2572 4220 Apostolus
2604 4158 2903 4220 amputans,
2935 4149 3268 4220 apertissime
3297 4148 3490 4202 defini-

1922 4247 2014 4307 vit,
2057 4244 2265 4298 vivente
2311 4243 2425 4296 viro
2450 4241 2742 4296 adulteram
2765 4256 2885 4297 esse
2916 4240 3215 4304 mulierem,
3248 4241 3291 4296 si
3333 4239 3489 4294 alteri

1921 4334 2178 4405 nupserit.
2216 4333 2350 4388 Nolo
2391 4331 2522 4388 mihi
2563 4332 2798 4403 proferas
2849 4331 3075 4402 raptoris
3142 4331 3304 4402 298
3377 4330 3492 4384 vio-

1922 4427 2160 4490 lentiam,
2194 4427 2378 4481 matris
2420 4426 2838 4496 persuasionem,
2863 4425 3028 4495 patris
3077 4424 3445 4479 auctoritatem
3471 4465 3486 4490 ,

1925 4518 2338 4587 propinquorum
2365 4528 2653 4580 catervam,
2683 4515 2760 4588 (ά)
2783 4531 3059 4572 servorum
3089 4515 3308 4571 insidias
3334 4523 3495 4583 atque

1986 4715 2056 4777 (it)
2091 4714 2161 4763 Ex
2207 4716 2423 4777 ejusdem
2461 4717 2615 4764 Vaiic.
2646 4717 2882 4777 lectione,
2922 4717 3006 4765 sed
3044 4729 3123 4776 qut
3157 4721 3220 4761 tto
3255 4711 3494 4777 dissecant

1923 4773 2054 4826 aiunt
2076 4778 2202 4838 quod
2224 4773 2505 4838 secundum.
2529 4786 2623 4826 etc.
2641 4780 2800 4825 verior
2825 4776 3024 4825 fortasse
3047 4773 3222 4824 Sensus
3238 4773 3493 4822 constabit.

1926 4838 2072 4904 l’aulo
2098 4837 2217 4904 infra
2241 4837 2316 4887 sui
2336 4837 2666 4904 commixtione
2688 4852 2772 4904 pro
2795 4851 2900 4895 sua,
2926 4845 3043 4904 etc.
3072 4901 3079 4904 _
3151 4895 3178 4904 Α.

1991 4899 2057 4961 (c)
2099 4899 2221 4947 Εᾱὲιὶ
2256 4914 2427 4947 omnes
2450 4907 2562 4946 ante
2589 4892 2910 4961 hiat'iianzetttn
2938 4897 3052 4961 libri
3069 4895 3258 4961 tertiam
3283 4892 3373 4942 hoc
3393 4893 3498 4944 loco

1925 4955 2242 5029 quicStignem
2263 4961 2545 5029 obtrudunt,
2573 4959 2646 5006 cui
2675 4959 2894 5029 proxime
2913 4971 3020 5029 qua:
3042 4956 3116 5002 hic
3135 4955 3497 5029 subsequuntur

1924 5017 1986 5069 de
2023 5020 2248 5076 muliere,
2273 5034 2382 5081 qua:
2413 5019 2618 5081 alterum
2645 5017 2796 5067 virum
2821 5019 3033 5081 accepit,
3067 5017 3199 5081 serie
3233 5017 3491 5081 illiiliuliiia,

1929 5083 1974 5130 in
2013 5081 2108 5128 iiue
2146 5074 2422 5141 subjiciunt.
2455 5080 2517 5141 _ljlt
2557 5092 2729 5141 ret-era
2755 5074 3032 5141 concinnior
3074 5074 3156 5124 ille
3193 5074 3310 5141 ordo
3347 5076 3496 5141 vilic-ri

1927 5143 2079 5204 p:.ssit
2095 5179 2121 5204 ._
2145 5135 2364 5204 sed'cum
2387 5139 2566 5204 nullius
2586 5139 2714 5204 quod
2754 5139 3014 5204 viderimus
3034 5143 3155 5204 ,__aut
3179 5136 3383 5204 sciamus
3409 5135 3495 5184 Ms.

1928 5197 2224 5263 exemplaris
2245 5201 2528 5263 aut:_toritate
2546 5197 2743 5263 nitatur,
2763 5199 2823 5263 ab
2847 5197 3131 5263 eorumiide
3148 5197 3390 5263 recedere
3417 5211 3498 5246 uo-

1928 5265 2004 5312 bis
2037 5259 2130 5310 non
2157 5262 2292 5309 licet.
2320 5259 2464 5308 Forte
2491 5261 2633 5321 etiam
2659 5259 2760 5321 haec
2778 5259 2994 5319 junxerit
3018 5260 3123 5321 ipse
3147 5259 3496 5318 Hieronymus,

1927 5321 2054 5386 quod
2079 5323 2134 5368 ad
2161 5323 2310 5386 ipsam
2335 5333 2479 5386 quam
2501 5319 2640 5386 modo
2675 5319 2901 5386 edisserit
2944 5319 3292 5386 quastionem,
3325 5331 3498 5386 respe-

1928 5378 2057 5453 c'tmn
2091 5378 2261 5490 2ξὲἱο
2283 5378 2431 5444 quem
2468 5381 2696 5429 habeant.
2735 5379 2936 5430 Interim
2958 5378 3112 5432 Vattc.
3145 5380 3357 5432 indicata
3379 5378 3500 5442 legit

1931 5458 2017 5490 nro
2041 5456 2087 5490 ιη
2126 5456 2142 5490 ι
2198 5478 2209 5490 .

1964 5458 2017 5493 ro
2041 5441 2209 5494 indita.

1931 5459 2247 5565 ρᾟιῦηθέῗίε.
2265 5501 2406 5553 aliter
2427 5515 2667 5551 scutorum
2689 5500 2906 5560 insidias,
2921 5511 3167 5564 parentum
3191 5503 3385 5560 donum,
3404 5510 3499 5554 etc.

1935 5563 2256 5676 γοωέεὲῧξο
2277 5572 2480 5628 utraque
2509 5577 2624 5614 voce
2648 5571 2858 5624 retenta,
2882 5563 3020 5628 atque
3043 5573 3308 5627 contemptu
3332 5576 3504 5624 part":-

1952 5638 2046 5676 wn.
2217 5639 2268 5676 α.

1928 5633 2046 5688 twn,
2073 5633 2268 5676 clauum.
