4078 6198
659 300 764 355 563

658 420 1048 479 contemptum,
1073 409 1262 463 damna
1284 407 1361 459 rei
1387 403 1681 462 familiaris.
1707 400 1971 468 Quamdiu
1988 399 2118 458 vivit
2134 400 2236 466 vir,

661 503 786 558 licet
811 501 1016 557 adulter
1036 500 1123 564 sit,
1149 497 1270 551 licet
1295 496 1581 560 sodomita,
1611 496 1734 550 licet
1758 495 1967 563 ﬂagitiis
1989 493 2238 548 omnibus

660 603 963 663 coopertus,
1009 597 1062 643 et
1102 588 1168 641 ab
1199 603 1364 640 uxore
1412 596 1626 655 propter
1657 586 1770 639 haec
1800 585 2005 640 scelera
2035 585 2239 639 dereli-

659 693 793 746 ctus,
827 681 1044 734 maritus
1064 677 1180 746 ejus
1205 686 1500 746 reputatur,
1527 677 1612 730 cui
1640 676 1867 730 alterum
1902 676 2075 730 virum
2097 675 2236 729 acci-

657 787 782 842 pere
810 786 914 824 non
947 769 1092 822 licet.
1143 767 1252 822 Nec
1283 767 1573 835 Apostolus
1605 766 1718 821 hzec
1751 767 1962 835 propria
2001 766 2236 820 auctori-

655 873 759 918 tate
788 862 1049 923 decernit,
1096 858 1192 914 sed
1239 857 1457 912 Christo
1503 859 1555 912 in
1605 874 1664 912 se
1713 858 1981 926 loquente,
2033 856 2234 910 Christi

650 953 812 1010 verba
859 961 1075 1006 secutus
1129 958 1232 1013 est,
1277 950 1368 1019 qui
1410 949 1485 1002 ait
1531 950 1582 1003 in
1615 949 1944 1017 Evangelia:
1975 967 1992 999 ι
2023 948 2123 1014 Qui
2153 947 2234 1001 di-

650 1045 810 1098 mittit
832 1058 1051 1097 uxorem
1073 1056 1243 1105 suam,
1267 1051 1488 1110 excepta
1514 1055 1673 1095 causa
1697 1039 2086 1103 fornicationis,
2112 1039 2234 1092 facit

647 1151 764 1190 eam
795 1133 1088 1190 mtechari:
1119 1143 1174 1187 et
1212 1132 1306 1202 qui
1354 1132 1639 1187 dimissam
1683 1132 1974 1199 acceperit,
2023 1130 2232 1183 adulter

645 1235 728 1280 cst
763 1246 781 1278 ι
819 1224 1032 1298 (Matth.
1059 1225 1113 1279 5.
1144 1223 1260 1293 3‘2).
1294 1223 1676 1279 Animadverte
1703 1222 1831 1290 quid
1870 1223 2044 1276 dicat:
2077 1241 2094 1273 ‹
2129 1221 2230 1290 Qui

645 1316 922 1370 dimissam
956 1315 1243 1383 acceperit,
1283 1314 1494 1368 auulter
1520 1323 1634 1368 est:
1669 1333 1689 1365 ι
1723 1313 1837 1366 sive
1867 1313 1979 1382 ipsa
2007 1312 2229 1366 dimise-

642 1409 716 1461 rit
743 1409 936 1470 virum,
964 1406 1078 1461 sive
1100 1421 1128 1458 a
1151 1405 1266 1460 viro
1289 1404 1506 1460 dimissa
1535 1407 1624 1471 sit,
1648 1404 1861 1459 adulter
1890 1414 1973 1458 est
1997 1404 2086 1474 qui
2110 1419 2229 1458 eam

642 1498 933 1568 acceperit.
967 1496 1122 1554 Unde
1171 1507 1227 1552 et
1269 1497 1514 1566 Apostoli
1555 1512 1772 1568 gravem
1805 1498 2036 1567 conjugii
2063 1498 2230 1551 sarci-

642 1604 765 1642 nam
797 1589 1155 1659 intelligentes
1183 1604 1198 1641 :
1237 1605 1257 1640 ‹
1295 1588 1350 1643 Si
1379 1588 1453 1642 ita
1479 1598 1589 1657 est,
1615 1588 1880 1658 inquiunt,
1916 1604 2023 1642 non
2065 1604 2227 1657 expe-

641 1680 722 1733 dit
745 1679 945 1732 homini
994 1693 1216 1734 uxorem
1247 1679 1511 1746 accipere.
1541 1700 1561 1730 ι
1615 1678 1696 1732 Ad
1749 1695 1885 1748 quos
1931 1679 2224 1734 Dominus:

649 1785 668 1817 ι
698 1767 797 1835 Qui
826 1775 1020 1835 potest,
1052 1767 1242 1834 inquit,
1269 1781 1482 1835 capere,
1517 1766 1694 1836 capiat
1725 1786 1744 1819 ι
1769 1767 1982 1839 (Matth.
2018 1768 2103 1822 19.
2136 1770 2222 1823 10.

642 1869 690 1911 et
737 1857 848 1928 12).
893 1856 1194 1926 Statimque
1225 1857 1324 1911 sub
1370 1857 1621 1927 exemplo
1649 1857 1806 1911 trium
1829 1859 2223 1924 cunuchorum,

637 1951 960 2022 virginitatis
991 1949 1150 2006 infert
1176 1947 1580 2015 beatitudinem,
1607 1965 1726 2020 qua:
1744 1951 1889 2006 nulla
1912 1952 2087 2006 carnis
2107 1953 2223 2023 lege

641 2053 874 2099 tenetur.
2190 2093 2193 2095 _

707 2137 762 2190 4.
803 2135 986 2203 Neque
1017 2134 1148 2190 satis
1173 2135 1603 2192 animadvertere
1633 2138 1802 2208 potui,
1830 2138 1955 2207 quid
1985 2139 2057 2194 sit
2077 2140 2218 2209 quod

634 2224 815 2280 dicere
839 2224 1027 2288 voluit,
1056 2225 1162 2279 alio
1192 2225 1308 2279 viro
1331 2242 1427 2296 per
1457 2229 1560 2281 vim
1583 2239 1820 2297 accepto.
1845 2229 1980 2294 Quid
1999 2239 2100 2296 est,
2126 2248 2221 2300 per

632 2315 744 2371 vim
765 2315 1021 2384 accepto?
1049 2314 1384 2386 Congregata
1425 2317 1674 2372 videlicet
1718 2318 2088 2386 multitudine,
2121 2339 2220 2376 no-

632 2405 832 2460 lentem
861 2406 1080 2474 rapuit;
1117 2406 1194 2478 (a)
1221 2418 1274 2461 et
1319 2423 1484 2477 quare
1514 2417 1695 2478 postea
1744 2421 2010 2479 raptorem
2059 2423 2209 2482 rapta

633 2514 737 2553 non
769 2500 1007 2555 dimisit?
1037 2500 1202 2570 Legat
1234 2501 1403 2556 libros.
1431 2503 1621 2573 Moysi,
1651 2514 1704 2558 et
1732 2506 1970 2563 inveniet
1992 2508 2216 2579 despon-

630 2598 800 2644 satam
829 2591 962 2655 viro,
992 2591 1038 2645 si
1062 2592 1114 2645 in
1145 2593 1360 2648 civitate
1399 2593 1558 2648 fuerit
1585 2610 1862 2664 oppressa,
1889 2608 1940 2653 et
1969 2615 2074 2654 non
2099 2603 2212 2656 cla-

629 2686 874 2750 maverit,
907 2685 1083 2755 puniri
1105 2687 1256 2756 quasi
1277 2686 1572 2742 adulteram
1598 2688 1774 2761 (Deut.
1806 2691 1922 2762 2‘2).
1955 2693 2012 2747 Si
2033 2703 2210 2749 autem

626 2777 684 2832 in
712 2793 840 2848 agro
869 2793 1124 2848 oppressa
1171 2779 1260 2846 sit,
1311 2779 1582 2834 innoxiam
1631 2795 1752 2836 esse
1801 2797 1829 2835 a
1875 2784 2109 2850 scelere;
2157 2795 2212 2840 et

625 2869 918 2924 violentum
940 2869 1145 2940 legibus
1171 2870 1471 2940 subjacere.
1495 2871 1636 2942 Ergo
1665 2882 1718 2927 et
1746 2873 1845 2929 ista
1869 2889 2044 2942 soror,
2068 2893 2208 2947 quae,

624 2973 684 3019 ut
716 2964 864 3030 dicit,
893 2964 1000 3018 vim
1029 2979 1189 3034 passa
1234 2974 1338 3032 est,
1370 2973 1428 3020 ut
1467 2965 1625 3019 alteri
1652 2966 1992 3037 jungcretur,
2023 2970 2069 3023 si
2098 2970 2211 3024 vult

624 3073 820 3128 corpus
833 3057 1037 3116 Christi
1057 3058 1326 3127 accipere,
1347 3066 1404 3114 et
1424 3075 1531 3114 non
1547 3058 1791 3114 adultera
1810 3043 2066 3132 reputari,
2087 3074 2211 3132 agat

624 3149 1027 3219 paenitentiam:
1059 3151 1132 3204 ita
1163 3152 1456 3218 duntaxat,
1490 3160 1546 3205 nt
1571 3152 1811 3207 secundo
1830 3154 1963 3218 viro,
1993 3155 2081 3224 qui
2102 3172 2209 3210 non

623 3242 919 3311 appellatur
935 3241 1037 3306 vir,
1057 3241 1151 3296 scd
1170 3241 1401 3309 adulter,
1424 3257 1454 3296 a
1478 3252 1719 3312 tempore
1741 3245 2072 3314 poenitentiae
2100 3261 2206 3300 non

623 3333 924 3401 ecpuletur.
957 3332 1108 3398 Quod
1137 3335 1181 3386 si
1207 3334 1255 3387 ei
1287 3333 1480 3388 durum
1520 3335 1746 3400 videtur,
1791 3346 1846 3390 et
1883 3337 2047 3391 semel
2074 3337 2206 3392 dileo

624 3432 768 3476 ctum
788 3438 892 3475 non
913 3432 1089 3491 potest
1107 3423 1500 3491 derelinquere,
1518 3439 1617 3478 nec
1637 3424 1893 3493 pmferrc
1924 3427 2206 3481 Dominum

623 3511 883 3578 voluptati
911 3550 924 3574 ,
955 3511 1138 3565 audiat
1167 3512 1482 3579 Apostolum
1527 3515 1950 3570 conclamantem
1987 3536 1999 3571 :
2039 3535 2058 3568 ‹
2092 3519 2206 3572 Non

624 3601 848 3670 poteSIis
877 3602 1099 3656 calicem
1130 3602 1339 3656 Domini
1358 3603 1563 3671 bibere,
1584 3615 1635 3660 et
1664 3606 1887 3660 calicem
1916 3608 2210 3664 daemonio-

622 3709 764 3748 rum.
795 3692 910 3748 Non
959 3696 1181 3763 potestis
1217 3710 1419 3751 mensa:
1455 3697 1661 3752 Domini
1707 3700 2123 3768 communicare,
2154 3712 2209 3758 et

619 3801 823 3840 mensa:
843 3785 1227 3842 diemoniorum
1255 3808 1277 3840 ι
1295 3789 1341 3859 (1
1357 3831 1370 3843 .
1390 3788 1507 3843 Cor.
1533 3790 1616 3845 10.
1636 3789 1752 3862 20).
1777 3792 1843 3845 Et
1860 3792 1910 3845 in
1929 3793 2032 3847 alio
2054 3794 2168 3849 loco
2189 3815 2203 3850 :

625 3897 644 3928 ι
679 3877 808 3945 Qua:
833 3880 1246 3935 communicatio
1269 3880 1372 3936 luci
1400 3896 1462 3936 ac
1485 3881 1883 3950 tenebris?-Qui
1909 3897 2206 3942 consensus

615 3965 852 4035 Clu-isto,
881 3977 936 4022 et
962 3969 1152 4023 Belial?
1183 3989 1201 4022 ι
1239 3970 1317 4038 (2.
1347 3970 1468 4026 Cor.
1501 3971 1553 4026 6.
1586 3971 1672 4026 M.
1703 3972 1819 4042 15.)
1852 3971 1982 4026 Rem
2013 3987 2204 4029 novam

620 4059 784 4128 299
856 4059 1045 4127 loquor
1069 4100 1084 4124 ,
1129 4059 1239 4115 imo
1293 4075 1397 4115 non
1428 4077 1640 4129 novam,
1669 4061 1764 4118 sed
1794 4071 2051 4129 veterem,
2083 4079 2204 4134 qua:

619 4142 818 4202 veteris
843 4147 1173 4204 Testamenti
1201 4152 1521 4206 auctoritate
1552 4154 1810 4208 firmatur.
1843 4153 1898 4210 Si
1926 4155 2206 4226 reliquerit

619 4239 914 4296 secundum
957 4241 1154 4309 virum,
1184 4252 1238 4298 et
1266 4245 1600 4300 reconciliari
1628 4247 1854 4302 voluerit
1881 4249 2066 4318 priori,
2095 4266 2204 4306 non

619 4344 818 4402 potest.
849 4332 1114 4404 Scriptum
1145 4347 1226 4391 est
1245 4339 1388 4392 enim
1415 4339 1470 4393 in
1496 4339 1912 4396 Deuteronomio
1943 4360 1954 4395 :
1988 4361 2008 4394 ι
2037 4343 2091 4397 Si
2114 4359 2204 4398 ac-

619 4427 826 4493 ceperit
849 4428 1006 4482 homo
1034 4443 1274 4494 uxorem,
1300 4440 1354 4484 et
1382 4430 1625 4486 habuerit
1649 4447 1802 4487 eam:
1831 4443 1880 4489 et
1912 4451 2017 4489 non
2047 4435 2200 4491 inve-

617 4519 760 4573 nerit
785 4520 1010 4589 gratiam
1034 4521 1085 4574 in
1108 4530 1405 4590 conspectu
1431 4522 1548 4590 ejus
1578 4527 1795 4594 propter
1832 4526 2064 4597 aliquam
2096 4527 2199 4583 fae-

617 4609 861 4674 ditatem,
894 4611 1093 4666 scribet
1121 4611 1357 4666 libellum
1387 4612 1613 4682 repudii,
1646 4625 1699 4669 et
1726 4615 1801 4686 (b)
1829 4617 1976 4672 dabit
2007 4619 2057 4672 in
2084 4635 2199 4671 nta-

617 4715 718 4755 nus
759 4700 905 4769 ejus;
952 4709 1006 4755 et
1049 4701 1281 4755 dimittet
1318 4715 1436 4756 eam
1467 4701 1534 4757 de
1587 4703 1747 4758 domo
1793 4721 1908 4760 sua.
1957 4707 2199 4774 Cumque

616 4791 830 4859 egressa
860 4792 1084 4846 alterum
1114 4795 1360 4847 maritum
1386 4793 1628 4860 duxerit;
1657 4805 1710 4849 et
1729 4797 1818 4852 ille
1843 4813 2052 4867 quoque
2073 4797 2201 4851 ode-

617 4883 690 4935 rit
714 4897 854 4945 eam,
885 4882 1198 4954 dedcritque
1227 4885 1275 4939 ei
1308 4885 1544 4940 libellum
1578 4887 1806 4955 repudii,
1846 4899 1900 4942 et
1937 4888 2200 4943 dimiserit

616 4973 683 5024 tle
710 4975 868 5026 domo
898 4989 1013 5039 sua,
1047 4976 1127 5030 vel
1159 4987 1305 5030 certe
1339 4985 1583 5030 mortuus
1625 4977 1806 5042 fuerit,
1857 4993 1962 5031 non
2002 4981 2201 5047 poterit

617 5064 763 5129 prior
790 5065 1011 5118 maritus
1041 5067 1282 5136 recipere
1309 5083 1426 5120 eam
1460 5067 1510 5120 in
1561 5083 1817 5121 uxorem:
1846 5069 1966 5136 quia
2001 5069 2196 5136 polluta

615 5165 717 5222 est,
749 5167 802 5212 et
827 5158 1198 5214 abominabilis
1227 5160 1363 5214 facta
1385 5170 1468 5214 est
1494 5175 1674 5214 coram
1704 5161 1948 5216 Domino.
1973 5160 2049 5215 Ne
2073 5177 2197 5230 pcc-

615 5264 738 5302 care
770 5248 938 5303 facias
967 5260 1160 5305 terram
1195 5262 1361 5316 tuam,
1395 5269 1554 5321 quam
1602 5253 1858 5306 Dominus
1904 5255 2044 5307 Deus
2078 5264 2198 5308 tuus

619 5338 834 5390 tradidit
853 5340 944 5392 tibi
977 5341 1347 5408 possidendam
1373 5342 1682 5412 i(Deut.‘25.
1706 5344 1753 5396 l.
1778 5355 1820 5395 et
1842 5346 2025 5414 δίψῃ).
2048 5329 2197 5399 Unde

667 5546 755 5619 Β(ιι)
775 5546 1132 5619 Γ1ι1ςιιιλκξιιιίιτη
1169 5559 1213 5600 et
1250 5553 1402 5600 virum
1444 5562 1604 5615 postea
1637 5568 1729 5604 non
1769 5562 2009 5613 raptorem
2055 5562 2196 5619 rapta

619 5605 823 5663 diutis“.
851 5612 1003 5663 Legat,
1030 5617 1123 5654 etc.

619 5660 757 5786 huis)
783 5660 984 5717 QW‘WJm
1011 5665 1093 5710 Ms.
1121 5675 1164 5715 ct
1189 5670 1315 5719 dabit
1340 5672 1401 5731 ci,
1427 5681 1469 5721 et
1496 5674 1716 5734 dimitti-1,
1741 5676 1912 5722 Viliwso
1939 5684 2100 5723 tamen
2143 5685 2192 5725 ut

1927 287 2167 345 SANCTI
2204 283 2580 344 IIIERONYMI

3839 290 3962 349 561

2348 396 2575 454 obsecro
2607 407 2678 462 te,
2712 407 2771 454 ut
2811 397 3272 464 consoleris-eam,
3322 399 3431 455 imo
3461 416 3727 470 provoces
3753 405 3820 460 ad
3853 421 3956 462 sa-

2348 489 2534 546 lutem.
2568 490 2800 544 Putridae
2825 504 3016 544 carnes
3037 489 3183 545 ferro
3204 491 3443 560 indigent
3469 503 3525 548 et
3545 480 3790 550 cauterio
3811 515 3825 544 =
3844 515 3954 554 nec

2347 591 2429 635 est
2481 581 2758 636 medicina:
2808 582 2985 650 culpa,
3035 581 3127 635 sed
3182 581 3457 648 vulneris,
3511 599 3636 638 cum
3685 587 3948 642 clementi

2344 675 2659 729 crudelitate
2686 690 2790 729 non
2822 675 2991 744 parcit
3035 674 3298 740 medicus,
3334 685 3391 729 ut
3431 689 3636 746 parcat,
3669 680 3850 748 saevit,
3881 691 3949 735 ut

2345 767 2683 820 misereatur.

2413 858 2467 911 5.
2511 857 2584 925 (ε)
2629 857 2831 923 Tcrta,
2866 857 2916 910 Id
2963 867 3067 921 est,
3115 869 3354 912 extrema
3397 861 3693 930 pr0positio
3723 873 3811 918 tua
3840 865 3944 922 fuit

2341 945 2407 999 de
2434 947 2624 1001 cadent
2657 949 2897 1017 Apostoli
2952 949 3214 1017 Epistola,
3266 950 3354 1005 ubi
3409 951 3477 1005 dc
3529 958 3939 1014 resurrectione

2339 1035 2639 1104 disputans,
2669 1038 2814 1092 venit
2841 1037 2906 1090 ad
2936 1052 3057 1092 eum
3090 1038 3288 1104 locum,
3313 1040 3365 1093 in
3397 1056 3503 1108 quo
3533 1045 3793 1112 scriptum
3824 1061 3930 1101 est:

2345 1143 2362 1175 ι
2399 1124 2622 1195 Oportet
2647 1128 2788 1180 enim
2813 1143 2935 1182 eum
2959 1143 3204 1198 regnare,
3234 1128 3405 1183 donec
3427 1142 3590 1200 ponat
3613 1149 3806 1189 omnes
3828 1138 3930 1192 ini-

2339 1220 2508 1271 micos
2543 1233 2670 1272 suos
2699 1219 2796 1273 sub
2826 1219 3052 1287 pedibus
3092 1221 3221 1274 suis.
3256 1219 3556 1276 Novissime
3606 1234 3788 1279 autem
3820 1227 3924 1281 ini-

2337 1308 2472 1362 mica
2493 1308 2800 1364 destruetur
2829 1325 2993 1364 mors.
3016 1307 3206 1365 Omnia
3237 1313 3380 1364 enim
3409 1312 3645 1382 subjecta
3679 1327 3806 1370 sunt
3827 1321 3923 1373 sub

2338 1397 2560 1465 pedibus
2602 1399 2718 1468 ejus
2753 1417 2771 1450 ι
2815 1400 2892 1469 (1.
2939 1399 3058 1454 Cor.
3111 1401 3199 1456 15.
3244 1400 3334 1456 25.
3384 1401 3499 1473 26).
3553 1403 3686 1458 Cum
3742 1416 3918 1462 autem

2333 1490 2548 1557 dixerit,
2578 1492 2701 1561 quia
2730 1492 2911 1546 omnia
2941 1493 3181 1562 subjecta
3223 1501 3349 1548 sint
3389 1494 3462 1559 ei,
3509 1494 3648 1551 haud
3697 1499 3919 1555 dubium

2331 1584 2458 1652 quin
2501 1593 2694 1652 prmter
2721 1599 2844 1639 eum
2872 1586 2963 1654 qui
2989 1585 3215 1654 subjecit
3261 1585 3310 1640 ei
3356 1587 3551 1642 omnia.
3596 1588 3736 1644 Cum
3790 1608 3920 1647 vero

2331 1672 2568 1741 subjecta
2603 1673 2656 1728 ei
2695 1672 2894 1728 fuerint
2937 1675 3137 1741 omnia,
3169 1684 3297 1730 tunc
3325 1684 3380 1731 et
3409 1677 3519 1746 ipse
3547 1677 3714 1734 Filius
3740 1682 3919 1750 subji-

2329 1765 2500 1818 cietur
2526 1764 2597 1829 ei,
2627 1765 2716 1834 qui
2757 1765 2858 1820 sibi
2887 1766 3115 1835 subjecit
3153 1766 3364 1832 omnia;
3399 1787 3419 1820 ι
3452 1777 3509 1823 ιιι
3534 1770 3601 1824 sit
3626 1770 3770 1826 Deus
3798 1788 3920 1827 om-

2329 1857 2416 1911 nia
2445 1857 2496 1910 in
2523 1857 2791 1912 omnibus.
2822 1876 2843 1909 ι
2874 1859 2940 1911 Ει
2965 1858 3134 1914 miror
3161 1867 3215 1914 te
3244 1859 3347 1914 hoc
3372 1875 3402 1914 a
3429 1875 3514 1916 me
3535 1877 3782 1932 quaerere
3814 1879 3917 1918 vo-

2327 1948 2510 2014 luisse,
2551 1965 2672 2004 cum
2720 1960 2937 2004 sanctus
2963 1950 3196 2006 Hilarius
3215 1951 3566 2008 Pictaviensis
3585 1953 3913 2026 EpiscOpus,

2327 2041 2666 2096 undecimum
2705 2042 2900 2098 librum
2924 2053 3114 2097 contra
3145 2043 3378 2098 Arianos
3403 2043 3504 2098 hac
3531 2047 3831 2114 quaestione
3859 2058 3914 2102 et

2325 2133 2591 2188 solutione
2612 2133 2982 2203 compleverit.
3006 2133 3208 2190 Tamen
3237 2149 3402 2204 pauca
3431 2135 3618 2190 saltem
3644 2136 3907 2194 dicamus.

2322 2224 2492 2280 Omne
2520 2225 2575 2279 in
2602 2225 2704 2279 hoc
2727 2225 3042 2280 scandalum
3088 2234 3191 2291 est,
3219 2240 3385 2296 quare
3415 2225 3580 2281 Filius
3613 2227 3755 2281 Patri
3784 2229 3911 2283 sub-

2315 2315 2491 2386 jectus
2527 2332 2648 2372 esse
2691 2317 2921 2372 dicatur.
2972 2318 3108 2386 Quid
3150 2326 3234 2374 est
3264 2319 3470 2387 turpius
3517 2321 3631 2375 sive
3658 2320 3904 2389 inferius,

2320 2406 2462 2462 Patri
2505 2407 2697 2478 subjici
2745 2408 2911 2478 (quod
2939 2423 3083 2477 szepe
3115 2409 3326 2478 pietatis
3353 2417 3458 2474 est,
3498 2419 3556 2464 ut
3597 2411 3652 2464 in
3693 2411 3904 2466 Psalmo

2318 2499 2570 2553 Scribitur
2595 2517 2638 2553 τι
2661 2498 2846 2553 Nonne
2865 2500 2973 2554 Deo
2989 2500 3232 2568 subjecta
3248 2500 3350 2554 erit
3371 2500 3546 2554 anima
3572 2499 3732 2556 mea!
3755 2499 3900 2573 »[Ρι.

2318 2593 2406 2646 (il.
2440 2590 2562 2662 1})
2615 2606 2681 2645 au
2731 2591 2990 2660 crucifigi,
3035 2601 3091 2645 et
3133 2591 3476 2645 maledictum
3521 2593 3695 2646 crucis
3727 2593 3900 2648 ﬁeri?

2322 2700 2340 2733 σ
2379 2681 2686 2736 Maledictus
2708 2682 2848 2736 enim
2880 2681 3056 2737 omnis
3081 2682 3170 2751 qui
3197 2681 3395 2752 pendet
3415 2683 3467 2736 in
3496 2682 3638 2754 ligno
3665 2702 3684 2736 ι
3719 2684 3895 2754 (Deut.

2313 2772 2400 2826 21.
2451 2773 2565 2842 23).
2605 2773 2708 2841 Qui
2748 2788 2876 2842 ergo
2899 2787 2995 2843 pro
3021 2772 3174 2828 nobis
3214 2773 3558 2828 maledictum
3591 2773 3764 2830 factus
3794 2787 3900 2844 est,

2317 2874 2371 2918 ut
2388 2879 2482 2918 nos
2509 2863 2577 2919 de
2602 2863 2977 2918 maledictioue
3002 2863 3274 2928 liberaret,
3300 2865 3515 2919 miraris
3544 2865 3588 2919 si
3615 2880 3714 2935 pro
3742 2866 3898 2922 nobis

2313 2956 2586 3025 subjectus
2607 2956 2700 3023 sit,
2719 2965 2778 3010 ut
2802 2971 2900 3011 nos
2917 2957 3060 3011 Patri
3089 2956 3248 3011 faciat
3272 2972 3394 3012 esse
3417 2957 3686 3027 subjectos
3711 2959 3896 3017 dicens

2313 3047 2365 3100 in
2386 3046 2713 3116 Evangelio:
2746 3065 2765 3098 ι
2796 3045 2964 3102 Nemo
2993 3046 3137 3102 vadit
3158 3047 3224 3101 ad
3247 3048 3480 3113 Patrem,
3506 3050 3606 3103 nisi
3638 3065 3734 3119 per
3755 3067 3841 3107 mc
3867 3071 3886 3105 ι

2313 3139 2508 3210 (Joan.
2533 3139 2620 3193 ﬂ.
2645 3138 2701 3208 6)
2743 3157 2754 3192 :
2791 3140 2859 3195 Et
2891 3157 2908 3190 ι
2936 3138 3069 3193 Cum
3144 3139 3306 3209 300
3377 3141 3639 3195 exaltatus
3665 3141 3818 3197 fuero
3863 3159 3896 3198 a

2313 3241 2474 3296 terra,
2505 3230 2680 3286 omnia
2700 3229 2907 3284 traham
2927 3230 2990 3284 ad
3020 3245 3106 3284 me
3129 3248 3148 3282 ι
3173 3229 3277 3300 (Ib.
3301 3230 3389 3285 ιε.
3417 3230 3530 3302 52).
3563 3231 3814 3289 Christus
3841 3237 3894 3290 in

2313 3320 2394 3375 his
2420 3322 2506 3391 qui
2536 3320 2720 3376 fideles
2759 3329 2903 3387 sunt,
2937 3320 3212 3390 subjectus
3239 3330 3322 3376 est
3348 3321 3526 3376 Patri:
3550 3323 3674 3393 quia
3703 3342 3893 3381 omnes

2310 3413 2634 3480 credentes,
2692 3414 2802 3468 imo
2857 3428 3016 3468 omne
3062 3413 3337 3468 hominum
3382 3429 3589 3484 genus,
3647 3419 3892 3486 corporis

2312 3506 2476 3575 ipsius
2501 3506 2737 3560 membra
2761 3515 3093 3574 reputantur.
3119 3505 3173 3559 ln
3205 3506 3287 3560 his
3312 3515 3490 3560 autem
3513 3507 3600 3576 qui
3630 3507 3889 3564 increduli

2311 3605 2452 3658 sunt,
2487 3594 2538 3647 id
2568 3605 2668 3660 est,
2700 3595 2900 3649 Judaeis
2929 3605 2984 3649 et
3014 3595 3252 3650 Ethnicis
3283 3604 3337 3649 et
3374 3595 3672 3663 Haareticis,
3701 3597 3890 3652 insub-

2304 3684 2478 3753 jectus
2504 3700 2625 3739 esse
2655 3685 2870 3750 dicitur,
2902 3686 3023 3756 quia
3059 3700 3180 3755 pars
3229 3686 3590 3740 membrorum
3629 3687 3747 3756 ejus
3782 3703 3892 3742 non

2309 3786 2392 3829 cst
2431 3775 2672 3845 subjecta
2705 3776 2850 3832 ﬁdei.
2881 3777 2934 3830 In
2970 3778 3077 3832 fine
3105 3784 3285 3832 autem
3315 3778 3498 3832 mundi
3531 3792 3652 3831 cum
3708 3781 3891 3834 omnia

2309 3869 2548 3923 membra
2571 3881 2884 3939 regnantem
2914 3868 3145 3924 viderint
3166 3867 3462 3937 Christum,
3489 3869 3540 3923 id
3566 3878 3667 3936 est,
3695 3885 3892 3940 corpus

2307 3975 2482 4025 suum,
2510 3963 2670 4016 etiam
2697 3962 2808 4031 ipsa
2833 3961 3183 4030 subjicientur
3209 3961 3442 4028 Christo,
3470 3960 3524 4015 id
3549 3970 3650 4024 est,
3673 3962 3891 4030 corpori

2306 4067 2424 4117 sua,
2450 4061 2507 4106 ut
2528 4068 2686 4106 omne
2702 4051 2899 4106 Christi
2926 4066 3119 4120 corpus
3140 4051 3456 4121 subjiciatur
3476 4051 3606 4117 Deo,
3627 4061 3681 4106 et
3704 4051 3845 4106 Patri
3867 4069 3883 4116 ;

2313 4161 2331 4192 ι
2369 4152 2424 4195 ιιι
2447 4144 2516 4196 sit
2549 4143 2688 4198 Deus
2723 4144 2901 4197 omnia
2946 4143 2998 4196 in
3049 4142 3317 4196 omnibus.
3346 4160 3366 4194 ι
3399 4141 3516 4196 Non
3543 4143 3648 4195 ait:
3682 4160 3700 4192 ι
3731 4151 3787 4195 ιιι
3818 4143 3890 4197 sit

2307 4232 2464 4287 Palcr
2488 4234 2665 4287 omnia
2699 4235 2750 4287 in
2774 4233 3052 4298 omnibus;
3085 4250 3103 4283 ι
3135 4231 3229 4287 sed
3258 4251 3278 4285 ‹
3302 4241 3360 4286 ιιι
3385 4232 3456 4286 sit
3483 4232 3622 4286 Deus
3646 4247 3662 4286 :
3695 4251 3711 4282 ο
3740 4231 3887 4300 quod

2308 4325 2576 4393 proprium
2625 4340 2819 4378 nomen
2848 4333 2930 4378 est
2969 4323 3263 4387 Trinitatis,
3316 4331 3372 4378 et
3413 4333 3518 4377 tam
3549 4323 3616 4377 ad
3647 4323 3884 4388 Patrem,

2304 4430 2460 4483 quam
2491 4415 2556 4469 ad
2588 4415 2778 4468 Filium
2811 4424 2866 4469 et
2891 4414 3149 4484 Spiritum
3177 4414 3429 4470 Sanctum
3468 4413 3656 4468 referri
3686 4423 3884 4482 potest,

2306 4516 2361 4557 ιιι
2389 4504 2689 4558 humanitas
2715 4504 3026 4574 subjiciatur
3045 4504 3330 4558 divinitati.
3360 4503 3752 4560 Humanitatem
3783 4504 3889 4559 hoc

2304 4595 2422 4648 loco
2469 4595 2716 4658 dicimus,
2764 4611 2867 4648 non
2918 4595 3379 4650 mansuetudinem
3423 4605 3477 4650 et
3519 4595 3884 4661 clementiam,

2302 4700 2459 4752 quam
2491 4683 2660 4740 Grmci
2692 4693 3033 4754 φιλανθρωπίαν
3061 4695 3272 4752 vocant,
3299 4685 3391 4740 sed
3419 4700 3578 4740 omne
3601 4685 3885 4740 hominum

2300 4788 2490 4842 genus.
2523 4773 2690 4826 Porro
2712 4774 2852 4842 quod
2874 4775 2968 4840 ait,
2999 4794 3016 4827 ι
3055 4785 3111 4829 ιιι
3139 4776 3211 4830 sit
3239 4777 3380 4830 Deus
3405 4775 3581 4829 omnia
3614 4775 3664 4826 in
3700 4777 3888 4828 omni-

2304 4864 2423 4930 bus,
2454 4882 2473 4915 ι
2503 4863 2604 4917 hoc
2646 4877 2807 4919 sensu
2853 4865 3223 4934 accipiendum
3269 4877 3384 4921 est:
3416 4863 3667 4918 Dominus
3715 4873 3888 4932 atque

2300 4955 2544 5010 Salvator
2577 4963 2758 5009 noster
2786 4971 2923 5010 nunc
2947 4958 3124 5010 omnia
3155 4972 3260 5010 non
3293 4964 3374 5011 est
3401 4956 3451 5009 in
3476 4953 3750 5020 omnibus,
3785 4957 3886 5010 sed

2301 5063 2424 5117 pars
2448 5049 2496 5101 in
2520 5048 2760 5117 singulis.
2796 5048 2950 5103 Verbi
2976 5049 3169 5116 gratia,
3203 5050 3254 5103 in
3283 5049 3570 5105 Salomone
3595 5046 3884 5115 sapientia,

2300 5139 2352 5192 in
2388 5138 2549 5193 David
2579 5138 2807 5201 bonitas,
2844 5139 2893 5191 in
2921 5137 3023 5192 Job
3045 5138 3321 5208 patientia,
3363 5140 3414 5191 in
3449 5135 3668 5191 Danicle
3692 5137 3882 5205 cogni-

2301 5231 2375 5284 tio
2405 5230 2724 5294 fulurorum,
2757 5229 2808 5282 in
2839 5229 2997 5283 Petro
3043 5229 3196 5293 fides,
3249 5230 3299 5282 in
3345 5229 3576 5283 Phinecs
3625 5237 3680 5282 et
3720 5229 3886 5283 Paulo

2300 5323 2466 5389 zelus,
2498 5323 2550 5375 in
2575 5321 2778 5376 Joanne
2806 5322 3099 5392 virginitas,
3125 5321 3177 5375 in
3219 5320 3429 5375 caateris
3475 5329 3693 5375 cmtera.
3750 5320 3885 5373 Cum

2363 5493 2432 5552 (ε)
2472 5495 2593 5542 llinc
2627 5492 2825 5542 alteram
2870 5495 3120 5556 epistolam
3148 5495 3258 5553 inci,
3279 5495 3384 5543 iunt
3407 5495 3518 5542 Mss.
3549 5504 3751 5544 veteres
3775 5495 3888 5546 libri

2300 5553 2573 5618 Vaticanus,
2593 5553 2971 5618 Nonantulanus,
2995 5556 3196 5618 aliique,
3225 5557 3313 5602 hac
3335 5558 3590 5618 prazposita
3617 5558 3890 5618 cpigraphc

2302 5628 2362 5678 ex
2385 5617 2548 5678 minio,
2579 5636 2599 5659 ι(
2625 5616 2901 5675 Ιίιτὶδιυιίινίδ
2925 5630 3086 5678 seruio
3109 5616 3166 5662 ad
3192 5629 3338 5678 queui
3360 5629 3521 5675 supra.
3546 5617 3638 5664 Vel
3655 5616 3889 5678 litati-nt

2303 5675 2580 5735 lipistolat'is
2617 5679 2887 5734 responsio,
2929 5677 3058 5723 unde.
3101 5689 3261 5734 sUpt'a.
3290 5676 3566 5736 PI'Ojti‘diiU
3601 5675 3776 5727 ιιηιαυ
3805 5696 3890 5728 ca-

2300 5737 2410 5784 dem
2438 5735 2669 5798 Apostoli,
2697 5754 2715 5778 ι>
2743 5745 2836 5784 etc.
2868 5737 2956 5785 Vel
2986 5755 3005 5781 ιι
3031 5737 3304 5791 l‘t'opositio
3331 5735 3410 5784 tua
3437 5738 3540 5786 fuit.
3570 5756 3588 5782 ι
