4078 6198
165 291 291 351 663

168 424 378 466 autem
411 425 596 466 rerum
636 407 870 463 omnium
900 403 1026 458 ﬁnis
1050 397 1348 463 advenerit,
1376 404 1503 450 tunc
1530 393 1708 447 omnia
1734 394 1788 445 in

169 501 461 557 omnibus
486 502 605 566 erit,
640 509 698 553 ut
733 496 924 567 singuli
974 494 1289 549 Sanctorum
1335 501 1523 541 omnes
1564 484 1789 539 virtutes

168 588 469 661 habeant,
495 601 549 647 ut
572 591 642 646 sit
666 588 915 645 Christus
944 594 1088 640 totus
1114 584 1166 637 in
1195 579 1418 636 cunctis.

687 717 1015 775 EPISTOLA
1055 713 1166 770 LVI
1207 711 1284 784 (α)

612 867 889 909 AUGUSTI!“
927 867 996 905 Δι)
1032 860 1375 904 ΙΙΙΕΒΟΝῩΙΙυΙ
1384 883 1397 896 .

166 990 520 1060 Augustinus
548 988 861 1058 Hieronymo
881 985 945 1039 de
973 1000 1101 1038 nova
1126 993 1239 1050 post
1278 977 1451 1032 LXX.
1484 976 1662 1030 veteris
1691 973 1792 1027 Te-

245 1083 514 1136 stamenti
556 1081 805 1144 versione,
853 1080 1011 1146 deque
1049 1074 1204 1128 Petro
1227 1071 1530 1142 reprehenso
1561 1084 1593 1119 a
1621 1063 1789 1119 Paulo

244 1172 326 1225 ad
363 1169 552 1225 Galat.
577 1169 634 1222 2.
663 1167 991 1237 expostulem
1010 1165 1075 1218 dc
1098 1170 1331 1232 suscepto
1361 1159 1481 1212 hinc
1506 1153 1789 1227 patrocinio

243 1262 532 1319 mendacii
556 1260 786 1330 oﬂiciosi.

163 1392 249 1466 (ὁ)
276 1392 556 1448 ‘Domino
584 1386 954 1453 dilectissimo,
982 1394 1039 1441 et
1062 1384 1209 1440 cultu
1248 1378 1625 1439 sincerissima:
1648 1376 1792 1433 cari-

247 1484 396 1538 tatis
424 1479 777 1551 obsequendo
796 1486 957 1547 atque
975 1472 1349 1546 amplectende
1372 1471 1524 1527 fratri
1546 1479 1602 1526 et
1629 1469 1788 1525 Com-

244 1573 591 1644 presbytero
616 1569 928 1626 Eunomo
962 1569 1315 1623 Aucos'rums.

245 1664 308 1720 1.
363 1680 388 1714 ι
416 1659 706 1730 Nunquam
735 1673 888 1729 aeque
933 1657 1215 1727 quisquam
1254 1664 1362 1709 tam
1389 1652 1547 1707 facile
1570 1650 1790 1707 cuilibet

168 1752 458 1818 innotuit,
480 1766 644 1822 quam
668 1748 802 1805 mihi
822 1759 1038 1804 tuorum
1109 1746 1268 1817 θοι
1342 1745 1398 1799 in
1416 1743 1644 1798 Domino
1669 1751 1788 1797 stu-

167 1848 407 1903 diorum
465 1842 649 1914 quieta
676 1842 883 1906 laetitia,
929 1849 985 1895 et
1020 1853 1148 1894 vere
1175 1836 1489 1893 exercitatio
1527 1832 1784 1889 liberalis.

169 1937 521 2006 Quanquam
559 1946 687 2003 ergo
725 1930 1037 2003 percupiam
1073 1927 1294 1983 omnino
1319 1934 1375 1981 te
1398 1939 1580 1990 nosse,
1607 1932 1784 1977 tamen

168 2029 448 2099 exiguum
508 2024 758 2097 quiddam
790 2022 865 2079 tui
896 2021 965 2095 (c)
994 2020 1173 2077 minus
1216 2018 1412 2087 habeo,
1442 2016 1783 2089 praesentiam

170 2121 454 2177 videlicet
479 2118 726 2189 corporis
745 2135 759 2172 :
778 2130 937 2188 quam
963 2114 1135 2185 ipsam
1153 2112 1316 2170 etiam
1346 2120 1529 2182 postea
1553 2125 1712 2180 quam
1737 2117 1789 2163 te

169 2214 548 2273 beatissimus
577 2223 723 2267 nunc
752 2211 1072 2281 Episcopus,
1104 2218 1232 2264 tunc
1257 2221 1390 2262 vero
1416 2205 1527 2275 jam
1566 2204 1791 2273 Episco-

170 2314 313 2377 patu
359 2304 589 2376 dignus,
631 2302 796 2358 frater
824 2301 903 2373 (ά)
930 2300 1152 2372 Alypius
1179 2298 1332 2363 vidit,
1375 2308 1729 2366 remeansque
1758 2308 1789 2349 a

170 2413 268 2455 me
296 2399 463 2454 visus
494 2405 601 2463 est,
631 2408 833 2466 negare
860 2407 970 2449 non
1021 2405 1260 2463 possum,
1311 2403 1501 2459 magna
1542 2402 1608 2442 ex
1636 2394 1790 2455 parte

172 2489 315 2547 mihi
368 2502 507 2546 esse
549 2486 726 2543 relatu
760 2484 877 2555 ejus
926 2483 1277 2552 impressam:
1308 2487 1364 2535 et
1391 2485 1515 2533 ante
1559 2475 1789 2531 reditum

171 2594 306 2638 eum
364 2587 426 2634 te
469 2576 566 2632 ille
602 2575 676 2632 ibi
715 2572 956 2637 videbat,
986 2580 1042 2627 et
1069 2585 1171 2640 ego
1196 2568 1466 2632 videbam,
1493 2565 1587 2621 sed
1614 2564 1787 2620 oculis

173 2670 323 2742 ejus.
353 2668 485 2726 Non
516 2667 662 2722 enim
700 2665 883 2720 animo
908 2677 995 2718 me
1017 2669 1181 2732 atque
1223 2659 1395 2725 illum,
1437 2656 1534 2712 sed
1562 2669 1789 2726 corpore

174 2761 345 2829 duos,
373 2760 476 2831 qui
500 2756 733 2822 noverit,
765 2753 981 2820 dixerit,
1009 2750 1297 2809 concordia
1327 2749 1606 2805 dumtaxat
1628 2755 1684 2803 et
1708 2744 1789 2800 fa-

176 2851 512 2907 miliaritate
536 2847 816 2914 fidissima,
843 2859 953 2901 non
973 2843 1202 2910 meritis,
1220 2840 1414 2912 quibus
1435 2839 1527 2895 ille
1553 2836 1791 2894 antecel-

177 2944 262 3001 lit.
292 2942 442 3011 Quia
472 2954 605 3012 ergo
632 2953 721 2995 me
748 2937 993 3008 primitus
1011 2933 1388 2991 communione
1412 2930 1652 3003 spiritus,
1678 2944 1787 3001 quo

179 3035 238 3091 in
263 3048 445 3091 unum
479 3031 555 3103 (c)
586 3028 852 3085 nectimur
872 3046 887 3083 :
907 3025 1103 3082 deinde
1129 3023 1275 3080 illius
1298 3038 1372 3079 ex
1404 3036 1501 3077 ore
1521 3020 1633 3092 jam
1657 3019 1786 3076 dili-

180 3126 290 3198 gis,
339 3135 694 3195 nequaquam
738 3117 1098 3190 impudenter,
1138 3115 1291 3187 quasi
1333 3113 1526 3184 aliquis
1550 3113 1785 3184 ignotus,

180 3212 528 3274 commendo
551 3208 893 3282 germanitati
924 3216 1029 3263 tua:
1057 3206 1277 3261 fratrem
1308 3204 1390 3276 (ι’)
1421 3203 1787 3271 Profuturum,

181 3322 356 3379 quem
386 3303 595 3360 nostris
635 3300 938 3367 conatibus,
988 3297 1184 3354 deinde
1222 3297 1495 3366 adjutorio
1523 3303 1615 3351 tuo
1661 3310 1789 3352 vere

182 3396 546 3470 profuturum
573 3407 891 3465 speramus:
921 3391 1025 3446 nisi
1075 3388 1212 3445 forte
1258 3387 1402 3458 quod
1444 3388 1565 3443 talis
1603 3397 1704 3454 est,
1731 3398 1788 3445 ut

185 3488 309 3559 ipse
341 3487 443 3542 tibi
475 3500 572 3556 per
599 3498 724 3540 eum
754 3481 879 3537 fiam
916 3478 1361 3546 commendatior,
1390 3494 1549 3549 quam
1579 3479 1666 3534 ille
1694 3494 1790 3549 per

186 3594 299 3635 me.
326 3578 603 3635 Hactenus
623 3574 851 3631 fortasse
879 3573 1115 3629 scribere
1134 3570 1434 3638 debuerim,
1466 3571 1513 3625 si
1537 3585 1658 3627 esse
1676 3574 1790 3627 vel-

189 3669 303 3725 lem
330 3667 687 3738 epistolarum
700 3665 1023 3721 solemnium
1043 3676 1198 3719 more
1217 3670 1501 3718 contentus
1520 3679 1533 3715 :
1556 3661 1652 3718 sed
1669 3677 1788 3717 sca-

188 3768 270 3815 tet
285 3760 516 3819 ,animus
541 3758 596 3814 in
617 3757 855 3829 loquelas
878 3753 1356 3813 communicandas
1381 3763 1558 3810 tecum
1585 3754 1652 3810 de
1676 3764 1790 3811 stu-

189 3850 296 3905 diis
324 3849 551 3913 nostris,
581 3864 700 3919 qua:
746 3847 1004 3902 habemus
1046 3846 1101 3900 in
1143 3844 1356 3900 Christo
1382 3844 1513 3900 Jesu
1560 3845 1789 3901 Domino

187 3949 425 4006 nostro;
455 3939 543 4008 qui
570 3937 726 3993 nobis
746 3936 940 3990 multas
959 3934 1216 3989 utilitates
1243 3942 1299 3989 et
1320 3934 1514 3989 viatica
1541 3934 1788 4005 quedam

189 4028 565 4088 demonstrati
593 4042 622 4081 a
651 4042 713 4082 se
738 4025 965 4089 itineris,
992 4023 1155 4078 etiam
1186 4021 1281 4094 [al.
1309 4011 1672 4080 demonstravit
1705 4025 1790 4080 iti-

190 4119 373 4186 neris;
419 4128 468 4172 et
502 4115 665 4190 jam.]
692 4131 787 4186 per
812 4125 954 4170 tuam
980 4110 1258 4168 caritatem
1300 4128 1408 4170 non
1447 4114 1791 4172 mediocriter

192 4211 513 4266 ministrare
540 4208 807 4279 dignatur.
845 4226 866 4260 ι
1494 4220 1503 4227 κ

264 4305 322 4360 2.
358 4325 379 4358 ι
411 4306 649 4362 Petimus
672 4319 821 4375 ergo,
844 4312 898 4360 et
918 4303 1193 4359 nobiscum
1224 4303 1356 4373 petit
1373 4302 1552 4360 omnis
1576 4301 1788 4359 Africa-

265 4464 339 4528 (a)
377 4463 509 4515 Alias
530 4462 609 4513 86.
626 4458 815 4524 scripta
837 4457 929 4510 cir.
954 4470 1133 4508 annum
1148 4456 1258 4507 594.
1285 4454 1373 4509 sed
1394 4467 1491 4505 non
1510 4456 1724 4507 reddita.

266 4526 343 4589 (ὑλ
375 4524 717 4589 Cisterciensis
753 4522 842 4589 his.
868 4519 1203 4589 referentibus
1220 4517 1562 4589 Benedictinis
1584 4519 1787 4589 editori-

198 4580 293 4637 bus
316 4580 381 4638 'S.
415 4588 706 4649 Augustini,
725 4599 749 4629 ι
770 4580 1075 4649 observando
1103 4580 1647 4649 _atque_subsequendo,
1685 4594 1788 4630 ma-

240 4650 376 4710 isque
400 4639 763 4710 amplectendo,
775 4652 886 4710 _etc._
902 4644 953 4692 in
976 4639 1430 4710 Domino‘salutem.
1450 4639 1478 4683 ὦ
1510 4639 1646 4710 ρους
1669 4654 1789 4691 vero

311 4663 376 4698 ne
400 4660 758 4710 amptectenoo,
781 4660 875 4693 etc.
902 4660 953 4692 In
976 4660 1183 4690 uouuuu
1204 4660 1430 4690 salutem.
1456 4660 1478 4683 ν
1514 4660 1646 4690 unus
1670 4660 1785 4691 vero

201 4660 531 4767 Emeiensis,
563 4720 718 4770 penes
747 4705 1097 4770 Martianaeum,
1126 4703 1175 4749 in
1198 4702 1322 4770 fine,
1356 4700 1645 4766 Augustinus
1668 4712 1785 4753 Pre-

203 4769 501 4837 sbgtequua
606 4782 662 4819 re
680 4769 851 4837 confer
869 4765 1019 4837 Notas
1036 4761 1424 4837 Chronologieas.

270 4822 339 4892 '(c)
368 4822 609 4882 Victorius
644 4842 816 4880 munus
838 4827 977 4892 legit,
1002 4838 1146 4886 quam
1170 4822 1438 4892 lectionem
1459 4824 1529 4872 sic
1555 4823 1782 4892 explicat,

206 4886 544 4958 ut'praesentia
561 4894 791 4958 corporis,
802 4886 1012 4958 alterius
1025 4894 1210 4958 tantum
1226 4886 1385 4936 relatu
1406 4891 1640 4949 percepta
1658 4921 1672 4945 ,
1699 4901 1786 4949 pro

211 4946 397 5010 exiguo
418 4965 622 5000 munere
645 4946 753 5001 heic
774 4946 837 4999 sit
856 4946 1153 5009 accipienda.
1406 4946 1422 4949 “
1560 4946 1575 4949 '
1699 4946 1713 4949 ·

273 5010 357 5082 ,(ά)
397 5011 595 5082 Alypius
628 5025 706 5082 an.
742 5012 852 5082 δεμ.
878 5011 969 5058 hoc
991 5020 1173 5082 nemue
1198 5008 1392 5082 eodem“,
1416 5022 1516 5082 quo
1537 5008 1643 5082 hac
1661 5009 1785 5080 imi-

211 5069 371 5132 psi'ss’e
401 5069 612 5121 creditur
649 5073 973 5134 Augustinus,
1011 5078 1206 5120 creatus
1242 5078 1320 5119 est
1340 5069 1561 5131 Tagastae
1584 5069 1786 5131 Episco-

246 5145 322 5181 llS.
1714 5174 1719 5181 .

213 5146 349 5256 vui};
384 5191 524 5262 ﬂaud
548 5193 677 5242 bene
698 5192 1001 5262 Martianteus
1015 5193 1154 5262 juxta
1176 5185 1490 5262 Erasmianos'
1506 5174 1719 5262 codices,
1736 5191 1786 5240 in

212 5251 364 5304 unum
375 5253 587 5312 nitimur,
625 5255 754 5316 quod
780 5251 1250 5316 Victorius'castigat,
1278 5255 1447 5309 verbo,
1472 5258 1526 5301 ut
1548 5251 1633 5309 ait,
1651 5264 1786 5300 corn-

211 5316 454 5378 munionis
475 5317 629 5378 magis
642 5314 995 5378 respondente.

279 5376 341 5439 (Ω
375 5373 664 5427 Profuturus
686 5373 781 5427 iste
813 5389 922 5425 cum
954 5376 1049 5425 iter
1072 5377 1122 5424 in
1148 5374 1457 5439 Palaestinam
1481 5373 1785 5439 aggredere-

213 5434 519 5503 tﬁurL,:7Cirth:e
541 5439 808 5503 Episwpus
816 5439 986 5503 jussus
1008 5444 1083 5503 est
1095 5473 1115 5503 ,_
1137 5447 1188 5487 et
1210 5437 1352 5499 paulo
1376 5444 1481 5497 post
1498 5434 1638 5503 obiit.
1662 5434 1788 5484 Hinc

211 5495 263 5544 S.
287 5495 694 5566 Ilieronymo'non
717 5495 795 5550 est
814 5495 922 5566 haec
944 5495 1146 5566 epistola
1172 5495 1234 5546 eo
1256 5495 1479 5566 tempore
1502 5495 1787 5566 reddita_,_ut

216 5570 279 5622 6x
300 5560 379 5620 65,
403 5557 523 5611 intra
546 5565 853 5612 recensenda
872 5557 1092 5622 ejusdem
1115 5557 1377 5622 Augustini
1398 5558 1654 5622 «instabit:
1668 5557 1786 5622 Νε-

213 5616 398 5689 {uiuere
414 5636 577 5689 autem
599 5625 743 5689 hujus
764 5616 1010 5689 Profututj
1034 5623 1180 5689 etiam
1197 5616 1436 5689 Paulinus
1459 5620 1600 5689 epist.
1625 5616 1721 5689 52._
1735 5625 1786 5667 et

440 5686 545 5736 158.
570 5676 696 5747 quod
721 5691 837 5734 ante
860 5696 949 5731 nos
972 5681 1308 5732 Benedictim's
1339 5676 1610 5730 editoribus
1647 5687 1783 5730 nota-

1588 275 1920 333 EPISTOLA
1958 275 2090 331 LVI.

3369 288 3474 345 566

1898 406 2087 444 narum
2115 390 2480 453 Ecclesiarum
2508 391 2745 446 studiosa
2771 394 3020 463 societas,
3046 406 3105 453 ut
3130 400 3183 454 in
3212 400 3474 473 interpre-

1899 478 2075 533 tandis
2125 494 2310 534 eorum
2361 481 2512 536 libris
2554 482 2646 551 qui
2691 481 2875 537 Grmce
2918 485 3218 557 Scripturas
3262 503 3521 553 nostras-

1897 587 2055 641 quam
2082 574 2283 641 optime
2309 581 2689 638 tractaverunt,
2721 589 2903 629 curam
2933 586 3090 647 atque
3115 596 3333 652 operam
3364 588 3471 643 im-

1896 661 2131 730 pendere
2174 678 2278 717 non
2326 665 2585 733 graveris.
2629 665 2789 719 Potes
2827 667 2971 721 enim
3001 667 3219 726 efficere
3242 715 3258 739 ,
3291 686 3347 731 ut
3373 693 3472 736 nos

1892 769 2105 823 quoque
2149 755 2439 811 habeamus
2477 756 2597 811 illos
2640 757 2773 812 tales
2803 758 2970 825 viros,
3003 768 3061 814 et
3105 777 3267 817 unum
3307 769 3477 835 potis-

1892 845 2085 899 simum
2123 861 2281 915 quem
2307 856 2360 900 tu
2404 847 2657 902 libentius
2683 848 2736 902 in
2770 849 2872 902 tuis
2898 850 3090 905 litteris
3115 867 3274 908 sonas
3313 853 3471 927 [Ori-

1891 933 2107 1007 geriem].
2130 935 2204 990 De
2232 937 2506 992 vertendis
2532 948 2710 993 autem
2740 939 2790 993 in
2818 940 3048 1009 linguam
3072 941 3313 997 Latinam
3344 961 3471 1001 san-

1892 1025 1994 1080 ctis
2016 1025 2209 1082 litteris
2225 1025 2532 1093 Canonicis,
2555 1030 2798 1085 laborare
2819 1040 2869 1085 te
2887 1032 3079 1087 nollem
3096 1034 3195 1088 nisi
3223 1050 3287 1090 eo
3314 1038 3473 1093 modo

1892 1132 2001 1186 quo
2029 1115 2130 1173 Job
2156 1118 2535 1189 interpretatus
2580 1130 2663 1176 est
2693 1140 2706 1175 :
2740 1132 2796 1176 ut
2825 1124 2990 1194 signis
3028 1125 3300 1195 adhibitis,
3346 1132 3471 1199 quid

1893 1208 2034 1263 inter
2074 1208 2212 1264 hanc
2253 1221 2417 1277 tuam,
2449 1223 2503 1267 et
2524 1213 2865 1285 Septuaginta
2890 1258 2904 1281 ,
2936 1232 3161 1287 quorum
3186 1228 3270 1275 est
3296 1222 3472 1290 gravis

1892 1298 2025 1353 sima
2047 1301 2355 1366 auctoritas,
2378 1303 2866 1374 interpretationem
2888 1306 3067 1375 distet,
3085 1321 3356 1379 appareat.
3371 1311 3439 1367 Sa
3454 1342 3472 1355 -

1892 1389 1961 1445 tis
1984 1401 2161 1446 autem
2186 1408 2392 1461 nequeo
2417 1396 2616 1459 mirari,
2636 1397 2680 1450 si
2697 1397 2893 1466 aliquid
2920 1398 3095 1453 adhuc
3121 1400 3171 1453 in
3196 1400 3471 1458 Hebraicis

1891 1479 2084 1535 litteris
2109 1490 2163 1536 et
2234 1483 2396 1555 302
2468 1486 2867 1555 exemplaribus
2896 1488 3198 1556 invenitur,
3223 1491 3362 1561 quod
3396 1501 3472 1547 tot

1891 1568 2214 1640 lnterpretcs
2241 1571 2380 1626 illius
2409 1573 2599 1643 lingua:
2640 1576 2990 1644 peritissimos
3031 1578 3243 1650 fugerit.
3272 1579 3471 1636 Omitto

1890 1660 2033 1713 enim
2059 1660 2424 1731 Septuaginta,
2448 1662 2515 1717 de
2541 1679 2765 1733 quorum
2790 1667 2872 1721 vel
2902 1668 3134 1733 consilii,
3158 1670 3241 1723 vel
3270 1671 3472 1740 majore

1889 1749 2107 1817 spiritus
2130 1751 2435 1815 concordia,
2463 1768 2619 1822 quam
2650 1756 2695 1809 si
2727 1753 2820 1826 [al.
2840 1757 3006 1828 quasi]
3035 1774 3171 1813 unus
3195 1760 3357 1815 homo
3381 1776 3470 1816 es-

1883 1847 2005 1903 set,
2030 1852 2134 1894 non
2160 1839 2333 1896 audeo
2358 1842 2409 1895 in
2433 1842 2664 1913 aliquam
2692 1856 2896 1914 partem
2925 1856 3127 1903 certam
3168 1849 3309 1907 ferre
3342 1867 3471 1907 scn-

1890 1930 2143 1996 tentiam;
2175 1932 2274 1985 nisi
2297 1932 2436 2002 quod
2457 1934 2536 1989 eis
2558 1937 2992 2004 praeeminentem
3015 1941 3384 1996 auctoritatem
3416 1942 3471 1998 in

1889 2020 1992 2075 hoc
2002 2037 2222 2077 munere
2234 2022 2350 2078 sine
2362 2027 2727 2080 controversia
2752 2028 3083 2084 tribuendam
3102 2031 3373 2087 existimo.
3392 2032 3472 2089 Illi

1890 2125 1978 2166 me
1993 2110 2111 2180 plus
2123 2120 2357 2177 movent,
2373 2114 2462 2183 qui
2486 2128 2609 2168 cum
2632 2116 2958 2185 posteriores
2972 2119 3469 2189 interpretarentur,

1890 2211 1944 2255 et
1983 2201 2264 2256 verborum
2287 2202 2721 2274 locutionumque
2751 2205 3094 2260 Hebrzearum
3140 2209 3279 2263 viam
3311 2220 3472 2281 atque

1890 2293 2103 2363 regulas
2133 2292 2401 2348 mordicus
2429 2292 2511 2365 (ut
2538 2294 2726 2368 fertur)
2758 2304 3021 2365 tenerent,
3055 2315 3161 2355 non
3188 2302 3358 2357 solum
3386 2305 3471 2359 in-

1891 2392 1975 2439 ter
1997 2400 2056 2441 se
2076 2401 2182 2440 non
2203 2396 2625 2456 consenserunt;
2651 2389 2745 2445 sed
2762 2390 2919 2446 etiam
2942 2393 3267 2464 reliquerunt
3282 2398 3469 2465 multa,

1890 2491 2010 2546 qua:
2034 2483 2183 2531 tanto
2211 2486 2331 2547 post
2356 2479 2592 2534 eruenda
2619 2488 2673 2535 et
2697 2481 2970 2552 prodenda
3009 2498 3369 2544 remanerent.
3412 2490 3471 2546 Si

1891 2567 2033 2622 enim
2061 2566 2286 2623 obscura
2316 2578 2461 2636 sunt,
2502 2579 2553 2624 te
2590 2585 2803 2642 quoque
2838 2572 2891 2627 in
2934 2574 3037 2629 illis
3081 2575 3189 2631 falli
3234 2580 3471 2648 potuisse

1890 2656 2161 2713 creditur:
2189 2658 2232 2713 si
2261 2670 2438 2714 autem
2470 2660 2769 2729 manifesta,
2799 2663 2876 2735 (g)
2911 2664 3028 2721 illos
3058 2666 3111 2721 in
3138 2669 3216 2723 eis
3244 2670 3353 2724 falli
3375 2686 3472 2741 po-

1891 2749 2055 2805 tuisse
2080 2764 2183 2803 non
2213 2749 2471 2805 creditur.
2502 2749 2671 2822 llujus
2699 2753 2860 2824 igitur
2880 2756 2957 2810 rei
2989 2771 3086 2827 pro
3122 2767 3207 2813 tua
3246 2762 3471 2819 caritate

1888 2839 2145 2910 expositis
2166 2841 2361 2905 causis,
2390 2850 2594 2896 certum
2621 2858 2707 2899 me
2729 2843 2889 2900 facias
2909 2846 3322 2904 obsecraverim.
3348 2869 3369 2903 ι

1960 2933 2015 2988 5.
2064 2929 2338 2987 Simulatio
2388 2933 2722 3002 patrocinium
2768 2935 3037 2990 mendacii.
3090 2956 3109 2989 ί
3137 2938 3263 3008 Legi
3308 2940 3470 2998 etiam

1888 3021 2130 3094 quaedam
2174 3023 2393 3093 scripta,
2433 3037 2552 3092 qua:
2598 3031 2688 3078 tua
2733 3023 3060 3093 dicerentur,
3108 3028 3161 3083 in
3206 3030 3472 3100 Epistolas

1890 3112 2129 3184 Apostoli
2159 3113 2329 3179 Pauli,
2356 3128 2581 3185 quarum
2617 3129 2776 3169 unam
2801 3116 2868 3170 ad
2898 3115 3111 3174 Galatas
3134 3162 3151 3188 ,
3196 3136 3316 3176 cum
3342 3137 3473 3178 euo-

1889 3201 2019 3258 dare
2042 3202 2232 3269 velles,
2260 3203 2404 3258 venit
2432 3204 2485 3257 in
2516 3218 2706 3259 manus
2736 3204 2886 3261 locus
2908 3206 3023 3276 ille,
3050 3223 3156 3279 quo
3184 3212 3472 3281 Apostolus

1889 3294 2082 3351 Petrus
2109 3309 2139 3349 a
2168 3294 2466 3365 perniciosa
2490 3296 2832 3353 simulatione
2856 3308 3157 3355 revocatur.
3189 3300 3265 3357 lbi
3297 3311 3475 3372 patro-

1889 3388 2087 3442 cinium
2113 3386 2376 3442 mendacii
2400 3397 2708 3459 susceptum
2734 3403 2876 3455 esse,
2899 3391 2982 3444 vel
3009 3390 3107 3447 abs
3138 3401 3189 3448 te
3216 3393 3304 3448 tali
3333 3393 3470 3460 viro,

1889 3482 1974 3537 vel
2018 3496 2048 3535 a
2096 3481 2369 3552 quopiam,
2414 3481 2460 3536 si
2510 3482 2647 3537 alius
2692 3480 2780 3536 illa
2822 3483 3057 3553 scripsit,
3104 3483 3312 3552 fateor,
3366 3500 3472 3541 non

1888 3572 2232 3628 mediocriter
2268 3572 2444 3640 doleo,
2476 3572 2649 3629 donec
2672 3571 2987 3630 refellantur
3016 3574 3086 3645 (si
3126 3575 3262 3632 forte
3301 3576 3473 3633 refelli

1890 3665 2151 3735 possunt)
2180 3679 2241 3720 ea
2273 3680 2393 3735 qua:
2421 3680 2507 3720 me
2531 3675 2769 3720 movent.
2802 3665 2927 3720 Mihi
2956 3667 3098 3721 enim
3126 3668 3337 3724 videtur
3356 3671 3476 3725 exi-

1892 3756 2178 3812 tiosissimc
2205 3756 2350 3810 credi
2379 3756 2592 3824 aliquod
2621 3757 2672 3809 in
2704 3756 2903 3809 sanctis
2934 3756 3084 3811 libris
3113 3756 3294 3813 haberi
3317 3775 3474 3815 men-

1890 3846 2123 3913 dacium,
2150 3844 2203 3898 id
2229 3852 2333 3908 est,
2357 3857 2451 3897 eos
2476 3843 2736 3907 homines,
2758 3856 2854 3910 per
2877 3856 3013 3910 quos
3037 3843 3192 3897 nobis
3217 3846 3305 3899 illa
3331 3847 3477 3901 Scri-

1891 3948 2046 4007 ptura
2076 3935 2376 3989 ministrata
2404 3940 2490 3987 est
2512 3942 2672 4001 atque
2696 3932 2997 4002 conscripta
3017 3974 3033 4000 ,
3060 3932 3340 4004 aliquid‘in
3365 3943 3477 3993 suis

1892 4028 2044 4082 libris
2078 4024 2247 4079 fuisse
2280 4022 2555 4078 mentitos.
2582 4021 2700 4076 Alia
2727 4022 2925 4092 quippe
2952 4024 3177 4094 qurestio
3196 4034 3300 4092 est,
3326 4026 3477 4085 Sitne

1891 4113 2178 4185 aliquando
2191 4111 2405 4168 mentiri
2422 4110 2518 4166 viri
2540 4111 2664 4166 boni
2691 4129 2705 4165 :
2723 4120 2777 4168 et
2794 4112 2898 4167 alia
2917 4115 3144 4184 quastio
3160 4124 3265 4183 est,
3285 4115 3472 4173 Utrum

1894 4206 2215 4276 scriptorem
2241 4213 2545 4259 sanctarum
2572 4203 2968 4273 Scripturarum
2990 4207 3201 4263 mentiri
3224 4220 3478 4280 oportue-

1893 4299 1965 4353 rit
1991 4316 2005 4352 :
2036 4298 2143 4352 imo
2194 4310 2323 4350 vero
2364 4310 2470 4351 non
2510 4295 2613 4350 alia
2633 4337 2651 4363 ,
2679 4296 2775 4352 sed
2805 4298 2948 4352 nulla
2976 4309 3058 4354 est
3086 4304 3329 4371 quzestio.
3362 4304 3474 4359 Ad—

1895 4393 2059 4446 misso
2086 4390 2228 4446 enim
2268 4388 2437 4444 semel
2482 4389 2535 4443 in
2583 4397 2786 4444 tantum
2831 4392 3160 4447 auctoritatis
3207 4394 3474 4466 fastigium

1893 4482 2139 4538 officioso
2180 4481 2360 4550 aiiqno
2403 4478 2719 4546 mendacio,
2763 4480 2910 4535 nulla
2956 4482 3167 4539 illorum
3215 4485 3473 4541 librorum

1891 4574 2151 4646 particula
2192 4571 2510 4637 remanebit,
2550 4586 2670 4642 qua:
2712 4585 2852 4637 non,
2898 4582 2955 4629 ut
2993 4575 3185 4645 cuique
3212 4575 3476 4631 videbitur

1891 4667 1977 4722 vel
2006 4666 2071 4721 ad
2099 4680 2275 4720 mores
2301 4663 2557 4728 difficilis,
2584 4662 2668 4717 vel
2696 4662 2761 4717 ad
2796 4661 2952 4718 fidem
2990 4665 3314 4722 incredibilis
3336 4705 3354 4729 ,
3380 4681 3475 4721 ea-

1890 4756 2011 4812 dem
2054 4753 2506 4826 perniciusissima
2550 4753 2730 4822 regula
2777 4751 2845 4806 ad
2894 4754 3199 4807 mentientis
3241 4755 3474 4808 auctoris

1890 4846 2169 4901 consilium
2192 4843 2532 4910 officiumque
2559 4842 2845 4897 referatur.
2878 4842 2931 4895 Si
2955 4843 3095 4895 enim
3118 4842 3476 4900 mentiebatur

1890 4939 2179 5009 Apostolus
2208 4937 2402 4991 Paulus
2436 4949 2556 4989 cum
2597 4933 2912 5002 Apostolum
2946 4934 3163 4987 Petrum
3188 4935 3475 5005 objurgans

1956 5070 2028 5132 (g)
2064 5068 2249 5132 Iterum
2274 5076 2327 5116 et
2358 5066 2505 5132 tertio
2529 5062 2832 5132 Martianzeth
2854 5069 3041 5132 peccat,
3066 5070 3253 5132 utgcum
3274 5065 3476 5117 Erasmo

1889 5122 2048 5189 faciat,
2091 5129 2287 5190 legens,
2321 5145 2343 5172 α
2378 5126 2429 5173 Si
2465 5122 2934 5190 autem__t_nan_ifesta,
2960 5125 3262 5190 suilerﬂuum
3288 5135 3381 5182 est,
3426 5136 3476 5176 te

1890 5182 2106 5241 voluisse
2145 5182 2410 5248 ἔκνιψαι-ρ
2432 5219 2447 5243 ,
2473 5184 2598 5251 quod
2632 5182 2741 5251 illos
2771 5182 2928 5251 latere
2953 5182 3049 5251 non
3086 5188 3260 5246 potuit.
3286 5204 3308 5231 ι
3355 5190 3476 5247 Quae

1859 5253 2068 5310 ,verba,
2091 5257 2145 5298 ut
2166 5242 2382 5310 notatum
2413 5242 2745 5310 est-Yiclorio,
2771 5242 3052 5310 Hieronymi
3075 5242 3191 5310 sunt
3210 5284 3223 5307 ,
3252 5262 3347 5297 non
3372 5242 3475 5298 λιι-

1891 5305 2092 5375 gustiui,
2118 5322 2181 5359 ex
2208 5306 2439 5375 epistola,
2463 5305 2815 5375 cujus_i_nitiutu
2845 5305 3135 5375 Tregsimul,
3165 5305 3217 5375 in
3240 5310 3367 5359 hunc
3402 5311 3475 5359 lo-

1890 5366 1999 5435 cum
2019 5366 2275 5435 perperam
2297 5369 2494 5435 adscita,
2508 5366 2593 5429 pro
2605 5367 2699 5423 his,
2719 5379 2828 5435 quae
2854 5379 2914 5435 ex
2936 5366 3304 5435 omnibus,
3326 5379 3477 5435 auue

1892 5425 2039 5494 editis
2060 5425 2309 5494 plerisque
2347 5425 2691 5484 restituuntur,
2721 5425 2831 5494 illos
2863 5425 3004 5494 ilicis
3027 5428 3134 5489 ﬁtlli
3156 5425 3477 5493 potm'ﬁm

1890 5487 2127 5553 creditur.
2168 5487 2440 5553 Pr'obautur
2472 5497 2641 5553 autem
2681 5491 2828 5553 etiam
2864 5487 3165 5553 Hieronymi
3193 5497 3478 5545 testimonio

1891 5558 2035 5606 citata
2067 5549 2300 5616 Epistola,
2331 5552 2449 5616 dum
2470 5552 2674 5616 ltatc_ex_
2699 5550 2974 5616 Augustino
3010 5549 3192 5616 repetit
3217 5570 3229 5604 :
3275 5574 3298 5602 ι
3320 5554 3373 5605 Si
3393 5558 3479 5606 ob-

1890 5629 2033 5667 scura
2055 5652 2068 5675 ,
2110 5610 2164 5665 ie
2203 5626 2400 5677 quoque
2438 5613 2487 5677 in
2526 5611 2622 5661 illis
2650 5610 2751 5660 falli
2788 5610 3005 5677 potuisse
3045 5610 3343 5677 credendum
3378 5627 3473 5667 est.

1892 5680 1977 5728 Sin
2016 5671 2289 5738 manifesta,
2319 5671 2435 5725 illos
2467 5676 2516 5724 in
2548 5677 2622 5724 eis
2660 5687 2757 5723 non
2793 5671 2890 5723 falli
2926 5676 3144 5737 potuisse
3168 5681 3477 5743 perSpitmum

1896 5748 1987 5790 est.
2013 5756 2034 5784 ι
