4078 6198
608 232 714 288 567

609 342 821 397 diceret
840 360 852 394 :
871 341 931 396 Si
951 351 1004 394 tu
1026 357 1136 394 cum
1152 341 1220 392 sis
1267 336 1425 406 303
1464 335 1697 398 Juda’us,
1721 335 2004 395 Gentilitcr,
2025 341 2070 384 et
2093 347 2192 381 non

610 432 833 486 Judaice
871 433 1028 496 vivis,
1065 427 1484 498 quemadmodum
1519 427 1857 494 cogis‘geutes
1884 422 2195 492 judaizare.’

619 541 638 574 ε
668 523 737 576 Ει
753 531 899 577 recte
921 522 993 575 illi
1016 519 1287 574 videbatur
1311 517 1498 569 Petrus
1521 517 1728 580 fecisse,
1748 531 1905 583 quem
1926 531 2028 567 non
2049 523 2192 568 recte

617 613 812 666 fecisse
843 620 896 665 et
922 609 1072 672 dixit,
1094 608 1375 675 ctsrripsit
1400 625 1418 657 ›
1440 606 1637 674 (Gatat.
1666 608 1720 663 2.
1753 607 1932 674 1ιι);‹
1959 615 2016 659 ut
2039 605 2191 675 quasi

615 704 824 755 animos
868 697 1302 752 tumultuantium
1345 697 1612 751 deliniret.
1661 696 1797 762 Quid
1839 695 2191 765 respondebi-

614 807 751 856 mus,
774 805 895 844 cum
918 789 1319 844 exsurrexerint
1341 790 1575 858 perversi
1609 789 1876 852 homines,
1907 788 2193 856 prohiben-

612 893 691 938 tes
718 882 946 951 nuptias,
979 897 1113 950 quos
1143 881 1348 934 futuros
1379 883 1492 948 ipse
1523 880 1934 950 prmnuntiavit;
1966 887 2021 934 et
2045 878 2193 931 dixe-

609 976 717 1028 rint
744 984 912 1028 totum
942 975 1070 1028 illud
1096 974 1238 1044 quod
1265 973 1404 1029 idem
1438 975 1719 1043 Apostolus
1740 974 1806 1027 de
1828 971 2192 1028 matrimonio-

608 1080 725 1119 rum
761 1066 881 1134 jure
909 1065 1170 1119 ﬁrmando
1194 1065 1407 1119 locutus
1449 1076 1551 1131 est,
1587 1076 1802 1135 propter
1827 1064 2071 1118 homines
2100 1062 2190 1132 qui

608 1157 893 1212 dilectione
934 1157 1025 1229 [aL
1055 1156 1336 1228 dilectioni]
1367 1159 1651 1226 coniugum
1687 1155 1991 1209 tumultuari
2037 1163 2191 1223 pote-

609 1257 748 1310 nun,
778 1247 939 1301 fuisse
962 1248 1239 1301 mentitum
1266 1264 1280 1300 :
1304 1248 1505 1302 scilicet
1527 1261 1630 1300 non
1652 1246 1791 1316 quod
1818 1247 1917 1299 hoc
1938 1244 2188 1306 senserit,

608 1338 702 1391 sed
735 1348 789 1391 ut
816 1339 1025 1392 illorum
1053 1339 1354 1407 placaretur
1381 1339 1714 1392 adversitas?
1744 1338 1856 1391 Non
1887 1337 2030 1390 enim
2057 1351 2192 1404 Opus

608 1439 691 1483 cst
718 1429 880 1482 multa
910 1445 1353 1484 commemorare.
1397 1431 1628 1484 Possunt
1664 1431 1806 1483 enim
1839 1429 2003 1481 videri
2031 1428 2189 1481 etiam

608 1520 677 1576 dc
705 1520 947 1575 laudibus
975 1522 1065 1575 Dci
1101 1537 1222 1575 esse
1248 1521 1488 1576 ofﬁciosa
1516 1521 1814 1583 mendacia,
1839 1528 1897 1573 ut
1925 1518 2062 1588 apud
2091 1519 2190 1572 bo-

611 1614 782 1667 mines
815 1616 1075 1683 pigriores
1101 1615 1317 1668 dilectio
1345 1615 1460 1682 ejus
1487 1615 1729 1667 ardescat
1750 1622 1937 1680 :atque
1966 1612 2035 1665 ita
2067 1624 2194 1663 nus-

611 1723 713 1775 qna
741 1726 768 1756 n
795 1720 941 1760 certa
971 1707 1070 1759 erit
1114 1706 1167 1760 in
1194 1706 1394 1760 sanctis
1433 1706 1602 1759 literis
1627 1715 1787 1758 casta:
1819 1705 2055 1757 veritatis
2093 1718 2192 1755 au-

611 1801 850 1852 ctoritas.
883 1799 1070 1852 Nonne
1099 1799 1419 1851 attendimus
1440 1797 1686 1851 eumdem
1713 1797 2045 1865 Apostolmn,
2070 1811 2190 1848 cum

613 1889 811 1955 ingenti
830 1904 955 1942 cura
973 1889 1208 1941 veritatis
1220 1887 1678 1948 commendandm,
1693 1887 1926 1942 dicere»:
1947 1886 2010 1939 Si
2026 1895 2192 1938 autem

611 1977 843 2032 Christus
861 1995 959 2031 non
977 1980 1269 2044 resurrexit,
1286 1981 1450 2032 inanis
1471 1990 1543 2031 est
1562 1978 1852 2047 prwdicatio
1872 1988 2063 2041 nostra,
2082 1979 2194 2030 ina-

613 2072 690 2122 nis
711 2081 780 2122 est
803 2079 846 2123 et
864 2071 989 2138 ﬁdes
1009 2081 1189 2124 vestra.
1216 2069 1505 2123 Inveniatur
1520 2081 1683 2123 autem
1703 2079 1746 2123 et
1765 2069 1884 2140 falsi
1899 2080 2042 2122 testes
2061 2068 2156 2122 Dei
2174 2085 2192 2122 :

610 2163 729 2229 quia
756 2163 1091 2215 testimonium
1117 2163 1340 2216 diximus
1369 2164 1609 2215 adversus
1638 2163 1838 2227 Deum,
1870 2165 2003 2232 quod
2027 2164 2191 2215 susci-

611 2256 732 2306 tarit
753 2255 1028 2321 Christum,
1047 2273 1194 2324 quem
1214 2272 1313 2308 non
1333 2256 1585 2308 suscitavit
1616 2256 1661 2323 (1
1677 2295 1690 2308 .
1717 2255 1832 2307 Cor.
1861 2255 1946 2308 15.
1969 2256 2054 2308 14.
2079 2256 2188 2322 15).

613 2362 633 2394 r
670 2345 724 2398 Si
755 2346 872 2414 quis
902 2344 1023 2398 huic
1048 2345 1250 2399 diceret
1271 2364 1282 2399 :
1303 2346 1429 2414 quid
1462 2346 1512 2398 in
1551 2345 1650 2398 hoc
1669 2345 1944 2399 mendacio
1968 2346 2190 2415 perhor-

611 2437 777 2489 rescis
798 2477 811 2499 ,
840 2451 960 2490 cum
993 2437 1042 2490 id
1069 2437 1268 2490 dixeris
1290 2479 1304 2500 ,
1336 2436 1476 2506 quod
1507 2438 1667 2490 etiam
1699 2437 1742 2490 si
1772 2436 1960 2490 falsum
1993 2436 2100 2503 sit,
2125 2436 2189 2490 ad

611 2526 821 2581 laudem
847 2527 936 2580 Dei
961 2529 1188 2580 maxime
1211 2528 1472 2596 pertinet?
1502 2527 1690 2580 Nonne
1712 2527 1866 2594 hujus
1895 2527 2192 2581 detestatus

613 2619 897 2683 insaniam,
929 2619 1119 2687 quibus
1141 2629 1322 2688 posset
1347 2618 1525 2672 verbis
1553 2627 1606 2672 et
1634 2619 2107 2688 significationibus
2138 2619 2189 2671 in

616 2712 788 2764 lucem
832 2711 1121 2780 penetralia
1164 2710 1243 2763 sui
1282 2710 1458 2764 cordis
1494 2710 1766 2779 aperiret?
1809 2711 2055 2764 Clamans
2087 2726 2190 2764 non

612 2804 849 2865 minore,
901 2811 992 2856 aut
1041 2804 1265 2856 fortasse
1303 2805 1464 2856 etiam
1507 2801 1711 2870 majore
1747 2801 1948 2855 scelere
1985 2800 2038 2855 in
2083 2801 2192 2854 Deo

611 2891 812 2945 laudari
842 2892 1144 2957 falsitatem,
1169 2907 1326 2961 quam
1350 2893 1629 2946 veritatem
1657 2891 1985 2960 vituperari?
2012 2894 2191 2960 Agen-

609 2982 738 3036 dum
785 2992 866 3036 est
907 2983 1084 3052 igitur,
1117 2993 1174 3036 ut
1219 2982 1285 3036 ad
1325 2983 1684 3052 cognitionem
1715 2982 2012 3036 divinarum
2043 2982 2190 3037 Scri-

612 3082 883 3141 pturarum
927 3073 1046 3126 talis
1085 3071 1248 3127 homo
1294 3072 1535 3140 accedat,
1568 3071 1659 3142 qui
1698 3072 1767 3128 de
1807 3075 2005 3127 sanctis
2041 3072 2192 3128 libris

613 3174 716 3217 tam
745 3173 927 3217 sancte
955 3173 1008 3218 et
1033 3165 1299 3218 veraciter
1326 3165 1614 3232 existimet,
1647 3173 1704 3218 ut
1731 3165 1865 3220 nolit
1889 3165 2065 3236 aliqua
2093 3182 2188 3220 eo-

611 3271 727 3309 rum
756 3265 904 3326 parte
923 3255 1172 3312 delectari
1196 3273 1293 3328 per
1311 3257 1546 3312 officiosa
1569 3258 1845 3314 mendacia
1871 3275 1886 3312 :
1912 3262 2191 3329 potiusque

612 3346 662 3400 id
685 3347 823 3416 quod
854 3363 956 3401 non
981 3349 1249 3418 intelligit,
1276 3359 1531 3415 transeat,
1564 3365 1727 3420 quam
1757 3366 1852 3405 cor
1876 3367 2029 3405 suum
2056 3367 2192 3421 pric-

612 3439 747 3492 ferat
773 3437 842 3491 illi
866 3437 1094 3492 veritati.
1132 3438 1379 3493 Profecto
1419 3441 1559 3494 enim
1601 3455 1721 3494 cum
1750 3440 1851 3494 hoc
1873 3443 2018 3504 dicit,
2045 3442 2191 3496 credi

611 3528 714 3583 sibi
753 3530 952 3598 expetit
980 3548 993 3582 :
1026 3538 1080 3583 et
1109 3529 1160 3583 id
1192 3530 1334 3599 agit,
1373 3539 1429 3584 ut
1461 3531 1759 3586 divinarum
1795 3530 2189 3600 Scripturarum

611 3621 1021 3676 auctoritatibus
1053 3635 1156 3675 non
1185 3622 1520 3676 credamus.»

683 3711 736 3764 4.
773 3728 792 3761 ι
825 3710 888 3764 Et
915 3726 1014 3780 ego
1041 3711 1256 3780 quidem
1284 3712 1760 3782 qualibuscumque
1785 3713 1990 3766 viribus
2009 3755 2023 3778 ,
2059 3729 2192 3783 quas

613 3802 868 3856 Dominus
891 3803 1144 3874 Suggerit,
1175 3804 1352 3857 omnia
1380 3803 1464 3857 illa
1490 3803 1791 3858 testimonia
1816 3819 1934 3873 qua:
1956 3803 2192 3859 adhibita

612 3902 772 3961 sunt,
804 3895 1143 3951 adstruenda:
1175 3896 1384 3951 utilitati
1417 3895 1718 3963 mendacii,
1761 3898 1918 3950 aliter
1944 3907 2194 3966 oportere

615 3984 839 4052 intelligi
881 3987 1239 4052 ostenderem,
1280 3997 1337 4038 ut
1377 3987 1572 4056 ubique
1601 4002 1787 4041 eorum
1817 3986 1969 4041 ﬁrma
1995 3991 2193 4044 veritas

613 4073 918 4126 doceretur.
943 4074 1109 4138 Quam
1140 4074 1280 4126 enim
1306 4076 1604 4128 testimonia
1635 4075 1904 4130 mendacia
1937 4094 2056 4133 esse
2087 4096 2191 4134 non

614 4162 946 4223 debent,tam
961 4177 1067 4215 non
1085 4163 1280 4217 debent
1297 4162 1474 4219 favere
1492 4165 1900 4224 mendacio.Sed
1920 4169 2019 4224 hoc
2037 4171 2193 4226 intel-

618 4252 851 4321 ligentize
880 4260 980 4305 tua:
1009 4253 1270 4322 relinquo.
1296 4254 1520 4307 Admota
1549 4257 1689 4311 enim
1718 4258 1933 4311 lectioni
1964 4259 2190 4328 diligen-

618 4342 739 4396 tiori
767 4343 1210 4409 consideratione,
1235 4347 1400 4400 multo
1423 4347 1472 4400 id
1503 4347 1726 4403 fortasse
1755 4349 1960 4404 facilius
1985 4351 2194 4405 videbis

617 4446 776 4502 quam
803 4447 922 4502 ego.
967 4435 1044 4488 Ad
1076 4434 1212 4487 hanc
1249 4446 1426 4488 autem
1475 4437 1956 4491 considerationem
2030 4439 2193 4512 304

617 4535 771 4594 coget
799 4535 850 4580 te
877 4527 1062 4595 pietas,
1097 4542 1198 4596 qua
1229 4529 1508 4596 cognoscis
1537 4527 1792 4584 fluctuare
1819 4533 2192 4588 auctoritatem

617 4618 1012 4687 Scripturarum
1044 4619 1366 4682 divinarum,
1398 4625 1456 4671 ut
1485 4619 1534 4671 in
1567 4621 1643 4672 eis
1668 4620 1806 4688 quod
1828 4621 1939 4674 vult
1966 4627 2194 4693 quisque

617 4707 836 4763 credat:
861 4708 1002 4779 quod
1047 4725 1152 4762 non
1182 4707 1312 4771 vult,
1345 4724 1448 4761 non
1492 4707 1674 4762 credat
1707 4727 1720 4762 :
1751 4709 1797 4765 si
1828 4713 1992 4766 semel
2036 4713 2195 4770 fuerit

619 4813 954 4867 persuasum,
979 4800 1154 4868 aliqua
1187 4799 1393 4853 ratione
1416 4799 1530 4852 illos
1560 4798 1704 4854 viros
1735 4816 1827 4870 per
1864 4818 1998 4871 quos
2039 4806 2194 4860 nobis

621 4886 734 4941 haec
759 4890 1051 4944 ministrata
1090 4897 1230 4953 sunt,
1276 4889 1325 4942 in
1367 4889 1654 4960 Scripturis
1679 4891 1790 4945 suis
1816 4892 2056 4950 officiose
2095 4913 2191 4966 po-

617 4980 780 5035 tuisse
797 4983 1044 5048 mentiri;
1072 4982 1172 5036 nisi
1193 4980 1326 5036 forte
1357 4983 1567 5052 regulas
1586 4983 1840 5051 quasdam
1862 4985 2084 5042 daturus
2110 5003 2190 5054 es,

615 5070 808 5136 quibus
837 5074 1142 5126 noverimus
1181 5072 1267 5126 ubi
1305 5081 1549 5142 oporteat
1594 5075 1833 5140 mentiri,
1868 5084 1922 5130 et
1949 5077 2036 5130 ubi
2083 5094 2190 5132 non

616 5171 878 5230 Oporteat.
899 5163 1048 5230 Quod
1076 5165 1118 5218 si
1145 5164 1255 5218 llcri
1285 5166 1642 5234 potest,nnllo
1661 5167 1818 5221 modo
1847 5169 2192 5224 mendacibus

615 5251 893 5320 dubiisque
916 5255 1209 5308 rationibus
1235 5255 1282 5308 id
1310 5258 1790 5327 exiilices,qu:nso.
1819 5258 1930 5313 Nec
1957 5275 2040 5314 me
2063 5275 2194 5314 one-

615 5349 936 5403 rosum,aut
980 5343 1338 5412 imprudentem
1379 5345 1620 5414 judices,
1667 5362 1763 5416 per
1804 5348 2190 5404 humanitatem

629 5427 1025 5484 veracissimam
1070 5433 1277 5486 Domini
1308 5437 1494 5491 nostri.
1535 5436 1711 5504 Nam,
1743 5449 1804 5492 ut
1851 5455 1956 5492 non
2012 5440 2186 5495 dicam

622 5513 786 5575 nulla,
815 5526 958 5569 certe
983 5536 1086 5573 non
1110 5537 1297 5588 magna
1327 5525 1500 5592 culpa,
1531 5543 1679 5580 meus
1699 5544 1847 5582 error
1878 5531 2085 5583 veritati
2116 5530 2192 5584 fa-

622 5610 708 5663 vct
737 5616 750 5652 :
778 5603 821 5655 si
864 5617 1006 5659 recte
1037 5611 1084 5660 in
1119 5622 1167 5662 te
1195 5615 1384 5666 veritas
1417 5626 1584 5684 potest
1615 5621 1788 5674 favere
1821 5621 2119 5678 mendacio.

1886 219 2126 276 SANCTI
2169 216 2543 273 lllERONYMl

3786 232 3895 287 568

2375 332 2426 385 5.
2456 332 2613 385 Multa
2641 335 2740 386 alia
2767 352 2885 387 cum
2917 337 3276 390 sincerissimo
3305 340 3468 393 corde
3500 349 3590 393 tuo
3623 342 3769 412 loqui
3794 363 3891 399 cu-

2302 437 2502 490 perem,
2541 433 2594 476 et
2631 423 2695 476 de
2734 425 3036 480 Cbristiano
3075 427 3252 481 studio
3295 429 3540 485 conferre
3576 449 3591 484 :
3621 433 3720 486 sed
3767 433 3892 490 huic

2300 513 2566 567 desiderio
2611 530 2730 568 meo
2770 515 2911 568 nulla
2957 517 3181 585 epistola
3225 519 3354 572 satis
3394 530 3497 574 est.
3542 521 3775 578 Uberius
3805 527 3889 580 id-

2301 603 2470 668 ipsum
2495 619 2707 671 possum
2731 620 2825 672 per
2846 607 3059 659 fratrem
3089 607 3449 674 Profuturum,
3470 627 3630 680 quem
3654 615 3889 670 miscen-

2299 691 2423 746 dum
2455 704 2505 746 et
2537 695 2784 748 alendum
2822 696 3066 750 dulcibus
3108 707 3268 768 atque
3298 702 3514 755 utilibus
3548 705 3885 759 sermocina-

2300 783 2530 836 tionibus
2562 786 2663 838 tuis
2691 788 2896 840 misisse
2922 803 3008 842 me
3039 788 3264 856 gaudeo.
3313 791 3380 843 Et
3416 802 3594 847 tamen
3623 808 3884 862 quantum

2299 875 2510 937 vellem,
2544 891 2643 928 nec
2671 876 2780 944 ipse
2814 875 2984 947 (quod
3025 879 3140 945 ejus
3186 893 3313 948 pace
3353 879 3619 953 dixerim)
3660 883 3886 940 forsitan

2297 969 2470 1036 capit,
2502 984 2806 1037 quanquam
2848 969 2922 1039 (α)
2964 971 3016 1023 in
3062 971 3231 1024 nihilo
3274 987 3360 1027 me
3407 973 3482 1026 illi
3531 977 3882 1043 praztulerim.

2299 1062 2407 1129 Ego
2432 1061 2571 1114 enim
2603 1077 2688 1115 me
2716 1061 2883 1117 fateor
2907 1064 2980 1116 tui
3008 1066 3376 1132 capaciorem;
3402 1067 3496 1120 sed
3520 1068 3696 1136 ipsum
3727 1070 3883 1125 video

2298 1153 2407 1207 ﬁeri
2437 1154 2752 1222 pleniorem,
2777 1171 2881 1223 quo
2906 1171 2990 1210 me
3012 1156 3128 1211 sine
3153 1157 3488 1213 dubitatione
3508 1163 3808 1224 antecellit,
3830 1172 3883 1216 et

2299 1257 2477 1314 postea
2523 1263 2682 1316 quam
2719 1248 2958 1312 redierit,
2987 1249 3126 1318 quod
3159 1250 3385 1304 Domino
3422 1251 3714 1321 adjuvante
3755 1269 3877 1324 pro-

2297 1347 2508 1402 sperato
2539 1339 2630 1390 ﬁat
2652 1353 2810 1390 cursu
2837 1379 2852 1403 ,
2891 1353 3013 1392 cum
3067 1339 3182 1406 ejus
3231 1340 3462 1408 pectoris
3487 1342 3584 1396 abs
3613 1353 3663 1396 te
3690 1358 3876 1397 cumu-

2299 1430 2385 1480 lati
2415 1429 2681 1498 particeps
2711 1429 2864 1482 fuero
2896 1447 2907 1481 :
2939 1445 3042 1484 non
3067 1441 3148 1483 est
3175 1430 3514 1497 impleturus,
3538 1432 3682 1501 quod
3714 1434 3767 1486 in
3792 1448 3876 1488 me

2297 1520 2469 1574 adhuc
2494 1537 2717 1574 vacuum
2745 1522 2877 1585 erit,
2907 1531 3066 1590 atque
3093 1521 3307 1575 avidum
3339 1538 3594 1578 sensuum
3639 1535 3873 1581 tuorum.

2300 1613 2371 1665 Ita
2403 1613 2513 1675 ﬁet,
2543 1622 2600 1666 ut
2623 1623 2676 1667 et
2705 1629 2804 1683 ego
2835 1615 2994 1667 etiam
3025 1623 3146 1666 tunc
3169 1614 3412 1682 egentior
3434 1616 3553 1680 sim,
3578 1616 3666 1670 ille
3693 1618 3879 1686 capio—

2298 1706 2425 1758 sior.
2467 1704 2609 1758 Sane
2648 1705 2788 1759 idem
2830 1704 2996 1758 frater
3021 1705 3196 1774 aliqua
3227 1705 3424 1774 scripta
3451 1715 3623 1759 nostra
3653 1706 3757 1761 fert
3783 1722 3875 1762 se-

2297 1812 2452 1862 cum,
2501 1797 2692 1865 quibus
2735 1796 3005 1866 legendis,
3046 1797 3090 1850 si
3137 1796 3496 1868 dignationem
3543 1799 3875 1867 adhibueris,

2298 1887 2455 1938 etiam
2488 1887 2747 1939 sinceram
2794 1886 3191 1955 fraternamque
3228 1888 3565 1942 severitatem
3597 1889 3875 1953 adhibeas,

2299 1991 2500 2044 qmeso.
2520 1976 2787 2029 Nouenim
2811 1977 2964 2030 aliter
2989 1977 3226 2046 intelligo
3253 1977 3394 2047 quod
3425 1979 3681 2048 scriptum
3709 1988 3794 2033 est
3816 1999 3833 2031 ι
3861 2000 3873 2034 :

2303 2068 2596 2120 Emendabit
2636 2085 2712 2121 me
2745 2068 2917 2138 justus
2956 2069 3007 2120 in
3052 2069 3419 2133 misericordia,
3460 2079 3508 2123 et
3541 2079 3721 2139 arguet
3755 2087 3875 2124 me:

2299 2160 2461 2210 oleum
2488 2168 2655 2211 autem
2676 2159 2951 2226 peccatoris
2976 2177 3077 2212 non
3099 2160 3373 2229 impinguet
3393 2170 3548 2227 caput
3568 2177 3733 2214 meum
3757 2161 3871 2231 (Ps.

2301 2252 2413 2305 HO.
2438 2250 2514 2321 5);
2540 2251 2640 2304 nisi
2663 2252 2782 2321 quia
2806 2253 2974 2321 magis
2995 2260 3138 2305 amat
3159 2253 3466 2322 objurgator
3485 2269 3702 2319 sanans,
3718 2270 3872 2324 quam

2296 2341 2540 2396 adulator
2567 2357 2768 2412 ungens
2793 2352 2969 2412 caput.
3017 2343 3123 2397 Eoo
3151 2358 3332 2397 AU‘I‘EI
3356 2342 3671 2398 difficillime
3703 2345 3874 2399 bonus

2292 2435 2455 2503 judex
2488 2435 2604 2503 lego
2633 2433 2772 2502 quod
2803 2433 3137 2502 scripserim;
3185 2434 3277 2488 sed
3305 2444 3396 2487 aut
3428 2434 3664 2488 timidior
3692 2445 3870 2499 recto,

2297 2535 2386 2578 aut
2411 2524 2669 2593 cupidior.
2701 2523 2868 2578 Video
2893 2526 3051 2578 etiam
3076 2523 3340 2578 interdum
3364 2525 3486 2577 vitia
3512 2540 3664 2589 mea;
3697 2524 3792 2580 sed
3815 2541 3871 2580 ea

2299 2618 2436 2669 malo
2483 2616 2667 2670 audire
2709 2631 2740 2670 a
2786 2614 2860 2685 (b)
2905 2615 3216 2669 melioribus
3263 2633 3276 2668 :
3327 2631 3393 2670 ne
3440 2630 3558 2670 cum
3601 2631 3687 2670 me
3729 2625 3872 2670 recte

2299 2709 2519 2760 fortasse
2549 2705 2965 2775 reprehendero,
2998 2721 3183 2759 rursus
3206 2705 3332 2758 mihi
3364 2705 3603 2759 blandiar
3633 2724 3646 2759 :
3677 2716 3732 2761 et
3758 2721 3870 2760 me-

2299 2797 2572 2850 ticulosam
2617 2797 2745 2850 mihi
2784 2797 2968 2851 videar
3010 2797 3062 2849 in
3105 2811 3192 2852 me
3232 2797 3428 2866 potius,
3476 2813 3634 2867 quam
3673 2797 3872 2866 justam

2299 2888 2482 2942 tulisse
2509 2887 2879 2942 sententiam.»

2657 3021 2817 3092 305
2891 3019 3220 3076 EPISTOLA
3259 3021 3390 3076 LVII
3425 3023 3514 3092 (τ).

2860 3174 2928 3213 ΔΙ)
2953 3175 3313 3214 Ρλιωλοιιιωί.

2612 3292 2693 3348 De
2725 3293 2915 3362 Optimo
2954 3311 3134 3363 genere
3176 3295 3554 3366 interpretandi.

2297 3423 2453 3489 Cum,
2498 3425 2634 3492 quod
2677 3423 2959 3494 Epipltanii
3009 3426 3314 3494 superiorem
3383 3428 3643 3497 epistolam
3691 3431 3751 3485 51
3811 3435 3878 3483 ad

2366 3514 2618 3568 Joannem
2634 3515 2938 3584 Episcopum
2953 3513 3431 3586 Jerosolymitanum
3452 3535 3549 3570 non
3567 3530 3697 3572 recte
3713 3530 3878 3574 trans-

2369 3606 2559 3658 tulisset
2592 3604 2956 3674 Hieronymus,
2987 3608 3309 3660 cavillaretur
3339 3608 3588 3678 Ru/ﬁnus,
3618 3619 3728 3679 post
3754 3627 3878 3678 que-

2368 3699 2518 3758 relas,
2549 3696 2703 3765 quod,
2731 3713 2782 3750 se
2808 3697 2986 3759 inscio,
3018 3713 3044 3749 e
3070 3699 3266 3751 scriniis
3293 3698 3567 3764 sti/furatus
3614 3702 3878 3770 epistolam

2370 3787 2592 3839 nondum
2619 3788 2763 3856 plene
2791 3787 3104 3843 emendatam
3129 3831 3142 3852 ,
3175 3790 3355 3856 aliquis
3394 3791 3489 3854 sit,
3519 3802 3619 3843 tam
3661 3801 3878 3844 ueterum

2370 3882 2593 3932 oumium
2623 3881 2930 3934 eruditorum
2951 3923 2965 3949 ,
2997 3900 3147 3953 quam
3192 3899 3449 3937 sacrarum
3494 3882 3878 3952 Scripturarum

2369 3971 2663 4023 testimoniis
2688 3972 2830 4025 docet
2851 4015 2864 4039 ,
2893 3974 3146 4043 quodnam
3174 3975 3236 4027 sit
3265 3975 3507 4043 Optimum
3535 3990 3691 4044 genus
3719 3975 3874 4028 inter-

2369 4062 2601 4130 pretandi
2623 4103 2638 4130 ,
2667 4064 2798 4116 illud
2838 4065 3022 4117 scilicet
3061 4081 3165 4118 esse
3203 4065 3499 4130 ostendens,
3528 4080 3627 4133 quo
3671 4065 3780 4134 ipse
3825 4067 3877 4118 in

2372 4155 2605 4208 vertenda
2634 4155 2724 4208 illa
2747 4155 2958 4224 epistola
2989 4171 3108 4208 usus
3134 4166 3205 4208 est
3232 4196 3246 4217 ,
3271 4157 3365 4208 hoc
3390 4164 3462 4209 est
3482 4196 3497 4222 ,
3519 4172 3618 4224 quo
3645 4171 3823 4209 sensus
3851 4172 3878 4208 ι

2371 4263 2539 4313 sensu,
2570 4263 2670 4300 non
2693 4248 2894 4300 verbum
2921 4263 2948 4298 e
2977 4245 3122 4299 verbo
3152 4247 3474 4316 transfertur.

2373 4358 2424 4412 1.
2467 4358 2658 4413 Paulus
2696 4358 3016 4428 Apostolus,
3049 4367 3309 4428 prmsente
3352 4359 3581 4428 Agrippa
3632 4375 3780 4430 rege,
3809 4361 3879 4414 de

2303 4447 2612 4502 criminibus
2643 4463 3018 4517 responsurus,
3053 4449 3193 4518 quod
3241 4459 3417 4519 posset
3466 4450 3760 4519 intelligere
3789 4453 3878 4519 qui

2303 4539 2577 4593 auditurus
2598 4549 2730 4605 erat,
2761 4555 2980 4594 securus
3027 4539 3094 4594 de
3150 4555 3326 4596 causas
3366 4541 3585 4595 victoria
3613 4543 3792 4595 statim
3825 4543 3878 4595 in

2305 4631 2559 4699 principio
2587 4629 2688 4683 sibi
2716 4631 3029 4699 gratulatur,
3061 4629 3246 4685 dicens
3275 4647 3288 4683 :
3324 4648 3345 4682 ι
3381 4631 3456 4685 De
3476 4629 3723 4684 omnibus
3760 4632 3884 4700 qui-

2304 4723 2398 4775 bus
2425 4736 2647 4776 accusor
2684 4737 2712 4775 a
2744 4721 2941 4776 Judazis
2967 4763 2980 4787 ,
3009 4737 3042 4777 ο
3073 4738 3164 4777 rex
3207 4722 3436 4792 Agrippa
3461 4763 3476 4786 ,
3515 4723 3762 4776 existimo
3792 4738 3884 4778 me

2304 4814 2536 4876 beatum,
2568 4827 2688 4866 cum
2732 4813 2869 4882 apud
2922 4822 2974 4868 te
3019 4814 3119 4868 sim
3162 4813 3323 4868 hodie
3358 4812 3748 4876 defendendus,
3783 4813 3882 4881 qui

2302 4905 2566 4973 prmeipue
2592 4905 2726 4958 nosti
2756 4913 2975 4959 cunctas
2996 4921 3111 4974 quae
3133 4906 3184 4959 in
3212 4905 3409 4960 Judieis
3450 4912 3570 4959 sunt
3588 4913 3887 4958 consuetu-

2302 4996 2452 5050 dines
2477 5005 2530 5049 et
2575 4995 2895 5064 quzestiones
2922 5015 2940 5048 ι
2977 4995 3134 5066 (Act.
3179 4996 3271 5051 26.
3306 4994 3434 5067 15).
3463 4995 3686 5064 Legerat
3732 4995 3879 5049 enim

2303 5085 2429 5139 illud
2451 5084 2669 5156 (d).lcsu
2695 5103 2707 5138 :
2735 5104 2752 5136 ι
2789 5087 2981 5140 Beatus
3004 5087 3091 5155 qui
3124 5087 3174 5140 iu
3204 5102 3360 5141 aures
3386 5087 3615 5156 loquitur
3656 5084 3882 5138 audien-

2303 5177 2368 5232 tis
2403 5196 2421 5230 ι
2447 5178 2465 5248 (
2488 5177 2646 5231 Eccli.
2678 5177 2769 5232 25.
2800 5175 2867 5232 12
2887 5177 3164 5230 secundum
3185 5176 3335 5231 LXX
3354 5175 3412 5247 );
3441 5187 3494 5230 et
3520 5187 3742 5229 noverat
3765 5183 3884 5229 tan-

2367 5329 2438 5395 ((ι)
2474 5330 2704 5395 Voculam
2733 5329 2785 5380 in
2817 5330 3081 5395 addidimus
3102 5342 3165 5395 ex
3189 5329 3416 5395 Victorio.
3484 5387 3526 5395 __
3818 5387 3827 5395 .

2367 5387 2434 5452 μ)
2471 5393 2684 5450 Quatuor
2710 5404 2863 5452 penes
2882 5391 3226 5440 Benedictinos
3251 5390 3468 5440 editores
3484 5387 3599 5436 Mss.
3628 5399 3641 5435 :
3669 5399 3700 5434 a
3723 5387 3884 5436 senio-

2302 5452 2432 5501 ribus
2461 5465 2478 5502 :
2503 5466 2666 5501 unusa
2685 5453 2958 5506 Maioribus.

2367 5516 2436 5575 (ε)
2478 5513 2602 5562 Alias
2635 5515 2740 5562 101.
2767 5514 2953 5576 St‘t‘ipltt
2977 5510 3096 5561 circ.
3122 5511 3252 5576 med.
3277 5510 3510 5576 tm:_595_._
3570 5568 3579 5576 _
3694 5568 3703 5576 _

2367 5568 2442 5635 '(d')
2480 5575 2742 5634 Perperam
2781 5568 2972 5635 quidam
2997 5587 3058 5621 ex
3087 5573 3230 5635 editis
3264 5587 3320 5620 ac
3343 5568 3579 5635 Msjllud
3610 5568 3775 5635 tsaia',
3807 5579 3891 5620 est

2307 5633 2433 5683 cnnn
2458 5633 2678 5684 Jesulilii
2704 5633 2888 5692 Sirdrb,
2913 5636 2996 5694 qui
3023 5633 3166 5693 vulgo
3190 5635 3319 5680 audit
3344 5633 3733 5680 licclcsiasticus.
