4078 6198
217 260 330 319 569

221 388 338 432 tum
357 381 590 434 oratoris
611 380 768 433 verba
788 365 1060 449 prolicere,
1086 387 1339 448 quantum
1357 378 1549 446 judieis
1571 377 1807 447 pruden-

219 469 293 522 tia
323 472 686 539 cognovisset.
720 470 868 524 Unde
909 478 961 524 et
987 484 1084 538 ego
1109 469 1320 522 beatum
1347 483 1431 522 me
1452 468 1504 520 iu
1531 468 1632 519 hoc
1673 466 1808 519 dun-

217 569 371 615 taxat
402 562 614 631 negotio
631 561 830 630 judico,
849 561 989 630 quod
1017 560 1156 628 apud
1182 559 1415 614 eruditas
1440 572 1596 612 aures
1644 557 1810 624 impe-

216 652 338 705 ritae
361 651 556 721 lingua:
580 666 933 721 responsurus
980 665 1134 704 sum:
1168 665 1284 720 qua:
1323 649 1504 718 objicit
1549 646 1676 700 mihi
1728 645 1808 700 vel

217 745 577 812 ignorantiam
603 786 618 808 ,
650 744 734 798 vel
756 743 1128 808 mendacium;
1159 743 1206 797 si
1251 749 1342 795 aut
1368 740 1568 794 nescivi
1607 739 1808 792 alienas

215 835 430 890 litteras
457 851 583 889 vere
607 835 969 905 interpretari,
991 843 1083 888 aut
1107 833 1249 887 nolui
1285 851 1297 886 :
1327 846 1552 902 quorum
1583 830 1805 883 alterum

213 939 394 992 error,
429 926 656 979 alterum
680 925 884 979 crimen
906 932 1008 978 est.
1039 925 1115 978 Ac
1157 938 1224 977 ne
1267 921 1486 976 forsitan
1533 927 1810 973 accusator

210 1029 367 1069 meus
395 1015 676 1078 facilitate,
700 1029 804 1084 qua
845 1023 1034 1068 cuncta
1086 1013 1348 1082 loquitur,
1377 1019 1431 1066 et
1472 1009 1804 1079 impunitate,

207 1121 317 1176 qua
371 1107 480 1161 sibi
528 1107 690 1160 licere
733 1109 909 1160 omnia
961 1112 1129 1173 putat,
1153 1117 1239 1158 me
1291 1116 1502 1171 quoque
1549 1099 1687 1168 apud
1714 1112 1808 1151 vos

205 1205 491 1266 argueret,
521 1204 579 1248 ut
605 1195 802 1264 Papam
832 1194 1184 1263 Epiphanium
1211 1192 1519 1246 criminatus
1539 1198 1640 1250 est,
1674 1189 1809 1242 hanc

204 1275 505 1355 epistolam
535 1285 677 1349 misi,
708 1299 826 1354 qua:
849 1293 919 1348 te,
951 1294 1003 1336 et
1032 1297 1130 1352 per
1154 1292 1204 1337 te
1229 1282 1380 1344 alios,
1399 1281 1486 1350 qui
1510 1295 1606 1334 nos
1629 1293 1810 1333 amare

201 1376 524 1446 dignantur,
555 1376 632 1429 rei
661 1374 902 1428 ordinem
934 1373 1146 1426 doceat.

274 1465 335 1518 2.
391 1455 675 1535 Ερὶρῆαηὶἱ
701 1466 879 1518 littera:
905 1464 972 1515 ad
997 1462 1249 1516 Joannem
1280 1460 1608 1531 Episcopum.
1641 1459 1808 1514 Euse-

199 1556 318 1609 bius
343 1555 699 1609 Cremonensis
721 1553 893 1608 Graeci
920 1555 1165 1606 sermonis
1215 1555 1441 1621 ignarus.
1488 1551 1806 1604 Pseudomo-

199 1645 402 1699 nnc/tus
429 1644 553 1711 quid
580 1645 755 1713 egerit.
788 1645 1016 1696 —Ante
1047 1642 1149 1695 hoc
1202 1641 1370 1694 ferme
1400 1640 1670 1694 biennium
1703 1641 1804 1693 mi-

202 1747 348 1790 serat
374 1734 570 1789 Joanni
599 1734 867 1802 Episcopo
915 1732 1250 1800 supradictus
1291 1731 1431 1798 Papa
1478 1730 1803 1798 Epiphanius

201 1826 436 1893 litteras,
466 1841 696 1896 arguens
745 1841 867 1880 eum
916 1825 969 1876 in
1014 1821 1331 1892 quibusdam
1365 1822 1719 1891 dogmatibus,
1751 1832 1804 1876 et

201 1929 388 1989 postea
412 1920 708 1973 clementer
735 1916 800 1970 ad
843 1915 1208 1985 paenitentiam
1253 1928 1567 1982 provocans.
1603 1912 1799 1966 llarunt

199 2009 536 2078 exemplaria
609 2007 772 2078 306
844 2005 1087 2060 certatim
1117 2004 1412 2057 Palmstiuze
1435 2003 1799 2072 rapiebantur,

198 2102 281 2155 vel
309 2102 380 2155 ob
413 2101 648 2154 auctoris
699 2099 965 2161 meritum,
993 2098 1076 2152 vel
1101 2097 1172 2151 ob
1201 2097 1524 2166 elegantiam
1555 2096 1803 2164 scriptio-

199 2193 302 2244 nis.
330 2192 459 2244 Erat
473 2192 527 2244 in
553 2190 876 2244 monasterio
893 2198 1079 2242 nostro
1095 2189 1178 2241 vir
1193 2186 1332 2256 apud
1351 2201 1474 2240 suos
1492 2186 1629 2240 haud
1653 2188 1799 2255 igno-

197 2281 342 2345 bilis,
365 2281 630 2335 Eusebius
651 2279 1044 2345 Cremonensis,
1062 2279 1150 2348 qui
1172 2293 1291 2333 cum
1318 2277 1433 2333 hmc
1452 2279 1686 2348 Epistula
1707 2294 1799 2346 per

196 2374 495 2428 multorum
525 2389 616 2427 ora
663 2375 925 2436 volitaret,
950 2386 1004 2427 et
1053 2373 1375 2426 mirarentur
1420 2387 1536 2426 eam
1581 2387 1676 2441 pro
1706 2371 1800 2424 do-

195 2465 366 2520 etrina
398 2476 454 2521 et
478 2467 706 2535 puritate
727 2464 989 2519 sermonis
1009 2505 1024 2531 ,
1051 2463 1193 2518 docti
1232 2464 1431 2532 pariter
1471 2472 1524 2517 et
1563 2463 1793 2527 indocti,

195 2556 413 2626 ccepita
463 2571 553 2610 me
587 2555 781 2609 obnixe
812 2563 1026 2624 petere,
1057 2562 1117 2607 ut
1137 2553 1238 2608 sibi
1283 2569 1400 2607 eam
1451 2553 1502 2607 in
1551 2553 1794 2606 Latinum

194 2656 488 2710 verterem,
521 2655 574 2700 et
602 2653 820 2716 propter
845 2644 1173 2715 intelligendi
1194 2643 1271 2715 (a)
1307 2644 1607 2699 facilitatem
1639 2659 1795 2713 aper-

196 2741 300 2795 tius
325 2741 656 2811 explicarem
690 2757 703 2792 :
737 2739 908 2794 Grzeci
937 2739 1078 2793 enim
1111 2738 1308 2808 eloquii
1337 2739 1549 2807 penitus
1579 2740 1793 2807 ignarus

195 2845 331 2889 erat.
363 2835 496 2890 Feci
553 2833 694 2904 quod
735 2834 940 2898 voluit;
973 2833 1251 2903 accitoque
1293 2832 1512 2887 Notario
1542 2875 1556 2900 ,
1600 2834 1791 2903 raptim

195 2928 554 2998 celeriterque
583 2927 776 2981 dictavi
801 2945 813 2980 :
843 2943 908 2981 ex
933 2927 1010 2998 (l)
1041 2928 1209 2982 latere
1253 2928 1306 2982 in
1345 2928 1528 2998 pagina
1559 2929 1794 2983 breviter

195 3021 485 3087 adnotans,
518 3035 674 3089 quem
703 3021 1025 3074 intrinsecus
1071 3035 1285 3074 sensum
1325 3020 1526 3089 singula
1563 3020 1789 3090 capitula

194 3115 561 3169 continerent.
587 3112 856 3180 Siquidem
891 3121 946 3166 et
987 3111 1090 3166 hoc
1134 3121 1192 3165 ut
1239 3111 1338 3165 sibi
1389 3112 1488 3166 soli
1539 3111 1788 3178 facerem,

193 3205 394 3274 Oppido
425 3203 688 3272 flagitarat
718 3217 733 3265 ;
767 3201 1134 3272 postulavique
1155 3202 1222 3256 ab
1251 3217 1316 3256 eo
1338 3211 1543 3269 mutuo,
1573 3203 1788 3259 utdomi

194 3295 423 3350 haberet
448 3294 726 3363 exemplar
758 3312 770 3347 :
802 3309 900 3348 nec
929 3294 1084 3349 facile
1107 3295 1158 3348 in
1176 3294 1365 3364 vulgus
1389 3295 1655 3364 proderet.
1687 3297 1790 3350 Res

195 3388 265 3441 ita
299 3401 446 3440 anno
478 3394 532 3439 et
561 3401 652 3440 sex
681 3386 951 3440 mensibus
995 3385 1244 3440 transiit:
1277 3386 1446 3440 donec
1487 3386 1788 3456 supradicta

197 3477 574 3547 interpretatio
597 3476 665 3531 de
683 3477 895 3531 scriniis
926 3476 1040 3546 ejus
1062 3493 1200 3531 novo
1225 3479 1496 3548 praestigio
1523 3478 1789 3550 Jerosoly-

195 3581 337 3620 tuam
389 3567 778 3636 commigravit.
828 3566 960 3621 Nam
1007 3567 1220 3637 quidem
1262 3569 1785 3634 Pseudomonachus,

195 3659 274 3712 vel
303 3667 524 3728 accepta
562 3659 805 3728 pecunia,
831 3667 888 3712 ul
914 3660 1192 3729 perspicue
1228 3659 1449 3729 intelligi
1482 3659 1660 3727 datur,
1703 3661 1787 3714 vel

195 3749 424 3817 gratuita
451 3749 673 3814 malitia,
700 3758 758 3802 ut
789 3751 1051 3803 incassum
1094 3760 1376 3819 corruptor
1432 3752 1619 3804 nititur
1662 3767 1784 3820 perv

194 3839 446 3906 suadere,
476 3839 778 3908 compilatis
803 3840 1002 3894 chartis
1032 3843 1148 3906 ejus
1191 3852 1241 3896 et
1270 3843 1590 3912 sumptibus,
1622 3843 1788 3897 Judas

193 3930 364 3984 factus
417 3938 502 3984 est
570 3931 1124 4000 proditor:deditque
1184 3934 1504 3989 adversariis
1559 3935 1787 3990 latrandi

191 4028 382 4073 contra
397 4033 483 4072 me
495 4020 851 4083 occasionem,
868 4029 924 4073 ut
940 4021 1077 4074 inter
1095 4023 1367 4090 imperitos
1381 4025 1784 4092 concionentur,

195 4127 281 4165 me
308 4109 609 4178 falsarium,
642 4127 725 4165 me
755 4111 974 4164 verbum
1002 4127 1106 4166 non
1131 4114 1469 4182 expressisse
1497 4115 1564 4168 de
1586 4117 1783 4174 verbo:

195 4215 290 4268 pro
307 4200 808 4255 Itonorabilidixisse
827 4202 1163 4267 carissimum,
1193 4210 1248 4255 et
1268 4202 1495 4270 maligna
1525 4205 1788 4272 interpre-

198 4292 411 4356 latione,
443 4291 586 4360 qttod
634 4291 783 4346 nefas
835 4291 982 4345 dictu
1011 4293 1101 4354 sit,
1142 4296 1514 4357 αἰδεσιμὼτατον
1541 4302 1784 4362 natanata,

200 4383 426 4436 noluisse
460 4382 766 4437 transferre.
797 4381 923 4436 Hmc
953 4392 1006 4436 et
1050 4381 1348 4436 istiusmodi
1381 4397 1534 4452 uuga:
1563 4384 1784 4437 crimina

199 4487 310 4525 mea
338 4483 483 4528 sunt.

265 4563 316 4614 ‘5.
359 4565 435 4619 Ac
464 4563 690 4634 primum
717 4572 998 4633 antequam
1044 4562 1110 4616 de
1164 4561 1514 4618 translatione
1564 4577 1785 4632 respon-

200 4651 368 4719 deam,
402 4656 524 4709 volo
554 4657 881 4723 interrogare
905 4669 1019 4717 eos,
1043 4653 1132 4722 qui
1165 4652 1421 4705 malitiam
1450 4653 1781 4721 prudentiam

200 4757 388 4800 vocant
417 4764 433 4800 :
465 4746 617 4802 Unde
643 4747 780 4816 apud
809 4761 902 4799 vos
921 4734 1194 4814 e'xemplar
1223 4744 1510 4813 epistolae?
1539 4744 1668 4812 Quis
1687 4745 1781 4799 de-

201 4833 320 4887 dit?
358 4852 458 4905 qua
488 4836 661 4892 fronte
703 4836 952 4906 profertis
978 4877 992 4900 ,
1019 4834 1160 4904 quod
1192 4835 1395 4888 scelere
1439 4835 1782 4889 redemistis?

205 4921 338 4985 Quid
369 4927 506 4992 apud
532 4928 773 4982 homines
799 4935 968 4982 tutum
991 4922 1092 4980 erit
1117 4967 1130 4991 ,
1165 4925 1209 4980 si
1251 4942 1317 4980 ne
1343 4926 1630 4995 parietibus
1665 4927 1780 4996 qui-

207 5012 326 5065 dem
355 5023 409 5067 et
433 5017 640 5069 scriniis
670 5031 848 5072 nostra
888 5033 1176 5090 possumus
1214 5029 1420 5073 secreta
1462 5019 1690 5074 celare?
1725 5019 1778 5073 Si

209 5113 332 5157 ante
365 5106 641 5161 tribunalia
687 5110 918 5177 judicum
938 5153 952 5178 ,
986 5113 1086 5166 hoc
1115 5111 1265 5166 vobis
1288 5111 1490 5166 crimen
1521 5111 1779 5180 impinge-

210 5211 320 5251 rem
343 5241 356 5264 ,
385 5216 504 5256 reos
533 5203 734 5272 legibus
772 5203 1102 5274 subjugarem
1129 5221 1294 5275 ,.qu:n
1323 5206 1484 5260 etiam
1517 5219 1612 5272 pro
1641 5204 1776 5256 utili-

209 5289 401 5347 tatibus
449 5292 561 5349 ﬁsci
590 5335 605 5362 ,
635 5294 805 5349 noxiis
830 5294 938 5366 (aI.
990 5298 1178 5369 variis)
1221 5296 1545 5352 delatoribus
1592 5308 1779 5364 poenas

202 5445 336 5552 riu(Su)
380 5449 488 5501 Duo
523 5458 692 5502 vetera
738 5451 1037 5515 exemplaria
1073 5451 1352 5516 facultatem
1395 5465 1411 5502 :
1446 5451 1651 5500 fortasse
1696 5461 1777 5498 ve-

228 5521 240 5552 l
305 5547 315 5556 .

225 5521 555 5642 ,filsIXSciIicet
588 5589 651 5623 ex
684 5574 936 5642 laterculo,
976 5577 1105 5642 quod
1143 5575 1312 5642 Graece
1344 5575 1520 5642 dicitur
1553 5586 1575 5632 ἦ
1610 5585 1775 5642 statim

198 5625 380 5737 adesis
419 5638 742 5687 Comtucutar.
771 5639 817 5684 in
859 5625 1099 5687 Ezechiel.
1135 5625 1239 5700 eap.
1280 5638 1324 5685 4.
1373 5651 1418 5685 v.
1460 5637 1501 5684 1.
1530 5625 1664 5685 sinite
1688 5625 1772 5683 tibi

239 5706 397 5744 «tem.

1569 258 1895 314 EPISTULA
1973 254 2128 311 LVII.
3385 271 3454 324 57

1913 385 2188 430 statuunt:
2221 386 2274 430 et
2319 391 2439 429 cum
2495 376 2784 444 suscipiant
2823 378 3172 444 proditionem
3198 421 3212 445 ,
3237 378 3494 435 damnant

1912 467 2258 536 proditorem.
2291 466 2522 521 Lucrum
2553 466 2797 520 videlicet
2844 468 3011 536 placet
3041 487 3053 521 :
3087 470 3333 523 voluntas
3376 470 3492 525 dis-

1913 558 2090 626 plicet.
2113 557 2188 625 (ὁ)
2218 557 2422 610 Dudum
2446 557 2764 626 llesychium
2840 557 2996 627 307
3073 560 3240 613 virum
3287 562 3493 615 Consu—

1911 649 2076 703 larem
2111 648 2318 718 (contra
2347 664 2501 717 quem
2533 648 2834 701 Patriarcha
2872 647 3130 701 Gamaliel
3153 651 3492 715 gravissimas

1912 741 2148 793 exercuit
2172 739 2499 808 inimicitias)
2516 738 2848 792 Theodosius
2874 738 3120 808 princeps
3147 741 3319 807 capite
3344 742 3489 796 dam-

1913 831 2230 900 navit,quod
2255 831 2540 885 sollicitato
2554 830 2792 896 Notario,
2809 829 3173 883 chartasillius
3191 830 3489 888 invasisset.

1913 921 2157 991 Legimus
2176 925 2226 977 in
2245 923 2514 978 veteribus
2536 923 2770 976 historiis
2793 920 3016 991 (T.Livii
3035 921 3190 976 Dec.l
3204 923 3261 977 .l.
3281 923 3360 992 5),
3382 923 3490 980 ludi

1912 1014 2244 1083 magistrum,
2267 1015 2352 1084 qui
2371 1015 2700 1069 Faliscorum
2716 1015 2912 1069 liberos
2929 1015 3491 1084 prodiderat,vinctutn

1914 1104 2089 1172 pueris
2114 1104 2362 1159 traditum
2387 1123 2400 1171 ;
2431 1105 2564 1160 etad
2595 1121 2689 1160 eos
2711 1120 2843 1176 quos
2864 1105 3144 1174 prodebat,
3169 1107 3451 1161 remissum
3477 1124 3491 1161 :

1913 1207 2010 1247 nec
2036 1194 2347 1248 sceleratam
2378 1196 2630 1265 populum
2659 1196 2957 1250 Romanum
2987 1196 3288 1266 suscepisse
3319 1198 3492 1251 victo-

1913 1286 2065 1338 riam.
2098 1286 2360 1356 Pyrrhum
2411 1289 2751 1356 Epirotarum
2805 1305 2982 1358 regem
3007 1329 3022 1354 ,
3061 1306 3182 1344 cum
3224 1290 3276 1344 in
3303 1291 3492 1346 castris

1911 1389 1975 1426 ex
2005 1375 2224 1430 vulnere
2254 1388 2566 1444 curaretur,
2598 1379 2788 1433 medici
2818 1381 2896 1432 sui
2931 1380 3231 1448 proditione
3267 1382 3490 1436 interfici

1911 1464 2059 1518 nefas
2109 1467 2259 1522 duxit
2313 1469 2584 1523 Fabricius
2625 1471 2642 1539 (
2685 1470 2875 1524 Florus
2902 1472 2940 1526 ι.
2984 1473 3091 1542 1);
3139 1474 3265 1541 quin
3320 1476 3491 1542 potius

1910 1556 2140 1610 vinctum
2170 1559 2379 1612 remisit
2424 1561 2490 1611 ad
2521 1561 2796 1614 dominum
2817 1603 2832 1626 ,
2867 1570 2924 1615 ut
2951 1563 3128 1616 scelus
3158 1578 3258 1618 nec
3301 1564 3353 1616 in
3384 1564 3489 1616 ad-

1907 1648 2143 1700 versario
2195 1649 2586 1716 comprobaret.
2638 1650 2790 1716 Quod
2843 1652 2986 1720 leges
3034 1653 3297 1720 publicat,
3350 1653 3490 1722 quod

1907 1736 2088 1789 hostes
2114 1746 2345 1801 tuentur,
2376 1739 2516 1807 quod
2551 1741 2688 1792 inter
2733 1740 2868 1794 bella
2919 1751 2973 1794 et
3002 1741 3206 1810 gladios
3250 1752 3489 1796 sanctum

1906 1837 2008 1893 est,
2035 1827 2138 1882 hoc
2169 1829 2323 1883 nobis
2352 1831 2489 1884 inter
2516 1831 2808 1886 Monachos
2835 1842 2890 1887 et
2914 1833 3230 1889 Sacerdotes
3268 1835 3488 1902 Christi,

1906 1924 2132 1974 intutum
2169 1920 2288 1974 fuit.
2320 1923 2384 1976 Et
2413 1922 2576 1978 audet
2603 1924 2816 1994 quidam
2839 1940 2909 1979 ex
2937 1925 3016 1979 eis
3044 1925 3272 1980 adducto
3301 1942 3488 1995 super-

1903 2011 2023 2064 cilio
2051 2021 2105 2066 et
2145 2014 2591 2082 concrepantibus
2638 2014 2852 2084 digitis,
2880 2029 3125 2071 eructare
3167 2028 3222 2072 et
3270 2017 3488 2072 dicere:

1903 2101 2037 2167 Quid
2067 2103 2233 2168 enim,
2265 2104 2307 2156 si
2339 2103 2585 2170 redemit,
2615 2105 2658 2158 si
2689 2105 2994 2159 sollicitavit
3019 2107 3042 2159 ?
3075 2106 3200 2160 fecit
3223 2108 3365 2176 quod
3390 2107 3488 2164 sibi

1906 2191 2117 2260 profuit.
2152 2193 2289 2247 MIRA
2320 2209 2566 2248 SCELERIS
2605 2195 2882 2260 defensio;
2915 2197 3064 2264 quasi
3107 2211 3212 2250 non
3235 2205 3290 2250 et
3332 2198 3487 2251 latro.

1905 2300 1996 2336 nos
2023 2293 2077 2338 et
2103 2285 2247 2338 fures
2273 2297 2326 2339 et
2355 2287 2538 2355 piratae
2557 2285 2773 2351 faciant,
2793 2288 2933 2357 quod
2957 2288 3056 2342 sibi
3075 2289 3307 2357 prodest.
3333 2286 3488 2345 Certo

1905 2381 2082 2428 .Xnnas
2108 2386 2160 2430 et
2199 2376 2430 2446 Caiphas
2467 2378 2784 2432 seducentcs
2832 2378 3097 2434 infelicem
3125 2379 3316 2434 Judam
3348 2380 3488 2436 fece-

1901 2477 2024 2522 runt.
2052 2468 2192 2538 quod
2217 2469 2313 2523 sibi
2343 2470 2470 2524 utile
2497 2470 2897 2525 existimabant.

1968 2562 2022 2615 4.
2057 2561 2192 2615 Volo
2223 2562 2274 2615 in
2319 2561 2576 2616 chartulis
2617 2564 2752 2618 meis
2799 2565 3059 2634 quaslibet
3097 2565 3324 2635 ineptias
3351 2567 3486 2620 scri-

1899 2650 2023 2704 bere
2050 2667 2064 2716 ;
2097 2652 2444 2705 commentari
2487 2652 2552 2707 de
2581 2653 2867 2723 Scripturis
2889 2697 2904 2721 ,
2939 2658 3246 2711 remordere
3288 2657 3485 2712 laeden-

1899 2750 1997 2808 tes,
2037 2740 2282 2811 digerere
2306 2743 2660 2807 stomachum,
2693 2746 2744 2797 in
2772 2745 2902 2798 locis
2926 2761 3010 2800 me
3051 2762 3301 2802 exercere
3340 2765 3484 2802 cont-

1897 2833 2165 2898 tnuuibus,
2193 2842 2248 2888 et
2277 2836 2425 2902 quasi
2459 2834 2668 2889 limatas
2693 2835 2759 2889 ad
2802 2837 3140 2905 pugnandum
3168 2839 3186 2906 (
3210 2839 3278 2891 al.
3327 2855 3483 2908 expu-

1893 2927 2190 2995 gmmdum)
2220 2929 2436 2996 sagittas
2484 2942 2767 2997 reponere.
2800 2929 3061 2994 Quamdiu
3113 2947 3218 2984 non
3274 2933 3483 3000 profero

1893 3018 2142 3085 cogitata,
2163 3019 2461 3084 maledicta,
2493 3033 2596 3071 non
2645 3019 2869 3072 crimina
2896 3028 3017 3073 sunt
3050 3037 3062 3072 :
3095 3021 3203 3074 imo
3249 3037 3315 3074 ne
3366 3037 3481 3076 nta-

1897 3108 2084 3160 ledicta
2113 3107 2349 3176 quidem,
2380 3124 2497 3177 qua:
2523 3123 2680 3162 aures
2706 3109 2929 3177 publica:
2958 3111 3217 3165 nesciant.
3249 3111 3327 3166 Tu
3356 3128 3481 3165 cor-

1895 3212 2108 3267 rumpas
2138 3199 2401 3263 servulos,
2433 3199 2688 3254 sollicites
2707 3200 2929 3255 clientes
2962 3219 2976 3254 :
3010 3210 3101 3267 et,
3134 3212 3190 3255 ut
3215 3203 3266 3256 in
3291 3202 3480 3258 fabttlis

1893 3289 2116 3357 legimus
2147 3288 2380 3357 (Metam.
2405 3290 2441 3343 ι.
2472 3288 2550 3360 4),
2585 3305 2716 3344 auro
2737 3291 2802 3345 ad
2828 3291 3042 3347 Danaen
3072 3303 3337 3362 penetres,
3365 3273 3480 3348 dis-

1891 3380 2247 3449 simulatoque
2274 3379 2414 3450 quod
2447 3380 2634 3434 feceris
2662 3423 2676 3447 ,
2701 3396 2787 3435 me
2814 3381 3085 3436 falsarium
3130 3398 3290 3438 voces
3318 3399 3332 3436 :
3357 3399 3477 3439 cmn

1893 3473 2058 3526 multo
2087 3472 2236 3541 pejus
2263 3473 2464 3526 crimen
2492 3472 2794 3526 accusando
2820 3473 2870 3526 in
2893 3481 2943 3528 te
2963 3473 3288 3538 confitearis,
3317 3490 3476 3544 quam

1893 3563 1942 3615 in
1989 3579 2074 3617 me
2123 3565 2317 3633 arguis.
2374 3564 2526 3617 Alius
2575 3573 2626 3618 te
2672 3563 3005 3629 hmreticum,
3033 3565 3168 3620 alius
3206 3566 3478 3620 insimulat

1890 3651 2194 3721 dogmatum
2225 3667 2616 3721 perversorem.
2651 3653 2820 3708 Taces
2843 3657 2986 3723 ipse:
3018 3655 3342 3723 respondere
3370 3671 3476 3710 non

1888 3743 2054 3798 audes
2086 3761 2098 3796 :
2129 3744 2472 3810 interpretem
2506 3743 2710 3795 laceras
2741 3759 2755 3807 ;
2784 3743 2850 3797 de
2867 3743 3082 3812 syllabis
3113 3745 3475 3810 calumniaris;

1889 3845 1942 3887 et
1969 3843 2130 3886 totam
2156 3832 2519 3886 defensionem
2567 3833 2639 3884 tui
2685 3843 2857 3899 putas,
2891 3834 2933 3884 si
2972 3835 3165 3886 tacenti
3203 3835 3475 3893 detrahas.

1892 3925 2125 3992 I’ingein
2154 3921 2522 3976 transferendo
2548 3920 2632 3974 vel
2658 3921 2992 3984 errassc,vel
3023 3921 3370 3978 intermisisse
3391 3942 3478 3981 tne

1889 4015 2181 4084 quippiam.
2234 4013 2330 4068 Ilic
2365 4021 2506 4066 totus
2531 4012 2602 4066 tui
2648 4012 2843 4080 negotii
2873 4011 3138 4082 (al.totius
3157 4015 3228 4066 tui
3248 4015 3472 4086 ingenii)

1889 4105 2053 4158 cardo
2085 4114 2328 4156 versatur
2357 4120 2368 4154 :
2399 4103 2514 4156 haec
2561 4113 2648 4156 tua
2689 4111 2771 4156 est
2800 4100 3061 4157 defensio.
3102 4101 3236 4157 Num
3276 4104 3477 4166 idcirco

1892 4204 1943 4247 tu
1967 4208 2073 4246 non
2099 4207 2156 4246 es
2185 4193 2488 4257 haereticus,
2517 4193 2562 4246 si
2588 4206 2687 4261 ego
2718 4192 3173 4262 malusinterpres
3197 4194 3297 4248 sim
3325 4194 3478 4252 ?Nec

1892 4284 1995 4338 hoc
2025 4283 2166 4348 dico,
2202 4282 2342 4354 quod
2376 4292 2427 4338 te
2457 4283 2766 4337 haereticum
2799 4284 3035 4338 noverim
3062 4326 3076 4350 ,
3103 4285 3235 4340 sciat
3263 4287 3350 4341 ille
3384 4289 3475 4358 qui

1889 4377 2176 4442 accusavit,
2200 4376 2405 4432 noverit
2433 4375 2520 4430 ille
2547 4376 2635 4446 qui
2659 4376 2901 4446 scripsit;
2951 4377 3043 4432 sed
3083 4382 3224 4448 quod
3309 4380 3474 4452 308

1887 4471 2259 4524 stultissimum
2331 4469 2401 4523 sit
2449 4478 2753 4524 accusatum
2801 4469 2868 4523 ab
2914 4469 3040 4534 alio,
3065 4472 3224 4526 alium
3288 4473 3472 4528 crimi-

1889 4562 2024 4629 nari,
2043 4571 2097 4615 et
2116 4559 2363 4616 confosso
2391 4561 2623 4631 undique
2651 4575 2897 4630 corpore,
2924 4561 2992 4617 de
3021 4562 3334 4618 dormientis
3360 4565 3469 4625 vul-

1887 4666 2015 4706 nere
2043 4651 2289 4705 solatium
2311 4666 2570 4720 qumrere.

1955 4745 2008 4800 5.
2066 4744 2334 4799 Hactenus
2383 4744 2460 4798 sic
2541 4744 2747 4797 locutus
2805 4761 2922 4798 sunt
2971 4745 3119 4814 quasi
3163 4743 3356 4812 aliquid
3402 4745 3470 4799 de

1889 4838 2119 4906 Iipistola
2149 4836 2586 4890 commutaverim
2614 4877 2627 4900 ,
2656 4846 2708 4889 et
2734 4837 2956 4904 simplex
3004 4834 3278 4887 translatio
3305 4837 3470 4903 possit

1885 4945 2121 4982 ett-orem
2155 4927 2371 4991 habere,
2403 4943 2506 4979 non
2535 4927 2759 4980 crimen.
2812 4927 2958 4978 Nunc
2999 4941 3125 4977 vero
3176 4940 3294 4980 cum
3355 4926 3466 4993 ipsa

1949 5020 2018 5082 (b)
2043 5019 2338 5082 Hesychium
2363 5018 2494 5082 hunc
2521 5017 2652 5082 (non
2672 5017 2944 5082 Esychium,
2971 5023 3025 5063 ut
3046 5015 3174 5082 male
3199 5015 3315 5063 editi
3341 5030 3466 5082 pric-

1885 5076 2080 5140 l‘eeunt)
2108 5076 2222 5140 eum
2263 5081 2388 5140 inter
2429 5076 2664 5140 Consules
2693 5076 2788 5124 non
2816 5078 3163 5140 rsitg_rep_erire_,
3187 5076 3466 5140 mutandum

1887 5137 2228 5202 potantialiqui
2242 5142 2294 5202 _in
2319 5138 2682 5202 Eutyehianum,
2707 5140 2787 5199 qui
2796 5137 3168 5202 _itt_t‘.assitidorii
3193 5137 3351 5202 Fastis
3375 5141 3467 5187 sub

1886 5199 2087 5252 Arcadio
2127 5199 2178 5248 et
2213 5199 2427 5246 Honorio
2460 5199 2654 5248 Consul.
2691 5211 2770 5246 an.
2795 5199 2904 5245 398.
2942 5200 3202 5247 invenitur.
3231 5199 3328 5246 Sed
3355 5213 3464 5248 cuin

1886 5264 2088 5321 dudum,
2131 5259 2178 5307 id
2205 5267 2280 5322 est
2305 5272 2478 5319 nuper,
2501 5259 2626 5322 dicat
2649 5259 2970 5322 Hieronymus
2991 5259 3265 5307 damnatum
3289 5259 3413 5322 hunc
3437 5277 3465 5309 a

1884 5320 2176 5378 'l'heodOsio,
2204 5321 2284 5368 hic
2306 5329 2471 5368 autem
2496 5321 2576 5380 qui
2613 5321 2662 5382 in
2687 5334 2798 5368 eum
2824 5320 2991 5381 capitis
3013 5325 3307 5382 sententiam
3333 5320 3461 5382 tulit,

1885 5388 2021 5434 initio
2055 5383 2168 5430 anni
2207 5381 2314 5429 593.
2356 5382 2570 5444 abierit;
2616 5381 2769 5444 liquet
2812 5382 3159 5444 Eutychiauum
3195 5381 3463 5444 credignon

1885 5459 2044 5515 posse.
2091 5445 2194 5515 lino
2218 5440 2649 5515 .voro‘simiIlimtim
2669 5440 2830 5515 'nob_is
2867 5440 3092 5515 videtur”
3133 5443 3268 5515 innui
3293 5441 3464 5515 ‘_Hesy-

1883 5503 2043 5557 chium
2083 5505 2275 5568 Achaiae
2321 5503 2690 5568 Proconsulem,
2733 5506 2792 5553 ad
2825 5518 2972 5568 quem
3013 5505 3271 5568 Theodosii
3306 5503 3382 5568 lex
3415 5503 3462 5555 in

1883 5570 2058 5618 Codice
2080 5565 2330 5629 'l'heodos.
2361 5563 2391 5611 Ι.
2433 5564 2587 5629 ultim.
2611 5567 2676 5615 de
2701 5563 2994 5629 principibus
3018 5567 3279 5629 Agentium
3312 5567 3359 5612 in
3384 5581 3464 5615 re-

1883 5633 1975 5679 bus
2000 5645 2014 5689 ;
2055 5637 2107 5679 ct
2129 5627 2412 5677 brevissima
2438 5629 2490 5673 S.
2517 5627 2606 5676 Nili
2637 5644 2679 5691 ιιι
2700 5627 2834 5678 istoIa
2854 5627 2859 5628 ⁷
2881 5627 3105 5688 habt-tur,
3133 5637 3184 5678 ut
3208 5627 3298 5677 alia
3323 5638 3462 5677 omit-

1883 5702 2053 5751 tantus.
