4056 6184
588 268 687 322 δτι

590 385 832 455 Epistula
848 383 1035 437 doceat
1052 379 1179 434 nihil
1200 380 1453 429 mutatum
1471 382 1587 420 85541
1608 364 1673 418 de
1688 376 1969 424 sensu,nec
1984 374 2067 412 res
2081 356 2168 409 ad.

591 450 749 541 ditas,
780 491 879 531 nec
906 470 1112 540 aliquod
1136 467 1325 532 dogma
1349 460 1632 513 conlictnm
1650 496 1666 519 ,
1696 453 1769 521 (α)
1790 470 1810 501 ‹
1841 450 2060 502 Faciunt
2087 462 2169 499 na:

595 565 938 636 intelligendo
962 569 1017 613 ut
1040 556 1169 609 nihil
1192 552 1487 619 intelligant
1512 545 1736 617 (Terent.
1761 541 1908 594 Prol.
1937 540 2125 607 Andr.)
2150 557 2165 591 ε

595 672 650 715 et
676 660 801 712 dum
829 654 1055 706 alienam
1097 642 1419 712 imperitiam
1446 639 1629 691 volunt
1666 648 1954 702 coarguere
1974 672 1990 695 ,
2014 645 2165 685 suam

596 746 841 818 produnt.
870 740 984 808 Ego
1005 737 1148 790 enim
1172 747 1278 787 non
1312 732 1483 785 solum
1504 728 1693 792 fateor,
1723 724 1817 778 sed
1844 724 2011 776 libera
2036 734 2168 773 voce

593 812 871 908 proﬁteor,
901 843 988 883 me
1018 828 1071 880 in
1118 820 1557 890 interpretatione
1596 816 1903 871 Cra-corum
1924 851 1941 877 ,
1967 812 2167 878 absque

592 905 877 993 Scripturis
909 917 1107 972 sanctis
1130 956 1147 978 ,
1176 914 1266 968 ubi
1307 921 1363 966 et
1383 909 1671 964 verborum
1700 905 1834 959 ordo
1864 905 1942 971 (ὁ)
1968 909 2169 970 myste-

591 1018 727 1071 rium
749 1021 852 1075 est,
878 1024 985 1065 non
1012 1006 1232 1060 verbum
1250 1018 1282 1057 e
1303 1002 1491 1064 verbo,
1512 998 1606 1053 sed
1627 1011 1841 1052 sensum
1866 994 2168 1061 exprimere

588 1108 659 1163 de
675 1119 855 1160 sensu.
878 1100 1169 1166 liabeoque
1198 1095 1355 1161 huius
1376 1092 1453 1145 rei
1478 1089 1787 1158 magistrum
1808 1084 2060 1145 Tullium,
2076 1081 2166 1150 qui

592 1199 935 1265 Protagoram
986 1188 1242 1253 Platonis,
1266 1196 1321 1239 et
1362 1180 1759 1239 (Economicou
1801 1172 2169 1242 Xenophontis

588 1302 645 1347 et
668 1286 939 1344 Eschinis
952 1296 1016 1337 ac
1036 1276 1405 1335 Demosthenis
1452 1273 1587 1326 duas
1606 1282 1790 1325 contra
1816 1281 1877 1321 se
1901 1268 2170 1318 orationes

590 1376 976 1450 pulcherrimas
1003 1367 1288 1426 transtulit.
1313 1364 1521 1432 Quanta
1547 1360 1599 1414 in
1628 1360 1735 1414 illis
1748 1352 2166 1427 prattermiserit,

588 1445 786 1542 quanta
813 1466 1082 1521 adornent
1104 1501 1118 1526 ,
1143 1470 1341 1529 quanta
1382 1450 1688 1515 mutaverit,
1717 1457 1776 1502 ut
1819 1445 2172 1516 proprietates

589 1539 807 1617 alterius
848 1557 1043 1626 lingua:
1067 1595 1085 1618 .
1106 1551 1220 1608 suis
1267 1542 1680 1619 proprietatibus
1704 1539 1998 1609 explicaret
2017 1575 2034 1600 ,
2063 1548 2172 1589 non

589 1663 675 1709 est
700 1649 858 1719 huius
878 1657 1137 1715 temporis
1164 1653 1364 1696 uicere.
1395 1635 1607 1692 Sufﬁcit
1632 1632 1765 1688 mihi
1803 1631 1972 1719 ipsius
1995 1637 2171 1681 trans-

591 1718 781 1796 latoris
806 1731 1139 1805 (Ciceronis)
1174 1736 1496 1789 auctoritas,
1526 1723 1616 1793 qui
1640 1722 1712 1776 ita
1738 1720 1791 1774 in
1816 1718 2049 1786 Proiogo
2073 1730 2169 1770 ea-

594 1827 837 1885 rumdem
871 1824 1168 1881 orationum
1209 1820 1415 1874 locutus
1462 1822 1547 1869 est
1577 1830 1591 1867 :
1623 1830 1643 1863 ι
1676 1810 1858 1867 Potavi
1895 1808 2024 1863 mihi
2050 1820 2173 1860 sus-

591 1918 895 1991 cipiendum
933 1915 1169 1970 laborem
1215 1910 1397 1966 utilem
1451 1904 1744 1968 studiosis,
1776 1902 1904 1956 mihi
1956 1900 2171 1991 quidem

594 1988 695 2081 ipsi
717 2022 823 2064 non
851 2003 1235 2062 necessarium.
1261 1996 1513 2056 Converti
1538 1996 1680 2049 enim
1719 2008 1786 2049 ex
1811 1992 2003 2046 Atticis
2034 1988 2173 2043 duo-

592 2116 713 2158 rum
739 2096 1295 2168 eloquentissimorum
1326 2088 1683 2144 nobilissimas
1707 2083 1975 2138 orationes
1993 2123 2008 2147 ,
2037 2081 2176 2135 inter

590 2204 756 2260 seque
782 2186 1105 2251 contrarias,-
1128 2180 1403 2238 Eschiuis
1427 2187 1482 2233 et
1504 2175 1913 2231 Demosthenis:
1936 2187 2035 2227 nec
2049 2186 2175 2226 con-

591 2280 747 2346 verti,
779 2287 834 2333 ut
860 2278 1142 2348 interpres,
1172 2272 1266 2330 sed
1288 2281 1345 2327 ut
1371 2270 1583 2335 Orator,
1607 2268 1886 2323 sententiis
1912 2265 2099 2319 iisdem
2118 2271 2176 2318 et

591 2384 779 2427 earum
825 2362 1030 2433 formis,
1064 2374 1171 2421 tam
1202 2361 1386 2433 ﬁguris
1427 2374 1587 2431 quam
1618 2358 1798 2414 verbis
1840 2356 1906 2410 ad
1935 2364 2171 2409 nostram

590 2458 1027 2516 consuetudinem
1046 2455 1204 2527 aptis.
1238 2453 1293 2508 In
1307 2452 1498 2523 quibus
1519 2465 1626 2505 non
1643 2448 1862 2504 verbum
1890 2461 1988 2518 pro
2012 2446 2175 2501 verbo

592 2563 816 2607 necesse
860 2546 1021 2601 habui
1066 2543 1331 2600 reddere:
1361 2541 1460 2597 sed
1505 2554 1674 2611 genus
1705 2553 1864 2593 omne
1892 2536 2175 2592 verborum

592 2636 1060 2711 vimquecservavi.
1082 2635 1198 2690 Non
1224 2634 1367 2690 enim
1394 2646 1481 2687 me
1508 2644 1862 2686 annumerare
1904 2644 1967 2684 ea
1990 2630 2175 2683 lectori

592 2731 772 2804 putavi
791 2737 1068 2801 oportere,
1102 2725 1201 2784 sed
1246 2735 1496 2795 tanquam
1567 2720 1890 2793 appendere.
1942 2720 2173 2774 Rursum

592 2822 649 2879 in
674 2822 822 2878 calce
844 2818 1113 2876 sermonis
1140 2835 1154 2872 :
1185 2815 1421 2884 Quorum
1442 2828 1562 2884 ego,
1593 2813 1688 2878 ait,
1710 2811 2003 2877 orationes,
2024 2809 2092 2877 si,
2116 2819 2176 2864 ut

592 2913 668 2983 (e)
690 2925 870 2982 spero,
892 2910 964 2966 ita
985 2919 1319 2978 expressero,
1335 2903 1616 2960 virtutibus
1644 2910 1800 2957 utens
1822 2902 2037 2957 illorum
2059 2914 2176 2955 om-

592 3001 750 3059 nibus
771 3042 789 3070 ,
811 3001 866 3057 id
890 3008 974 3055 est
1000 2997 1281 3055 sententiis
1302 3035 1320 3064 ,
1346 3002 1404 3052 et
1444 3008 1630 3051 earum
1656 2993 1840 3065 ﬁguris
1858 3032 1875 3060 ,
1895 3000 1953 3048 et
1992 3005 2173 3048 rerum

591 3096 782 3155 ordine
808 3112 825 3152 :
851 3094 1014 3151 verba
1052 3104 1379 3163 persequens
1404 3097 1650 3155 «terim,
1679 3095 1739 3144 ut
1761 3102 1824 3143 ea
1846 3102 1952 3142 non
1971 3087 2172 3142 abhor-

591 3195 747 3245 reant
785 3198 969 3241 amore
997 3190 1199 3240 nostro.
1229 3181 1360 3249 Qua
1383 3180 1430 3236 si
1453 3194 1486 3235 e
1504 3177 1706 3234 Grecis
1719 3178 1898 3233 omnia
1915 3192 2174 3233 conversa

592 3291 702 3334 non
730 3285 923 3333 erunt:
944 3283 1117 3330 tamen
1139 3282 1197 3329 ut
1217 3271 1426 3344 generis
1453 3268 1695 3338 ejusdem
1724 3268 2172 3336 sint,elaboravi-

592 3382 766 3425 mus.»
786 3366 893 3424 Sed
913 3375 969 3422 et
999 3365 1246 3421 lloratius
1266 3364 1349 3418 vir
1366 3370 1556 3415 acutus
1577 3368 1633 3415 et
1657 3358 1867 3426 doctus,
1898 3358 2000 3414 hoc
2027 3358 2171 3416 idem

594 3458 649 3514 lu
722 3457 885 3529 309
951 3457 1080 3510 Arte
1112 3452 1326 3507 Poetica
1349 3450 1556 3506 erudito
1583 3448 1860 3518 interpreti
1884 3448 2168 3520 praecipit:

730 3567 840 3622 Nec
865 3567 1068 3620 uerbum
1087 3562 1233 3618 verba
1252 3561 1451 3616 curabis
1478 3558 1708 3627 reddere,
1737 3558 1872 3630 ﬁdus

741 3656 1020 3724 lnterpres.

596 3770 877 3830 Terentius
928 3766 1297 3833 Menandrum,
1356 3763 1575 3819 Plautus
1620 3772 1676 3819 et
1720 3762 1951 3819 Cecilius
2016 3771 2167 3821 vete-

596 3880 687 3924 res
747 3863 985 3920 comicos
1042 3856 1383 3928 interpretati
1431 3864 1575 3912 sunt.
1632 3854 1904 3925 Numquid
1967 3855 2174 3912 haerent

594 3959 650 4016 in
670 3957 848 4014 verbis
879 3973 894 4011 :
923 3968 987 4010 ac
1032 3967 1140 4009 non
1179 3951 1427 4007 decorem
1455 3949 1625 4019 magis
1659 3956 1715 4003 et
1758 3949 2076 4019 elegantiam
2116 3953 2169 4003 in

593 4048 942 4106 translatione
978 4041 1337 4098 conservant?
1362 4040 1534 4107 Quam
1576 4054 1672 4095 vos
1702 4039 1980 4095 veritatem
2007 4041 2171 4095 inter-

594 4135 931 4208 pretationis,
960 4132 1099 4187 hanc
1123 4130 1317 4185 eruditi
1345 4137 1633 4196 κακοξηλίαν
1656 4139 1987 4201 nuncupant.
2018 4129 2170 4187 Unde

593 4236 646 4285 et
667 4241 767 4297 ego
794 4224 984 4280 doctus
1008 4236 1041 4277 a
1069 4220 1266 4277 talibus
1291 4230 1416 4276 ante
1439 4235 1609 4277 annos
1637 4222 1855 4278 circiter
1877 4221 1960 4296 (ά)
1994 4222 2167 4293 vigin-

595 4321 656 4388 ti,
679 4329 734 4377 et
762 4315 925 4374 simili
957 4325 1080 4373 tunc
1109 4329 1323 4387 quoque
1348 4328 1532 4371 errore
1560 4314 1821 4386 deceptus
1841 4355 1857 4381 ,
1886 4323 2034 4371 certe
2061 4313 2167 4371 hoc

594 4409 730 4467 mihi
774 4423 806 4464 a
853 4407 1007 4463 vobis
1031 4405 1393 4476 obiiciendum
1444 4404 1728 4471 nesciens,
1772 4420 1894 4461 cum
1953 4405 2167 4461 Eusebii

658 4524 731 4587 (α)
759 4522 1062 4587 Martianteus
1081 4518 1275 4587 quidem
1294 4530 1369 4587 ne.
1380 4517 1565 4587 absque
1578 4516 1889 4587 dyphthougo
1910 4518 1960 4587 iu
1977 4518 2091 4568 Mss.
2110 4532 2170 4569 se

593 4577 981 4637 dicit'lnvenisse
1002 4616 1015 4639 ,
1040 4577 1166 4643 quod
1201 4578 1405 4643 perinde
1429 4577 1505 4627 est
1528 4592 1543 4637 ;
1569 4577 1656 4632 sed
1675 4577 1854 4643 jamdiu
1879 4577 2020 4643 aliter
2052 4593 2170 4643 usus

592 4648 816 4702 obtinuit,
842 4656 931 4705 pro
953 4638 1009 4705 eo
1030 4638 1157 4705 quod
1174 4638 1244 4705 e'st
1266 4639 1396 4705 apud
1419 4646 1608 4705 Qrwcos
1631 4651 1719 4705 tu;
1741 4646 1797 4688 ut
1819 4638 2030 4701 loquitur
2050 4639 2170 4690 Dio-

592 4710 781 4758 tnedes.
806 4699 931 4756 Vide
955 4699 1194 4753 Donatum
1219 4703 1265 4750 in
1290 4700 1423 4749 illum
1445 4699 1668 4748 Terentii
1693 4699 1905 4748 versum)

655 4772 726 4832 (to)
767 4768 953 4832 Vitiose
988 4772 1093 4814 erat
1116 4765 1164 4812 in
1186 4771 1329 4832 antea
1354 4762 1498 4832 alitis
1528 4774 1639 4810 cum
1672 4760 1761 4810 alia
1783 4768 1828 4810 et
1850 4759 2099 4822 partimla,
2123 4768 2170 4813 ct

592 4824 843 4882 verborum
864 4829 1001 4885 ordo,
1025 4833 1071 4876 et
1094 4824 1479 4887 mystcriumest.

655 4894 723 4954 (c)
750 4880 1013 4954 l’erperam
1039 4880 1197 4954 editor
1220 4884 1569 4954 Benedictinus
1588 4882 1710 4954 sicut
1735 4896 1821 4944 pro
1842 4880 1902 4954 si,
1929 4888 1981 4954 ut
2006 4895 2025 4943 ;
2047 4883 2166 4954 alia-

591 4945 899 5016 qnu'passi'ni
933 4947 1227 5016 huiusmodi,
1254 4955 1306 4995 et
1326 4946 1579 5016 prtecipue
1603 4945 2000 5007 interpunctionis
2038 4947 2166 5007 vitia,

591 5008 701 5076 qua:
724 5008 954 5076 continuo
974 5008 1188 5076 indicare
1214 5008 1515 5076 haud__v_acat.

654 5076 731 5136 (ιι)
764 5072 938 5136 Nullus
957 5071 1159 5136 dubitat,
1181 5071 1295 5136 quin
1334 5068 1671 5136 Hieronymus
1692 5068 1943 5136 scripserit
1964 5067 2167 5136 quinde-

593 5129 685 5185 cint
715 5129 803 5198 pro
839 5132 1000 5198 viginti
1018 5168 1032 5192 ,
1060 5129 1153 5198 non
1177 5129 1311 5198 e'uint
1327 5130 1469 5179 aliter
1492 5129 1740 5198 constabit
1754 5129 2024 5198 temporum
2046 5130 2170 5198 ratio

593 5189 857 5245 evrtiz'tsima
881 5189 907 5242 Ξ
930 5189 1149 5245 Chronici
1183 5192 1412 5241 versione
1434 5205 1509 5240 an.
1536 5192 1644 5239 580.
1684 5190 1742 5238 ad
1769 5189 1888 5238 hanc
1911 5189 2167 5240 elucubra-

597 5264 690 5306 tam
719 5254 992 5321 epistulam
1032 5255 1124 5302 sub
1166 5253 1309 5314 hujus
1344 5254 1455 5321 auiti
1491 5252 1603 5321 3392i.
1628 5251 1979 5321 ntediutuz'Sed
2004 5259 2167 5321 “veto:

595 5330 677 5367 rcs
718 5310 898 5365 lib'rarii
939 5314 1176 5362 Romanas
1213 5310 1351 5362 notas
1373 5310 1474 5360 XV.
1502 5312 1640 5373 facile
1689 5325 1775 5373 pro
1800 5310 1900 5361 XX.
1922 5312 2168 5361 scribendi

595 5377 907 5427 festinatione
944 5380 1255 5432 acceperunt,
1292 5374 1420 5423 unde
1465 5372 1701 5433 vulgatos
1721 5386 1893 5421 omnes
1932 5385 2075 5434 {eque
2113 5385 2170 5423 ac

597 5436 709 5483 Mss.
730 5450 853 5498 quos
875 5435 1078 5498 vidimus
1089 5433 1251 5498 libros,
1267 5445 1404 5498 error
1421 5434 1650 5498 pervasit,
1670 5446 1817 5498 quem
1839 5446 1984 5498 nemo
1998 5433 2169 5498 hacte-

598 5508 691 5541 nus
726 5492 1081 5555 animadvertit.
1107 5492 1281 5543 Confer
1305 5492 1649 5555 Chronologica
1672 5492 1815 5555 liujus
1839 5493 2066 5555 Epistula:
2089 5508 2167 5542 ar-

598 5560 827 5611 gumenta
849 5553 998 5616 ,‘ubi
1021 5553 1125 5600 haec
1149 5556 1407 5616 perspicuo
1427 5553 1815 5616 demonstraniur
1836 5568 1850 5613 ;
1878 5553 1990 5602 huic
2014 5556 2166 5614 enim,

600 5615 786 5680 tametsi
811 5612 951 5680 nobis
971 5611 1035 5680 de
1057 5611 1225 5680 urrore
1247 5611 1430 5663 constat
1452 5649 1465 5673 ,
1488 5620 1679 5662 textum
1703 5611 1958 5664 immutare
1982 5611 2169 5678 absque

602 5670 712 5718 llas.
738 5684 830 5719 one
858 5667 1035 5720 rclizio
1057 5667 1163 5719 fuit.

796 5826 823 5848 δ

1870 242 2111 299 SANCTI
2151 239 2528 294 ﬂlEﬂUNYMI

3752 239 3863 294 57?.

2277 356 2623 411 Ca-sariensis
2654 365 2879 427 lignus.
2905 359 2958 411 in
2978 357 3227 411 Latinum
3271 368 3560 423 verterem,
3593 356 3684 410 tali
3714 358 3857 413 inter

2275 456 2465 499 cetera
2498 464 2623 501 usus
2652 464 2771 500 sum
2801 447 3158 501 Przefatione:
3197 465 3217 497 ι
3252 446 3482 499 Difﬁcile
3528 456 3614 499 est
3650 448 3857 501 alienas

2275 537 2441 591 lineas
2462 539 2854 607 insequentem,
2879 553 2983 591 non
3005 538 3199 591 alicubi
3216 537 3464 590 excidere
3488 554 3501 589 :
3528 547 3581 591 et
3602 538 3854 602 arduum,

2274 635 2331 679 ut
2357 642 2474 695 qua:
2497 629 2548 681 in
2573 628 2673 680 alia
2703 629 2879 696 lingua
2902 628 3038 680 bene
3060 627 3200 680 dicta
3227 637 3351 680 sunt
3367 670 3383 692 ,
3412 629 3664 680 eumdem
3686 628 3855 682 deco-

2274 736 2386 774 rem
2421 722 2471 772 in
2501 721 2850 775 translatione
2871 729 3212 774 conservent.
3246 721 3617 789 Signiﬁcatum
3642 731 3727 775 est
3752 722 3853 774 ali-

2272 812 2395 881 quid
2427 815 2581 865 unius
2606 814 2749 866 verbi
2787 814 3114 882 proprietate
3143 831 3158 864 :
3190 827 3298 866 non
3335 812 3509 866 habeo
3535 828 3717 866 meum
3747 828 3856 882 quo

2275 905 2324 957 id
2352 905 2569 958 eﬁ'eram
2601 924 2617 959 :
2645 914 2701 959 et
2724 906 2849 958 dum
2873 919 3058 974 quzcro
3084 905 3309 972 implere
3335 905 3662 958 sententiam
3684 904 3846 971 loogo

2271 995 2473 1048 ambitu
2495 1037 2511 1060 ,
2540 998 2627 1049 vix
2657 996 2834 1050 brevis
2857 997 2979 1049 vita:
2996 996 3168 1064 spatia
3197 994 3290 1065 [aL
3319 996 3487 1048 tiret-ia
3509 993 3699 1066 spatia]
3720 1010 3853 1049 cun-

2271 1101 2501 1139 summo.
2528 1088 2801 1141 Accedunt
2827 1087 3242 1157 liyperbatorum
3264 1087 3540 1141 anfractus
3564 1128 3582 1153 ,
3608 1087 3850 1141 dissimi-

2274 1176 2524 1231 litudines
2562 1192 2777 1231 casuum
2801 1219 2818 1243 ,
2848 1179 3137 1231 varietates
3185 1178 3474 1246 ﬁgurarum
3499 1196 3515 1231 :
3540 1179 3714 1247 ipsum
3754 1194 3850 1246 po-

2273 1278 2475 1322 stremo
2508 1284 2663 1322 suum
2682 1308 2699 1333 ,
2726 1279 2781 1323 et
2801 1310 2818 1333 ,
2844 1279 2905 1322 ut
2929 1271 3001 1322 ita
3028 1270 3203 1323 dicam
3232 1310 3247 1333 ,
3274 1270 3619 1323 vernaculum
3656 1269 3849 1339 lingua:

2272 1374 2465 1429 genus.
2488 1360 2545 1414 Si
2574 1359 2640 1412 ad
2670 1361 2891 1414 verbum
2918 1363 3267 1428 interpretor,
3297 1360 3529 1414 absurde
3556 1370 3846 1417 resonant:

2273 1452 2319 1505 si
2340 1450 2411 1505 ob
2433 1452 2807 1505 necessitatem
2836 1450 3036 1521 aliquid
3063 1450 3117 1504 in
3141 1451 3335 1505 ordine
3360 1490 3376 1515 ,
3407 1451 3493 1505 vel
3517 1452 3571 1505 in
3599 1465 3849 1506 sermone

2276 1550 2573 1606 mutavero,
2604 1543 2674 1595 ab
2693 1541 3004 1611 interpretis
3025 1539 3248 1594 videbor
3271 1539 3453 1595 ofﬁcio
3822 1558 3843 1592 ι

2275 1631 2343 1686 Et
2362 1642 2482 1701 post
2504 1632 2692 1698 multa,
2713 1647 2835 1702 qua
2860 1646 3003 1686 nunc
3031 1633 3282 1702 prosequi
3305 1633 3529 1686 otiosum
3555 1642 3657 1695 est,
3680 1633 3850 1687 etiam

2276 1724 2380 1779 hoc
2422 1724 2603 1778 addidi
2633 1741 2649 1777 :
2697 1742 2719 1775 ι
2746 1723 2901 1791 Quod
2928 1723 3090 1778 sicui
3125 1738 3232 1777 non
3268 1722 3475 1777 videtur
3500 1723 3695 1792 linguae
3720 1737 3848 1792 gra-

2277 1817 2402 1869 tiam
2425 1818 2477 1870 in
2499 1816 2939 1886 interpretatione
2967 1816 3184 1878 mutari,
3209 1815 3499 1870 Homerum
3526 1815 3592 1869 ad
3622 1815 3848 1869 verbum

2275 1907 2538 1975 exprimat
2568 1907 2621 1959 in
2660 1906 2931 1960 Latinum.
2969 1906 3098 1959 Plus
3121 1905 3319 1974 aliquid
3346 1902 3566 1960 dicam:
3593 1907 3843 1960 eumdem

2276 2011 2372 2051 sua
2398 1998 2451 2052 in
2469 1997 2645 2066 lingua
2672 2012 2844 2066 prosa:
2872 1996 3052 2051 verbis
3079 1999 3457 2066 interpretetur
3483 2016 3497 2051 :
3524 1996 3733 2051 videbis
3756 2011 3846 2049 or-

2276 2088 2457 2143 dinem
2499 2088 2781 2144 ridiculum
2804 2129 2822 2157 ,
2867 2100 2926 2144 et
2969 2088 3190 2145 Poetam
3234 2088 3733 2158 eloquentissimum
3758 2087 3849 2141 vix

2278 2178 2606 2249 loquentem.
2634 2198 2656 2231 s

2348 2271 2402 2326 6.
2435 2271 2630 2327 Verum
2658 2286 2727 2327 ne
2749 2285 2992 2327 meorum
3018 2271 3343 2341 scriptorum
3367 2284 3528 2339 parva
3555 2268 3629 2324 sit
3663 2278 3847 2324 aucto-

2277 2364 2448 2432 ritas(
2479 2378 2782 2433 quanquam
2822 2362 2927 2417 hoc
2957 2372 3161 2417 tantum
3189 2361 3418 2432 probare
3443 2360 3743 2427 voluerim,
3765 2374 3850 2415 me

2277 2470 2490 2525 semper
2525 2455 2595 2510 ab
2626 2454 2988 2510 adolescentia
3029 2470 3135 2508 non
3181 2454 3380 2518 verba,
3420 2452 3515 2507 sed
3558 2451 3849 2507 sententias

2278 2548 2849 2618 transtulisse),qu
2887 2561 3051 2616 super
3086 2546 3191 2602 hoc
3224 2560 3423 2616 genere
3449 2542 3849 2615 prtefatinncula

2277 2640 2386 2703 sit,
2425 2641 2479 2695 in
2507 2640 2645 2697 libro
2670 2656 2779 2711 quo
2803 2640 2945 2696 beati
2970 2640 3185 2695 Antonii
3223 2639 3343 2694 Vita
3367 2638 3689 2694 describitur
3724 2637 3745 2706 (
3772 2635 3852 2689 Es

2279 2730 2592 2803 Prcfatione
2612 2731 2822 2803 Evagrii
2849 2733 2919 2786 ad
2944 2730 3304 2786 Innocentium
3324 2731 3345 2799 )
3368 2770 3385 2795 ,
3415 2729 3594 2800 ipsius.
3617 2727 3851 2783 lectione

2276 2840 2558 2897 cognosce.
2596 2842 2617 2878 ι
2651 2825 2727 2880 Ex
2768 2824 2873 2880 alia
2914 2824 2970 2879 in
3011 2824 3172 2879 aliam
3210 2823 3446 2894 linguam
3489 2834 3746 2889 expressa
3781 2817 3854 2873 ad

2276 2916 2498 2972 verbum
2543 2916 2823 2971 translatio
2850 2954 2868 2981 ,
2923 2929 3141 2971 sensum
3177 2913 3396 2984 operit;
3425 2921 3482 2968 et
3522 2911 3687 2967 veluti
3730 2911 3850 2965 larto

2275 3009 2535 3080 gramine,
2553 3017 2668 3062 sata
2683 3005 2999 3079 strangulat.
3020 3006 3155 3061 Dum
3182 3005 3325 3061 enim
3351 3004 3564 3059 casibus
3588 3012 3644 3058 et
3667 3000 3849 3071 ﬁguris

2275 3101 2441 3156 servit
2456 3100 2631 3155 oratio
2653 3139 2670 3163 ,
2697 3098 2842 3169 quod
2866 3097 3015 3153 brevi
3046 3104 3259 3168 poterat
3286 3094 3523 3151 indicare
3551 3106 3803 3149 sermone
3827 3129 3845 3156 ,

2276 3190 2434 3263 longo
2448 3190 2651 3247 ambitu
2670 3191 2995 3245 circumacta
3009 3189 3102 3244 vix
3129 3187 3383 3258 explicat.
3398 3204 3418 3238 ι
3435 3184 3548 3241 lloc
3571 3184 3731 3255 igitur
3749 3196 3850 3252 ego

2276 3284 2469 3349 vitans,
2499 3284 2572 3339 ita
2644 3282 2807 3355 διο
2876 3281 3095 3338 beatum
3147 3278 3439 3334 Antonium
3463 3317 3479 3342 ,
3503 3286 3556 3333 te
3607 3283 3844 3346 petente,

2276 3374 2600 3445 transposui,
2627 3382 2687 3429 ut
2715 3372 2848 3429 nihil
2881 3372 3023 3428 desit
3046 3387 3110 3429 ex
3131 3386 3317 3438 sensu,
3335 3384 3458 3425 cum
3485 3366 3680 3439 aliquid
3708 3366 3849 3422 desit

2275 3484 2340 3525 ex
2354 3467 2554 3537 verbis.
2573 3466 2677 3522 Alii
2696 3465 2928 3537 syllabas
2943 3472 3275 3535 aucupentur
3287 3472 3344 3519 et
3364 3462 3570 3517 litteras
3588 3459 3683 3532 [aL
3697 3459 3851 3529 sylla-

2275 3559 2349 3614 bis
2368 3566 2676 3627 occupentur
2698 3554 2985 3628 ettlitten's],
3008 3564 3065 3610 tu
3080 3569 3263 3625 qumre
3286 3553 3598 3610 sententias.
3621 3550 3747 3605 Dies
3764 3563 3850 3604 me

2273 3651 2506 3717 deﬁciet,
2532 3650 2580 3705 si
2617 3649 2853 3704 omnium
2880 3648 2971 3719 qui
2999 3647 3068 3704 ad
3092 3662 3309 3703 sensum
3340 3643 3668 3715 interpretati
3698 3650 3847 3705 sunt,

2276 3743 2577 3800 testimonia
2602 3743 2951 3812 replicavero.
2984 3739 3192 3797 Sufficit
3218 3740 3271 3793 in
3300 3736 3550 3809 praesnti
3578 3735 3848 3790 nominas-

2274 3851 2334 3891 se
2360 3835 2617 3891 Hilarium
2642 3834 3040 3901 Confessorem,
3072 3832 3161 3902 qui
3192 3831 3451 3887 Homilias
3476 3832 3528 3885 in
3563 3828 3685 3894 Job,
3711 3837 3769 3882 et
3793 3827 3846 3880 iu

2276 3926 2516 3981 Psalmos
2543 3934 2798 3981 tractatus
2825 3924 3084 3994 plurimos
3112 3923 3165 3978 in
3191 3922 3439 3978 Latinum
3460 3922 3620 3976 vertit
3643 3936 3674 3974 e
3693 3919 3844 3976 Crte-

2273 4032 2360 4085 co,
2381 4031 2477 4072 nec
2494 4016 2688 4072 assedit
2707 4016 2896 4071 littera:
2915 4015 3243 4082 dormitanti,
3257 4023 3308 4070 et
3329 4013 3506 4085 putida
3526 4012 3847 4068 rusticorum

2275 4109 2718 4179 interpretatione
2762 4122 2823 4162 se
2865 4107 3020 4161 torsit
3049 4122 3063 4159 :
3090 4104 3184 4160 sed
3211 4105 3363 4176 quasi
3389 4104 3627 4173 captivos
3655 4115 3848 4159 sensus

2274 4200 2328 4256 in
2356 4215 2505 4255 suam
2532 4199 2784 4268 linguam,
2818 4198 3039 4252 victoris
3062 4195 3185 4267 jure
3212 4195 3559 4264 transposuit.

2343 4294 2397 4348 7.
2424 4292 2533 4348 Nec
2552 4291 2655 4347 hoc
2679 4291 2873 4346 mirum
2905 4290 2958 4344 in
2988 4289 3197 4345 caeteris
3222 4288 3403 4343 saeculi
3435 4286 3685 4343 videlicet
3706 4325 3722 4349 ,
3754 4292 3846 4339 aut

2273 4382 2530 4438 Ecclesia:
2550 4381 2699 4447 viris,
2718 4394 2837 4435 cum
2852 4380 3197 4449 Septuaginta
3224 4379 3563 4448 interpretes,
3588 4385 3643 4432 et
3669 4374 3847 4430 Evan-

2272 4473 2476 4543 gelist:e
2518 4480 2679 4541 atque
2715 4469 2955 4540 Apostoli
3001 4468 3143 4524 idem
3185 4468 3239 4523 in
3280 4466 3448 4522 sacris
3488 4463 3846 4521 voluminibus

2272 4565 2517 4621 fecerint.
2566 4564 2815 4634 Legimus
2870 4563 2922 4617 in
2972 4561 3152 4617 Marco
3202 4560 3468 4617 dicentem
3518 4558 3842 4613 Dominum:

2272 4657 2516 4713 Taurus
2540 4669 2667 4709 curn
2692 4693 2707 4719 ,
2734 4653 3023 4722 statimque
3048 4651 3351 4721 subjectum
3380 4660 3464 4706 est
3486 4690 3502 4713 ,
3534 4667 3556 4702 ι
3589 4646 3734 4719 quod
3762 4647 3846 4700 in-

2273 4752 2615 4818 terpretatur,
2647 4744 2820 4814 puella
2846 4785 2862 4810 ,
2894 4744 2988 4800 tibi
3015 4743 3154 4810 dico,
3180 4756 3340 4812 surge
3369 4758 3388 4793 ι
3423 4739 3613 4812 (Marc.
3640 4738 3693 4793 5.
3724 4737 3843 4807 41).

2274 4843 2541 4911 Arguatur
2585 4837 2922 4907 Evangelista
2969 4835 3283 4900 mendacii,
3332 4847 3497 4904 quare
3539 4828 3841 4892 addiderit,

2273 4933 2360 4987 tibi
2384 4932 2498 4986 dico
2520 4971 2536 4998 ,
2577 4944 2700 4985 cum
2740 4930 2794 4983 in
2846 4928 3073 4983 Hebrteo
3100 4934 3305 4986 tantum
3335 4926 3403 4979 sit
3427 4964 3443 4990 ,
3473 4920 3637 4991 puella
3663 4933 3843 4987 surge.

2271 5023 2378 5081 Sed
2408 5030 2465 5077 ut
2500 5028 2868 5093 ἕμφατικώτιρον
2903 5019 3143 5083 faceret;
3175 5024 3231 5072 et
3256 5029 3471 5072 sensum
3494 5009 3736 5065 vocantis
3764 5017 3848 5063 at-

2272 5134 2377 5189 que
2400 5115 2708 5185 imperantis
2729 5113 3071 5183 exprimeret,
3094 5109 3315 5174 addidit,
3341 5107 3430 5161 tibi
3451 5106 3583 5159 dico.
3611 5102 3847 5156 Rursum

2273 5212 2325 5266 in
2347 5207 2594 5265 Matthaao
2618 5204 2838 5261 redditis
2859 5202 2927 5257 ab
2954 5200 3228 5270 proditore
3250 5197 3384 5254 Juda
3412 5195 3628 5264 triginta
3655 5206 3847 5260 argeno

2275 5302 2413 5358 teis:
2448 5308 2503 5357 et
2529 5306 2712 5368 empto
2750 5312 2815 5352 ex
2855 5294 2934 5351 eis
2961 5309 3092 5365 agro
3120 5292 3286 5364 ﬁguli,
3316 5289 3604 5352 scribitur,
3644 5304 3663 5337 ι
3697 5284 3850 5342 Tunc

2274 5394 2550 5464 impletum
2573 5399 2658 5446 est
2681 5389 2824 5460 quod
2865 5389 3121 5458 scriptum
3160 5394 3244 5440 est
3282 5398 3377 5453 per
3396 5380 3684 5437 Jeremiam
3710 5377 3849 5433 Pro-

2274 5486 2509 5557 phetam,
2531 5483 2798 5539 dicentem
2825 5498 2840 5536 :
2870 5490 2925 5537 et
2951 5484 3277 5550 acceperunt
3308 5474 3521 5545 triginta
3561 5479 3847 5541 argenteos

2275 5577 2500 5647 pretium
2522 5574 2825 5646 apprctiati,
2846 5572 2988 5644 quod
3008 5568 3442 5640 appretiavcrunt
3460 5578 3488 5618 a
3514 5562 3638 5619 ﬁliis
3660 5559 3848 5614 Israel:

2275 5680 2328 5725 et
2356 5667 2614 5723 dederunt
2642 5680 2735 5721 eos
2765 5665 2815 5719 in
2838 5678 3020 5736 agrum
3051 5659 3227 5732 ﬁguli,
3256 5657 3393 5711 sicut
3412 5654 3689 5710 constituit
3718 5651 3853 5707 mihi
