4056 6184
212 257 321 315 575

214 371 482 429 Dominus
501 387 523 420 ι
546 365 757 437 (Matth.
775 363 864 417 9.7.
889 363 964 431 9).
983 360 1106 416 'lloc
1123 359 1176 415 in
1193 358 1427 414 Jeremia
1449 356 1663 427 penitus
1684 369 1790 409 non

215 464 517 526 invenitur,
543 460 636 516 sed
665 459 719 512 in
745 454 1023 519 Zacharia,
1049 453 1168 508 aliis
1193 451 1364 506 multo
1385 449 1583 514 verbis,
1605 463 1667 502 ac
1686 455 1796 502 toto

213 557 414 613 ordine
439 555 777 620 discrepante
806 566 821 604 :
852 547 932 619 (a)
957 545 1180 615 Vulgata
1200 544 1400 614 quippe
1430 540 1608 597 Editio
1637 541 1707 593 ita
1737 553 1798 594 se

212 647 383 701 habet
411 661 428 699 :
463 662 483 696 ι
509 644 576 698 Et
593 641 766 696 dicam
789 639 857 693 ad
879 652 975 695 eos
994 656 1008 692 :
1031 637 1076 691 si
1098 636 1295 691 bonum
1316 642 1400 691 est
1417 647 1598 688 coram
1622 630 1794 694 vobis,

214 736 343 793 date
373 732 679 790 mercedem
722 730 852 785 mihi
876 770 893 793 ,
920 738 1013 783 aut
1056 727 1284 782 renuite.
1326 725 1395 779 Et
1427 722 1800 794 appenderunt

215 824 523 887 mercedem
548 836 725 878 meam
755 820 971 891 triginta
995 828 1304 889 argenteos.
1333 816 1588 885 Dixitque
1610 813 1798 868 Domi-

213 931 316 974 nus
340 915 410 971 ad
434 929 523 971 me
544 931 559 968 :
586 913 735 969 Pone
763 912 885 966 illos
911 911 966 965 in
998 907 1408 973 conﬂatorium;
1437 914 1492 961 et
1514 903 1798 961 considera

212 1008 261 1063 si
290 1005 581 1076 probatum
606 1003 715 1069 sit,
753 1001 894 1056 sicut
920 1001 1181 1070 probatus
1210 1013 1329 1053 sum
1370 996 1439 1052 ab
1471 996 1575 1052 eis.
1608 994 1676 1049 Et
1705 993 1798 1049 tuli

211 1097 437 1167 triginta
463 1102 788 1165 argenteos,
817 1099 874 1146 ct
919 1092 1041 1146 misi
1081 1105 1177 1146 eos
1217 1089 1272 1144 in
1316 1088 1479 1144 domo
1508 1085 1720 1142 Domini
1744 1085 1799 1140 in

211 1186 594 1244 conflatorium
629 1201 649 1236 ο
682 1183 701 1254 (
730 1181 895 1237 Zach.
921 1182 1010 1240 11.
1054 1181 1140 1236 12.
1171 1181 1242 1235 13
1269 1181 1313 1251 ).
1344 1180 1612 1246 Quantum
1641 1176 1803 1232 distet

210 1280 283 1335 ab
328 1268 696 1348 Evangelistte
734 1271 1043 1329 testimonio
1082 1270 1431 1342 Septuaginta
1475 1268 1756 1325 translatio
1779 1308 1795 1334 ,

210 1371 567 1441 perspicuum
592 1375 693 1422 est.
722 1364 829 1420 Sed
850 1364 978 1420 etin
1019 1363 1248 1419 Ilehrmo
1293 1377 1415 1417 cum
1444 1374 1635 1417 sensus
1659 1359 1802 1414 idem

209 1463 306 1529 sit,
339 1461 506 1517 verba
526 1468 845 1530 przepostera
867 1466 1011 1525 sunt,
1038 1466 1094 1512 et
1119 1472 1257 1527 pene
1273 1456 1506 1513 diversa.
1537 1456 1632 1509 «Et
1657 1454 1796 1517 dixi.

212 1552 414 1623 inquit,
431 1551 501 1606 ad
517 1567 612 1607 eos
634 1569 650 1606 :
682 1550 740 1605 Si
769 1550 970 1606 bonum
997 1559 1078 1605 est
1099 1550 1153 1604 in
1171 1549 1342 1604 oculis
1366 1548 1584 1616 vestris,
1614 1547 1803 1602 afferte

212 1642 529 1699 mercedem
558 1656 732 1696 meam
766 1658 780 1695 :
812 1649 867 1697 et
894 1640 942 1695 si
969 1655 1099 1704 non,
1129 1639 1410 1709 quiescite.
1436 1640 1501 1693 Et
1528 1638 1802 1709 appende-

214 1742 339 1789 runt
368 1733 679 1788 mercedem
702 1745 876 1786 meam
894 1730 1108 1799 triginta
1125 1738 1434 1798 argenteos.
1460 1728 1528 1782 Et
1551 1728 1683 1782 dixit
1701 1726 1805 1782 Do-

214 1825 398 1880 minus
417 1822 490 1877 ad
562 1821 720 1893 311
786 1836 875 1875 me
903 1838 917 1875 :
950 1819 1160 1888 Projice
1188 1817 1316 1873 illud
1345 1818 1411 1872 ad
1441 1817 1759 1872 statuarium
1784 1832 1802 1871 :

215 1915 477 1970 decorum
508 1913 756 1983 pretium,
792 1909 896 1980 (ὸ)
922 1908 1069 1979 quod
1096 1907 1428 1978 appretiatus
1454 1921 1572 1960 sum
1604 1904 1674 1958 ab
1701 1903 1800 1959 eis.

217 2009 281 2063 Et
309 2006 408 2067 tuli
436 2006 656 2076 triginta
685 2011 989 2073 argenteos,
1008 2008 1064 2056 et
1085 1998 1285 2070 projeci
1314 2012 1410 2054 eos
1432 1999 1485 2053 in
1514 1996 1679 2053 domo
1700 1996 1805 2050 Do-

215 2097 349 2152 mini
376 2095 445 2151 ad
469 2093 814 2150 statuarium.
835 2110 856 2145 ι
886 2092 1157 2147 Accusant
1183 2089 1501 2159 Apostolmn
1530 2085 1798 2152 falsitatis,

231 2186 359 2258 mod
385 2199 493 2242 nec
519 2198 643 2240 cum
683 2182 979 2247 Hebraico,
1014 2194 1115 2237 nec
1150 2195 1273 2236 eum
1298 2177 1648 2251 Septuaginta
1676 2193 1807 2234 con—

214 2286 372 2350 gruat
399 2274 821 2332 translatoribus
844 2291 860 2329 :
880 2281 939 2329 et
962 2272 1105 2344 quod
1136 2270 1222 2327 his
1248 2271 1422 2343 majus
1444 2280 1549 2336 est,
1581 2279 1728 2327 erret
1751 2270 1805 2325 in

216 2368 459 2433 nomine,
498 2380 598 2436 pro
617 2364 879 2420 Zacharia
896 2364 1119 2434 quippe,
1150 2361 1441 2417 Jeremiam
1470 2361 1670 2430 posuit.
1699 2360 1803 2416 Sed

215 2459 356 2514 absit
386 2457 499 2513 hoc
519 2456 588 2512 dc
611 2455 935 2527 pedissequo
967 2453 1166 2509 Christi
1191 2452 1404 2508 dicere:
1427 2452 1514 2506 cui
1536 2466 1680 2507 cura:
1706 2449 1807 2506 fuit

217 2565 325 2605 non
349 2549 525 2604 verba
560 2555 618 2602 et
660 2546 896 2617 syllabas
940 2543 1234 2614 aucupari,
1263 2542 1359 2598 sed
1384 2542 1679 2597 sententias
1706 2540 1806 2595 dn—

216 2650 459 2713 gmatum
492 2652 712 2710 ponere.
747 2637 1037 2692 Veniamus
1065 2635 1134 2690 ad
1156 2633 1301 2690 aliud
1329 2631 1574 2704 ejusdem
1596 2631 1806 2686 Zacha—

222 2736 316 2790 rize
344 2732 721 2790 testimonium
742 2769 758 2795 ,
782 2728 927 2799 quod
948 2727 1186 2783 Joannes
1211 2724 1554 2796 Evangelista
1583 2723 1809 2779 assumit

217 2829 364 2896 juxta
421 2823 744 2880 Hebraicam
773 2821 1113 2885 .Veritatem.
1169 2837 1189 2870 ‹
1234 2817 1506 2873 Videbunt
1544 2817 1598 2871 in
1650 2831 1807 2887 quem

222 2926 656 2987 compuuxerunt
680 2932 699 2965 ι
723 2912 908 2985 (Zach.
943 2912 1030 2968 12.
1062 2911 1163 2975 1ος
1187 2922 1236 2965 et
1254 2910 1415 2965 Joan.
1447 2911 1536 2965 19.
1562 2910 1679 2978 57),
1714 2922 1811 2978 pro

223 3026 329 3080 quo
362 3010 418 3064 in
450 3006 800 3076 Septuaginta
833 3005 1058 3073 legimus
1078 3042 1094 3068 ,
1126 3013 1209 3056 καὶ
1227 3008 1560 3070 ἕπιϐλέψονται
1584 3009 1695 3072 πρὸς
1713 3022 1772 3067 με
1794 3040 1807 3062 ,

224 3104 324 3156 ἀνθ’
339 3104 401 3155 ὃν
422 3108 767 3170 ὄνωρχήσαντο,
781 3095 923 3166 QIIOd
952 3094 1283 3164 interpretati
1302 3103 1428 3149 sunt
1450 3093 1623 3147 Latini
1649 3110 1662 3147 ζ
1696 3111 1715 3144 t
1745 3092 1812 3146 EI

225 3194 497 3264 aspicient
523 3189 591 3244 ad
622 3202 730 3254 me,
755 3201 854 3256 pro
879 3187 966 3241 his
991 3200 1113 3255 qua:
1142 3186 1432 3241 illuserunt
1455 3226 1473 3253 ,
1504 3186 1619 3240 sive
1642 3186 1811 3241 insul-

228 3289 504 3338 taverunt.
542 3297 562 3331 ι
591 3278 868 3347 Discrepat
892 3274 1266 3345 Evangelistte,
1289 3276 1636 3346 Septuaginta
1659 3276 1813 3331 inter-

227 3380 449 3442 pretum
479 3409 498 3435 ,
530 3376 826 3437 nostraque
851 3366 1135 3421 translatio
1161 3382 1176 3420 :
1206 3373 1263 3420 et
1292 3375 1471 3421 tamen
1501 3380 1813 3421 sermonum

229 3462 488 3525 varietas,
516 3458 740 3530 spiritus
765 3457 969 3512 unitate
994 3456 1306 3512 concordat.
1329 3455 1667 3511 InLMatthzeo
1683 3472 1815 3527 quo-

231 3568 336 3624 que
358 3552 583 3621 legimus
608 3549 892 3604 Dominum
914 3547 1297 3619 praedicentem
1318 3547 1593 3618 Apostolis
1616 3547 1812 3619 fugam,

232 3652 288 3698 et
335 3642 443 3698 hoc
486 3643 660 3713 ipsum
700 3639 975 3695 Zachariae
1025 3638 1338 3695 testimonio
1379 3639 1813 3695 conﬁrmantem.

235 3733 501 3803 Scriptum
526 3741 620 3798 est,
642 3732 736 3797 ait,
770 3730 1060 3787 Parentium
1088 3740 1364 3802 pastorem,
1394 3740 1442 3785 et
1464 3732 1818 3803 dispergentur

236 3842 349 3881 oves
376 3830 398 3897 (
427 3825 587 3880 Zach.
612 3825 701 3879 15.
724 3825 756 3878 7
781 3841 796 3888 ;
824 3835 871 3878 et
892 3823 1083 3878 Matth.
1113 3823 1206 3878 26.
1233 3824 1298 3878 Si
1334 3822 1380 3894 ).
1410 3825 1481 3878 At
1509 3828 1564 3879 in
1588 3824 1817 3896 Septua-

235 3917 386 3987 ginta
416 3922 473 3969 et
497 3915 552 3968 in
575 3914 804 3968 llebrmo
822 3913 990 3966 multo
1014 3912 1207 3976 aliter;
1238 3926 1349 3966 non
1370 3913 1513 3967 enim
1543 3929 1609 3968 ex
1635 3929 1820 3984 perso-

238 4022 309 4059 na
341 4005 437 4059 Dei
455 4004 675 4069 dicitur,
695 4013 751 4057 ut
770 4002 1105 4072 Evangelista
1126 4003 1241 4056 vult
1270 4021 1283 4055 :
1314 4002 1409 4057 sed
1430 4017 1496 4057 ex
1517 4004 1818 4073 Propheta,

241 4096 413 4149 Deum
450 4094 659 4148 Patrem
706 4092 980 4161 rogantis:
1020 4091 1288 4146 «Percute
1321 4100 1615 4161 pastorem,
1638 4105 1691 4149 et
1736 4095 1822 4149 di-

242 4196 564 4260 Spergeutur
589 4201 738 4241 oves.
765 4204 784 4237 ι
819 4185 877 4239 In
917 4189 1020 4240 hoc
1043 4225 1057 4249 ,
1101 4194 1159 4241 ut
1186 4186 1438 4253 arbitror,
1470 4189 1590 4242 loco
1619 4229 1635 4255 ,
1674 4188 1823 4258 juxta

244 4282 598 4353 quorumdam
651 4279 1021 4351 prudentiam,
1070 4280 1409 4351 Evangelista
1465 4282 1659 4353 piaculi
1706 4299 1826 4337 reus

245 4383 359 4437 est,
402 4372 544 4444 quod
574 4387 738 4427 ausus
768 4371 839 4425 sit
870 4371 1154 4440 Propheta:
1191 4371 1356 4426 verba
1395 4372 1462 4427 ad
1504 4372 1598 4428 Dei
1624 4373 1827 4429 referre

249 4479 551 4533 personam.
570 4463 767 4519 Scribit
792 4462 1134 4532 supradictus
1159 4462 1521 4534 Evangelista,
1550 4464 1616 4519 ad
1638 4466 1826 4533 Augcli

248 4558 532 4621 monitmn,
567 4555 757 4610 tulisse
782 4554 984 4624 .loseph
1013 4555 1293 4623 parvulum
1325 4564 1379 4609 et
1405 4566 1631 4610 matrem
1661 4558 1777 4625 ejus
1810 4577 1824 4620 ;

252 4658 306 4703 et
338 4651 570 4704 intrasse
600 4650 654 4702 in
678 4646 970 4718 IEgyptum
1000 4687 1017 4715 ,
1059 4646 1240 4717 ibique
1268 4648 1536 4702 mansisse
1568 4664 1735 4718 usque
1761 4650 1826 4703 ad

254 4739 452 4793 obitum
474 4738 720 4804 Herodis,
739 4746 798 4792 ut
827 4737 1138 4808 impleretur
1156 4738 1297 4808 quod
1323 4737 1525 4792 dictum
1549 4748 1632 4793 est
1659 4753 1689 4792 a
1723 4739 1829 4792 Do-

255 4830 400 4885 mino
432 4846 525 4901 per
554 4829 917 4901 Pr0phetam:
958 4847 977 4881 ι
1015 4829 1097 4883 Ex
1139 4828 1375 4900 Egypto
1418 4826 1611 4885 vocavi
1661 4830 1827 4884 illium

262 4934 459 4975 meum.
497 4939 517 4972 ι
551 4921 664 4977 Hoc
686 4923 858 4977 nostri
879 4921 1094 4978 codices
1114 4936 1221 4975 non
1245 4921 1470 4975 habent:
1490 4920 1585 4976 sed
1614 4921 1668 4975 in
1694 4921 1832 4975 Osee

260 5008 410 5075 juxta
450 5011 764 5070 Hebraicam
802 5014 1057 5070 scribitur
1104 5012 1439 5068 Veritatem:
1478 5032 1497 5065 ι
1529 5013 1662 5081 Quia
1701 5029 1832 5084 puer

265 5098 431 5155 Israel
459 5092 572 5168 est,
602 5111 657 5156 et
689 5104 850 5158 dilexi
878 5120 1001 5160 eum
1030 5121 1043 5157 :
1075 5114 1130 5159 et
1166 5119 1236 5158 ex
1276 5103 1513 5175 ngypto
1543 5104 1741 5158 vocavi
1773 5106 1836 5160 fl-

268 5189 395 5246 lium
421 5209 594 5248 meum
618 5212 635 5245 »
669 5192 835 5263 (Osee.
867 5197 948 5249 11.
980 5195 1060 5265 2).
1094 5196 1198 5251 Pro
1221 5210 1326 5265 quo
1346 5207 1399 5250 et
1426 5195 1478 5249 in
1504 5194 1692 5249 eodem
1719 5195 1820 5247 lor.

265 5281 601 5355 Septuaginta
629 5285 1046 5340 transtulerunt:
1075 5305 1094 5338 ι
1119 5287 1241 5357 quia
1269 5285 1521 5356 parvulus
1546 5294 1626 5339 est
1649 5284 1837 5342 Israel.

327 5420 396 5484 (a)
430 5419 651 5484 Vulgata:
674 5422 889 5484 nomine,
900 5421 1034 5484 quod
1052 5420 1214 5484 semel
1238 5420 1381 5484 liceat
1396 5420 1725 5484 admonuisse,
1753 5433 1839 5469 ve-

268 5486 343 5528 tus
374 5482 537 5531 Latina
578 5482 737 5531 versio
773 5482 1093 5543 intelligenda
1137 5489 1215 5531 est
1252 5496 1315 5533 ex
1350 5482 1491 5532 LXX.
1516 5483 1732 5533 editione
1756 5495 1840 5531 ex-

268 5553 445 5606 pressa,
466 5555 578 5606 quae
600 5551 703 5593 tum
726 5544 1254 5606 temporisobtinebat.

329 5602 397 5665 (ὁ)
422 5602 511 5652 Alii
531 5604 645 5668 Mss.
670 5617 763 5668 quo
780 5602 1098 5666 appretiatus,
1124 5611 1219 5653 etc.
1245 5605 1647 5668 quemadmodum
1667 5604 1841 5668 legen-

266 5661 645 5717 dum’contendit
666 5661 909 5716 Victorius
934 5679 1021 5727 ιντο
1044 5668 1189 5727 quod.

1596 230 1919 290 EPISTULA
1961 228 2118 284 LVII.

3378 237 3483 293 574

1900 359 1954 406 et
1972 348 2136 405 dilexi
2157 363 2314 403 eum:
2345 357 2401 404 et
2426 364 2491 404 ex
2523 346 2761 420 Egypto
2786 349 2969 405 vocavi
2988 348 3129 405 filios
3149 348 3286 421 ejus.
3302 368 3321 401 ι
3344 349 3481 407 Num

1899 442 2117 496 omnino
2146 440 2628 510 repudiandisunt,
2657 442 2781 510 quia
2832 442 2993 496 istum
3041 443 3241 509 locum,
3273 442 3366 513 qui
3415 444 3482 499 ad

1899 533 2098 588 Christi
2120 533 2352 587 maxime
2379 533 2611 603 pertinet
2635 541 3054 597 sacramentum,
3093 535 3255 608 312
3328 536 3485 592 aliter

1900 624 2331 679 transtulerunt?
2356 639 2425 678 an
2456 623 2630 678 danda
2655 623 2835 693 potius
2860 623 3017 677 venia
3058 633 3119 679 ut
3154 628 3481 695 hominibus,

1897 714 2048 784 juxta
2084 714 2267 770 Jacobi
2295 715 2639 780 sententiam,
2667 712 2932 769 dicentis:
2956 730 2977 765 ι
3007 713 3170 768 Multa
3200 729 3482 784 peccamus

1900 820 2090 862 omnes
2123 825 2137 861 :
2177 814 2254 873 et,
2282 806 2328 860 si
2358 805 2478 876 quis
2498 805 2551 859 in
2580 805 2747 860 verbo
2773 818 2880 858 non
2909 802 3153 870 oﬂ‘endit,
3184 804 3284 860 iste
3306 808 3483 875 perfe-

1895 905 2017 951 ctus
2067 908 2150 952 est
2184 896 2287 962 vir,
2327 894 2402 966 (ε)
2442 903 2498 951 et
2540 903 2720 966 potest
2748 894 3025 950 refrenare
3048 909 3211 950 omne
3235 910 3429 965 corpus
3466 916 3486 949 ι

1903 984 1925 1058 (
1951 985 2131 1041 Jacob.
2176 987 2211 1042 5
2237 985 2278 1057 ).
2312 984 2445 1040 Illud
2497 999 2627 1041 vero
2653 986 2798 1055 quod
2828 984 2883 1038 in
2909 983 3100 1039 eodem
3147 983 3485 1053 Evangelista

1901 1078 2153 1133 scribitur
2179 1094 2195 1132 :
2230 1096 2249 1130 ι
2280 1078 2349 1132 Et
2376 1077 2601 1133 veniens
2627 1077 2890 1132 habitavit
2927 1076 2980 1132 in
3008 1077 3226 1132 civitate
3252 1091 3372 1147 qua:
3397 1076 3484 1130 di-

1902 1166 2043 1223 citur
2066 1166 2330 1223 Nazareth
2363 1185 2378 1223 :
2408 1177 2466 1224 ut
2490 1168 2806 1238 impleretur
2832 1166 2977 1238 quod
3017 1168 3217 1222 dictum
3260 1176 3345 1222 est
3386 1181 3483 1237 per

1904 1258 2214 1330 prophetas,
2231 1259 2357 1330 quia
2384 1259 2667 1315 Nazaraeus
2692 1259 2971 1314 vocabitur
3002 1278 3022 1312 ι
3049 1258 3261 1328 (Matth.
3289 1276 3344 1312 η.
3366 1257 3483 1329 25).

1904 1350 2284 1421 Respondeant
2312 1351 2391 1424 (ά)
2416 1355 2759 1418 λαγοδαίδαλοι,
2776 1359 2830 1406 et
2855 1350 3111 1405 fastidiosi
3131 1352 3486 1405 aestimatores

1905 1442 2149 1497 omnium
2169 1441 2546 1497 Tractatorum
2571 1482 2586 1507 ,
2616 1442 2704 1497 ubi
2742 1442 2997 1511 legerint;
3027 1440 3340 1510 diseantque
3368 1444 3434 1509 (e
3466 1439 3486 1508 )

1905 1532 1959 1588 in
1986 1533 2121 1589 Isaia
2146 1535 2401 1603 positum.
2430 1532 2565 1587 Nam
2594 1533 2646 1586 in
2676 1546 2744 1586 eo
2769 1532 2887 1587 loco
2913 1532 3005 1586 ubi
3034 1546 3133 1586 nos
3161 1531 3385 1602 legimus
3407 1539 3488 1585 at-

1904 1637 2007 1692 que
2035 1624 2402 1677 transtulimus
2432 1639 2449 1676 :
2484 1640 2504 1672 I
2539 1622 2696 1675 Exiet
2724 1622 2871 1691 virga
2916 1621 2986 1676 de
3024 1622 3202 1676 radice
3233 1621 3406 1685 Iesse,
3434 1629 3488 1675 et

1905 1712 2005 1766 ﬂos
2022 1713 2090 1767 de
2115 1712 2294 1766 radice
2322 1710 2440 1780 ejus
2465 1710 2722 1765 ascendet
2757 1730 2776 1763 >
2817 1710 2990 1783 (Isai.
3018 1713 3104 1765 11.
3134 1712 3161 1765 1
3194 1712 3213 1780 )
3244 1727 3257 1762 :
3299 1711 3351 1765 in
3376 1711 3485 1767 lle-

1902 1801 2051 1856 brteo
2094 1800 2249 1871 juxta
2294 1801 2488 1870 lingua:
2538 1800 2683 1855 illius
2730 1804 2909 1869 ἰδίωμα.
2952 1800 3022 1853 ita
3067 1799 3324 1869 scriptum
3353 1809 3481 1855 est:

1910 1908 1930 1943 ι
1949 1890 2104 1946 Exiet
2132 1892 2275 1961 virga
2303 1889 2371 1945 de
2400 1889 2580 1946 radice
2601 1890 2775 1954 Jesse,
2798 1900 2853 1946 et
2882 1889 3167 1945 Nazarzcus
3196 1890 3264 1945 de
3308 1890 3488 1946 radice

1904 1980 2023 2051 ejus
2069 1989 2299 2036 crescet.
2328 1999 2347 2033 ι
2376 1978 2485 2035 Cur
2539 1980 2643 2036 hoc
2689 1980 2992 2036 omiserunt
3042 1980 3411 2051 Septuaginta,
3440 1981 3491 2036 si

1904 2088 2014 2130 non
2044 2072 2171 2128 licet
2200 2071 2502 2128 transferre
2527 2072 2749 2127 verbum
2783 2088 2883 2142 pro
2903 2072 3069 2127 verbo
3091 2072 3115 2126 ἲ
3138 2071 3488 2143 Sacrilegium

1908 2171 2012 2230 est,
2038 2163 2123 2218 vel
2148 2163 2375 2229 celasse,
2404 2162 2490 2217 vel
2516 2162 2794 2232 ignorasse
2821 2161 3158 2232 mysterium.

1976 2255 2033 2311 8.
2062 2254 2424 2311 Transeamus
2469 2253 2535 2309 ad
2577 2262 2772 2308 ctetera
2804 2271 2817 2306 :
2847 2266 3021 2322 neque
3056 2253 3199 2308 enim
3238 2251 3482 2318 epistolae

1907 2346 2142 2403 brevitas
2163 2346 2365 2416 patitur
2389 2344 2591 2401 diutius
2619 2344 2845 2415 singulis
2867 2343 3164 2400 immorari.
3197 2344 3339 2400 Idem
3359 2345 3493 2400 Mat-

1910 2436 2082 2491 thtcus
2123 2435 2357 2505 loquitur
2392 2453 2407 2491 :
2455 2453 2475 2486 ι
2511 2434 2624 2491 Hoc
2657 2442 2837 2489 autem
2874 2442 3042 2488 totum
3075 2433 3267 2489 factum
3306 2442 3409 2501 est,
3432 2444 3493 2491 ut

1909 2527 2277 2597 compleretur
2306 2525 2450 2596 quod
2474 2525 2675 2579 dictum
2697 2534 2781 2579 est
2806 2538 2836 2579 a
2861 2524 3093 2579 Domino
3127 2540 3224 2594 per
3251 2525 3492 2597 Prophe-

1912 2624 2017 2671 tam
2043 2616 2309 2671 dicentem
2345 2634 2358 2667 :
2403 2614 2544 2670 Ecce
2567 2614 2720 2686 virgo
2742 2615 2795 2670 in
2827 2623 2985 2671 utero
3018 2614 3236 2670 habebit
3264 2657 3279 2681 ,
3312 2626 3366 2672 et
3394 2632 3492 2687 pa-

1910 2708 2013 2763 riet
2060 2707 2266 2772 tilium,
2316 2716 2373 2762 et
2425 2706 2694 2762 vocabunt
2720 2721 2919 2762 nomen
2973 2706 3091 2776 ejus
3123 2707 3439 2764 Emmanuel
3467 2727 3486 2760 ι

1913 2796 2128 2867 (Matth.
2153 2799 2204 2853 1.
2234 2796 2325 2851 22.
2352 2797 2457 2862 23;
2484 2808 2533 2852 et
2563 2796 2695 2852 Isai.
2719 2799 2771 2851 7.
2802 2797 2891 2869 M)
2953 2797 3108 2866 Quod
3144 2800 3491 2871 Septuaginta

1912 2891 2306 2946 transtulerunt
2336 2906 2351 2944 :
2382 2913 2400 2935 ι
2439 2889 2581 2945 Ecce
2607 2890 2756 2960 virgo
2786 2890 2839 2944 in
2863 2897 3017 2943 utero
3043 2890 3289 2959 accipiet,
3313 2902 3366 2946 et
3397 2908 3493 2960 pa-

1913 2982 2018 3038 riet
2043 2981 2238 3048 filium,
2270 2988 2328 3036 et
2350 2980 2612 3035 vocabitis
2634 2994 2830 3035 nomen
2859 2980 2976 3050 ejus
3005 2981 3345 3037 Emmanuel.
3381 3002 3400 3035 ι
3430 2985 3488 3038 Si

1914 3073 2075 3127 verba
2100 3072 2494 3126 calumniantur
2517 3069 2610 3143 [αι.
2638 3069 3056 3144 calunmiamur],
3082 3072 3264 3142 utique
3289 3086 3392 3128 non
3415 3084 3499 3129 cst

1917 3163 2056 3218 idem
2080 3198 2098 3229 ,
2132 3180 2151 3213 ι
2181 3162 2398 3217 habebit
2426 3203 2441 3228 ,
2486 3170 2542 3216 et
2582 3162 2847 3230 accipiet;
2879 3176 3055 3230 neque
3103 3163 3375 3218 vocabunt
3395 3204 3413 3231 ,
3442 3173 3499 3219 et

1918 3253 2198 3309 vocabitis.
2232 3272 2251 3306 ι
2281 3253 2451 3308 Porro
2482 3254 2533 3306 iu
2576 3252 2806 3307 Hebraeo
2844 3252 3069 3323 legimus
3091 3254 3163 3307 ita
3185 3254 3443 3324 scriptum
3479 3271 3494 3307 :

1923 3364 1942 3397 ς
1976 3345 2114 3400 Ecce
2154 3345 2306 3414 virgo
2351 3343 2620 3413 concipiet
2662 3351 2717 3398 et
2758 3342 2934 3413 pariet
2968 3342 3160 3409 lilium,
3193 3352 3248 3399 et
3286 3344 3499 3399 vocabit

1919 3453 2113 3493 nomen
2137 3439 2256 3507 ejus
2277 3436 2608 3491 Emmanuel.
2640 3453 2660 3488 ι
2690 3434 2806 3490 Non
2829 3437 3030 3503 Achaz,
3061 3435 3153 3506 qui
3179 3436 3502 3507 arguebatur

1918 3527 2264 3594 infidelitatis,
2295 3542 2401 3582 non
2428 3526 2598 3583 Judmi
2621 3526 2713 3597 qui
2737 3535 2893 3582 erant
2918 3526 3201 3581 Dominum
3229 3528 3500 3599 negaturi,

1919 3618 2016 3675 sed
2045 3619 2299 3685 vocabit,
2325 3617 2534 3688 inquit,
2564 3619 2678 3688 ipsa
2704 3632 2825 3688 qua:
2850 3617 3152 3687 concipiet,
3186 3618 3299 3687 ipsa
3329 3618 3500 3688 virgo,

1920 3728 2038 3784 qua:
2059 3712 2253 3783 pariet.
2282 3711 2340 3766 ln
2366 3709 2557 3766 eodem
2587 3709 2925 3779 Evangelista
2954 3708 3205 3778 legimus,
3237 3708 3503 3764 Herodem

1919 3803 1988 3858 ad
2026 3802 2317 3857 adventum
2346 3799 2620 3868 Magorum
2652 3798 2818 3852 fuisse
2846 3797 3114 3851 turbatum
3139 3814 3155 3861 ;
3184 3798 3501 3867 Scribisque

1922 3905 1977 3948 et
2000 3882 2383 3948 Sacerdotibus
2403 3889 2745 3958 congregatis
2773 3929 2788 3952 ,
2816 3886 3144 3940 sciscitatum
3165 3886 3233 3941 ab
3257 3888 3337 3942 eis
3365 3929 3379 3952 ,
3415 3891 3504 3944 ubi

1924 3982 2168 4038 Christus
2198 3989 2550 4042 nasceretur;
2583 3976 2811 4046 illosque
2838 3974 3183 4044 respondisse
3207 4016 3223 4039 ,
3271 3994 3290 4027 ι
3327 3977 3380 4030 in
3403 3978 3506 4034 Be-

1926 4072 2125 4127 thleem
2152 4071 2304 4125 .ludze
2330 4086 2342 4122 :
2372 4069 2461 4125 Sic
2490 4067 2634 4123 enim
2682 4067 2937 4136 scriptum
2974 4075 3056 4122 est
3088 4066 3139 4121 in
3184 4066 3452 4138 Propheta
3484 4086 3497 4122 :

1928 4163 1997 4217 Et
2022 4172 2076 4216 tu
2103 4162 2381 4216 Bethleem
2413 4172 2552 4215 terra
2574 4159 2733 4225 Juda,
2763 4174 3099 4230 nequaquam
3127 4160 3347 4215 minima
3366 4177 3425 4216 es
3448 4165 3499 4217 in

1929 4255 2153 4310 ducibus
2181 4254 2318 4309 Juda
2345 4271 2358 4308 :
2394 4253 2547 4309 Exte
2576 4255 2717 4312 enim
2748 4254 3053 4322 egredietur
3078 4256 3208 4322 dux,
3241 4258 3328 4327 qui
3363 4270 3512 4330 regat

1931 4347 2185 4417 populum
2225 4361 2403 4400 meum
2430 4345 2619 4400 lsrael.
2650 4363 2670 4396 ι
2708 4345 2818 4399 Hoc
2854 4348 3157 4416 exemplum
3201 4349 3252 4402 in
3291 4349 3510 4417 Vulgata

1933 4437 2182 4493 Editiune
2202 4438 2281 4492 sic
2299 4438 2492 4493 fertur:
2518 4437 2618 4491 «Et
2638 4445 2693 4492 tu
2710 4437 2982 4493 Bethleem
3003 4439 3196 4494 domus
3216 4441 3508 4511 Ephratha,

1934 4533 2175 4585 modicus
2200 4546 2278 4597 es,
2301 4530 2367 4601 (f)
2397 4541 2452 4584 ut
2479 4531 2553 4584 sis
2611 4529 2770 4600 313
2838 4529 2890 4584 in
2920 4530 3153 4586 millibus
3180 4531 3333 4595 Juda,
3363 4533 3430 4586 de
3462 4542 3514 4587 te

1996 4688 2067 4752 (ε)
2092 4688 2277 4738 Iterum
2300 4687 2547 4752 Victorius
2568 4692 2730 4752 potens
2754 4701 2840 4752 pro
2862 4695 2909 4752 et
2923 4695 3095 4752 potest,
3123 4701 3185 4736 ex
3211 4687 3380 4736 Greco
3402 4696 3514 4737 δυνα-

1932 4749 2013 4808 τὸς.
2030 4749 2220 4821 etquos
2235 4751 2475 4799 consuluit
2492 4749 2605 4798 Mss.
2621 4750 2878 4798 codicibus.
2895 4750 3055 4799 Nostri
3078 4753 3213 4806 item,
3229 4751 3346 4809 quin
3369 4752 3516 4798 etiam

1936 4826 2100 4861 υιυιιδι
2125 4824 2311 4859 01110138.

2000 4872 2076 4935 (tl)
2124 4874 2271 4930 Quasi
2312 4884 2477 4935 vocum
2516 4868 2729 4935 artiﬁces
2768 4870 2960 4935 morosi.
2994 4870 3172 4935 _Cieero
3216 4870 3283 4935 in
3310 4868 3518 4920 Oratore

1944 4952 1967 4979 ι
1988 4931 2105 4982 Haec
2124 4942 2352 4994 tractasse
2375 4931 3190 4994 'I'hrasymaclmniChalcedonium,
3212 4932 3438 4994 primum,
3466 4940 3520 4981 et

1938 4995 2224 5043 Leontinum
2265 4992 2426 5042 ferunt
2450 4991 2674 5054 Gorgiam
2701 5006 2714 5040 :
2741 4991 3051 5054 Theodorum
3074 4991 3182 5038 inde
3202 4991 3510 5054 ligyxantium,

1938 5055 2215 5115 multosque
2253 5054 2374 5102 alios
2392 5090 2404 5113 ,
2430 5050 2865 5115 (ιιιοέλοτςοδαιδάλους
2896 5050 3106 5112 appellat
3128 5053 3177 5100 in
3199 5050 3406 5100 Phaedro
3427 5054 3515 5102 So-

1939 5122 2117 5171 crates,
2141 5131 2163 5159 »
2196 5122 2289 5162 etc.

2005 5175 2075 5235 (ε)
2102 5175 2155 5222 In
2179 5173 2544 5235 Commentariis
2566 5180 2729 5221 autem
2752 5175 2800 5221 in
2821 5172 2949 5220 hunc
2972 5172 3186 5235 Matthaei
3208 5173 3382 5231 locum,
3411 5175 3522 5222 ideo

1941 5233 2030 5300 per
2054 5233 2318 5300 prophetas
2357 5233 2563 5300 plurium
2602 5234 2943 5300 nmnero__dici
2971 5234 3180 5300 mavult,
3226 5235 3371 5300 quod
3395 5238 3520 5296 apud

1943 5294 2129 5346 certum
2152 5294 2672 5357 aliqucniPrOphetam
2696 5294 2952 5357 peculiaris
2971 5295 3140 5357 isthmc
3162 5294 3404 5345 seu—tentia
3428 5294 3523 5347 non

1943 5356 2253 5419 reperiatur;
2285 5356 2372 5404 sed
2416 5356 2755 5419 passimigaltutl
2794 5369 2965 5405 omnes
3001 5356 3293 5419 Prophetas,
3333 5358 3524 5418 quando

1946 5417 2189 5470 Christum
2222 5424 2437 5466 sanctum
2476 5417 2757 5479 appellant;
2791 5421 2863 5466 sic
2904 5420 3033 5467 enim
3069 5417 3524 5468 Nazarmuminten

1946 5486 2219 5553 pretantur,
2259 5487 2380 5553 puta
2412 5479 2594 5553 Gentes.
2636 5480 2714 5527 49.
2742 5481 3044 5553 ‘Deuteron;
3075 5481 3279 5553 3.3..suh
3312 5479 3523 5553 gosephi

1948 5540 2162 5605 imagine
2180 5578 2194 5600 ,
2236 5540 2288 5590 ct
2310 5543 2402 5605 sub
2424 5541 2514 5590 alia
2538 5542 2782 5591 Samsonis
2803 5540 2962 5590 Judic.
2990 5542 3063 5590 15.
3090 5544 3176 5605 qui
3197 5542 3294 5591 duo
3312 5542 3524 5593 Νωτεὶ

1949 5601 2182 5665 vocabulo
2203 5601 2430 5665 appellati
2455 5610 2583 5653 sunt.

2014 5663 2077 5728 (Γ)
2111 5661 2317 5714 Voculas
2341 5671 2390 5714 ut
2424 5665 2487 5714 sis
2510 5679 2601 5715 nec
2624 5665 2738 5717 Mss.
2766 5668 2947 5727 nostri,
2972 5680 3063 5717 nec
3088 5667 3385 5717 vetustiores
3423 5661 3524 5711 vul-

2983 5750 3004 5771 1
