4056 6184
601 278 709 333 575

606 394 737 448 mihi
762 391 1084 463 egredietur,
1102 396 1157 440 ut
1178 386 1245 438 sit
1270 384 1516 451 princeps
1537 379 1587 432 in
1627 376 1806 430 Israel.
1830 392 1849 426 ι
1880 374 2085 440 Quanta
2111 372 2181 425 sit

608 488 751 541 inter
781 486 1079 539 )Iattha-um
1112 487 1165 531 et
1192 475 1535 543 Septuaginta
1559 471 1843 524 verborum
1871 466 2182 534 ordinisque

608 580 842 634 dist-ordi
863 598 874 626 ι
899 617 914 639 ,
947 570 1112 639 magis
1154 566 1246 639 [aL
1273 568 1345 619 sic
1370 560 1554 633 magis]
1586 559 1937 614 admiraberis
1958 599 1975 623 ,
2007 557 2054 611 si
2082 557 2186 610 lle-

609 672 844 726 braicum
871 666 1068 725 videas,
1094 660 1145 713 in
1168 673 1276 727 quo
1301 658 1373 711 ita
1403 655 1659 722 scriptum
1691 661 1776 706 est
1804 668 1818 702 :
1857 669 1877 701 ‹
1908 650 1973 705 Et
1998 660 2053 703 tu
2076 649 2179 702 Be-

610 761 808 814 thleem
839 752 1111 823 Ephratha
1135 792 1151 815 ,
1179 749 1434 819 parvulus
1460 761 1519 800 es
1549 746 1602 799 in
1630 744 1866 798 millibus
1889 742 2023 797 Iuda
2053 783 2070 803 ,
2112 755 2182 794 ex

608 859 662 904 te
706 846 840 901 mihi
885 844 1227 915 egredietur,
1259 841 1347 909 qui
1386 841 1458 892 sit
1496 838 1803 891 dominator
1852 836 1906 889 in
1950 833 2134 888 Israel.
2160 851 2180 883 ι

605 938 896 995 Considera
925 933 1211 1005 gradatim,
1231 947 1351 1001 quae
1388 930 1457 983 ab
1497 928 1834 995 Evangelista
1856 926 1965 979 sint
1986 924 2186 993 posita:

609 1031 674 1085 Et
701 1041 754 1082 tu
787 1027 1041 1080 Bethleem
1068 1036 1203 1077 terra
1227 1022 1262 1076 J
1269 1024 1392 1075 uda.
1424 1021 1529 1076 Pro
1551 1062 1567 1084 ,
1609 1028 1745 1072 terra
1772 1016 1803 1069 J
1814 1018 1915 1069 uda
1938 1056 1954 1081 ,
1979 1018 2035 1069 in
2066 1012 2187 1066 Ila:-

606 1120 788 1175 brai-:o
856 1118 1018 1170 habet
1080 1114 1350 1183 Ephratha
1389 1128 1410 1166 :
1451 1114 1505 1166 iu
1560 1109 1907 1178 Septuaginta
1942 1146 1958 1170 ,
2008 1106 2188 1157 domus

610 1211 901 1282 Ephratha.
935 1209 994 1262 Et
1023 1222 1141 1278 pro,
1170 1226 1189 1258 ι
1217 1218 1551 1274 nequaquam
1576 1200 1794 1255 minima
1812 1212 1872 1252 es
1894 1196 1947 1249 in
1966 1194 2190 1248 ducibus

608 1302 768 1365 Iuda,
803 1320 822 1353 ι
858 1301 910 1355 in
935 1298 1281 1368 Septuaginta
1304 1296 1497 1365 legitur
1522 1334 1539 1357 ,
1575 1310 1595 1343 ι
1630 1290 1873 1345 modicus
1896 1302 1957 1341 cs
1985 1328 2001 1352 ,
2032 1295 2089 1338 ut
2116 1284 2191 1337 sis

610 1394 666 1447 in
721 1392 953 1446 millibus
1003 1389 1139 1445 Juda
1177 1406 1192 1441 :
1232 1408 1252 1440 ι
1298 1387 1352 1440 in
1394 1384 1656 1448 Hebraeo,
1694 1400 1715 1434 ι
1751 1378 2004 1451 parvulus
2038 1390 2099 1431 es
2141 1378 2191 1428 in

609 1482 845 1537 millibus
867 1479 1002 1534 Iuda
1021 1495 1040 1543 ;
1071 1497 1091 1530 ι
1123 1490 1421 1546 sensusque
1460 1473 1763 1529 contrarius
1804 1479 1889 1524 est
1911 1510 1928 1534 ,
1960 1468 2161 1535 Septua

609 1575 756 1645 ginta
789 1572 889 1625 sibi
919 1572 972 1623 iu
1003 1569 1105 1622 hoc
1129 1568 1394 1621 duntaxat
1422 1567 1541 1619 loco
1566 1574 1622 1618 et
1672 1561 1936 1616 Ilebraico
1968 1571 2194 1612 concor-

612 1666 792 1719 dante.
818 1661 1159 1729 Evangelista
1190 1659 1336 1712 enim
1362 1657 1517 1719 dixit,
1541 1655 1685 1724 quod
1706 1668 1813 1705 non
1843 1652 1914 1705 sit
1944 1648 2195 1718 parvulus

615 1755 669 1809 in
696 1755 919 1809 ducibus
941 1751 1093 1812 Iuda,
1127 1766 1249 1805 cum
1297 1764 1329 1804 e
1360 1748 1578 1817 regione
1606 1747 1678 1799 sit
1703 1746 1953 1813 positum,
2016 1756 2197 1809 parvu-

618 1848 701 1901 lus
732 1845 945 1914 quidem
981 1859 1041 1896 es
1080 1851 1135 1896 et
1174 1840 1454 1901 modicus;
1485 1838 1579 1891 sed
1628 1845 1806 1889 tamen
1858 1834 1927 1887 de
1970 1842 2021 1886 te
2068 1832 2195 1884 mihi

620 1938 843 2009 parvulo
866 1946 922 1991 et
960 1936 1172 1990 modico
1202 1934 1511 2004 egredietur
1538 1931 1645 1985 dux
1687 1933 1743 1985 in
1773 1929 1937 1983 Israel
1962 1970 1980 1993 ,
2009 1943 2200 1981 secun-

618 2031 744 2084 dum
775 2028 904 2082 illud
934 2027 1175 2097 Apostoli
1204 2044 1217 2079 :
1252 2044 1271 2076 ι
1305 2024 1475 2093 Elegit
1502 2026 1712 2077 inﬁrma
1742 2022 1927 2075 mundi
1956 2022 2116 2081 Deus,
2147 2030 2203 2071 ut

618 2119 908 2175 confundat
936 2116 1091 2171 fortia
1112 2106 1142 2167 ⁴ι
1181 2116 1261 2187 (I.
1284 2115 1405 2169 Cor.
1436 2116 1509 2181 I).
1545 2115 1713 2167 Porro
1736 2112 1885 2182 quod
1914 2111 2156 2178 sequitur
2184 2151 2199 2169 ,

633 2229 653 2262 ι
687 2213 778 2281 qui
819 2216 988 2279 regat,
1019 2208 1102 2262 vel
1131 2209 1221 2277 qui
1248 2216 1433 2277 pascat
1460 2206 1713 2275 populum
1741 2221 1918 2259 meum
1950 2203 2147 2269 Israel,
2177 2222 2197 2254 ι

616 2302 777 2356 aliter
805 2302 859 2356 iu
887 2299 1151 2368 Propheta
1178 2313 1301 2352 esse
1328 2299 1672 2367 perspicuum
1698 2308 1802 2349 est.

688 2394 743 2449 9.
783 2393 910 2448 [Iam
938 2394 1135 2463 replico
1177 2410 1280 2445 non
1310 2400 1368 2445 ut
1396 2390 1761 2459 Evangelistas
1792 2404 2011 2458 arguam
2050 2386 2202 2440 falsi-

619 2488 745 2541 tatis
801 2486 929 2557 (hoc
975 2487 1170 2556 quippe
1217 2485 1503 2554 impiorum
1543 2491 1646 2546 est,
1694 2482 1857 2545 Celsi,
1899 2480 2200 2551 Porphyrii,

618 2578 840 2646 Iuliani)
872 2576 966 2631 sed
998 2584 1054 2629 ut
1091 2574 1509 2643 reprehensores
1555 2588 1704 2626 meos
1730 2586 1948 2640 arguam
1981 2570 2202 2638 imperi-

622 2670 710 2723 tia:
741 2686 756 2723 :
788 2677 841 2721 et
866 2668 1149 2735 impetrem
1188 2664 1256 2719 ab
1294 2665 1373 2717 eis
1402 2664 1628 2726 veniam,
1664 2671 1719 2715 ut
1748 2661 2047 2715 enncedant
2075 2660 2203 2712 mihi

622 2763 675 2815 in
697 2760 923 2828 simplici
944 2758 1191 2827 epistola,
1215 2756 1357 2826 quod
1386 2756 1437 2810 in
1459 2756 1750 2824 Seripturis
1773 2755 1992 2814 sanctis,
2018 2753 2202 2815 velint,

621 2853 811 2916 nolint,
857 2849 1127 2918 Apostolis
1164 2846 1472 2903 concessuri
1511 2855 1656 2900 sunt.
1687 2845 1893 2899 Marcus
1933 2844 2207 2913 discipulis

620 2944 759 2998 Petri
808 2943 877 2995 ita
928 2957 1083 2995 suum
1124 2940 1335 2995 orditur
1389 2938 1783 3008 Evangelium:
1821 2956 1840 2988 ι
1874 2937 2202 3003 Principium

620 3034 893 3105 Evangelii
921 3032 1047 3089 .Iesu
1090 3031 1311 3098 Christi,
1357 3032 1497 3086 sicut
1545 3031 1806 3099 scriptum
1853 3039 1935 3083 cst
1983 3030 2034 3083 in
2076 3028 2205 3083 Isaia

622 3126 886 3196 Propheta
922 3144 936 3179 :
970 3125 1108 3179 Ecce
1134 3138 1236 3193 ego
1262 3123 1417 3177 mitto
1446 3121 1709 3192 Angelum
1753 3137 1929 3175 meum
1973 3130 2100 3176 ante
2127 3121 2206 3174 fa-

619 3219 758 3272 ciem
789 3228 953 3283 tuam,
982 3217 1072 3286 qui
1103 3214 1426 3285 praeparabit
1453 3215 1593 3269 viam
1638 3224 1781 3268 tuam
1814 3223 1939 3269 ante
1988 3224 2059 3268 te.
2092 3213 2205 3267 Vox

619 3312 899 3366 clamantis
949 3310 1002 3364 in
1046 3309 1284 3373 deserto,
1337 3316 1521 3378 parate
1563 3308 1701 3360 viam
1752 3305 1984 3372 Domini,
2032 3315 2208 3360 recta;

622 3406 778 3458 facite
806 3404 1027 3458 semitas
1052 3402 1190 3472 ejus.
1223 3420 1243 3453 ι
1280 3400 1392 3454 Iloc
1418 3399 1724 3467 exemplum
1752 3413 1815 3452 ex
1844 3396 2053 3451 duobus
2080 3396 2211 3450 Pro-

623 3494 797 3563 phctis
821 3492 1176 3561 compositum
1199 3502 1300 3554 CSI,
1331 3490 1398 3543 de
1423 3489 1678 3542 Malacltia
1705 3487 1951 3541 videliaet
1978 3496 2032 3540 et
2056 3485 2206 3539 Isaia.

621 3588 753 3642 Nam
786 3587 1013 3657 primum
1042 3583 1183 3654 quod
1216 3582 1412 3635 dicitur
1441 3598 1454 3633 :
1490 3599 1509 3630 ι
1542 3581 1681 3634 Ecce
1720 3594 1819 3648 ego
1848 3578 2004 3632 mitto
2036 3580 2212 3644 Alige-

623 3680 732 3734 Ittm
768 3694 945 3734 meum
991 3687 1115 3730 ante
1167 3675 1356 3728 faciem
1387 3684 1552 3736 tuam,
1593 3672 1682 3741 qui
1715 3671 2034 3739 praeparabit
2074 3671 2210 3723 vi:.m

625 3781 770 3826 tuam
815 3780 941 3823 ante
974 3780 1024 3823 te
1054 3787 1073 3820 ι
1111 3765 1328 3840 (Malae.
1358 3765 1412 3819 5.
1444 3765 1520 3835 I),
1554 3764 1604 3818 in
1637 3762 1905 3817 Malachite
1933 3760 2039 3815 fme
2076 3762 2212 3816 scri-

623 3873 773 3935 ptum
798 3873 902 3919 est.
930 3860 1175 3931 Sequens
1213 3868 1392 3913 autem
1434 3857 1572 3928 quod
1608 3856 1833 3910 infertur
1860 3873 1875 3909 :
1908 3872 1929 3906 ι
1960 3854 2075 3909 Vox
2106 3854 2215 3909 cla-

625 3955 822 4010 mantis
854 3955 904 4006 in
950 3953 1191 4016 deserto,
1222 3969 1242 4001 ι
1285 3959 1340 4003 et
1369 3958 1586 4014 caetera,
1619 3949 1670 4003 in
1708 3947 1840 4003 Isaia
1870 3946 2114 4018 legimus.
2148 3948 2217 4001 Et

625 4046 896 4116 quomodo
917 4045 1123 4097 Marcus
1159 4039 1322 4111 315
1373 4041 1552 4093 statim
1572 4041 1622 4093 in
1644 4040 1906 4110 principio
1927 4040 2215 4094 voluminis

628 4138 709 4190 sui
743 4135 937 4203 posuit,
958 4152 976 4183 ι
1002 4134 1407 4199 sicutscriptum
1425 4131 1577 4185 estin
1604 4131 1735 4185 Isaia
1759 4131 2053 4201 Propheta:
2083 4132 2217 4185 Ecce

630 4243 731 4297 ego
760 4231 911 4280 tnitto
941 4225 1198 4296 Angelum
1246 4240 1421 4279 meum
1452 4243 1471 4277 ι
1503 4223 1638 4295 (lsai
1688 4226 1781 4280 40.
1814 4228 1891 4296 5),
1925 4227 2067 4293 quod
2110 4242 2213 4279 non

630 4320 884 4375 scribitur
914 4317 966 4370 in
997 4317 1149 4381 Isaia,
1176 4325 1233 4370 ut
1260 4316 1491 4371 diximus
1517 4335 1532 4372 :
1557 4317 1652 4373 sed
1672 4317 1727 4371 in
1756 4317 2011 4371 Malachia
2037 4318 2216 4369 novis-

631 4413 769 4467 simo
798 4409 1078 4464 duodecim
1102 4409 1530 4479 Prophetarum?
1554 4410 1737 4464 Solvat
1766 4408 1903 4461 hanc
1930 4410 2219 4477 qua‘stiuu-

629 4505 802 4559 culam
846 4503 1089 4570 imperita
1133 4501 1478 4569 przcsumptio
1506 4517 1520 4553 :
1551 4508 1608 4555 et
1631 4516 1748 4570 .ego
1778 4501 1979 4554 erroris
2011 4501 2216 4555 veniam

629 4595 962 4667 deprecabor
1030 4593 1172 4649 Idem
1202 4592 1412 4647 .‘llarcus
1441 4593 1642 4647 inducit
1672 4593 1737 4646 ad
1767 4592 2069 4647 Pharismus
2098 4595 2184 4646 Sal
2203 4621 2216 4631 -

628 4698 867 4743 vatorem
899 4686 1203 4756 loquentem
1230 4702 1243 4738 :
1282 4703 1302 4736 ι
1333 4683 1614 4754 Nunquam
1657 4684 1862 4754 legistis
1885 4685 2007 4753 quid
2036 4684 2220 4739 feci-rit

632 4783 815 4847 David,
843 4780 1059 4853 quando
1098 4779 1473 4835 necessitatem
1507 4777 1712 4844 habuit,
1756 4786 1810 4831 et
1855 4778 2075 4831 csurivit
2104 4777 2217 4847 ipso

629 4884 684 4930 et
712 4875 840 4929 socii
890 4874 1041 4942 ejus;
1088 4871 1358 4942 quomodo
1405 4870 1679 4940 ingressus
1716 4870 1932 4924 domum
1981 4870 2070 4923 Dei
2117 4871 2218 4925 stili

629 4965 888 5020 Abiathar
927 4962 1204 5029 Pontilice,
1252 4973 1304 5017 et
1336 4978 1498 5032 panes
1544 4963 1922 5033 propositionis
1960 4962 2213 5022 comedit,

629 5057 821 5126 quibus
870 5071 973 5109 non
1004 5055 1200 5110 licebat
1236 5054 1399 5118 vesci,
1448 5054 1546 5107 nisi
1588 5055 1717 5108 solis
1744 5052 2165 5109 Sacerdotibus?
2195 5074 2212 5103 ι

631 5147 794 5218 (Mar.
836 5147 891 5200 ‘2.
919 5148 1009 5202 25.
1040 5148 1129 5201 26.
1176 5156 1221 5199 et
1251 5145 1378 5199 Luc.
1411 5145 1464 5199 6.
1496 5147 1547 5201 5.
1595 5144 1673 5217 4).
1708 5145 1967 5215 Legamus
1996 5143 2216 5215 Samue-

631 5241 734 5294 lem
771 5241 921 5295 :sivc
951 5241 1030 5308 (ut
1065 5240 1117 5293 in
1148 5240 1416 5292 communi
1447 5239 1597 5291 titulo
1635 5237 1880 5307 habetur)
1912 5237 2214 5306 Regnorum

632 5332 817 5395 libros,
847 5332 1023 5401 ibique
1043 5332 1375 5399 reperiemus
1398 5347 1500 5384 nou
1526 5330 1771 5382 Abiuthar
1792 5331 2048 5397 scriptum
2075 5344 2213 5385 esse.

632 5422 725 5475 sed
780 5423 1066 5476 Abimelech
1117 5422 1449 5486 Pontiﬁcem,
1493 5423 1581 5490 qui
1638 5431 1819 5490 postea
1867 5437 1897 5474 a
1943 5423 2082 5489 Dot-g
2110 5419 2211 5491 [:tl.

640 5511 793 5564 Doec.
818 5512 833 5581 )
858 5528 976 5565 cum
1001 5513 1213 5566 cmtcris
1237 5510 1640 5577 Sacerdotibus,
1672 5513 1795 5567 Saul
1818 5512 2064 5581 jubente,
2095 5526 2216 5579 per-

637 5641 736 5699 ςειὶ
764 5639 965 5686 habent.
1004 5640 1146 5688 Hune
1184 5656 1301 5691 vero
1334 5645 1543 5694 Matthtei
1578 5644 1734 5693 locum
1769 5646 1818 5692 in
1851 5643 2218 5696 Commentariis

641 5711 948 5757 exponemus
969 5707 1018 5745 et
1041 5701 1418 5755 conciliabimus.

1889 254 2127 313 SAXCTI
2163 248 2535 309 IIIEROXYIII

3720 296 3733 304 .
3771 252 3881 307 576

2285 383 2474 424 cassus
2503 377 2606 422 est.
2641 367 2931 437 Pergamus
2958 366 3025 419 ad
3056 367 3368 438 Apostolum
3390 366 3642 420 Paulum.
3676 366 3883 425 Scribit

2285 462 2354 514 ad
2405 460 2711 515 Corinthios
2754 476 2771 511 :
2818 476 2838 508 ι
2865 458 2922 512 Si
2970 458 3115 511 enim
3159 459 3541 526 cognovissent
3589 457 3879 515 Dominum

2286 554 2492 623 glorim,
2518 568 2624 603 non
2662 549 3072 603 cruciﬁxissent.
3105 547 3213 602 Sed
3254 550 3394 602 sicut
3438 549 3703 616 scriptum
3746 559 3869 605 est:

2287 644 2438 711 Quod
2465 644 2651 697 oculus
2679 659 2785 695 non
2816 642 2991 707 vidit;
3014 656 3114 695 nec
3148 642 3293 694 auris
3316 641 3548 704 audivit,
3578 657 3681 696 nec
3705 643 3762 697 in
3787 658 3882 699 eor

2290 736 2522 788 hominis
2561 733 2824 796 ascendit,
2851 748 2971 801 qua:
3002 733 3324 800 prteparavit
3362 733 3501 785 Deus
3530 732 3857 800 diligentibt.

2290 840 2371 879 se.
2402 843 2421 875 ι
2458 826 2531 892 (α)
2561 824 2747 878 Solent
2784 824 2839 876 in
2885 824 2987 876 hoc
3029 823 3147 875 loco
3187 823 3619 893 apocryphorum
3663 823 3867 893 quidau

2289 914 2639 968 deliramenta
2670 914 2884 979 sectari,
2936 924 2996 969 et
3031 913 3233 978 dicere,
3265 913 3409 982 quod
3443 914 3513 968 de
3557 916 3864 986 Apomlyps

2292 1006 2425 1061 Elia:
2467 1006 2835 1061 testimonium
2873 1016 3145 1076 sumptum
3194 1006 3265 1059 sit
3292 1024 3309 1060 :
3333 1021 3459 1060 cum
3486 1007 3542 1060 in
3569 1006 3708 1061 Isaia
3730 1007 3880 1075 juxta

2295 1098 2615 1153 Ilebraicum
2654 1098 2725 1151 ita
2768 1098 2977 1167 legatur
3011 1116 3026 1149 :
3060 1114 3081 1148 ‹
3110 1099 3153 1151 Δ
3201 1097 3401 1150 Saecula
3441 1112 3549 1151 non
3574 1097 3878 1165 audierunt,

2294 1204 2395 1245 nec
2443 1191 2660 1244 auribus
2711 1196 3087 1258 perceperunt.
3129 1186 3330 1242 Oculus
3366 1202 3472 1241 non
3518 1188 3670 1253 vidit,
3720 1189 3876 1253 Deus,

2294 1281 2496 1349 absque
2514 1290 2586 1341 te,
2600 1294 2720 1348 qua:
2737 1279 3048 1348 praeparasti
3069 1277 3503 1347 exspectantibus
3520 1286 3574 1333 te
3594 1277 3876 1348 «meo;

2298 1371 2374 1438 ι).
2403 1370 2517 1424 [Ioc
2556 1370 2901 1439 Septuaginta
2930 1370 3100 1422 multo
3128 1370 3286 1423 aliter
3312 1369 3701 1423 transtulerunt
3730 1386 3746 1421 :
3782 1386 3804 1420 ι
3836 1369 3877 1422 Δ

2298 1463 2496 1517 seculo
2524 1479 2632 1516 non
2675 1463 3011 1526 audivimus;
3040 1476 3213 1529 neque
3254 1459 3396 1514 oculi
3436 1461 3606 1515 nostri
3634 1460 3879 1513 viderunt

2300 1556 2467 1609 Deum
2494 1557 2697 1625 absque
2725 1565 2798 1619 te,
2831 1564 2887 1609 et
2908 1554 2990 1624 (I)
3016 1568 3181 1621 opera
3219 1561 3309 1606 tua
3337 1566 3482 1615 vera,
3511 1563 3567 1606 et
3596 1544 3762 1605 facies
3785 1566 3880 1605 ex-

2298 1648 2664 1716 spectantibus
2707 1655 2759 1700 te
2802 1644 3249 1700 misericordiam.
3287 1661 3308 1694 ι
3351 1642 3688 1712 [intelligimus
3739 1642 3884 1696 unde

2300 1747 2571 1807 sumptum
2614 1738 2683 1791 sit
2712 1738 3100 1798 testimonium,
3147 1744 3204 1788 et
3244 1742 3418 1787 tamen
3446 1731 3731 1801 Apostolus
3772 1746 3885 1783 non

2303 1831 2521 1885 verbum
2549 1829 2816 1897 expressit
2835 1843 2867 1882 e
2888 1828 3073 1890 verbo,
3104 1825 3197 1880 sed
3225 1836 3604 1895 παροφρατιιῶς,
3631 1820 3885 1876 eumdem

2302 1935 2517 1975 sensum
2564 1921 2686 1974 aliis
2730 1919 3072 1974 sermonibus
3112 1917 3382 1970 indicavit.
3434 1915 3494 1969 In
3536 1912 3779 1983 Epistula
3820 1913 3884 1966 ad

2302 2011 2575 2065 Romanos
2606 2010 2746 2064 idem
2775 2009 3063 2079 Apostolus
3090 2007 3287 2061 Paulus
3324 2005 3627 2074 exemplum
3656 2004 3726 2059 de
3754 2004 3884 2057 Isaia

2303 2118 2523 2156 sumens
2549 2118 2567 2154 :
2602 2120 2623 2152 ι
2652 2102 2813 2165 Ecce,
2839 2101 3031 2169 inquit,
3061 2113 3259 2168 ponam
3290 2100 3344 2151 in
3383 2097 3511 2152 Sion
3538 2095 3772 2165 lapidem
3808 2095 3870 2149 of
3873 2127 3884 2136 -

2307 2195 2586 2259 fensionis,
2633 2204 2691 2249 et
2714 2205 2919 2263 petram
2953 2192 3193 2246 seandali
3220 2209 3241 2242 ι
3272 2190 3430 2263 (lui.
3450 2192 3508 2244 8.
3540 2190 3654 2257 ιι),
3680 2188 3886 2243 discur-

2303 2287 2397 2341 dat
2440 2301 2472 2339 a
2510 2286 2883 2340 Translatione
2922 2284 3129 2347 veteri;
3157 2292 3213 2337 et
3241 2293 3421 2337 tamen
3463 2296 3589 2335 cum
3630 2280 3885 2335 Hell-aia

2307 2377 2532 2431 veritate
2577 2374 2891 2430 concordat.
2936 2375 2993 2428 In
3028 2372 3374 2443 Septuaginta
3403 2373 3547 2427 enim
3590 2371 3885 2426 contrarius

2305 2481 2498 2521 sensus
2521 2476 2604 2520 est
2634 2485 2648 2520 :
2686 2483 2706 2516 ι
2740 2465 2856 2519 Non
2883 2473 2945 2519 ut
2972 2464 3131 2534 lapidi
3160 2463 3467 2517 oﬂ'ensionis
3508 2461 3883 2524 occurreretis.

2308 2566 2482 2624 neque
2530 2566 2586 2609 ut
2634 2565 2799 2625 petra:
2844 2557 3015 2608 ruina:
3048 2571 3062 2607 :
3097 2571 3119 2605 ι
3171 2568 3292 2607 cum
3340 2551 3632 2621 Apostolus
3679 2565 3886 2621 quoque

2308 2649 2501 2704 Petrus
2571 2649 2731 2720 315
2804 2648 3043 2703 Ilebrteis
3090 2647 3361 2715 Pauloque
3402 2644 3768 2708 consentiens,
3820 2644 3886 2697 ita

2310 2744 2581 2811 posuerit:
2608 2760 2628 2793 ι
2658 2739 2953 2794 Iucredulis
2976 2749 3155 2794 autem
3180 2738 3318 2807 lapis
3338 2736 3648 2795 offensionis
3663 2745 3720 2790 et
3742 2743 3888 2805 petra

2310 2835 2546 2891 scandali
2572 2854 2591 2886 ι
2615 2834 2792 2904 (Rom.
2811 2833 2865 2887 9.
2890 2834 2979 2887 '53.
3010 2842 3058 2886 et
3085 2833 3137 2886 I.
3165 2830 3309 2885 Petr.
3333 2830 3411 2899 2).
3445 2830 3522 2883 Ex
3552 2830 3748 2898 quibus
3774 2828 3890 2882 uni~

2311 2928 2480 2981 versis
2522 2926 2859 2996 perspicuum
2899 2932 3005 2991 est,
3034 2923 3320 2992 Apostolos
3364 2930 3420 2976 et
3449 2922 3816 2990 Evangelistas
3843 2921 3892 2972 in

2312 3020 2749 3088 interpretatione
2776 3026 3018 3071 veterum
3052 3017 3471 3084 Scripturarum,
3503 3027 3719 3067 sensum
3752 3026 3893 3081 que-

2310 3112 2466 3177 sisse,
2501 3127 2604 3164 non
2638 3110 2798 3165 verba
2829 3127 2842 3162 :
2876 3123 2976 3163 nec
3002 3122 3329 3179 magnopere
3353 3105 3424 3160 de
3451 3104 3640 3159 ordine
3683 3118 3889 3159 sermo~

2310 3203 2573 3273 nibusqne
2602 3216 2837 3265 curasse,
2868 3200 2996 3254 dum
3027 3198 3316 3253 intellectui
3342 3211 3432 3251 res
3457 3203 3681 3265 pateret.

2383 3297 2472 3351 10.
2513 3296 2684 3349 Lucas
2714 3295 2794 3346 vir
2837 3293 3175 3361 Apostolicus
3213 3300 3269 3345 et
3309 3288 3644 3358 Evangelista
3689 3287 3895 3350 scribit,

2310 3386 2637 3455 Stephanum
2691 3382 2920 3452 primum
2972 3380 3174 3435 Christi
3236 3378 3527 3449 Martyrem
3573 3378 3628 3431 in
3676 3376 3896 3431 Iudaica

2313 3475 2394 3545 (b)
2439 3476 2696 3528 cancione
2747 3477 3055 3524 narrantem
3087 3487 3100 3523 :
3131 3487 3150 3521 ι
3178 3469 3236 3523 In
3280 3467 3614 3537 septuaginta
3662 3465 3898 3535 quinth

2312 3564 2592 3618 animabus
2615 3562 2895 3618 descendit
2917 3561 3084 3616 Iacob
3109 3561 3161 3614 iu
3183 3559 3469 3629 Egyptum
3499 3568 3588 3613 :ct
3613 3556 3898 3613 defunctus

2314 3666 2397 3710 est
2427 3655 2559 3723 ipse,
2589 3663 2643 3708 et
2674 3662 2856 3722 patres
2902 3652 3068 3706 nostri
3102 3650 3344 3705 translati
3389 3656 3515 3703 sunt
3540 3647 3594 3702 in
3622 3648 3859 3719 Sychem

2314 3758 2370 3802 et
2400 3746 2557 3816 positi
2581 3756 2706 3801 sunt
2737 3748 2788 3799 in
2817 3746 3067 3815 sepulcro
3092 3744 3233 3814 quod
3261 3743 3392 3797 emit
3428 3740 3697 3796 Abraham
3728 3742 3899 3809 pretio

2314 3839 2517 3909 argenti
2556 3854 2583 3890 a
2610 3838 2735 3891 ﬁliis
2761 3834 2835 3909 (c)
2884 3836 3048 3890 Emor
3074 3834 3239 3905 patris
3262 3832 3491 3901 Sychem
3516 3850 3537 3884 ι
3562 3830 3699 3903 (Act.
3725 3832 3782 3885 7.
3819 3831 3896 3884 t5.

2381 4014 2457 4077 (a)
2483 4014 2738 4077 Przeeipue
2751 4010 3089 4077 Gnosticos._et
3107 4007 3329 4077 Basilidis
3348 4004 3610 4077 discipulos
3627 4008 3899 4077 impugnat,

2318 4083 2373 4125 ut
2388 4065 2456 4125 ‘ei
2484 4065 2689 4135 epistola
2714 4076 2771 4122 ad
2807 4074 3121 4135 Desiderium
3145 4065 3486 4119 Pentateucho
3523 4065 3737 4135 prteﬁxa,
3768 4065 3821 4117 ἐι
3842 4083 3898 4135 ex
3986 4102 3989 4105 λ

2316 4151 2423 4199 cap.
2463 4130 2643 4199 LXIV.
2666 4139 2714 4184 in
2755 4135 2925 4183 Isaiam
2960 4133 3191 4199 latissime
3229 4137 3472 4199 a_)_ipare_t_;_
3499 4130 3588 4199 sed
3624 4142 3721 4199 nec
3744 4131 3901 4199 evadit

2318 4191 2575 4249 censuram
2603 4198 2888 4260 Origenes,
2930 4197 3013 4260 qui
3045 4195 3215 4260 _'I'_ract.
3239 4193 3318 4260 :55.
3344 4191 3404 4240 ad
3431 4191 3598 4260 μειω.
3622 4191 3703 4260 Ξῖ.
3731 4191 3903 4260 eadem

2317 4261 2499 4316 docuit,
2524 4266 2569 4308 et
2594 4259 2642 4307 in
2664 4252 2795 4307 nullo
2817 4252 3054 4317 singulari
3084 4256 3207 4317 libro
3231 4253 3321 4317 hoc
3345 4253 3549 4317 positum
3573 4252 3903 4317 testiniouium

2319 4312 2526 4371 inveniri
2568 4321 2723 4373 dixit.
2769 4319 2863 4368 nisi
2892 4312 2959 4368 "in
3002 4315 3196 4367 secretis
3224 4312 3351 4364 me
3388 4313 3654 4376 Napaeas.
3700 4312 3807 4361 Hac
3843 4315 3905 4358 il.-

2318 4396 2464 4432 causa
2502 4382 2648 4431 etiam
2690 4383 3025 4443 Hegesippum
3070 4385 3267 4427 accusat
3309 4374 3489 4443 Steph.
3517 4374 3740 4443 (iobarus
3781 4376 3907 4443 apud

2320 4445 2563 4502 I’hotium,
2584 4446 2711 4506 quod
2737 4436 3353 4506 hocceiestiznonium‘pro
3515 4436 3907 4506 respueritg‘id.

2318 4520 2430 4554 una:
2452 4496 2569 4554 alibi
2592 4496 2875 4554 adnotanius
2900 4504 2947 4552 iu
2972 4503 3140 4551 Isaiam
3172 4514 3217 4551 (ι.
3241 4496 3321 4549 (ξι.
3348 4507 3400 4547 et
3423 4499 3471 4546 in
3496 4500 3637 4546 citata
3672 4497 3733 4543 ad
3759 4496 3908 4545 Desi-

2319 4524 2331 4553 t
2354 4521 2430 4554 ωε
2452 4521 2569 4554 aIlDl
2592 4521 2875 4554 aunoutmus
2900 4521 2947 4552 Ill
2972 4521 3140 4551 Isaiam
3172 4521 3217 4551 (ι.
3241 4521 3321 4549 οι.
3348 4521 3400 4547 τι
3423 4521 3471 4546 ιιι
3496 4521 3637 4546 uultu
3672 4521 3733 4543 au
3759 4521 3904 4545 urat-

2319 4521 2512 4616 «ierium
2536 4567 2760 4624 epistola.
2788 4566 2977 4615 V'itiose
3010 4572 3181 4612 autem
3210 4562 3407 4624 quidam
3439 4557 3587 4611 Quid.
3625 4557 3688 4607 de
3725 4571 3904 4620 Apocu-

2320 4628 2453 4693 191)ξίΔ
2470 4628 2707 4693 Ecclesia
2741 4687 2753 4693 _
2897 4687 2907 4693 ι
2944 4687 2956 4693 _
3136 4690 3144 4693 Α
3216 4682 3243 4693 ν,

2390 4690 2465 4751 (b)
2500 4690 2707 4739 Cisterc.
2734 4687 2785 4736 in
2808 4687 3348 4751 {udaicagcontiugtiona

2384 4740 2460 4813 (cf
2488 4751 2623 4799 Idem
2646 4758 2785 4813 Etnor
2808 4748 2900 4813 [itii
2923 4748 3138 4812 sycltem.
3165 4747 3267 4813 Nec
3289 4743 3555 4813 contendo,
3577 4743 3618 4813 si
3658 4740 3780 4813 falso
3815 4743 3911 4791 diei

2322 4803 2448 4861 velis
2468 4826 2554 4874 pro
2578 4811 2764 4872 patris;
2788 4803 2875 4859 sed
2902 4803 3043 4874 veius
3066 4817 3229 4874 tamen
3256 4807 3333 4874 hic
3358 4819 3493 4874 error
3519 4803 3735 4874 [iugatio
3779 4815 3913 4874 anti-

2356 4886 2432 4922 uaz
2468 4865 2713 4922 'versiouis
2746 4865 2863 4921 esse
2899 4873 3072 4935 potuit,
3113 4880 3165 4919 et
3206 4868 3346 4917 facile
3385 4868 3501 4925 fuit;
3537 4865 3731 4935 G'ragcus
3773 4868 3915 4913 enin.

2356 4889 2432 4922 UEB
2475 4889 2713 4922 γει-810015
2753 4889 2863 4921 esse
2899 4889 3072 4935 ροιιιιι,
3113 4889 3165 4919 ει
3206 4889 3346 4917 metu:
3385 4889 3500 4925 Iun;
3537 4889 3731 4930 υιιξξιιιδ
3773 4889 3914 4913 runt.

2319 4889 2522 4985 :iuctor.
2546 4942 2713 4983 textus
2745 4949 2844 4997 me
2878 4952 2949 4984 to.
2968 4946 3052 4984 sm
3090 4945 3216 4993 εμμόρ
3236 4942 3303 4981 τῶ
3333 4940 3474 4991 nam:
3501 4940 3530 4974 α
3550 4923 3914 4997 ﬁtuse‘mnwr.

2384 4998 2456 5059 (l)
2481 4998 2679 5059 Graecus
2696 4995 2862 5045 textus
2885 4998 3033 5059 habet
3046 5006 3107 5043 ut
3126 5006 3266 5055 τάερτα
3280 5010 3346 5043 σοῦ
3364 5000 3392 5042 ἆ
3404 5002 3560 5059 εοιήσιις
3672 4995 3915 5059 magna.“

2321 5048 2419 5109 ἰλιᾶν
2438 5048 2637 5107 ἶίάθῐυιι
2662 5059 2863 5119 proinde
2890 5048 3323 5119 llierouymuspro
3348 5052 3488 5101 unico
3523 5048 3730 5098 relativo
3754 5058 3804 5119 ιὰ
3839 5051 3914 5099 le~

2320 5122 2454 5181 gisse
2500 5122 2550 5168 in
2594 5108 2684 5168 suo
2726 5118 2995 5179 exemplari
3039 5108 3155 5181 {iqu
3196 5108 3257 5166 καὶ
3307 5115 3503 5181 [ποιήσας
3539 5137 3573 5161 ι.
3610 5136 3651 5181 ε.
3688 5108 3913 5181 1.)!‘em

2319 5172 2365 5230 ἔι
2401 5181 2587 5246 facies,
2627 5188 2767 5246 _etc._,
2813 5172 3107 5246 cujustuodi'
3134 5172 3365 5227 variantis
3404 5189 3501 5223 nec
3548 5172 3653 5246 vola
3695 5172 3916 5246 esthnei:

2321 5232 2586 5305 vestigium
2624 5244 2674 5290 in
2716 5232 2901 5291 cmi;-
2935 5254 3045 5303 qutc
3078 5246 3341 5305 supersunt
3370 5232 3914 5305 exemplaribuszQuiu

2322 5294 2484 5365 potius
2517 5318 2579 5353 ex
2615 5305 2896 5365 conjectura
2932 5294 3184 5351 a'utmnaut
3208 5299 3341 5365 docti
3367 5294 3532 5365 viriut
3556 5294 3726 5344 falsum
3753 5296 3917 5365 in_hoc

2322 5358 2472 5415 fuisse
2497 5358 2865 5429 Hieronymum,
2890 5365 2971 5426 qui
2997 5376 3094 5410 uno
3119 5361 3269 5429 verbo
3294 5359 3476 5428 legerit
3498 5369 3624 5415 ἀλησιι
3668 5369 3758 5429 pro
3791 5358 3916 5429 duo—

2322 5428 2413 5477 bus
2444 5438 2470 5478 ἃ
2505 5440 2605 5486 mu
2625 5464 2639 5487 ,
2683 5419 2768 5489 qui
2791 5419 2966 5475 sensus
2986 5422 3239 5489 contextui
3279 5419 3437 5489 magis
3477 5419 3725 5489 congruit,
3750 5420 3845 5467 sed
3872 5423 3917 5466 iu

2320 5519 2460 5561 textu
2750 5515 2937 5557 tantum
2981 5479 3539 5580 ραχὺ-Μίκων
3766 5503 3817 5556 id
3847 5516 3917 5580 est

2320 5583 2494 5642 abstine
2516 5588 2578 5638 te,
2600 5581 2742 5642 faciet
2781 5574 3324 5642 caspectarttibasnemn.
3350 5570 3537 5642 verum
3572 5570 3762 5642 sentio.
3788 5576 3919 5632 quod

2319 5632 2460 5691 LXX.
2488 5632 2813 5703 Hieronymus
2833 5632 3011 5703 laudat,
3037 5648 3134 5703 non
3157 5633 3377 5682 Grtecum
3403 5639 3617 5693 textum,
3642 5632 3733 5679 sed
3778 5642 3919 5681 vetc-

2322 5719 2426 5752 rcm
2451 5696 2805 5749 Latinam'esse
2833 5696 3305 5758 interpretationem.
