4056 6184
205 249 311 302 577

208 356 299 412 16.
354 365 403 412 et
443 355 622 412 Cenes.
651 354 765 424 23).
808 352 901 408 llic
938 351 1088 406 locus
1124 351 1179 407 in
1207 350 1401 407 Genesi
1442 350 1610 404 multo
1637 349 1793 403 aliter

210 449 510 515 invenitur,
536 446 674 518 quod
703 444 907 501 scilicet
933 442 1203 498 Abraham
1249 441 1444 498 emerit
1470 440 1538 495 ab
1572 440 1790 510 Ephron

210 540 448 604 lletheo,
488 539 596 594 ﬁlio
622 536 777 604 Seor,
800 536 952 605 juxta
977 535 1212 599 Hebron,
1244 531 1646 604 quadringentis
1672 530 1794 584 dra-

208 631 384 686 chmis
418 630 644 700 argenti,
676 629 987 699 speluncam
1017 627 1304 696 duplicem,
1337 633 1393 680 et
1429 639 1614 694 agrum
1652 622 1793 677 circa

209 735 350 786 eam,
383 719 760 790 sepelieritque
781 719 833 772 in
861 734 925 772 ea
946 719 1135 773 Saram
1167 730 1388 770 uxorem
1419 729 1591 769 suam.
1620 717 1797 781 Atque

209 812 264 865 in
293 810 487 866 eodem
513 810 738 880 legimus
762 809 918 874 libro,
952 815 1138 879 postea
1183 815 1549 862 revertentem
1588 803 1656 858 de
1685 802 1791 858 Me-

207 902 512 972 sopotamia
537 900 704 957 Jacob
728 916 849 954 cum
881 899 1138 953 uxoribus
1164 905 1219 952 et
1245 896 1364 950 filiis
1392 895 1523 961 suis,
1552 893 1796 964 posuisse

207 991 616 1047 tabernaculum
658 1001 784 1044 ante
827 989 1006 1044 Salem
1036 988 1223 1043 urbem
1250 986 1649 1058 Sychimorum,
1678 998 1797 1054 quae

206 1093 289 1135 est
336 1082 390 1134 in
432 1089 575 1135 terra
613 1078 865 1134 Chanaan
893 1118 909 1141 ,
955 1087 1009 1132 et
1058 1077 1326 1132 habitasse
1371 1075 1466 1142 ibi,
1505 1084 1562 1130 et
1603 1074 1799 1129 emisse

204 1179 419 1239 partem
448 1169 582 1239 agri,
612 1169 665 1222 in
693 1184 800 1238 quo
826 1167 1060 1223 habebat
1088 1169 1336 1231 tentoria,
1358 1167 1427 1220 ab
1456 1166 1620 1220 Emor
1646 1175 1799 1234 patre

202 1260 445 1331 Sychem
480 1270 696 1315 centum
724 1260 875 1329 agnis
900 1278 914 1314 :
945 1267 1001 1314 et
1029 1258 1282 1313 statuisse
1311 1258 1381 1312 ibi
1421 1259 1610 1321 altare,
1642 1266 1695 1310 et
1716 1256 1800 1310 in-

202 1365 436 1405 vocasse
463 1349 535 1404 ibi
560 1349 725 1405 Deum
746 1349 905 1403 Israel
928 1348 975 1416 (Ι
986 1350 1089 1402 bid.
1116 1348 1227 1418 33).
1247 1347 1513 1401 Abraham
1537 1361 1642 1401 non
1671 1347 1801 1401 emit

202 1459 434 1515 specum
460 1444 528 1498 ab
554 1442 722 1497 Emor
748 1452 898 1512 patre
919 1442 1149 1513 Sychem
1182 1460 1196 1496 :
1230 1441 1323 1495 sed
1346 1441 1412 1494 ab
1444 1441 1657 1510 Ephron
1690 1439 1801 1492 ﬁlio

199 1534 340 1590 Seor
373 1550 387 1586 :
423 1548 524 1588 nec
562 1532 805 1603 sepultus
833 1541 916 1587 est
954 1535 1007 1585 in
1038 1530 1425 1602 Syeliem,’sed
1473 1531 1525 1584 in
1556 1530 1796 1595 llebron,

203 1638 326 1695 qua:
374 1631 632 1692 corrupte
658 1623 853 1677 dicitur
897 1623 1129 1677 Arboch.
1164 1621 1449 1676 Duodecim
1484 1631 1663 1677 autem
1696 1622 1797 1676 Pa-

205 1713 456 1768 triarchzn
479 1728 589 1767 non
615 1722 738 1767 sunt
764 1713 956 1784 sepulti
980 1714 1034 1767 in
1062 1714 1099 1767 A
1111 1712 1275 1767 rboch
1297 1728 1311 1776 ;
1335 1713 1429 1767 sed
1461 1714 1512 1766 in
1542 1713 1793 1784 Sychem,

206 1804 294 1873 qui
323 1818 456 1874 ager
504 1817 611 1857 non
639 1811 721 1857 est
758 1812 969 1873 emptus
1010 1802 1079 1856 ab
1118 1802 1406 1866 Abraham,
1438 1803 1531 1857 sed
1574 1818 1604 1856 a
1632 1803 1798 1858 Jacob

206 1892 344 1964 (Jos.
374 1892 471 1947 21.
505 1888 619 1964 32).
649 1889 847 1947 Dill‘ero
877 1892 1199 1946 solutionem
1240 1901 1294 1945 et
1318 1891 1473 1946 istius
1497 1893 1764 1962 quaestiun
1785 1910 1819 1930 -'

205 1985 361 2050 culae,
394 1993 456 2039 ut
482 1983 872 2039 obtrectatores
921 1983 1024 2036 mei
1061 1990 1323 2052 qumrant,
1377 1990 1431 2037 et
1476 1983 1795 2054 intelligant,

207 2091 311 2129 non
344 2074 513 2129 verba
557 2074 611 2128 in
650 2073 944 2143 Scripturis
985 2072 1397 2141 consideranda,
1442 2072 1536 2128 sed
1583 2089 1794 2129 sensus.

208 2165 464 2220 Vicesimi
506 2163 662 2235 primi
693 2163 889 2218 Psalmi
916 2164 1063 2233 juxta
1094 2164 1348 2219 Hebraeos
1374 2164 1603 2234 idipsum
1643 2180 1803 2219 exor-

189 2255 355 2311 dium
428 2265 516 2310 est
544 2295 560 2321 ,
609 2254 752 2325 quod
802 2255 1062 2309 Dominus
1111 2255 1322 2310 locutus
1362 2263 1445 2310 est
1493 2256 1545 2310 in
1597 2271 1793 2310 cruce:

205 2347 280 2419 (τι)
300 2363 386 2402 eu
405 2362 498 2402 ut
518 2362 658 2401 LAIA
676 2362 974 2401 summm
995 2345 1162 2416 :quod
1185 2346 1585 2416 interpretatur,
1615 2366 1634 2399 ι
1659 2347 1801 2402 Deus

205 2453 376 2504 meus,
412 2438 565 2492 Deus
596 2452 768 2502 meus,
799 2452 963 2508 quare
986 2452 1072 2492 me
1098 2436 1470 2507 dereliquisti?
1500 2457 1519 2490 ι
1550 2437 1794 2492 Rcddant

203 2530 365 2601 316
438 2530 728 2593 rationem,
758 2545 855 2584 cur
881 2530 1223 2599 Septuaginta
1256 2531 1602 2586 translatOres
1644 2531 1803 2587 inter-

206 2624 512 2692 posuerint,
543 2641 562 2675 ι
594 2624 801 2693 respice
827 2638 915 2678 me
943 2641 961 2675 ι
993 2622 1085 2695 [aL
1118 2624 1172 2677 in
1204 2621 1324 2694 me].
1349 2624 1421 2678 lta
1455 2624 1598 2678 enim
1627 2634 1803 2678 verte-

206 2725 360 2770 runt:
390 2736 407 2768 ι
448 2717 591 2771 Deus
619 2716 759 2770 Deus
787 2731 958 2783 meus,
978 2718 1185 2785 respice
1207 2732 1314 2781 me,
1343 2732 1508 2786 quare
1538 2733 1622 2772 tne
1646 2716 1803 2772 dere-

206 2806 452 2876 liquisti?
484 2825 503 2859 ι
528 2806 950 2877 Respondebant
989 2808 1173 2877 utique
1208 2806 1338 2860 nihil
1363 2807 1543 2862 damni
1566 2808 1617 2860 in
1640 2822 1800 2862 sensu

205 2915 345 2966 esse,
376 2902 423 2955 si
460 2899 567 2955 duo
598 2900 756 2955 verba
803 2901 912 2954 sint
939 2899 1139 2954 addita.
1168 2900 1402 2954 Audiant
1433 2909 1486 2954 et
1515 2916 1545 2954 a
1578 2916 1663 2955 me
1696 2916 1800 2954 non

208 2992 504 3062 periclitari
534 2991 895 3047 Ecclesiarum
919 2999 1140 3057 statum,
1170 2990 1218 3044 si
1242 2990 1515 3046 celeritate
1541 2991 1796 3056 dictandi,

207 3086 383 3156 aliqua
410 3084 579 3141 verba
606 3084 925 3140 dimiserim.

281 3181 370 3234 11.
415 3177 664 3246 Longum
701 3186 786 3231 est
825 3191 968 3231 nunc
1010 3178 1308 3244 revolvere,
1340 3189 1535 3249 quanta
1577 3180 1804 3250 Septua-

206 3270 353 3340 ginta
393 3269 466 3323 de
508 3283 607 3322 suo
649 3268 974 3336 addiderint,
1022 3269 1565 3339 quantadimiserinl,
1602 3288 1718 3341 qua:
1751 3274 1802 3327 in

208 3362 614 3432 exemplaribus
644 3361 920 3429 Ecclesiae,
960 3362 1155 3427 obelis,
1204 3364 1581 3434 asteriscisquc
1613 3365 1803 3420 distin-

210 3466 293 3509 cta
342 3466 491 3509 sunt.
539 3454 621 3526 (l)
674 3453 805 3509 lllud
861 3454 1004 3510 enim
1057 3455 1200 3525 quod
1246 3455 1469 3527 legimus
1522 3458 1573 3511 in
1630 3456 1799 3513 ISaia:

218 3565 236 3596 ι
267 3547 465 3601 Beatus
494 3546 582 3617 qui
615 3546 775 3601 habet
812 3560 1000 3602 semen
1027 3545 1080 3600 in
1120 3546 1271 3611 Sion,
1319 3557 1372 3601 et
1398 3547 1721 3603 domesticos
1750 3551 1800 3603 in

213 3635 510 3692 Jerusalem
546 3658 565 3690 ι
601 3638 759 3710 (Isai.
790 3639 881 3693 51.
904 3654 1007 3692 sec.
1036 3636 1233 3709 LXX),
1276 3639 1452 3693 solent
1477 3639 1684 3695 Hebraei
1711 3640 1805 3694 de-

215 3730 415 3796 ridere,
457 3745 582 3784 cum
641 3730 927 3785 audierint.
963 3728 1075 3784 Nec
1129 3744 1234 3784 non
1278 3738 1333 3784 et
1380 3729 1433 3783 in
1477 3732 1642 3785 Amos
1685 3741 1804 3801 pust

215 3819 636 3891 descriptionem
683 3821 909 3875 luxuria:
943 3839 958 3875 :
993 3838 1013 3872 α
1045 3819 1251 3875 Stantia
1303 3828 1623 3890 putaverunt
1665 3820 1799 3886 lnec,

216 3919 270 3965 et
297 3926 403 3965 non
426 3910 677 3978 fugientia
712 3929 731 3962 ι
764 3910 942 3981 (Amos
971 3908 1026 3963 6.
1058 3925 1161 3962 sec.
1192 3908 1393 3979 LXX).
1439 3909 1643 3965 Revera
1680 3926 1804 3965 sen-

217 4016 309 4054 sus
338 3999 640 4053 rhetoricus
682 4009 738 4055 et
775 4000 1092 4054 declamatio
1135 4000 1400 4053 Tulliana.
1433 4001 1538 4056 Sed
1566 4003 1691 4071 quid
1721 4001 1805 4056 fa-

217 4093 425 4148 ciemus
450 4091 515 4146 ad
545 4090 881 4147 authenticos
923 4090 1110 4156 libros,
1139 4093 1190 4145 in
1219 4095 1414 4161 quibus
1442 4094 1556 4149 haec
1597 4095 1669 4166 (ιι)
1700 4113 1805 4150 non

220 4187 467 4242 feruntur
509 4185 800 4255 adscripta,
852 4193 909 4240 et
958 4192 1152 4240 caetera
1201 4185 1284 4238 his
1321 4186 1539 4254 similia,
1589 4203 1711 4258 qua:
1761 4189 1806 4242 si

221 4279 463 4349 proferre
507 4278 771 4345 nitamur,
823 4277 1048 4333 inﬁnitis
1101 4278 1251 4333 libris
1304 4295 1437 4350 opus
1491 4289 1592 4334 est.
1640 4281 1809 4335 Porro

222 4380 415 4439 quanta
441 4368 758 4435 dimiserint,
792 4369 878 4425 vel
905 4370 1148 4424 asterisci
1178 4379 1362 4435 testes,
1412 4378 1468 4425 ut
1495 4370 1625 4439 dixi,
1658 4383 1806 4438 sunt,

226 4460 305 4515 vel
322 4471 504 4517 nostra
530 4462 924 4532 interpretatio,
956 4461 1000 4515 si
1042 4475 1073 4515 a
1105 4461 1345 4531 diligenti
1387 4461 1586 4518 lectore
1613 4464 1809 4519 Trans-

226 4550 404 4607 lationi
428 4552 599 4608 veteri
637 4550 941 4607 conferatur
975 4568 991 4610 :
1018 4561 1074 4607 et
1116 4564 1295 4608 tamen
1327 4552 1400 4625 (ο)
1426 4554 1549 4623 jure
1578 4555 1807 4625 Septua-

228 4640 368 4709 ginta
392 4642 569 4697 Editio
597 4641 828 4697 obtinuit
857 4643 909 4696 in
936 4643 1216 4708 Ecclesiis,
1249 4644 1332 4699 vel
1354 4645 1474 4715 quia
1504 4647 1673 4715 prima
1702 4658 1805 4715 est,

229 4740 282 4782 et
304 4740 425 4809 ante
449 4732 647 4788 Christi
675 4735 809 4788 facta
833 4733 1146 4798 adventum,
1178 4735 1261 4790 vel
1285 4737 1405 4805 quia
1433 4736 1501 4791 ab
1534 4741 1809 4809 Apostolis

235 4818 310 4888 (in
333 4822 523 4891 quibus
552 4832 731 4879 tamen
777 4826 845 4880 ab
889 4825 1153 4880 chraico
1185 4841 1288 4880 non
1316 4826 1609 4900 discrepat)
1655 4848 1809 4885 usur-

236 4919 374 4976 pata.
408 4914 589 4980 Aquila
618 4923 793 4970 autem
823 4917 1126 4987 proselytus
1155 4926 1209 4971 et
1241 4920 1608 4976 contentiosu's
1636 4922 1806 4977 inter-

237 5011 380 5065 pres,
410 5000 501 5067 qui
528 5016 633 5055 non
660 5006 828 5058 solum
857 5006 1040 5073 verba,
1087 5005 1183 5060 sed
1213 5008 1563 5078 etymologias
1594 5026 1808 5081 quoque

338 5110 429 5184 fuit
448 5112 650 5184 Syenen;
660 5128 678 5174 ;
699 5124 843 5184 atque
865 5119 986 5168 adeo
1010 5120 1158 5169 etiam
1181 5120 1350 5184 verius
1371 5120 1434 5184 ab
1455 5120 1659 5172 Hieron.
1678 5126 1810 5176 inter

235 5171 546 5246 dirersitat'es
566 5188 595 5224 a
618 5171 800 5246 Genesi
821 5178 924 5228 haec
943 5193 1140 5246 quoque
1163 5182 1320 5246 potuit
1330 5171 1666 5246 adnumerari.

301 5234 620 5310 (nigritiem
646 5244 701 5310 ut
723 5246 800 5310 est
822 5234 986 5310 penes,
999 5234 1277 5310 Matthzeutn
1297 5242 1375 5310 27_.
1394 5244 1474 5291 46.
1494 5244 1710 5310 hiat-cum
1730 5249 1805 5297 13.

233 5295 312 5344 51.
349 5295 536 5358 imm
567 5333 583 5359 ,
606 5295 901 5360 'sebactain',
943 5308 996 5352 et
1036 5304 1442 5365 quemadmodum
1486 5305 1705 5356 Christus
1745 5295 1809 5359 de

234 5366 392 5441 .Cruce
404 5372 741 5441 pronuntiavit
763 5371 1021 5441 vernacula
1043 5374 1276 5441 Syrorum
1302 5375 1484 5441 lingua,
1501 5377 1675 5441 legunt
1699 5379 1810 5429 heic

234 5427 333 5498 loci
348 5427 491 5498 etiam
513 5432 877 5498 Hieronymiaui
900 5427 1099 5498 codices
1119 5439 1248 5485 bene
1269 5427 1426 5486 inulti.

295 5491 372 5615 Eb;
398 5494 510 5569 Mss.
536 5508 633 5567 non
653 5491 809 5558 pa'uci,
830 5508 925 5545 non
946 5496 1143 5569 fuerunt
1167 5498 1430 5562 adscripta.

318 5567 344 5601 ε
399 5555 687 5615 Victoriam,
709 5559 795 5615 qui
815 5557 984 5608 maluit
1004 5559 1132 5610 vires
1154 5573 1243 5615 pro
1254 5560 1372 5615 jure
1386 5596 1400 5615 ,
1424 5581 1430 5607 ε

234 5555 364 5661 mgf)
399 5555 687 5619 Victoriam,
709 5559 795 5619 qui
815 5555 984 5608 maluit
1004 5559 1132 5610 vires
1154 5573 1243 5620 pro
1253 5555 1400 5621 jure,
1424 5564 1644 5624 castigat.
1682 5564 1809 5613 Mar-

269 5625 331 5664 an

291 5677 363 5739 (t)
396 5679 505 5730 Vid.
531 5692 620 5730 nos
641 5691 778 5742 supr.
804 5682 853 5730 in
874 5680 1031 5744 Epist.
1054 5681 1208 5732 XXII.
1232 5696 1275 5731 c.
1300 5685 1349 5732 2.

1569 230 1902 291 EPISTOLA
1942 226 2096 283 LVII.

3373 237 3481 293 578

1901 348 2186 402 verborum
2231 346 2524 402 transferre
2566 356 2788 403 conatus
2828 358 2932 413 est,
2968 349 3090 419 jure
3133 348 3410 421 projicitur
3448 366 3482 405 a

1901 436 2077 491 nobis.
2108 436 2236 501 Quis
2263 436 2404 491 enim
2433 451 2532 506 pro
2560 435 2827 491 frumento
2853 448 2908 491 et
2940 444 3066 494 vino
3094 451 3147 494 el
3174 441 3316 507 oleo,
3349 455 3483 510 pos-

1901 528 1990 593 sit,
2022 527 2104 582 vel
2145 527 2343 597 legere,
2382 527 2468 581 vel
2513 526 2835 598 intelligere,
2874 529 2955 599 (ά)
2981 541 3153 597 χεῦμα,
3191 537 3482 602 exempt»,

1900 627 2206 683 ςιλπνότητα,
2241 617 2384 688 quod
2429 633 2527 672 nos
2574 632 2855 688 possumus
2902 618 3083 673 dicere
3136 622 3477 687 «fusionem,

1901 709 2388 779 pomationemque,
2428 726 2447 760 ι
2480 718 2533 762 et
2558 726 2577 758 ¢
2604 707 3014 775 splendentiam.
3052 725 3072 759 ι
3107 710 3212 763 Aut
3235 711 3356 778 quia
3379 712 3484 767 lle-

1902 798 2029 853 brtei
2059 815 2163 854 non
2202 799 2376 853 solum
2406 798 2602 852 habent
2641 805 2808 869 ἄρθρα,
2862 798 2955 853 sed
2998 807 3052 852 et
3099 806 3355 871 πρόαρθρα,
3394 801 3485 855 ille

1901 900 2190 956 κακοζηλως,
2230 899 2284 946 et
2311 890 2546 962 syllabas
2573 889 2978 960 interpretatur,
3023 898 3078 945 et
3100 889 3309 945 litteras
3335 890 3488 945 dicit-

1903 996 2006 1051 que
2032 990 2114 1035 σὺν
2155 993 2233 1038 τόν
2261 987 2453 1053 οὐρανὸν
2498 993 2580 1037 καὶ
2609 989 2690 1035 σὺν
2731 994 2818 1040 τήν
2857 994 2964 1047 713-),
3009 980 3152 1049 quod
3199 982 3382 1036 Graeca
3433 994 3489 1037 et

1904 1070 2091 1125 Latina
2120 1072 2297 1142 lingua
2328 1073 2548 1126 omnino
2592 1086 2697 1125 non
2726 1072 2948 1141 recipit;
2994 1072 3147 1139 cujus
3191 1072 3267 1126 rei
3304 1086 3485 1126 exem-

1906 1164 2049 1233 plum
2095 1180 2163 1218 ex
2192 1172 2379 1219 nostro
2427 1178 2679 1218 sermone
2720 1178 2912 1233 capere
2945 1178 3246 1232 possumus.
3278 1164 3485 1228 Quanta

1904 1255 2047 1311 enim
2077 1256 2216 1326 apud
2239 1255 2458 1312 Graecos
2479 1257 2618 1311 bene
2645 1256 2915 1316 dicuntur.
2948 1271 3068 1326 quae
3096 1257 3140 1312 si
3164 1255 3231 1310 ad
3263 1256 3484 1311 verbum

1904 1346 2307 1410 transferamus,
2382 1347 2542 1419 317
2618 1347 2671 1402 in
2698 1347 2887 1401 Latino
2916 1363 3021 1401 non
3051 1356 3309 1403 resonant
3338 1367 3352 1402 :
3377 1358 3431 1403 et
3459 1363 3491 1401 c

1904 1440 2142 1509 regione,
2188 1455 2309 1509 que
2363 1440 2501 1510 apud
2546 1453 2644 1493 nos
2684 1441 2900 1508 piacent
2942 1439 2988 1494 si
3036 1450 3315 1495 vertantur
3337 1440 3491 1510 juxta

1904 1520 2173 1595 ordinem,
2201 1530 2341 1599 apud
2364 1530 2484 1585 illos
2509 1531 2889 1600 diSplicebunt.

1977 1622 2065 1676 l2.
2096 1621 2202 1677 Sed
2240 1632 2297 1676 ut
2327 1621 2527 1676 inﬁnita
2563 1630 2878 1691 praeteream
2901 1663 2915 1686 ,
2957 1631 3013 1678 et
3049 1622 3324 1678 ostendam
3357 1622 3449 1678 tibi
3472 1665 3490 1691 ,

1904 1713 1985 1767 vir
2012 1713 2250 1767 omnium
2288 1713 2544 1765 nobilium
2569 1714 3046 1776 Christianissime,
3074 1724 3130 1768 et
3152 1714 3490 1769 Christiano-

1903 1818 2020 1856 rum
2071 1802 2434 1866 nobilissimc,
2486 1802 2786 1872 cujusmodi
2833 1803 3078 1856 falsitatis
3128 1819 3214 1858 me
3271 1804 3323 1858 in
3370 1807 3489 1876 epi-

1901 1894 2056 1948 stolae
2089 1893 2434 1949 translatione
2465 1894 2882 1962 reprehendant,
2918 1894 3083 1962 ipsius
3111 1895 3353 1964 epistula:
3395 1912 3492 1965 pu-

1903 2001 2028 2040 nam
2055 2000 2176 2039 cum
2209 1986 2400 2040 Graeco
2425 2000 2676 2040 sermone
2702 1986 3056 2055 principium,
3086 1996 3142 2040 ut
3167 2001 3233 2042 ex
3256 2001 3362 2041 uno
3385 1988 3491 2041 cri-

1906 2078 2047 2131 mine
2070 2077 2436 2146 intelligantur
2459 2086 2511 2130 et
2533 2088 2723 2131 caetera
2743 2118 2758 2143 ,
2786 2064 2920 2130 ιξδει
2947 2085 3072 2143 ἡμᾶς
3096 2080 3313 2143 ἀγαπητὲ
3338 2092 3409 2143 μὴ
3430 2095 3491 2151 τῇ

1904 2177 2055 2227 οἰήσιι
2078 2167 2167 2219 τῶν
2190 2174 2369 2235 κλήρων
2392 2174 2597 2238 papauer,
2620 2166 2761 2235 quod
2787 2167 2858 2220 ita
2881 2182 2966 2220 me
2986 2168 3213 2221 vertisse
3234 2170 3451 2223 memini
3474 2187 3489 2224 :

1910 2276 1930 2311 ι
1958 2257 2251 2328 Oportebat
2284 2272 2402 2315 nos.
2430 2257 2813 2323 dilectissime,
2836 2257 3123 2313 clericatus
3153 2258 3357 2313 honore
3384 2276 3489 2312 nun

1904 2351 2049 2405 abuti
2073 2350 2123 2403 in
2149 2349 2477 2419 superbiam.
2500 2366 2519 2400 ›
2548 2348 2709 2413 Ecce,
2736 2350 2998 2417 inquiunt,
3028 2350 3078 2402 in
3104 2366 3210 2403 uno
3230 2350 3492 2405 versiculo

1904 2451 2103 2512 quanta
2129 2441 2429 2495 mendacia.
2462 2440 2697 2493 Primum
2725 2443 2998 2505 ἀγαπητὸς,
3027 2440 3243 2494 dilectus
3273 2451 3353 2494 est
3386 2458 3489 2493 nun

1906 2533 2282 2587 dilectissimus.
2310 2529 2511 2585 Deinde
2536 2539 2710 2595 οἴησις,
2736 2530 3002 2583 (estimatio
3032 2530 3247 2592 dicitur,
3279 2546 3383 2584 non
3407 2547 3493 2583 su-

1903 2624 2112 2694 perbia;
2157 2637 2262 2676 non
2311 2621 2457 2675 enim
2500 2619 2635 2675 dixit
2673 2629 2877 2687 οἳήματι
2926 2617 3032 2691 [al.
3069 2616 3355 2692 ozaena],
3398 2620 3490 2673 sed

1903 2720 2092 2776 οἶήσιιε
2121 2726 2350 2783 quorum
2394 2711 2623 2767 alterum
2655 2721 2933 2774 tumorem,
2963 2712 3188 2764 alterum
3228 2712 3494 2764 arbitrium

1905 2813 2079 2861 sonat.
2108 2803 2414 2871 Totumque
2440 2802 2583 2872 quod
2624 2803 2884 2871 sequitur,
2918 2819 2936 2853 ι
2966 2802 3248 2855 clericatus
3287 2800 3492 2856 honore

1906 2916 2013 2954 non
2043 2898 2187 2952 abuti
2217 2898 2267 2951 in
2301 2896 2630 2964 superbiam,
2663 2902 2808 2948 tuum
2832 2903 2932 2948 est.
2961 2893 3097 2961 Quid
3119 2894 3197 2947 ais
3224 2892 3315 2965 [aL
3337 2892 3490 2965 agis},

1906 3004 1939 3043 ο
1964 2990 2209 3044 columen
2237 2988 2540 3042 litterarum
2567 3026 2582 3050 ,
2619 2995 2672 3040 et
2704 2994 3008 3039 nostrorum
3048 2995 3342 3053 temporum
3371 2985 3493 3038 Ari-

1906 3081 2122 3139 starchc
2140 3121 2156 3147 ,
2187 3080 2277 3151 qui
2304 3078 2372 3134 de
2394 3077 2661 3133 universis
2691 3077 3040 3145 scriptoribus
3063 3076 3383 3131 sententiam
3411 3075 3492 3131 fe-

1907 3174 2029 3229 ras?
2051 3173 2192 3242 Ergo
2214 3170 2413 3226 frustra
2437 3178 2586 3223 tanto
2608 3177 2847 3238 tempore
2869 3168 3199 3233 studuimus;
3223 3177 3276 3223 et
3296 3183 3326 3221 a
3348 3182 3493 3237 srepe

1907 3279 2122 3319 manum
2152 3262 2336 3318 ferulae
2364 3259 2719 3316 subduximus
2745 3279 2765 3313 ι
2794 3259 3051 3330 (Juvenal.
3092 3259 3208 3314 Sat.
3229 3258 3294 3330 1).
3328 3258 3493 3329 Egre-

1907 3356 2113 3410 dientes
2140 3354 2208 3410 de
2250 3361 2449 3426 portu,
2481 3353 2659 3407 statim
2703 3352 3042 3422 impegimus.
3075 3352 3236 3422 Igitur
3276 3352 3400 3422 quia
3438 3362 3494 3406 et

1906 3462 2115 3503 errasse
2146 3446 2433 3500 humanum
2464 3454 2582 3509 est;
2614 3453 2667 3499 et
2692 3444 2934 3497 conﬁteri
2962 3458 3225 3509 errorem,
3255 3442 3484 3513 pruden-

1908 3541 2018 3596 tis:
2054 3550 2106 3593 tu
2133 3539 2459 3610 quicumque
2500 3536 2860 3606 reprehensor
2887 3550 2980 3600 es,
3032 3544 3087 3590 tu
3136 3550 3221 3590 me
3268 3536 3494 3589 obsecro

1906 3631 2133 3686 emenda
2183 3639 2504 3701 praeceptor,
2550 3638 2607 3684 et
2648 3628 2867 3683 verbum
2913 3628 2978 3682 de
3023 3627 3186 3682 verbo
3230 3626 3486 3697 exprime.

1909 3722 2199 3787 Debueras,
2235 3721 2440 3790 inquit,
2470 3720 2651 3773 dicere
2680 3736 2693 3771 :
2732 3736 2750 3769 ι
2782 3718 3077 3786 Oportebat
3106 3733 3233 3781 nos,
3263 3718 3456 3772 dilecte
3475 3759 3492 3785 ,

1907 3828 2013 3866 non
2043 3811 2401 3866 aestimatione
2424 3808 2751 3861 Clericorum
2776 3805 2925 3861 ferri.
2954 3824 2973 3856 ι
3007 3805 3131 3858 llaec
3152 3817 3231 3859 est
3253 3807 3492 3859 Plauti..a

1908 3902 2235 3972 eloquentia,
2262 3901 2350 3953 hic
2374 3899 2527 3966 lepos
2555 3899 2784 3959 Atticus,
2813 3905 2866 3949 et
2896 3897 3182 3958 Musarum,
3211 3905 3268 3949 ut
3285 3896 3490 3962 dicunt,

1908 3994 2121 4063 eloquio
2157 3988 2573 4061 comparandus.
2599 3988 2910 4057 Completur
2938 3989 2990 4041 iu
3018 4002 3104 4042 me
3135 3987 3317 4041 tritum
3353 3990 3491 4058 vulgi

1910 4100 2159 4139 sermone
2204 4082 2594 4153 proverbium:
2639 4079 2827 4135 Oleum
2871 4078 3044 4151 perdit
3089 4088 3143 4134 et
3185 4079 3491 4149 impensas,

1912 4176 2000 4246 qui
2043 4176 2235 4229 bovem
2278 4173 2441 4227 mittit
2468 4173 2535 4227 ad
2565 4171 2634 4245 (ε)
2679 4189 2912 4227 ceroma.
2952 4172 3074 4226 Ilaec
3106 4187 3209 4225 non
3241 4180 3325 4225 est
3354 4171 3497 4226 illius

1912 4266 2066 4336 culpa
2091 4307 2107 4331 ,
2144 4268 2296 4333 cujus
2321 4264 2421 4317 sub
2451 4279 2675 4332 persona
2705 4263 2841 4317 alius
2865 4262 2970 4333 agit
2995 4260 3367 4333 Tragoediam;
3399 4262 3496 4318 sed

1914 4354 2112 4410 Rufﬁni
2151 4365 2206 4410 et
2237 4354 2309 4426 (f)
2356 4354 2565 4408 Mclanii
2607 4353 2979 4423 magisuorum
3021 4352 3172 4423 ejus,
3217 4353 3305 4424 qui
3347 4353 3494 4408 illum

1916 4461 2106 4517 magna
2153 4446 2403 4501 mercede
2444 4444 2577 4498 nihil
2623 4446 2762 4498 scire
2807 4443 3121 4497 docuerunt.
3168 4443 3275 4497 Nec
3316 4458 3497 4513 repre-

1916 4539 2093 4598 hendo
2120 4541 2172 4594 in
2212 4539 2449 4609 quolibet
2484 4536 2789 4591 Christiano
2816 4538 3081 4591 sermonis
3113 4536 3432 4605 imperitiam
3471 4553 3485 4590 :

1976 4699 2055 4762 (ά)
2089 4692 2278 4761 Aqua-.e
2317 4697 2453 4762 locus
2495 4698 2589 4746 iste
2643 4712 2757 4762 χιςμᾳ
2798 4705 3026 4762 summa,
3072 4705 3228 4762 quem
3254 4688 3497 4762 Hiercny-

1912 4752 2229 4820 mus'carpit,
2263 4767 2340 4808 est
2378 4752 2745 4810 Deuteronﬁniii
2784 4752 2896 4820 cap.
2916 4752 2965 4804 7.
2993 4769 3039 4802 v.
3070 4752 3141 4802 l5.
3169 4752 3297 4799 alter
3326 4752 3505 4820 obvius

1914 4776 2022 4811 mus
2055 4776 2138 4810 car
2174 4776 2229 4820 ιι,
2263 4776 2340 4808 (381.
2378 4776 2745 4810 υευιυῑυυυιιιιι
2784 4776 2890 4818 cap.
2923 4776 2965 4804 ι.
2993 4776 3039 4802 V'.
3072 4776 3141 4802 ιι).
3169 4776 3288 4799 unus
3326 4776 3497 4800 uuvuta

1914 4823 2042 4873 Gen.
2068 4823 2115 4872 1.
2214 4822 2381 4872 Omen
2401 4820 2673 4883 praesertim
2699 4819 2848 4867 verba
2871 4819 3135 4883 depravati:
3164 4821 3368 4883 veteres
3393 4814 3497 4860 l‘lll-

1913 4886 1967 4944 ti,
1996 4886 2078 4933 ubi
2119 4895 2345 4943 σ-ιηλεότητι
2385 4874 2463 4931 est
2498 4894 2587 4943 pro
2628 4892 2897 4944 ηιληάπητα,
2918 4874 2970 4926 et
2994 4874 3276 4925 vocabulum
3316 4886 3451 4944 «gusti

1913 4900 1967 4944 ιι,
1996 4900 2078 4933 ιιυι
2119 4900 2345 4943 στιλϐότητι
2385 4900 2463 4931 υδι
2498 4900 2587 4943 pl‘U
2628 4900 2970 4936 ητιᾸΜπητα,υι
2997 4900 3276 4925 “mutuum
3316 4900 3502 4980 (pauper

1912 4948 2169 5010 omittitur,
2208 4953 2259 4993 et
2302 4957 2391 5010 ειμι
2423 4956 2523 5010 _pro
2559 4955 2626 4991 σὺν
2664 4941 2863 5010 legitur,
2901 4949 3060 5010 quam
3109 4936 3449 5010 VocemmAqtu
3473 4949 3504 4983 a

1915 4993 2006 5071 pro
2018 4993 2239 5055 vllelir’mo
2263 4993 2471 5053 articulo
2508 5010 2549 5054 Π
2595 4993 2769 5061 posuit.
2796 4993 3102 5047 martianteus
3136 5004 3245 5057 post
3269 4993 3505 5071 Gravium

1913 5065 2148 5133 restituit,
2175 5086 2333 5135 eaque
2355 5071 2501 5135 lectio
2512 5071 2637 5135 Mss.
2661 5081 2858 5135 quoque
2897 5065 3505 5135 nostrorutnA-auctoritalc

1914 5125 2166 5187 asseritur.
2192 5125 2420 5191 Coitsule,
2444 5135 2485 5180 si
2511 5132 2661 5191 libet,
2681 5125 2909 5191 'ejuSdem
2946 5126 3258 5176 Benedictiui
3299 5125 3510 5176 editoris

1914 5197 2291 5248 annotationem.

1978 5258 2049 5320 (e)
2082 5256 2288 5320 Ceroma
2310 5266 2406 5303 non
2431 5256 2634 5311 tantum,
2660 5258 2717 5320 ut_
2737 5252 2959 5320 Martiae.
2999 5254 3155 5320 putat,
3191 5253 3505 5320 unguentum

1914 5312 2012 5383 quo
2029 5312 2245 5383 'Athletaa
2277 5320 2604 5377 ungerentur,
2628 5314 2725 5383 sed
2742 5322 2794 5363 et
2817 5312 2973 5383 locum
3004 5312 3281 5383 ’ipsumlin‘
3298 5323 3397 5383 quo
3420 5325 3508 5383 om

1950 5383 2159 5430 ebantur
2182 5379 2255 5427 sic
2287 5373 2492 5437 vc'teres
2521 5375 2846 5437 appellabant.
2890 5374 3019 5423 Plin.
3054 5373 3136 5421 lib.
3161 5376 3242 5423 35.
3266 5373 3383 5424 αξ.
3412 5381 3507 5421 l’tr-

1950 5397 2159 5430 eoautur
2182 5397 2255 5427 Slc
2288 5397 2492 5427 veteres
2521 5397 2846 5437 appellaturus.
2891 5397 3019 5423 ru".
3054 5397 3136 5421 ιω.
3266 5397 3313 5424 υ.
3337 5397 3383 5419 ι.
3412 5397 3507 5421 νη·-

1914 5397 2106 5493 ῗωδιναε
2141 5436 2775 5502 athletaruntituagigtibus,
2799 5443 2844 5486 et
2868 5442 3119 5502 ceromata
3156 5450 3245 5487 sua
3283 5442 3508 5487 exaniat.

1918 5506 2020 5554 Imo
2040 5502 2247 5566 proprie
2262 5499 2423 5566 locum
2446 5498 2904 5566 heicfllieronymus
2927 5498 3120 5566 indicat.

1978 5561 2058 5626 (θ’
2077 5561 2272 5623 Bullini,
2302 5571 2354 5614 ct
2377 5561 2593 5626 llielauii,
2617 5576 2707 5611 seu
2731 5561 2954 5626 Melania:
2979 5563 3169 5611 nomina
3197 5561 3394 5626 penitus
3415 5571 3515 5607 non

1916 5624 2101 5677 habent
2120 5626 2218 5674 duo
2244 5626 2357 5675 Mss.
2386 5625 2557 5687 Exemj
2576 5625 2713 5675 laria.
2749 5625 3057 5688 Sequentem
3082 5638 3208 5688 vero»
3222 5624 3305 5688 fit:
3314 5625 3372 5688 iis
3394 5634 3512 5666 sen-

1919 5692 2118 5741 tcntiam
2141 5693 2344 5750 sumpsit
2366 5682 2570 5738 Hieron.
2599 5702 2659 5738 ex
2686 5682 2922 5740 Cicerone
2944 5688 3008 5737 de
3033 5686 3230 5735 Antonii
3271 5682 3511 5732 Illic-ture.
