4056 6184
608 222 710 281 579

610 347 776 407 atque
818 335 1022 390 utinam
1072 326 1399 385 Socraticum
1446 315 1572 371 illud
1634 313 1998 367 haberemus:
2040 305 2187 368 Scio,

615 401 761 500 quod
792 430 1012 489 nescio;
1043 429 1097 475 ct
1129 415 1349 472 alterius
1391 407 1648 478 sapientis
1687 401 1936 475 (Chilonis
1962 407 2020 452 ut
2046 404 2197 466 puta-

619 491 727 591 tur)
755 537 771 576 :
800 520 1047 586 Teipsum
1091 505 1350 573 intelligo.
1397 501 1762 554 VENEBATIONI
1809 491 1939 546 mihi
1984 502 2197 557 semper

620 579 722 667 fuit
749 626 855 664 non
867 579 1086 660 verbosa
1111 597 1400 657 rusticitas,
1421 592 1515 647 sed
1539 597 1722 644 sancta
1739 584 2073 654 simplicitas.
2097 579 2198 646 Qui

622 705 675 759 in
702 711 950 756 sermone
978 691 1176 747 imitari
1248 686 1412 761 318
1482 697 1541 737 se
1566 673 2200 747 dicitApostolus,prius

622 792 859 847 imitetur
879 790 1105 839 virtutes
1125 783 1179 836 in
1198 782 1305 833 vita
1323 778 1533 832 illorum
1554 774 1651 844 (a),
1664 772 1720 826 in
1741 769 1934 841 quibus
1948 762 2201 836 loquendi

619 878 1014 949 simplicitatem
1044 870 1336 928 excusabat
1364 864 1731 922 sanctimonia:
1767 858 2107 929 magnitudo;
2148 860 2204 908 et

619 948 958 1043 syllogismos
997 961 1335 1026 Aristotelis,
1381 966 1730 1024 contortaque
1764 948 2049 1021 Chrysippi
2073 959 2201 1043 aeu-

618 1034 796 1127 n'tinav,
837 1070 1124 1128 resurgens
1154 1060 1398 1109 mortuus
1426 1046 1750 1104 confutabat.
1780 1041 2043 1098 Craterum
2068 1034 2203 1092 ridi-

620 1153 801 1209 culum
818 1192 835 1216 ,
878 1151 923 1205 si
958 1148 1078 1219 quis
1103 1161 1134 1200 e
1162 1143 1318 1199 nobis
1343 1154 1566 1196 manens
1593 1138 1734 1191 inter
1759 1132 1932 1189 Crassi
1958 1142 2091 1199 opes
2110 1167 2125 1193 ,
2151 1136 2207 1181 et

623 1239 973 1309 Sardanapali
1012 1236 1262 1300 delicias,
1307 1230 1376 1287 de
1417 1229 1528 1285 sola
1577 1225 1875 1282 rusticitate
1904 1235 1964 1276 se
2000 1220 2201 1309 jactet:

622 1349 773 1399 quas:
802 1308 971 1388 enses
1002 1329 1237 1383 latrones
1258 1365 1274 1391 ,
1316 1330 1371 1377 et
1398 1320 1733 1376 diversorum
1772 1312 2060 1369 criminum
2088 1308 2201 1371 rei,

624 1424 810 1480 diserti
838 1423 944 1476 sint
969 1439 983 1474 :
1014 1428 1068 1474 et
1091 1423 1344 1472 cruentos
1369 1410 1601 1482 gladios,
1629 1403 2079 1473 PhiloSOphorum
2113 1413 2205 1453 vo-

626 1514 933 1574 luminibus,
964 1526 1026 1565 ac
1050 1524 1157 1564 non
1186 1507 1439 1562 arborum
1474 1501 1680 1556 truncis
1707 1497 1977 1553 occulant.

699 1610 790 1663 l5.
821 1604 1046 1660 Excessi
1077 1613 1383 1657 mensuram
1420 1593 1692 1665 epistolae,
1743 1588 1837 1644 sed
1868 1603 1973 1641 non
2003 1583 2209 1641 excessi

625 1697 831 1753 doloris
887 1692 1126 1748 modum.
1157 1688 1289 1743 Nam
1337 1684 1428 1755 qui
1477 1682 1721 1736 falsarius
1751 1690 1947 1741 vocor;
1980 1682 2035 1729 et
2071 1673 2211 1727 inter

630 1783 1067 1841 muliercularum
1094 1777 1276 1834 radios
1305 1782 1360 1829 et
1390 1772 1623 1828 textrina
1648 1768 1896 1831 dilanior,
1929 1772 2211 1819 contentus

631 1893 752 1933 sum
777 1876 979 1931 crimen
1005 1871 1272 1932 abnuere,
1306 1880 1411 1921 non
1443 1862 1665 1918 referre.
1697 1858 1848 1916 Unde
1872 1855 2092 1911 arbitrio
2121 1864 2213 1907 tuo

632 1974 827 2025 cuncta
856 1962 1141 2035 permitto;
1168 1968 1226 2012 ut
1250 1958 1398 2026 legas
1418 1955 1586 2024 ipsam
1608 1949 1909 2020 epistolam,
1937 1954 2043 2000 tam
2068 1941 2214 1998 Gne-

630 2072 750 2114 cam
775 2069 935 2126 quam
966 2051 1211 2117 Latinam
1237 2064 1253 2101 :
1285 2056 1341 2102 et
1369 2045 1516 2100 illico
1540 2041 1808 2110 intelliges
1841 2044 2212 2093 accusatorum

633 2125 876 2204 meorum
906 2144 1145 2209 nenias,
1177 2149 1232 2195 et
1260 2138 1549 2210 probrosas
1586 2130 1854 2204 querelas.
1891 2129 2059 2183 Porro
2085 2125 2215 2179 mihi

631 2238 832 2295 sufficit
855 2235 1086 2290 amicum
1116 2229 1442 2286 instruxisse
1460 2224 1796 2281 carissimum
1821 2238 1834 2273 :
1866 2229 1921 2275 et
1950 2220 2001 2273 in
2023 2215 2214 2273 cellula

631 2330 926 2385 latitantem
954 2324 1098 2380 diem
1122 2330 1329 2377 tantum
1356 2324 1671 2388 exspectare
1690 2311 1902 2382 judicii.
1931 2308 2176 2378 Optoque
2196 2348 2212 2372 ,

632 2422 677 2474 si
709 2419 822 2473 fieri
847 2427 1053 2487 potest,
1085 2424 1139 2469 et
1168 2414 1213 2467 si
1254 2408 1551 2465 adversarii
1581 2403 1840 2466 siverint,
1866 2399 2214 2455 Commenta-

634 2512 744 2565 rios
768 2486 943 2579 potius
964 2507 1386 2574 Scripturarum,
1405 2513 1565 2570 quam
1585 2491 1961 2551 Demosthenis
1980 2496 2039 2547 et
2057 2486 2217 2545 Tullii

637 2600 964 2670 Philippicas
996 2599 1087 2654 tibi
1120 2596 1380 2651 scribere.

976 2699 994 2718 ’
1102 2724 1426 2784 EPIS'I‘OLA
1458 2720 1615 2778 Lvnl
1648 2719 1744 2792 (ὁ).

1165 2867 1245 2915 An
1272 2859 1545 2913 Pauuutm
1574 2855 1666 2924 (c).

639 3001 899 3056 Recusans
925 2996 985 3051 ob
1021 2993 1352 3070 humilitatem
1388 2990 1729 3044 Christianam
1768 2985 1941 3040 laudes
1975 2981 2216 3048 Paulini,

707 3089 1019 3156 vicissimque
1048 3085 1224 3139 laudes
1255 3082 1489 3136 laudibus
1530 3094 1838 3149 repensans,
1880 3075 1940 3129 ob
1980 3075 2216 3143 eloquen-

707 3182 829 3234 tiam
857 3179 969 3247 ejns
1008 3186 1052 3230 et
1090 3190 1287 3228 morum
1327 3174 1668 3235 honestatem,
1702 3169 1934 3223 hortatur
1958 3167 2124 3235 ipsum
2152 3165 2219 3217 ad

707 3273 877 3328 studia
912 3270 1198 3323 divinarum
1242 3265 1582 3328 Litterarum;
1612 3275 1944 3330 normamque
1987 3256 2066 3312 illi
2105 3257 2219 3311 vita:

710 3371 883 3418 sancte
910 3376 970 3412 ac
1000 3371 1135 3411 caste
1164 3355 1461 3427 peragenda:
1485 3355 1743 3423 proponit.

714 3497 766 3550 1.
799 3494 981 3547 Bonus
1008 3490 1171 3543 homo
1209 3487 1277 3540 de
1320 3486 1461 3538 bono
1501 3483 1756 3538 thesauro
1785 3480 1963 3537 cordis
1986 3480 2067 3534 sui
2095 3494 2221 3551 pro-

645 3588 749 3641 fert
772 3596 835 3639 ea
865 3594 984 3650 qua:
1012 3579 1150 3632 bona
1181 3583 1307 3630 sunt
1333 3573 1545 3645 (Matth.
1581 3571 1708 3643 12),
1750 3582 1804 3626 et
1847 3587 1913 3625 ex
1962 3570 2219 3624 fructibus

645 3675 810 3730 arbor
836 3668 1177 3741 cognoscitur
1204 3664 1359 3735 (an.
1386 3666 1439 3718 6.
1473 3663 1587 3733 44).
1616 3661 1820 3715 Metiris
1859 3674 1959 3714 nos
2005 3660 2218 3712 virtuti-

642 3766 743 3821 bus
789 3762 926 3826 tuis,
978 3772 1034 3814 et
1074 3770 1267 3827 parvos
1319 3768 1542 3825 magnus
1587 3750 1841 3807 extollis:
1876 3749 2220 3819 ultimamque

643 3862 851 3925 partem
880 3848 1110 3906 convivii
1157 3861 1426 3916 occupas,
1476 3853 1533 3898 ut
1582 3841 1977 3914 patrisfamilias
2019 3839 2221 3909 judicio

643 3943 981 4017 proveharis.
1011 3938 1150 4006 Quid
1180 3937 1322 3993 enim
1351 3938 1402 3991 in
1431 3936 1616 4003 nobis,
1657 3943 1746 3988 aut
1770 3933 2077 4004 quantulum
2103 3941 2218 4001 est,

644 4046 703 4092 ut
743 4037 916 4091 docta“:
951 4032 1101 4086 vocis
1143 4044 1447 4084 mereamur
1484 4027 1851 4097 prmeoninm?
1880 4035 1937 4080 ut
1973 4026 2063 4080 illo
2091 4040 2218 4090 ore,

641 4142 749 4197 quo
779 4124 859 4195 (ά)
900 4121 1331 4192 religiosissimus
1362 4119 1615 4188 Princeps
1640 4118 1962 4183 defenditur,
1994 4117 2222 4173 humiles

647 4215 955 4285 modicique
994 4211 1307 4267 laudemur?
1347 4211 1465 4265 Noli
1500 4212 1676 4280 igitur,
1720 4210 1883 4265 frater
1909 4210 2218 4276 carissime,

645 4322 906 4362 annorum
935 4320 1031 4359 nos
1091 4303 1253 4375 319
1305 4303 1571 4357 mstimare
1599 4317 1825 4356 numero
1848 4318 1860 4352 :
1881 4314 1980 4355 nec
2005 4301 2221 4369 sapien-

646 4399 773 4452 tiam
803 4410 965 4451 canos
991 4404 1225 4463 reputes,
1252 4392 1346 4448 sed
1376 4408 1540 4447 canos
1568 4393 1906 4463 sapientiam,
1934 4390 2222 4445 Salomone

648 4498 878 4545 testante
905 4506 918 4542 :
942 4507 961 4539 ‹
993 4486 1121 4541 Cani
1150 4484 1376 4539 hominis
1398 4483 1678 4554 prudentia
1703 4483 1817 4552 ejus
1838 4501 1855 4532 ι
1885 4481 2038 4551 (Sap.
2064 4481 2118 4535 4.
2141 4480 2219 4552 8).

644 4582 776 4640 Nam
789 4589 842 4635 et
858 4578 1065 4648 Moyses
1080 4575 1411 4646 septuaginta
1427 4575 1776 4645 Presbyteros
1790 4572 2006 4641 jubetur
2025 4572 2224 4641 eligere

645 4671 835 4741 (Nam.
865 4670 978 4737 tl),
1007 4681 1141 4736 quos
1166 4666 1280 4734 ipse
1300 4666 1463 4720 sciret
1484 4680 1605 4720 esse
1628 4664 1971 4733 Presbyter-os
1995 4681 2009 4716 :
2043 4663 2223 4731 utique

645 4777 754 4817 non
784 4776 920 4823 mvo,
954 4758 1049 4815 sed
1075 4758 1353 4829 prudentia
1378 4755 1713 4826 iudicandos.
1747 4753 1812 4806 Et
1841 4753 2022 4806 Daniel
2052 4753 2224 4807 adhuc

649 4870 798 4923 puer,
831 4854 1103 4922 longmvos
1123 4851 1327 4919 judicat
1347 4889 1360 4910 .
1390 4859 1551 4917 atque
1578 4844 1875 4915 impudicos
1911 4858 2066 4898 senes
2095 4855 2224 4899 mtas

644 4944 841 4996 lasciva
863 4943 1204 4996 condemnat.
1235 4939 1374 5000 Noli.
1400 4938 1636 5005 inquam,
1668 4934 1825 4989 fidem
1848 4948 2070 5002 pensare
2092 4944 2225 4989 tem-

710 5077 783 5138 (a)
816 5077 1034 5142 Veteres
1058 5074 1193 5142 editi,
1223 5080 1288 5142 m_
1307 5069 1541 5142 loquendo
1562 5066 1916 5142 simplicitatem
1938 5064 2220 5127 excusabit,

650 5146 701 5187 et
717 5129 835 5185 mox
860 5133 1139 5197 cortfntabit,
1165 5136 1320 5197 magis
1339 5129 1551 5197 oratorio
1572 5143 1630 5197 ac
1648 5129 1839 5197 fortiori
1861 5140 2028 5178 sensu.

710 5198 781 5258 (ὁ)
816 5191 1043 5246 Αιὶαδίὅ.
1072 5191 1356 5258 δεινίργιιῑαη.
1382 5194 1501 5258 395,
1519 5191 1591 5241 vel
1613 5191 1823 5258 circiter.

713 5249 782 5321 ξς)
812 5258 862 5325 In
889 5258 1135 5325 plerisque
1306 5249 1605 5325 inscribitur,
1650 5250 1999 5325 Aq__l’aul_irtt_tm
2023 5249 2225 5325 Presby-

648 5313 803 5385 terum
827 5313 1543 5385 de'institiitione_('lerii_‘orum,
1585 5316 1631 5363 in
1668 5313 1777 5384 aliis
1811 5313 2003 5385 additur
2038 5318 2085 5360 et
2118 5320 2225 5380 ,Μο-

648 5380 930 5449 ttae/torum,
954 5385 998 5449 et
1021 5378 1084 5449 tle
1117 5377 1295 5448 nivium
1317 5371 1539 5449 histome
1551 5374 1937 5449 empositionibus'
1949 5371 2170 5421 diversis.

711 5432 1309 5507 (d)_lnuuitl’anegyrin.
1355 5438 1542 5486 Paulini
1593 5432 1638 5485 in
1683 5437 1873 5507 laudem
1918 5432 2228 5507 Imperatoris

648 5494 909 5567 Theodosii
930 5510 1071 5567 super
1083 5506 1099 5539 ι
1111 5494 1287 5567 'ictotia
1302 5507 1641 5567 tyrannorum,
1655 5505 1714 5567 ut_
1726 5497 1937 5558 loquitur
1951 5494 2228 5567 Gennadius

652 5568 696 5602 c.
733 5555 960 5615 48._Eam
988 5554 1118 5601 intra
1144 5559 1188 5603 in
1216 5560 1301 5605 hac
1335 5554 1504 5604 eadem
1545 5558 1747 5615 epistola
1783 5554 1951 5605 uoster
1984 5554 2225 5615 llierony-

654 5626 764 5660 mus
787 5612 1035 5662 ulurnnun
1067 5615 1242 5671 laudat,
1261 5618 1346 5663 sed
1364 5617 1546 5673 jamdiu
1568 5612 1833 5665 intercidit.

1889 187 2127 247 SANCTI
2167 180 2544 240 HIERONYSII

3785 180 3895 238 580

2302 301 2523 372 poribus
2549 316 2564 353 :
2595 311 2695 352 nec
2722 311 2809 351 me
2836 295 3033 351 ideirco
3057 293 3335 348 meliorem
3360 299 3537 363 putes,
3568 290 3716 362 quod
3745 293 3894 362 prior

2303 394 2355 446 in
2378 390 2577 446 Christi
2606 387 2840 444 exercitu
2866 384 3123 455 coeperim
3150 383 3400 438 militare.
3431 383 3631 437 Paulus
3658 383 3893 453 Aposto-

2302 486 2408 547 lus,
2435 498 2529 538 vas
2551 479 2861 545 electionis,
2893 479 2961 532 de
2987 484 3331 547 persecutore
3360 483 3621 543 mutatus,
3651 474 3890 530 novissi-

2304 591 2425 631 mus
2454 576 2505 629 in
2533 572 2740 637 ordine,
2768 570 2971 640 primus
2993 570 3048 623 in
3076 568 3281 622 meritis
3311 574 3398 621 est
3422 584 3435 620 :
3468 566 3592 635 quia
3612 572 3890 621 extremus

2306 668 2464 731 licet,
2501 666 2618 735 plus
2652 661 2905 716 omnibus
2943 658 3232 715 laboravit.
3258 657 3461 724 Judas,
3488 658 3581 728 qui
3618 657 3888 728 quondam

2304 758 2546 813 audierat
2570 770 2587 812 :
2621 774 2640 807 ι
2667 752 2747 810 Tu
2772 762 2950 808 autem
2973 751 3155 816 homo,
3179 750 3269 820 qui
3289 749 3449 804 simul
3471 763 3681 804 meeum
3705 748 3893 805 dulces

2306 850 2557 920 capiebas
2581 848 2730 903 cibos
2749 888 2764 912 ,
2806 845 2913 901 dux
2942 859 3094 900 meus
3139 851 3194 898 et
3224 851 3382 897 notus
3426 856 3614 907 meus;
3647 843 3699 896 in
3728 841 3890 896 domo

2308 943 2402 1000 Dei
2434 940 2825 995 ambulavimus
2862 951 2984 992 cum
3021 949 3275 989 consessu
3305 953 3325 987 ι
3369 930 3498 1001 (Ps.
3530 931 3621 990 54.
3651 934 3739 989 14.
3775 935 3887 1004 15).

2312 1035 2552 1107 proditor
2575 1031 2732 1086 amici
2763 1038 2819 1084 et
2837 1028 3100 1099 magistri,
3131 1025 3431 1081 Salvatoris
3455 1026 3695 1095 arguitur
3726 1040 3888 1090 voce;

2417 1124 2482 1179 Et
2512 1123 2702 1177 nodum
2727 1122 2961 1192 informis
2989 1118 3113 1173 lethi
3145 1116 3283 1170 trabe
3309 1116 3462 1170 nectit
3493 1117 3557 1170 ab
3581 1117 3710 1170 alta.

3053 1208 3289 1281 (Euam.
3326 1208 3415 1263 lib.
3441 1205 3495 1262 Χ
3500 1208 3524 1261 l
3533 1204 3607 1277 1).

2381 1306 2425 1363 E
2455 1306 2725 1363 contrario
2749 1304 2889 1358 latro
2919 1316 3131 1356 erucem
3176 1310 3347 1354 mutat
3374 1299 3652 1369 paradiso,
3683 1307 3739 1354 et
3767 1295 3889 1354 facit

2314 1398 2585 1456 homicidii
2628 1410 2843 1466 poenam
2890 1392 3228 1464 martyrium.
3264 1390 3459 1458 Quanti
3502 1389 3660 1445 hodie
3688 1390 3778 1445 diu
3810 1391 3888 1443 vi-

2315 1490 2488 1545 vendo
2522 1486 2590 1560 (e)
2621 1492 2836 1556 portant
2862 1483 3049 1538 funera
3080 1496 3199 1546 sua,
3224 1492 3280 1535 et
3304 1479 3454 1550 quasi
3478 1480 3720 1549 sepulcra
3742 1479 3888 1534 deal-

2312 1582 2434 1637 bata
2454 1622 2470 1648 ,
2507 1580 2662 1649 plena
2702 1586 2829 1633 sunt
2857 1574 3069 1631 ossibus
3099 1571 3471 1627 mortuorum?
3496 1571 3716 1628 Subitus
3743 1572 3890 1627 calor

2313 1675 2527 1744 longum
2554 1670 2717 1726 vincit
2749 1680 3015 1738 teporem.

2383 1764 2438 1818 2.
2474 1763 2710 1832 Denique
2737 1770 2793 1816 et
2819 1770 2895 1824 tu,
2924 1757 3105 1812 audita
3127 1755 3390 1811 sententia
3414 1750 3745 1809 Salvatoris:
3782 1770 3803 1804 ι
3835 1751 3891 1807 Si

2315 1857 2392 1911 vis
2426 1857 2693 1924 perfectus
2718 1865 2860 1913 esse,
2890 1848 3045 1914 vade,
3074 1857 3130 1903 et
3152 1841 3327 1901 vende
3351 1843 3529 1900 omnia
3558 1858 3676 1913 qua:
3702 1842 3889 1903 habes.

2316 1957 2371 2003 et
2408 1947 2475 2001 da
2502 1943 2860 2014 pauperibus,
2892 1949 2948 1996 et
2974 1940 3095 1995 veni
3125 1951 3350 2008 sequere
3376 1950 3464 1992 me
3492 1954 3512 1988 ι
3546 1934 3770 2007 (Mauh.
3806 1935 3889 1990 l9.

2315 2038 2442 2108 2|);
2475 2039 2633 2093 verba
2660 2035 2822 2090 vertis
2850 2034 2902 2087 in
2942 2046 3137 2103 opera,
3168 2040 3224 2085 et
3258 2028 3453 2084 nudam
3480 2042 3690 2083 crucem
3721 2026 3893 2081 nudus

2318 2143 2585 2200 sequens,
2613 2125 2912 2196 espeditior
2949 2131 3005 2179 et
3044 2121 3213 2176 levior
3241 2118 3457 2175 scandis
3486 2118 3683 2173 scalam
3703 2116 3886 2173 Jacoh.

2318 2222 2574 2278 Tunicam
2607 2228 2780 2275 mutas
2815 2231 2937 2273 cum
2982 2214 3197 2280 animo,
3246 2228 3347 2268 nec
3393 2212 3550 2282 pleno
3588 2209 3888 2278 marsupio,

2319 2314 2584 2386 gloriosas
2604 2309 2793 2365 sordes
2819 2307 3027 2379 appetis
3057 2323 3072 2360 :
3102 2304 3196 2360 sed
3225 2300 3373 2375 puris
3410 2300 3654 2357 manibus
3678 2310 3736 2355 et
3766 2315 3890 2354 can-

2319 2405 2446 2464 dido
2473 2413 2708 2476 pectore,
2744 2413 3030 2471 pauperem
3059 2405 3112 2452 te
3136 2406 3191 2451 et
3217 2395 3406 2466 spiritu
3432 2402 3487 2449 et
3505 2391 3757 2462 operibus
3784 2389 3890 2461 glo—

2321 2498 2495 2555 riaris.
2527 2494 2668 2550 Nihil
2708 2502 2791 2548 est
2818 2492 2963 2547 enim
3001 2488 3240 2561 grande,
3278 2486 3419 2542 tristi
3446 2495 3498 2541 et
3526 2484 3697 2540 lurida
3728 2484 3890 2546 facie,

2322 2588 2405 2645 vel
2432 2586 2717 2651 simulare,
2755 2582 2842 2639 vel
2882 2589 3158 2637 ostentare
3196 2577 3396 2649 jejunia
3429 2593 3444 2632 :
3496 2575 3893 2645 possessionum

2324 2678 2620 2735 redditibus
2644 2673 2937 2738 abundare,
2957 2679 3012 2727 et
3033 2670 3137 2724 vile
3158 2668 3364 2738 jactare
3396 2665 3690 2736 palliolum.
3711 2662 3897 2719 Crates

2322 2770 2413 2826 ille
2441 2767 2761 2832 Thebanus,
2791 2763 2954 2818 homo
2984 2760 3250 2831 quondam
3282 2758 3608 2822 ditissimus,
3662 2770 3784 2811 cum
3831 2755 3898 2809 ad

2323 2857 2810 2933 philosophandum
2860 2856 3098 2910 Athenas
3152 2860 3433 2923 pergeret,
3484 2864 3733 2920 magnum
3762 2849 3899 2902 lauri

2322 2952 2533 3024 pondus
2561 2949 2907 3020 abjecit;nec
2934 2946 3211 3016 putavitse
3232 2940 3390 2997 simul
3416 2954 3571 3010 posse
3591 2949 3645 2994 et
3673 2940 3900 2994 virtutes

2324 3044 2606 3100 etdivitias
2635 3039 2926 3111 possidere.
2948 3037 3054 3091 Nos
3084 3030 3526 3105 sull'arcinati.[al.
3545 3030 3901 3102 subsarcinati]

2322 3151 2477 3201 auro,
2499 3134 2770 3189 Christum
2842 3130 3005 3202 320
3078 3142 3364 3199 pauperem
3394 3126 3694 3195 sequimur;
3727 3133 3783 3178 et
3804 3124 3904 3178 sub

2323 3238 2584 3300 praetextu
2614 3227 3006 3296 eleemosynae,
3055 3222 3293 3292 pristinis
3331 3220 3523 3292 Opibus
3548 3218 3863 3273 incubantes
3885 3260 3901 3284 ,

2322 3318 2591 3391 quomodo
2622 3330 2902 3387 possumus
2941 3314 3114 3369 aliena
3142 3312 3374 3368 fideliter
3410 3310 3766 3375 distribuere,
3811 3311 3905 3381 qui

2323 3410 2431 3486 [ιιι.
2461 3408 2572 3481 cui]
2615 3418 2796 3463 nostra
2838 3406 3022 3461 timide
3065 3403 3440 3460 reservamus?
3490 3401 3684 3457 Plenus
3714 3408 3906 3455 venter

2323 3503 2478 3558 facile
2503 3498 2801 3571 dejejuniis
2820 3499 3073 3568 disputat.
3099 3496 3212 3551 Non
3236 3496 3312 3568 (l)
3333 3494 3682 3565 Jerosolymis
3708 3491 3903 3559 fuisse,

2325 3592 2419 3647 sed
2448 3590 2795 3663 .lerosolymis
2837 3589 2975 3644 bene
3019 3588 3250 3649 vixisse,
3297 3584 3617 3640 laudandum
3660 3591 3765 3638 est.
3812 3581 3906 3636 llla

2324 3680 2643 3753 expetenda,
2674 3680 2762 3735 illa
2789 3676 3050 3734 laudanda
3080 3690 3162 3733 est
3192 3675 3402 3742 civitas,
3432 3691 3536 3729 non
3566 3689 3685 3745 qua:
3710 3672 3908 3728 occidit

2325 3772 2656 3843 Prophetas,
2702 3780 2758 3828 et
2799 3770 2996 3826 Christi
3042 3769 3354 3840 sanguinem
3400 3764 3561 3831 fudit;
3610 3763 3705 3818 sed
3744 3778 3906 3833 quam

2324 3865 2560 3922 ﬂuminis
2588 3866 2817 3937 impetus
2843 3863 3076 3920 laetificat
3104 3859 3237 3934 (Ps.
3267 3861 3357 3918 45.
3385 3863 3439 3925 ις
3472 3859 3598 3914 Luc.
3630 3857 3720 3930 ll)
3748 3876 3762 3912 :
3787 3874 3909 3928 qua:

2326 3959 2378 4014 in
2402 3968 2582 4013 monte
2604 3959 2727 4021 sita,
2755 3956 2932 4011 crelari
2962 3971 3067 4009 non
3100 3962 3314 4024 potest:
3343 3966 3503 4022 quam
3529 3959 3754 4004 matrem
3784 3964 3910 4003 san-

2327 4060 2532 4106 ctorum
2571 4049 2858 4118 Apostolus
2886 4030 3125 4104 clamitat
3150 4064 3163 4098 :
3194 4046 3244 4099 in
3276 4061 3379 4116 qua
3406 4060 3466 4100 se
3491 4041 3565 4115 (ί)
3611 4042 3909 4112 municipa-

2330 4153 2438 4198 tum
2465 4158 2587 4196 cum
2604 4141 2766 4212 jnstis
2787 4141 2995 4193 laetatur
3022 4137 3239 4192 habere.

2398 4234 2452 4289 '5.
2483 4233 2663 4302 Neque
2690 4246 2814 4285 vero
2845 4231 2942 4285 hoc
2970 4228 3173 4292 dicens,
3204 4227 3576 4298 memetipsnm
3600 4227 3910 4281 inconstan-

2329 4325 2416 4379 tia:
2433 4324 2716 4394 redarguo,
2740 4322 3042 4391 damnoqne
3064 4321 3202 4390 quod
3226 4320 3360 4373 facio
3385 4338 3399 4372 :
3431 4330 3485 4373 ut
3511 4318 3700 4372 frustra
3723 4317 3911 4372 videar

2327 4416 2395 4469 ad
2436 4415 2738 4484 exemplum
2772 4413 3076 4477 Abraham,
3128 4422 3184 4466 et
3226 4426 3375 4466 meos
3422 4420 3477 4465 et
3516 4405 3739 4481 patriam
3786 4410 3913 4463 reli-

2329 4506 2507 4575 quisse
2533 4523 2545 4557 :
2576 4504 2669 4559 sed
2710 4518 2815 4557 non
2856 4503 3028 4557 audeo
3072 4500 3161 4555 Dei
3204 4502 3642 4571 omnipotentiam
3684 4509 3912 4570 angusto

2328 4595 2435 4649 fine
2466 4593 2807 4657 concludere,
2835 4606 2889 4647 et
2915 4602 3187 4646 eearctare
3214 4608 3373 4660 parvo
3396 4599 3548 4645 terra:
3576 4591 3714 4654 loco,
3748 4606 3912 4660 quem

2332 4705 2435 4743 non
2478 4688 2617 4755 capit
2662 4685 2877 4740 cmlnm.
2925 4684 3125 4754 Singuli
3169 4685 3362 4753 quique
3405 4683 3767 4764 credentium,
3804 4697 3910 4735 non

2394 4821 2463 4883 (e)
2500 4819 2762 4888 Cyprianus
2797 4818 2861 4888 de
2897 4817 3148 4888 Lapsisnet
3180 4816 3286 4888 ipsa
3319 4815 3564 4888 {intqu
3601 4815 3745 4888 lituus
3768 4822 3915 4888 tuum

2328 4878 2774 4951 portare'ccept‘sti,
2812 4887 2864 4929 et
2895 4879 3019 4941 apud
3062 4878 3290 4941 Optatum
3323 4878 3408 4927 lib.
3432 4879 3477 4926 2.
3501 4883 3677 4939 erepta:
3711 4885 3915 4940 portant

2327 4948 2499 5007 [intem
2521 4942 2781 5007 dignitatis.
2810 5002 2821 5007 Α
3312 5003 3320 5007 _
3370 5001 3406 5007 __
3710 5000 3724 5007 -
3785 5000 3799 5007 _

2382 4957 2499 4993 nera
2521 4953 2781 5005 dtgmlttlls.

2392 5006 2461 5072 (fi
2489 5000 2625 5063 Quod
2663 5002 3048 5072 invenirecerto
3070 5014 3166 5051 non
3190 5003 3346 5064 potuit
3369 5000 3762 5072 Erasrpus,_unde
3785 5000 3912 5049 hanc

2328 5061 2871 5124 hat'iSiSetseiiteiitiatii
2893 5061 3235 5124 Hieronymus,
3256 5076 3315 5111 ex
3345 5061 3547 5124 epistola
3567 5062 3625 5109 ad
3649 5061 3908 5119 Hebraeos,

2332 5137 2383 5177 et
2421 5129 2513 5175 alia
2550 5133 2606 5173 ad
2649 5123 2839 5173 Galatas
2863 5123 3017 5172 locum
3044 5122 3502 5177 indith’ictorins,
3526 5135 3673 5184 quem
3709 5122 3909 5184 Martia:

2330 5202 2468 5237 naeus
2484 5188 2733 5249 sequitur._
2750 5185 2899 5249 Nune
2910 5197 3029 5249 vero
3051 5192 3257 5249 constat_
3269 5198 3353 5249 eis
3374 5198 3435 5232 eo
3458 5182 3763 5245 expressam,
3781 5182 3908 5245 quod

2330 5250 2540 5299 habetur
2560 5244 2765 5308 cpistola
2788 5247 2848 5294 ad
2870 5245 3211 5308 Philippenses
3229 5246 3276 5292 5.
3302 5244 3377 5291 20.
3406 5244 3576 5293 nostra
3598 5251 3758 5293 autem
3797 5244 3908 5293 con-

2331 5310 2532 5360 vct'm2i0
2560 5306 2610 5357 in
2633 5306 2765 5355 cwlt‘s
2787 5314 2878 5367 est,
2902 5308 2986 5354 ubi
3012 5307 3208 5356 Grzeeus
3248 5313 3414 5367 textus
3587 5317 3656 5367 γάρ
3692 5318 3907 5365 “item.

2331 5378 2495 5421 Noster
2518 5369 2645 5419 enim
2669 5366 3006 5428 mwticipatus.
3049 5368 3166 5428 Quin
3207 5367 3360 5428 etiam
3374 5365 3707 5428 'l‘ertnllianus
3740 5369 3911 5428 reeitat

2333 5432 2417 5481 lib.
2444 5434 2681 5540 Eheuntra
2706 5425 2932 5477 Marcion.
2960 5441 3066 5489 cap.
3091 5426 3169 5475 2t.
3197 5435 3246 5475 et
3262 5426 3308 5472 2.
3333 5426 3399 5474 de
3426 5425 3709 5476 liusnrrect.
3755 5427 3915 5476 carnis

2333 5507 2434 5540 ean.
2525 5528 2536 5538 .

2330 5507 2434 5554 cap.
2458 5507 2536 5554 at.

2396 5546 2467 5614 (ι)
2506 5552 2575 5600 lix
2600 5551 2954 5614 Ciceronepro
2974 5548 3172 5598 Murena
3196 5563 3207 5596 :
3234 5547 3375 5610 paulo
3400 5554 3509 5610 post
3530 5548 3710 5599 absunt
3738 5550 3803 5599 ab
3833 5546 3915 5598 ali-

2337 5609 2459 5675 quot
2476 5613 2610 5661 libr.s
2630 5611 2715 5661 illa
2740 5609 3003 5659 laudanda.
