4056 6184
733 249 843 308 585

733 365 830 422 Sin
870 371 1048 418 autem
1075 358 1221 426 cupis
1265 367 1421 417 esse,
1465 350 1607 420 quod
1647 348 1844 403 diceris
1892 346 2214 412 Ilonachus,
2257 346 2308 399 id

749 465 853 519 est,
880 453 1047 512 solus,
1076 445 1203 515 quid
1225 444 1352 497 facis
1376 443 1428 496 in
1451 441 1691 506 urbibus,
1714 455 1834 509 qua:
1857 438 2036 508 utique
2057 451 2164 491 non
2189 443 2314 490 sunt

740 547 972 600 solorum
1006 533 1323 594 habitacula,
1342 532 1437 588 sed
1460 531 1773 586 multorum?
1795 531 1959 585 Habet
1973 527 2312 597 unumquod-

739 648 841 702 que
869 632 1195 698 propositum
1226 627 1496 696 principes
1515 640 1661 678 suos.
1701 623 1861 695 323
1899 622 2312 678 Romaniduces

735 722 1012 776 imitentur
1036 716 1312 783 Camillos,
1356 715 1630 770 Fabricios
1649 757 1666 777 ,
1697 714 1930 783 Regulos
1954 755 1969 779 ,
2012 713 2309 782 Scipiones.

735 808 1050 878 Philosophi
1094 816 1391 878 praponant
1437 807 1538 861 sibi
1571 807 1923 876 Pythagoram
1950 846 1965 871 ,
1996 805 2307 869 Socratem,

733 903 1033 965 Platonem,
1069 901 1434 954 Aristotelem.
1463 898 1642 954 Poetae
1660 899 1978 952 aemulentur
1997 897 2309 960 Homerum,

735 991 1013 1060 Virgilium
1033 1032 1046 1053 ,
1076 989 1420 1045 Menandrum
1446 1031 1461 1056 ,
1501 989 1834 1043 Terentium.
1867 988 2138 1051 Historici,
2162 986 2314 1040 Thu-

727 1082 1002 1152 cydidem,
1035 1080 1371 1145 Sallustium,
1405 1079 1760 1147 Herodotum,
1789 1079 2309 1142 Livium.0ratores,

730 1172 969 1242 Lysiam.
1000 1170 1255 1237 Graecos,
1287 1171 1700 1225 Demosthenem
1722 1211 1737 1233 ,
1769 1169 2022 1224 Tullium.
2057 1168 2125 1222 Et
2163 1177 2221 1221 ut
2243 1167 2312 1221 ad

735 1275 917 1320 nostra
962 1267 1239 1322 veniamus
1258 1307 1274 1332 ,
1305 1265 1557 1335 Episcopi
1583 1273 1638 1320 et
1663 1264 1964 1334 Presbyteri
1997 1262 2231 1316 habeant
2256 1261 2311 1315 in

739 1356 1043 1426 exemplum
1074 1356 1383 1424 Apostolos,
1414 1366 1467 1410 et
1498 1355 1835 1424 Apostolicos
1861 1354 2042 1408 viros:
2083 1366 2313 1422 quorum

731 1447 992 1501 honorem
1039 1447 1412 1515 possidentes,
1453 1445 1653 1500 habere
1683 1445 1921 1500 nitantur
1959 1454 2015 1498 et
2039 1444 2309 1497 meritum.

732 1539 840 1594 Nos
872 1549 1052 1594 autem
1085 1539 1378 1598 habeamus
1405 1536 1506 1609 [al.
1542 1536 1815 1608 habemur]
1841 1536 2108 1606 propositi.
2145 1535 2313 1589 nostri

732 1632 1004 1700 principes
1025 1667 1041 1692 ,
1072 1628 1261 1686 Paulos
1281 1638 1337 1700 et
1365 1629 1659 1690 Antonios,
1682 1629 1758 1696 (α)
1791 1626 2050 1690 Iulianos,
2079 1625 2312 1680 Hilario-

731 1736 850 1786 nes,
881 1720 1162 1776 Macarios.
1194 1719 1262 1778 Et
1304 1727 1362 1774 ut
1402 1719 1470 1774 ad
1509 1719 1901 1788 Scripturarum
1941 1718 2312 1771 auctoritatem

733 1813 993 1879 redeam,
1045 1821 1227 1866 noster
1275 1811 1526 1881 princeps
1573 1810 1756 1876 Elias,
1819 1818 2000 1865 noster
2049 1809 2310 1876 Eliszeus,

732 1903 905 1958 nostri
945 1902 1110 1958 duces
1166 1899 1263 1956 ﬁlii
1305 1901 1729 1970 Prophetarum,
1774 1901 1864 1970 qui
1905 1900 2214 1955 habitabant
2257 1901 2315 1955 in

732 1995 876 2065 agris
906 2004 961 2049 et
988 1991 1399 2056 solitudinibus,
1432 2003 1488 2048 et
1523 1992 1792 2048 faciebant
1829 1993 1931 2047 sibi
1971 1992 2314 2048 tabernacula

730 2100 897 2155 prope
921 2082 1121 2138 ﬂuenta
1143 2081 1415 2138 Iordanis.
1439 2083 1516 2138 De
1536 2083 1622 2138 his
1640 2093 1767 2138 sunt
1785 2091 1841 2139 et
1859 2084 1935 2139 illi
1956 2082 2049 2138 ﬁlii
2071 2083 2310 2150 Rechab,

728 2177 819 2246 qui
846 2175 1097 2230 vinumet
1116 2175 1342 2230 siceram
1364 2189 1470 2230 non
1492 2174 1761 2239 bibebant,
1779 2175 1871 2245 qui
1891 2175 2237 2230 morabantur
2255 2175 2313 2228 in
2372 2178 2374 2180 ’

729 2269 996 2337 tentoriis,
1027 2270 1114 2338 qui
1141 2270 1233 2328 Dei
1262 2283 1356 2338 per
1391 2268 1677 2324 Ieremiam
1717 2267 1870 2338 (Cap.
1903 2268 2010 2338 55)
2050 2281 2182 2322 voce
2199 2267 2314 2322 lau-

735 2362 952 2430 dantur,
982 2371 1036 2416 et
1062 2362 1390 2430 promittitur
1416 2363 1495 2417 eis
1514 2363 1657 2432 quod
1683 2377 1787 2416 non
1814 2362 2028 2417 deﬁciat
2053 2363 2121 2418 de
2145 2364 2312 2434 stirpe

733 2467 920 2508 eorum
949 2452 1032 2506 vir
1060 2462 1207 2510 stans
1235 2467 1418 2507 coram
1451 2452 1695 2508 Domino.
1729 2453 1839 2508 Hoc
1866 2469 1988 2508 reor
2013 2467 2066 2510 et
2092 2466 2312 2526 septua-

729 2544 919 2616 gesimi
948 2543 1144 2600 Psalmi
1191 2545 1269 2614 (ι)
1298 2546 1511 2600 titulum
1549 2546 1852 2616 signiﬁcare
1884 2565 1896 2600 :
1927 2548 2182 2603 Filiorum
2209 2549 2311 2604 Jo-

736 2635 904 2691 nadab
930 2649 949 2688 :
977 2644 1025 2689 et
1049 2650 1222 2696 eorum
1247 2636 1334 2704 qui
1362 2636 1518 2705 primi
1553 2636 1608 2690 in
1633 2639 1974 2706 captivitatem
1999 2641 2137 2694 ducti
2170 2652 2308 2696 sunt.

732 2731 841 2798 iste
870 2738 954 2786 est
982 2728 1224 2784 Ionadab
1255 2729 1393 2786 ﬁlius
1423 2729 1671 2795 Rechab,
1712 2731 1801 2799 qui
1833 2733 1884 2785 in
1914 2733 2214 2801 Regnorum
2244 2735 2310 2788 li-

729 2823 829 2876 bro
857 2820 1108 2876 scribitur
1142 2835 1360 2878 currum
1404 2823 1714 2878 ascendisse
1755 2837 1876 2878 cum
1905 2824 2024 2878 Ieu.
2060 2826 2125 2881 Et
2152 2827 2310 2896 hujus

731 2916 826 2982 ﬁlii
859 2923 1020 2982 sunt,
1046 2915 1138 2984 qui
1163 2915 1216 2972 in
1248 2915 1605 2972 tabernaculis
1628 2931 1844 2986 semper
1871 2916 2209 2984 habitantes,
2240 2919 2310 2974 ad

732 3015 1032 3064 extremum
1062 3014 1278 3076 propter
1303 3006 1656 3074 irruptionem
1696 3007 1967 3062 Chaldaici
2006 3009 2306 3076 exercitus,

732 3097 1122 3168 Icrosolymam
1151 3097 1352 3154 intrare
1376 3098 1662 3167 compulsi,
1687 3097 1822 3152 hanc
1850 3099 2004 3167 primi
2026 3099 2308 3169 captivita-

732 3199 839 3254 tem
868 3187 1187 3248 sustinuisse
1215 3187 1481 3254 dicuntur,
1515 3187 1657 3257 quod
1688 3198 1806 3257 post
1825 3189 2125 3246 solitudinis
2148 3189 2310 3245 liber-

729 3288 915 3343 tatem,
949 3278 1080 3333 urbe
1107 3279 1256 3347 quasi
1283 3293 1501 3336 carcere
1523 3288 1654 3334 sunt
1677 3280 1894 3334 reclusi.

805 3371 862 3432 6.
887 3367 1122 3432 Obsecro
1141 3369 1317 3438 itaque
1334 3379 1404 3432 te,
1429 3378 1484 3423 ut
1499 3369 1748 3438 quoniam
1766 3379 1960 3426 sancta:
1983 3372 2185 3428 sororis
2203 3379 2310 3428 tuae

744 3462 763 3538 ί
787 3459 1057 3528 Therasiae
1084 3447 1305 3530 uxoris)
1347 3460 1538 3526 ligatus
1578 3475 1637 3514 es
1677 3460 1914 3527 vinculo,
1945 3471 1998 3516 et
2024 3478 2128 3518 non
2158 3463 2312 3532 peni-

739 3561 825 3606 tus
850 3550 1098 3621 expedito
1125 3551 1302 3619 pergis
1325 3549 1522 3618 gradu,
1553 3552 1664 3605 sive
1689 3550 1776 3604 hic
1796 3591 1813 3616 ,
1847 3551 1961 3606 sive
1992 3552 2097 3620 ibi,
2130 3555 2310 3609 multi-

737 3646 948 3702 tudines
974 3644 1268 3708 hominum,
1301 3652 1354 3697 et
1377 3642 1577 3709 ofﬁcia,
1604 3651 1658 3699 ct
1685 3643 2030 3699 salutationes
2049 3685 2064 3710 ,
2093 3654 2146 3702 et
2175 3659 2307 3702 con-

735 3738 898 3804 vivia,
928 3735 1090 3794 veluti
1118 3734 1376 3805 quasdam
1403 3743 1619 3792 catenas
1649 3732 1820 3803 fugias
1851 3735 2201 3804 voluptatum.
2228 3737 2309 3795 Sit

741 3832 858 3885 vilis
888 3837 940 3884 et
968 3827 1297 3896 vespertinus
1321 3825 1469 3880 cibus
1488 3867 1503 3892 ,
1535 3825 1679 3880 olera
1709 3835 1764 3880 et
1802 3827 2068 3896 legumina
2095 3845 2108 3882 :
2137 3829 2306 3884 inter-

733 3925 971 3991 dumque
1011 3920 1293 3988 pisciculos
1333 3930 1432 3988 pro
1475 3916 1696 3971 summis
1733 3916 1901 3971 ducas
1935 3917 2160 3973 deliciis.
2205 3918 2307 3985 Qui

737 4014 1008 4067 Christum
1033 4010 1320 4072 desiderat,
1351 4016 1406 4063 et
1426 4008 1515 4062 illo
1539 4023 1673 4078 pane
1702 4007 1950 4074 vescitur,
1981 4023 2088 4064 non
2118 4010 2309 4078 quaerit

741 4116 1063 4171 magnopere
1090 4100 1156 4156 de
1183 4115 1340 4170 quain
1367 4100 1610 4170 pretiosis
1637 4100 1768 4153 cibis
1795 4109 2002 4154 stercus
2039 4100 2300 4154 conﬁciat.

741 4195 1006 4264 Quidquid
1040 4202 1157 4264 post
1183 4193 1360 4263 gulam
1390 4207 1492 4247 non
1519 4193 1762 4256 sentitur,
1794 4193 1935 4247 idem
1961 4194 2054 4248 tibi
2079 4193 2306 4264 sitquod

744 4289 894 4358 panis
924 4296 976 4339 et
1005 4285 1286 4353 legumina.
1320 4283 1494 4338 [labes
1514 4283 1766 4338 adversus
1784 4283 2119 4339 Iovinianum
2141 4285 2306 4338 libros

736 4378 804 4432 de
833 4385 1138 4444 contemptu
1165 4375 1367 4428 ventris
1396 4383 1449 4427 et
1474 4375 1698 4443 gutturis
1724 4375 1932 4444 plenius
1952 4375 2300 4430 disserentes.

731 4471 954 4539 Semper
973 4469 1022 4524 in
1041 4482 1199 4522 manu
1218 4477 1302 4521 tua
1320 4481 1466 4520 sacra
1488 4467 1743 4521 sitlectio.
1785 4467 1945 4538 32h
1983 4469 2307 4537 Frequenter

735 4559 1226 4626 nrandum,etﬂexo
1238 4572 1639 4629 corpore,mens
1655 4558 1903 4627 erigenda
1917 4557 1983 4612 ad
2002 4559 2302 4613 Dominum.

737 4656 950 4712 Crebra:
976 4654 1164 4722 vigilire
1191 4670 1205 4706 :
1241 4660 1295 4706 et
1312 4658 1497 4704 ventre
1519 4664 1683 4702 vacuo
1701 4649 1894 4716 saepius
1914 4648 2299 4704 dormiendum.

733 4749 1096 4804 Rumusculos
1146 4755 1200 4800 et
1251 4743 1504 4814 gloriolas
1554 4752 1606 4797 et
1659 4743 1933 4812 palpantes
1979 4742 2300 4808 adulatores,

733 4842 884 4914 quasi
914 4842 1094 4896 hostes
1125 4840 1264 4908 iuge.
1299 4836 1626 4907 Pauperibus
1655 4844 1708 4890 et
1738 4835 1988 4890 fratribus
2029 4835 2301 4906 refrigeria

735 4944 1041 5004 sumptuum
1079 4947 1237 4985 manu
1258 4931 1466 5000 propria
1483 4928 1758 4984 distribue.
1783 4927 1920 4983 Rara
1947 4940 2028 4984 est
2053 4929 2105 4981 in
2130 4928 2304 4986 homi-

734 5028 888 5080 nibus
917 5024 1069 5078 ﬁdes.
1101 5022 1215 5076 Non
1241 5020 1417 5074 credis
1449 5035 1633 5074 verum
1665 5033 1784 5073 esse
1826 5018 1966 5087 quod
1995 5018 2153 5072 dico?
2200 5019 2305 5074 Co-

730 5115 834 5184 gita
866 5113 1016 5167 Iudre
1045 5111 1263 5166 loculos.
1305 5109 1668 5163 Humilitatem
1690 5109 1914 5162 vestium
1939 5109 2162 5162 tumenti
2185 5109 2304 5166 ani-

671 5242 684 5249 -
731 5220 821 5259 mo
848 5220 952 5258 non
984 5211 1224 5270 appetas.
1254 5199 1602 5256 Saecularium
1624 5239 1638 5262 ,
1667 5207 1720 5253 et
1751 5198 1979 5252 maxime
2011 5199 2302 5266 potentium

798 5393 860 5457 (α)
899 5395 1022 5444 Eum
1046 5395 1367 5462 nempe,_qui
1407 5391 1776 5462 cum‘Basilissa
1817 5406 1971 5462 ultore
2008 5393 2306 5462 sanctissimo

728 5454 1049 5517 voto'curiwm
1072 5467 1206 5517 suum
1230 5454 1460 5517 uirginem
1481 5456 1667 5517 Christo
1686 5455 1925 5517 servavit,
1963 5462 2011 5504 ut
2035 5454 2100 5504 ad
2139 5458 2304 5506 decem

727 5515 882 5578 millia
926 5512 1260 5578 monachorum
1297 5512 1433 5576 pater
1473 5515 1637 5578 ﬁeret,
1676 5516 2077 5576 quemadmodum
2117 5519 2164 5565 in
2198 5520 2304 5578 ejus

726 5574 961 5623 Passione
987 5573 1222 5630 pmditum
1245 5573 1337 5624 est.

725 5633 1008 5746 ὼίίὲχῐὶυιι
1031 5630 1182 5680 habet
1200 5631 1440 5685 Hebrmus
1462 5641 1628 5684 textus
1648 5635 1778 5687 hunc
1800 5637 2009 5701 titulum,
2035 5640 2122 5691 sed
2153 5640 2303 5691 editio

2007 229 2247 287 SANCTI
2287 223 2669 285 HIERONYMI
3906 233 3996 292 {Si

2422 344 2695 403 consortia
2719 341 2917 398 devita.
2947 340 3083 408 Quid
3112 341 3206 396 tibi
3235 355 3458 397 necesse
3480 352 3567 399 est
3583 359 3649 400 ea
3671 346 3870 404 viden
3893 367 4001 410 cre-

2421 439 2590 502 brius,
2612 449 2837 504 quorum
2853 441 3178 501 comtemptu
3198 433 3489 488 Honachus
3507 450 3630 492 esse
3649 440 3898 509 cmpisti?
3913 443 3999 499 so.

2420 542 2514 584 ror
2538 526 2805 596 prtecipue
2833 533 2922 582 tua
2949 534 3310 579 matronarum
3336 524 3571 581 declinet
3597 529 3875 601 colloquia
3895 531 3994 605 [aL

2421 614 2744 688 consortia];
2792 631 2891 670 nec
2919 618 3060 670 inter
3087 616 3288 670 sericas
3321 626 3502 672 vestes
3540 628 3599 674 et
3634 636 3886 691 gemmas
3908 627 3996 681 ch.

2420 713 2848 767 cumsedentium
2873 711 3189 765 feminarum
3217 726 3278 766 se
3301 712 3652 780 sordidatam,
3685 727 3784 770 aut
3811 717 3994 788 doleat,

2419 813 2514 858 aut
2540 804 2803 857 miretur:
2850 818 2974 866 quia
3003 818 3253 857 ausim
3295 804 3558 872 propositi
3609 808 3993 878 penitentiam,

2417 897 2642 950 alterum
2668 896 2938 965 iactantia:
2964 895 3312 950 seminarium
3340 905 3443 950 est.
3470 896 3615 954 Cave
3658 915 3729 956 ne
3755 904 3912 971 quasi
3942 904 3997 956 li-

2417 985 2556 1041 delis
2583 996 2640 1040 et
2664 985 2899 1041 famosus
2928 995 3140 1041 tuorum
3170 987 3437 1056 quondam
3467 988 3838 1059 dispensator,
3865 995 3994 1048 aue.

2418 1093 2542 1133 nam
2574 1079 2852 1147 pecuniam
2877 1077 3303 1133 distribuendam
3321 1080 3576 1150 accipias.
3598 1081 3855 1154 intelligis
3878 1086 3996 1155 quid

2418 1168 2614 1236 loquar
2637 1181 2656 1230 ;
2677 1169 2823 1222 dedit
2843 1169 2986 1222 enim
3015 1168 3108 1221 tibi
3133 1168 3391 1223 Dominus
3410 1170 3463 1224 in
3489 1172 3742 1227 omnibus
3763 1174 3996 1230 intellec-

2421 1267 2555 1313 tum.
2605 1259 2812 1315 Habeto
2859 1258 3255 1328 simplicitatem
3298 1260 3592 1327 columhaa,
3631 1279 3703 1319 ne
3748 1265 3993 1336 cuiquam

2417 1349 2742 1406 machineris
2766 1351 2918 1406 dolos
2945 1369 2960 1405 :
2989 1358 3045 1404 et
3074 1352 3341 1420 serpentis
3371 1355 3645 1418 astutiam,
3679 1371 3750 1412 ne
3773 1357 3994 1413 aliorum

2415 1441 2779 1510 supplaiiteris
2810 1440 3038 1496 insidiis.
3069 1441 3183 1496 Non
3211 1457 3430 1498 κυιτωι
3460 1443 3623 1500 distat
3650 1446 3706 1500 in
3733 1448 3889 1514 vitio,
3916 1449 3995 1504 vel

2417 1531 2665 1602 decipere
2685 1547 2861 1600 posse,
2891 1533 2973 1587 vel
3002 1533 3176 1602 decipi
3201 1533 3585 1592 Christianum.
3609 1537 3784 1604 Quem
3808 1555 3992 1597 sense-

2416 1623 2493 1678 ris
2520 1624 2613 1678 tibi
2644 1633 2736 1677 aut
2757 1638 2988 1693 semper,
3021 1633 3114 1678 aut
3136 1625 3327 1681 crebro
3344 1625 3412 1682 de
3431 1628 3639 1706 numnis
3656 1630 3989 1700 loquentem,

2417 1726 2642 1784 excepta
2669 1718 3040 1788 eleemosyna,
3069 1733 3195 1787 qua:
3239 1718 3591 1775 indilierenter
3618 1723 3880 1778 omnibus
3912 1740 3988 1794 pa-

2421 1815 2519 1874 tet,
2549 1809 2850 1865 institorem
2881 1811 3056 1878 potius
3077 1810 3295 1875 habeto,
3325 1825 3482 1880 quam
3500 1811 3845 1868 Monachum.
3867 1816 3987 1872 Prn-

2421 1908 2503 1954 ter
2528 1899 2725 1954 victum
2767 1909 2822 1956 et
2850 1901 3096 1956 vestitum
3120 1941 3136 1968 ,
3179 1910 3236 1956 et
3262 1900 3572 1957 manifestas
3611 1905 3984 1973 necessitates,

2418 1993 2554 2048 nihil
2580 1993 2826 2063 cuiquam
2868 1995 3109 2050 tribuas:
3139 2009 3208 2050 ne
3237 1993 3466 2050 ﬁliorum
3495 2009 3689 2066 panem
3712 2012 3880 2054 canes
3901 2014 3984 2056 co-

2417 2085 2657 2141 medant.

2492 2176 2544 2230 7.
2581 2175 2774 2232 Verum
2813 2176 3012 2232 Christi
3059 2176 3317 2248 templum
3356 2178 3533 2234 anima
3569 2179 3846 2237 credentis
3870 2190 3983 2237 est:

2420 2268 2566 2323 illam
2593 2282 2817 2332 exorna,
2850 2269 2992 2323 illam
3021 2270 3175 2336 vesti,
3221 2269 3299 2324 illi
3341 2269 3478 2325 olet
3523 2271 3745 2327 donaria
3767 2312 3783 2339 ,
3812 2275 3865 2327 in
3905 2275 3985 2329 illa

2416 2359 2689 2415 Christum
2735 2361 2965 2430 suscipe.
3008 2376 3129 2425 ous
3169 2377 3354 2418 vrtus
3396 2372 3480 2419 est
3517 2365 3751 2433 parietes
3797 2366 3988 2436 fulgere

2415 2454 2646 2522 gemmis
2675 2463 2729 2509 et
2757 2453 3027 2509 Christum
3049 2456 3102 2510 in
3134 2472 3364 2526 paupere
3393 2457 3532 2512 fame
3559 2459 3848 2528 periclitari
3873 2460 3987 2529 (l)?

2415 2542 2532 2599 Iam
2556 2560 2661 2598 non
2692 2555 2819 2600 sunt
2847 2554 2933 2600 tua
2960 2561 3078 2616 qua:
3106 2547 3349 2616 possides
3372 2589 3388 2614 ,
3417 2548 3512 2603 sed
3537 2548 3870 2618 dispensatio
3900 2551 3988 2606 tibi

2414 2635 2617 2690 credita
2644 2645 2746 2690 est.
2771 2637 3038 2693 Memento
3058 2640 3277 2695 Anania:
3299 2650 3351 2696 et
3374 2638 3672 2710 Sapphirm.
3703 2643 3785 2698 Illi
3809 2657 3904 2698 sua
3927 2646 3986 2700 ti-

2415 2725 2559 2781 mide
2587 2739 2935 2784 servaverunt
2959 2748 2970 2782 :
3008 2739 3061 2786 tu
3086 2731 3388 2796 considera,
3419 2748 3488 2789 ne
3512 2733 3709 2789 Christi
3744 2735 3988 2800 substan-

2419 2816 2546 2871 tiam
2573 2819 2940 2888 imprudenter
2982 2821 3260 2888 eﬂ‘undas,
3293 2824 3345 2878 id
3369 2834 3487 2890 est,
3531 2839 3602 2880 ne
3643 2826 3988 2883 immoderato

2411 2908 2615 2979 judicio
2662 2927 2773 2968 rem
2825 2928 3115 2983 pauperum
3148 2915 3350 2970 tribuas
3394 2932 3498 2970 non
3543 2920 3906 2988 pauperibus,
3942 2932 3988 2975 et

2414 3001 2709 3056 secundum
2735 3002 2939 3064 dictum
2961 3005 3358 3072 prudentissimi
3386 3006 3482 3064 viri
3514 3007 3646 3077 (Cic.
3668 3010 3708 3064 Ι.
3729 3010 3786 3065 2.
3815 3011 3987 3082 Ofﬁc.)

2415 3091 2736 3150 liberalitate
2768 3095 3063 3152 liberalitas
3090 3110 3292 3166 pereat.
3323 3099 3442 3156 Noli

2483 3184 2760 3255 Bespicere
2806 3189 2875 3242 ad
2930 3190 3198 3259 phaleras,
3244 3203 3291 3246 et
3333 3195 3538 3250 nomina
3573 3212 3704 3250 vana
3721 3197 3986 3256 Catonum.
4015 3193 4028 3209 ⁸

2661 3313 2672 3336 ε
3251 3284 3272 3355 (
3297 3283 3399 3340 Per
3422 3303 3467 3342 s.
3497 3287 3656 3359 Satyr
3679 3290 3717 3346 ὅ
3735 3292 3782 3361 ).

2484 3367 2600 3440 Ego
2627 3378 2693 3436 te,
2720 3370 2926 3442 inquit,
2956 3373 3093 3430 intus
3120 3386 3168 3429 et
3209 3376 3262 3430 in
3307 3387 3421 3432 cute
3457 3380 3571 3434 novi

2999 3466 3232 3536 (Lucan.
3275 3469 3365 3524 lib.
3405 3471 3710 3529 LPharsat
3735 3476 3777 3544 ).

2488 3551 2649 3624 325
2728 3554 2864 3614 Esse
2901 3555 3264 3618 Csmsrtanuu
3298 3562 3499 3631 grande
3527 3573 3630 3631 est,
3660 3580 3770 3621 non
3805 3567 3986 3624 videri.

2415 3641 2487 3698 Et
2515 3644 2697 3700 nescio
2724 3648 2996 3717 quomodo
3020 3650 3140 3718 plus
3171 3651 3384 3720 placent
3411 3655 3632 3723 mundo,
3661 3659 3754 3725 qui
3783 3659 3988 3716 Christo

2414 3733 2698 3804 displicent
2731 3754 2745 3790 :
2774 3735 2899 3793 Haac
2929 3755 3036 3794 non
3065 3741 3202 3798 sicut
3230 3743 3398 3809 aiunt,
3427 3743 3530 3800 Sus
3547 3744 3880 3815 Minervam;
3903 3751 3989 3804 sed

2415 3825 2799 3896 ingredientem
2825 3830 3061 3900 pelagus,
3085 3831 3284 3888 amicus
3305 3835 3530 3889 amicum
3558 3839 3765 3905 monui,
3790 3842 3989 3896 malens

2414 3932 2446 3972 a
2478 3926 2529 3973 te
2556 3918 2860 3975 facultatem
2893 3938 3064 3977 meam
3097 3925 3313 3994 requiri,
3341 3941 3501 3996 quam
3530 3928 3868 3990 voluntatem
3898 3952 3912 3988 :
3940 3941 3992 3986 ut

2416 4009 2470 4066 in
2500 4026 2607 4080 quo
2636 4027 2736 4080 ego
2767 4013 2946 4082 lapsus
2973 4030 3114 4082 sum,
3147 4025 3202 4071 tu
3229 4017 3384 4073 ﬁrmo
3408 4033 3661 4090 pergeres
3685 4023 3881 4092 gradu.

2486 4101 2540 4156 8.
2571 4100 2721 4156 Liber
2759 4102 2969 4160 Paulini
2994 4123 3085 4176 pro
3124 4105 3428 4168 Theodosio.
3457 4138 3529 4150 —
3551 4111 3770 4173 Librum
3807 4123 3980 4180 tuum,

2415 4206 2569 4261 quem
2611 4208 2706 4261 pro
2753 4194 3055 4251 Theodosio
3087 4199 3326 4268 principe
3366 4201 3654 4270 prudenter
3692 4215 3991 4274 ornateque

2413 4285 2768 4351 compositum
2812 4289 3147 4344 transmisisti
3173 4333 3188 4358 ,
3214 4290 3442 4347 libenter
3467 4291 3605 4362 legi;
3637 4303 3690 4350 et
3719 4298 3990 4367 praecipue

2414 4373 2542 4426 mihi
2581 4375 2634 4428 in
2666 4391 2732 4431 eo
2775 4376 3067 4433 subdivisio
3127 4380 3343 4450 placuit.
3415 4381 3653 4454 Cumque
3698 4386 3751 4439 in
3807 4390 3993 4456 primis

2415 4467 2652 4534 partibus
2676 4468 2857 4523 vincas
2883 4469 3044 4536 alios,
3074 4471 3126 4526 in
3155 4473 3461 4540 peuultimis
3485 4475 3711 4544 teipsum
3743 4492 3993 4546 superas.

2412 4557 2516 4613 Sed
2561 4568 2613 4612 et
2637 4559 2806 4628 ipsum
2831 4576 3000 4630 genus
3026 4564 3221 4634 eloquii
3255 4581 3495 4636 pressum
3525 4577 3606 4623 est
3627 4580 3682 4624 et
3705 4571 3943 4626 nitidum
3977 4591 3989 4626 :

2412 4658 2469 4704 et
2515 4663 2638 4704 cum
2662 4649 2903 4706 Tulliana
2939 4654 3112 4710 luceat
3142 4656 3393 4724 puritate,
3421 4658 3664 4714 crebrum
3685 4664 3853 4717 estin
3873 4680 3998 4718 sen-

2414 4739 2612 4792 tentiis.
2645 4739 2794 4794 Iacet
2820 4743 2963 4797 enim
2998 4745 3076 4810 (ut
3101 4747 3174 4800 ait
3201 4746 3278 4816 (α)
3311 4749 3526 4818 quidam
3547 4749 3568 4818 )
3593 4753 3770 4804 oratio
3800 4754 3859 4808 in
3886 4769 3988 4822 qua

2415 4840 2617 4888 tantum
2647 4834 2806 4890 verba
2845 4835 3142 4892 laudantur.
3169 4837 3430 4896 Prmterea
3460 4854 3644 4908 magna
3683 4851 3774 4894 est
3802 4857 3994 4900 rerum

2413 4927 2812 4995 consequentia,
2840 4936 2894 4982 et
2921 4928 3142 4982 alterum
3167 4930 3364 4999 pendet
3400 4946 3464 4986 ex
3493 4929 3679 4984 altero.
3715 4930 3990 5004 Quidquid

2409 5019 2872 5086 assumpseris,vel
2903 5020 3020 5074 linis
3045 5022 3400 5089 superiorum,
3422 5022 3503 5079 vel
3529 5022 3738 5080 initium
3753 5039 3994 5095 sequen-

2413 5107 2543 5161 tium
2573 5117 2673 5161 est.
2705 5108 2853 5162 Felix
2881 5109 3238 5180 Theodosius,
3267 5121 3399 5182 quia
3432 5114 3520 5168 tali
3542 5113 3743 5170 Christi
3775 5127 3996 5170 oratore

2411 5198 2728 5254 defenditur.
2757 5199 3038 5256 lllustrasti
3057 5218 3316 5272 purpuras
3341 5204 3458 5274 ejus
3477 5245 3492 5271 ,
3521 5213 3575 5260 et
3595 5206 3879 5268 utilitatem
3914 5208 4000 5262 le-

2410 5307 2531 5362 gum
2561 5291 2751 5347 futuris
2785 5295 2994 5350 sarculis
3021 5296 3366 5350 consecrasti.
3400 5297 3572 5353 Macte
3605 5301 3802 5355 virtute
3847 5319 3862 5354 :
3905 5303 4000 5370 qui

2413 5383 2535 5437 talia
2569 5383 2734 5439 habes
2759 5385 3077 5454 rudimenta,
3117 5387 3288 5455 qualis
3312 5389 3633 5445 exercitatus
3662 5391 3821 5448 miles
3849 5393 4003 5449 eris!

2411 5579 2422 5590 ⁸
2473 5519 2542 5580 (c)
2578 5517 2856 5592 Quintilian.
2883 5521 3091 5592 Protem.
3117 5521 3150 5592 Ι..
3171 5522 3214 5569 8.
3235 5523 3328 5572 sub
3349 5523 3514 5592 finem,
3543 5543 3566 5572 ι
3589 5526 3694 5592 Non
3714 5528 3992 5592 intellignn

2404 5583 2576 5645 jacere
2591 5594 2774 5645 sensus
2794 5583 2845 5631 in
2869 5584 3104 5642 oratione,
3129 5584 3179 5631 in
3201 5596 3298 5645 qua
3321 5586 3471 5635 verba
3493 5588 3806 5639 laudantur.»

2499 5641 2784 5753 :geGl‘aVluS
2803 5652 2914 5696 Jant
2932 5655 3058 5696 mmo
3086 5641 3186 5694 non
3213 5641 3341 5705 Eunt,
3363 5649 3584 5709 reposito
3629 5664 3763 5704 nunc
3785 5666 3820 5705 e
3843 5660 4022 5706 vetert
