4056 6184
738 326 845 387 587

738 447 812 503 sit
836 442 986 507 illud,
1009 437 1145 508 quod
1167 447 1267 489 nec
1286 429 1468 485 oculus
1492 427 1645 493 vidit,
1668 440 1767 482 nec
1789 424 1932 480 auris
1950 424 2171 490 audivit,
2197 438 2297 478 nec

745 538 797 592 in
825 551 917 591 eor
937 527 1160 586 hominis
1185 523 1444 578 ascendit.
1473 521 1528 576 Si
1551 521 1691 575 enim
1721 520 2010 588 ignoratur,
2032 515 2300 587 quomodo

743 624 865 680 sciri
900 617 1110 690 posest?
1135 613 1286 682 Quod
1317 611 1644 681 promittitur
1683 611 1734 663 in
1762 609 1960 672 futuro,
1989 622 2096 661 non
2123 607 2302 662 cerni-

738 723 824 768 tur
846 711 897 765 in
930 704 1197 778 praesenti.
1237 722 1254 756 ι
1294 702 1429 772 Spes
1473 701 1613 755 enim
1651 714 1771 770 qua:
1807 698 2016 752 videtur
2039 738 2054 764 ,
2082 711 2190 752 non
2223 703 2306 750 est

733 815 857 872 spes
886 819 906 852 ι
940 799 1114 867 (llam.
1161 795 1213 850 8.
1243 794 1336 862 24)
1357 835 1372 858 ,
1401 792 1494 847 sed
1519 792 1627 862 jam
1655 798 1800 846 certa
1827 789 2132 858 possessio:
2172 801 2305 856 quo-

734 892 895 948 modo
941 890 986 944 si
1020 888 1150 944 velit
1175 885 1438 956 quispiam
1481 882 1661 937 dicere
1691 899 1704 935 ε
1748 880 1969 935 ostende
1999 878 2126 933 mihi
2164 875 2305 946 quod

733 982 1001 1040 invisibile
1051 990 1134 1034 est
1189 997 1204 1034 :
1255 978 1472 1047 loquere
1517 974 1659 1045 quod
1702 972 1875 1027 audiri
1923 987 2028 1025 non
2082 975 2303 1040 potest:

731 1076 895 1148 328
964 1086 1174 1142 expone
1205 1068 1344 1140 quod
1371 1066 1620 1137 cogitatio
1644 1081 1748 1118 non
1771 1061 2176 1132 comprehendit
2202 1060 2307 1114 hu-

734 1167 1059 1235 mana.Ergo
1073 1165 1172 1216 hoc
1184 1176 1344 1217 sensu
1365 1161 1403 1214 A
1414 1157 1653 1225 postolus
1669 1156 1867 1210 dixisse
1881 1153 2179 1209 credendus
2196 1161 2304 1219 est,

732 1259 876 1330 quod
899 1254 1200 1312 carnalibus
1225 1251 1414 1314 oculis,
1441 1258 1495 1304 et
1519 1263 1648 1302 aure
1664 1247 1886 1311 carnali,
1904 1254 1958 1300 et
1985 1245 2308 1314 cogitatione

733 1348 947 1404 mortali
979 1360 1088 1400 non
1115 1343 1319 1413 possint
1365 1339 1664 1410 spiritualia
1691 1335 2098 1406 comprehendi.
2136 1353 2156 1386 ι
2193 1333 2308 1388 Etsi

732 1438 875 1494 enim
903 1447 1222 1491 noveramus
1249 1431 1513 1502 quondam
1539 1429 1720 1484 Jesum
1747 1426 2039 1482 secundum
2067 1440 2305 1490 carnem,

730 1527 829 1584 sed
862 1541 1002 1582 nunc
1024 1525 1135 1596 jam
1156 1537 1263 1579 non
1290 1521 1534 1576 novimus
1557 1535 1678 1574 eum
1713 1537 1732 1571 ι
1770 1517 1846 1588 (2.
1876 1516 1995 1572 Cor.
2027 1515 2212 1584 5.16).
2243 1513 2310 1568 Et

731 1621 791 1676 in
805 1619 1022 1675 Joannis
1049 1618 1285 1688 Epistola
1311 1614 1557 1670 scribitur
1588 1629 1602 1665 :
1634 1630 1653 1663 ι
1698 1609 1986 1673 Carissimi,
2027 1621 2168 1661 nunc
2217 1605 2309 1660 lilii

733 1710 831 1767 Dei
869 1723 1072 1772 sumus,
1103 1716 1159 1762 et
1198 1704 1426 1761 necdum
1463 1701 1800 1757 manifestum
1835 1707 1918 1753 est
1957 1696 2098 1767 quod
2145 1695 2307 1749 futuri

737 1813 941 1856 sumus.
997 1797 1209 1853 Scimus
1259 1795 1400 1870 enim
1474 1793 1720 1862 quoniam
1785 1805 1905 1844 cum
1973 1788 2306 1858 apparuerit,

736 1891 937 1947 similes
986 1889 1036 1944 ei
1076 1887 1297 1952 erimus,
1351 1883 1473 1952 quia
1523 1881 1819 1936 videbimus
1865 1893 1987 1934 eum
2015 1877 2303 1932 εἱουιὶρδιι

737 1983 815 2054 (1.
843 1981 1000 2036 Ιοαη.
1029 1981 1082 2036 ὅ.
1108 1979 1188 2050 2).
1242 1977 1498 2046 Quodque
1545 1974 1835 2030 revelatum
1888 1970 1986 2025 sibi
2018 1977 2070 2023 et
2101 1967 2309 2022 Sanctis

734 2089 832 2145 per
856 2073 1098 2143 spiritum
1138 2083 1260 2123 esse
1314 2073 1538 2122 testatur
1557 2105 1571 2128 ,
1604 2079 1709 2118 non
1740 2062 1918 2116 statim
1949 2059 2190 2129 sequitur
2209 2098 2222 2122 ,
2249 2064 2310 2111 ut

733 2167 849 2236 ipse
884 2163 1001 2218 aliis
1047 2160 1380 2217 revelaverit.
1420 2156 1632 2226 Alioqui
1678 2154 1876 2209 audivit
1899 2162 1951 2210 et
1981 2153 2033 2206 in
2065 2149 2310 2221 paradiso

732 2257 894 2312 verba
949 2251 1265 2317 ineffabilia,
1314 2264 1434 2320 qua:
1495 2247 1614 2302 aliis
1678 2260 1896 2300 narrare
1954 2259 2058 2297 non
2104 2249 2311 2312 poterat

733 2347 810 2420 (2.
833 2346 951 2402 Cor.
979 2343 1068 2414 12)
1103 2361 1118 2398 :
1157 2350 1249 2398 aut
1275 2341 1322 2396 si
1361 2338 1626 2406 narravit,
1653 2350 1982 2407 nequaquam
2022 2331 2307 2389 ineffabilia

732 2446 878 2494 sunt.

802 2529 859 2584 2.
881 2526 1124 2584 Secunda
1152 2523 1384 2592 Qumstio
1414 2520 1534 2585 fuit,
1553 2519 1605 2574 in
1633 2533 1735 2588 qua
1763 2517 1896 2572 dicis
1915 2515 2109 2587 legisse
2134 2523 2186 2569 te
2213 2527 2306 2583 per

757 2620 1016 2676 ransitum
1043 2619 1094 2673 iu
1125 2614 1404 2686 Opusculis
1444 2612 1611 2678 meis,
1644 2609 1787 2680 quod
1828 2609 1947 2679 agni
1996 2610 2083 2678 qui
2114 2615 2255 2662 stant
2278 2621 2309 2660 a

744 2713 978 2778 dextris,
1010 2718 1064 2767 et
1105 2707 1242 2764 haedi
1279 2706 1368 2777 qui
1411 2713 1551 2760 stant
1576 2719 1606 2757 a
1637 2702 1867 2757 sinistris
1893 2701 1911 2769 (
1941 2699 2127 2752 Matth.
2157 2699 2227 2752 25
2248 2700 2267 2767 )
2290 2736 2307 2764 ,

733 2802 1020 2861 Christiani
1045 2801 1151 2856 sint
1177 2807 1336 2868 atque
1360 2795 1586 2868 gentiles
1615 2811 1628 2847 :
1661 2802 1717 2847 et
1749 2808 1855 2846 non
1900 2790 2074 2860 potius
2106 2789 2229 2843 boni
2256 2799 2311 2842 et

733 2893 880 2948 mali.
907 2890 1022 2946 Non
1064 2887 1281 2945 memini
1311 2900 1398 2940 me
1437 2884 1540 2940 hoc
1585 2881 1871 2952 aliquando
1913 2880 2141 2944 dixisse,
2173 2887 2227 2931 et
2265 2876 2310 2941 si

733 2983 1009 3050 dixissem,
1048 2994 1156 3036 non
1195 2991 1369 3034 essem
1412 2975 1466 3030 in
1506 2989 1689 3029 errore
1725 2971 1990 3042 pertinax.
2043 2971 2307 3037 Quantum

731 3081 910 3130 autem
936 3069 1154 3127 dictanti
1179 3067 1354 3124 subito
1379 3063 1610 3120 occurrit
1635 3103 1650 3128 ,
1693 3063 1745 3116 in
1774 3061 2007 3118 secundo
2037 3061 2307 3115 volumine

732 3175 915 3224 contra
940 3163 1276 3220 Iovinianum
1302 3174 1462 3229 super
1492 3158 1594 3212 hoc
1630 3155 1863 3225 capitulo
1899 3155 2198 3225 disputasse
2224 3169 2311 3210 me

734 3260 880 3326 novi,
919 3265 974 3313 et
1001 3271 1109 3312 non
1150 3255 1324 3310 solum
1358 3265 1519 3320 super
1549 3249 1653 3304 hoc
1672 3289 1686 3314 ,
1713 3248 1805 3303 sed
1833 3246 1975 3303 etde
2000 3263 2064 3302 eo
2088 3246 2229 3318 quod
2256 3246 2309 3300 in

735 3349 979 3408 eamdem
1005 3346 1351 3418 quaestionem
1392 3341 1555 3407 cadit,
1585 3340 1674 3395 ubi
1718 3340 1891 3409 pisces
1922 3339 2045 3392 mali
2075 3355 2105 3393 a
2153 3338 2308 3394 bonis

736 3441 974 3511 piscibus
1019 3435 1405 3506 separabuntur
1454 3431 1667 3502 (.‘lfatth.
1713 3430 1822 3500 15).
1863 3429 2015 3496 Quod
2054 3443 2181 3500 ergo
2239 3428 2312 3484 ibi

738 3530 894 3600 plene
916 3528 1114 3582 dictum
1139 3532 1239 3588 est,
1270 3537 1409 3576 nunc
1428 3520 1773 3578 omittendum
1805 3520 2028 3574 videtur.

815 3621 869 3676 3.
899 3617 1082 3672 Tertio
1116 3615 1540 3682 interrogaveras
1559 3652 1573 3677 ,
1601 3609 1742 3680 quod
1777 3610 1904 3663 dicit
1944 3610 2229 3679 Apostolus
2258 3609 2312 3665 in

737 3711 968 3768 adventu
1017 3707 1226 3762 Domini
1275 3703 1587 3765 Salvatoris,
1639 3699 1756 3769 rapi
1783 3699 2041 3769 quosdam
2073 3701 2312 3756 viventes

738 3803 950 3860 obviam
983 3800 1033 3855 in
1065 3798 1292 3854 nubibus
1315 3836 1332 3862 ,
1362 3796 1433 3849 ita
1463 3802 1518 3848 ut
1546 3808 1650 3847 non
1679 3791 2072 3861 praeveniantur
2109 3792 2175 3846 ab
2205 3791 2309 3858 his,

737 3895 827 3967 qui
877 3894 931 3949 in
963 3891 1178 3947 Christo
1215 3887 1547 3944 dormierunt
1601 3885 1678 3955 (1.
1724 3882 1904 3938 Thess.
1959 3884 2018 3954 4)
2068 3901 2082 3936 :
2128 3883 2314 3953 visque

738 4001 919 4050 nosse,
949 3994 1128 4038 utrum
1164 3982 1242 4034 sic
1280 3985 1564 4034 occurrant
1599 3975 1650 4028 in
1676 3973 1988 4043 corporibus
2014 3981 2067 4029 et
2091 3972 2184 4046 [aL
2237 3971 2311 4044 ut]

740 4093 849 4134 non
874 4084 997 4129 ante
1056 4071 1382 4130 moriantur;
1414 4083 1532 4122 cum
1566 4075 1620 4120 et
1670 4065 1923 4119 Dominus
1959 4074 2147 4119 noster
2167 4080 2312 4119 mor-

743 4177 868 4219 tuus
887 4163 975 4226 sit,
993 4169 1047 4214 et
1073 4158 1252 4212 Enoch
1280 4167 1437 4226 atque
1461 4155 1600 4209 Elias
1626 4154 1916 4209 secundum
1936 4154 2310 4224 Apocalypsim

741 4250 960 4309 Joannis
990 4248 1230 4303 morituri
1257 4263 1375 4302 esse
1395 4246 1638 4300 dicantur
1665 4243 1850 4316 (Apoc.
1892 4242 1979 4314 11)
2014 4261 2027 4297 :
2071 4260 2140 4300 ne
2165 4246 2313 4300 scili-

741 4353 826 4400 cet
851 4344 990 4398 ullus
1021 4343 1089 4396 sit
1129 4343 1218 4411 qui
1249 4355 1356 4394 non
1395 4340 1683 4408 gustaverit
1721 4346 1948 4392 mortem
1979 4335 2149 4407 (Paul.
2201 4337 2311 4409 88).

742 4437 856 4490 Hoc
883 4450 948 4488 ex
977 4433 1146 4502 ipsius
1172 4431 1274 4484 loci
1304 4430 1629 4484 continentia
1657 4429 1780 4483 sciri
1806 4437 2001 4498 potest,
2031 4428 2171 4497 quod
2193 4444 2316 4484 san-

743 4529 814 4583 cti
845 4525 936 4596 qui
987 4525 1038 4578 in
1069 4522 1297 4576 adventu
1341 4520 1632 4576 Salvatoris
1675 4518 1867 4574 l'uerint
1912 4519 2229 4590 deprehensi
2260 4521 2316 4575 in

741 4631 988 4688 corpore,
1021 4615 1072 4668 iu
1104 4611 1293 4667 iisdem
1335 4609 1653 4678 corporibus
1704 4620 1989 4664 occurrant
2017 4611 2066 4665 ei
2096 4628 2109 4664 :
2141 4612 2212 4666 ita
2239 4621 2316 4665 ta-

741 4726 866 4766 men
885 4717 945 4763 ut
965 4706 1245 4778 inglorium
1261 4714 1312 4759 et
1329 4703 1691 4770 corruptivum
1720 4709 1773 4755 et
1802 4703 2045 4769 mortale,
2075 4704 2240 4773 gloria
2259 4712 2315 4760 et

743 4802 1137 4871 incorruptione
1151 4794 1614 4852 etimmortalitate
1649 4793 1811 4864 329
1847 4793 2311 4864 mutetur(l.Cor.

744 4896 867 4963 15);
907 4901 964 4948 ut
1009 4889 1184 4960 qualia
1233 4900 1458 4957 corpora
1502 4883 1582 4954 (a)
1631 4892 1961 4938 mortuorum
2011 4879 2324 4941 surrectura.

740 4987 867 5051 sint,
917 4992 975 5038 ttt
1019 4983 1179 5038 talem
1213 4977 1564 5034 substantiam
1596 4975 1756 5030 etiam
1789 4975 2029 5031 vivorum
2088 4990 2312 5046 corpora

741 5074 1206 5132 transformentur.
1238 5069 1390 5125 Unde
1419 5067 1548 5123 dicit
1589 5066 1641 5120 in
1670 5065 1776 5120 alio
1814 5066 1934 5120 loco
1980 5066 2266 5135 Apostolus
2297 5085 2312 5122 :

745 5189 764 5222 ι
802 5169 1027 5237 Propter
1045 5163 1189 5236 quod
1216 5162 1463 5218 uolumus
1489 5159 1797 5230 exspoliari,
1817 5157 1912 5213 sed
1925 5159 2310 5228 supervestiri;

798 5325 872 5383 (a)
909 5321 1019 5373 Vox
1057 5325 1352 5372 mortuorum
1387 5318 1439 5366 in
1479 5313 1663 5377 aliquot
1701 5315 1867 5383 proba:
1905 5319 2034 5363 notae
2075 5312 2316 5383 codicibus

736 5375 1064 5439 desideratur,
1089 5393 1149 5429 ea
1171 5386 1335 5428 tamen
1370 5375 1575 5426 retenta'
1591 5384 1687 5438 est,
1704 5375 1842 5486 ’δηθά
1866 5387 1929 5423 ex
1953 5375 2175 5436 Opposito
2197 5376 2315 5423 sub-

740 5459 880 5486 Imxm
921 5443 1026 5486 voci
1049 5440 1261 5486 auarum
1282 5438 1514 5486 concinne
1537 5449 1714 5486 resnon
1751 5443 1850 5486 eat.
1887 5435 2128 5486 Caeterum
2152 5435 2315 5485 confe-

740 5459 880 5494 nexae
921 5443 1026 5492 voci
1049 5435 1261 5490 eteorum
1282 5438 1514 5488 concinne
1537 5435 1869 5498 respondeat.)
1887 5435 2128 5498 Caeterum
2152 5435 2315 5485 confe-

738 5505 920 5552 rendus
956 5504 1007 5550 in
1037 5502 1160 5550 hanc
1179 5500 1496 5562 quaestionem
1516 5495 1803 5562 Tertulliani
1827 5496 1951 5562 liber
1971 5497 2037 5544 de
2071 5495 2315 5562 Resurre-

739 5567 901 5610 otione
931 5565 1089 5621 carnis
1103 5557 1234 5621 capp
1263 5560 1342 5605 21.
1361 5567 1414 5608 et
1433 5559 1510 5621 12.
1531 5559 1588 5621 iu_
1604 5571 1828 5621 eumque
1837 5557 2089 5621 doctorum
2105 5558 2314 5621 virorum

745 5631 893 5674 notae.
922 5629 975 5666 et
997 5619 1080 5664 lib.
1106 5617 1408 5667 5.'a'dversus
1446 5617 1757 5667 Marcionem‘.
1789 5618 1913 5666 Tum
1937 5629 2056 5665 vero
2078 5619 2126 5664 in
2152 5619 2318 5674 primis

745 5692 850 5740 ipse
875 5677 1353 5740 Πίῳ-οιιςηιιιεη,ἱρῐιδει⁵
1376 5675 1580 5739 epistola
1602 5678 1660 5740 ad
1693 5677 1984 5740 Minervium
2019 5685 2085 5740 et“
2105 5675 2318 5731 Alexan-

743 5735 865 5788 r'um.
895 5748 994 5785 oua
1019 5735 1162 5783 totam
1184 5735 1507 5787 difﬁcultatem
1528 5737 1855 5786 copiosissime
1880 5738 2130 5796 expendit.

1999 309 2237 367 SANCTI
2275 302 2653 364 HIERONYMI

3888 304 3995 368 588

2404 432 2463 478 ut
2486 424 2831 478 absorbeatur
2854 421 3078 477 mortale
3107 421 3209 476 hoc
3231 434 3264 476 a
3290 417 3399 476 vita
3430 439 3450 474 ι
3474 416 3549 492 (1.
3574 419 3697 476 Cor.
3719 421 3779 478 9.
3811 423 3897 493 ι),
3925 440 3993 481 ne

2403 517 2614 570 scilicet
2629 528 2821 584 corpus
2845 515 2913 568 ab
2947 515 3124 567 anima
3154 513 3467 578 deseratur;
3501 512 3598 568 sed
3625 528 3810 568 anima
3837 516 3989 571 habi-

2407 617 2551 662 taute
2572 607 2622 660 iu
2650 621 2872 674 corpore
2893 647 2908 673 ,
2941 605 3033 659 fiat
3063 604 3325 675 inclytum
3357 605 3501 674 quod
3538 615 3666 661 ante
3697 607 3985 677 inglorium

2409 700 2522 754 fuit.
2551 701 2626 754 De
2649 699 2831 754 Enoch
2863 708 3038 752 autem
3066 707 3121 752 et
3148 697 3289 764 Elia,
3319 713 3453 768 quos
3479 707 3742 754 venturos
3769 699 3986 769 Apoca-

2406 792 2571 863 lypsis
2596 791 2761 846 refert
2803 801 2857 845 et
2893 805 3015 846 esse
3051 789 3337 845 morituros
3377 789 3574 861 (Apoc.
3604 791 3738 860 11),
3773 807 3884 846 non
3911 803 3987 848 est

2406 885 2558 939 istius
2583 883 2833 952 temporis
2859 881 3178 952 disputatio,
3208 895 3330 936 cum
3379 881 3557 936 omnis
3589 881 3679 936 ille
3711 881 3875 958 liber
3900 894 3988 938 aut

2407 976 2749 1046 spiritualiter
2778 973 3150 1044 intelligendus
3199 973 3307 1040 sit,
3349 982 3407 1027 ut
3435 987 3535 1028 nos
3574 974 3945 1029 existimamus
3969 1017 3984 1038 ,

2408 1077 2499 1121 aut
2534 1067 2579 1121 si
2607 1067 2875 1121 carnalem
2905 1065 3372 1133 inerpretatiouem
3403 1064 3712 1135 sequimur,
3750 1065 3987 1120 Judaicis

2377 1183 2382 1185 -
2410 1159 2597 1214 fabulis
2635 1156 3076 1227 acquiescendum
3107 1155 3175 1209 sit
3200 1196 3215 1220 ,
3243 1163 3302 1208 ut
3333 1168 3551 1210 rursum
3577 1153 3871 1210 aediﬁcetur
3893 1155 3984 1209 Je-

2409 1248 2677 1313 rusalem,
2724 1255 2779 1302 et
2813 1246 3001 1301 hostia:
3047 1244 3339 1300 offerantur
3387 1245 3441 1299 in
3485 1246 3742 1316 Templo;
3788 1255 3844 1302 et
3884 1247 3986 1316 spi-

2409 1339 2586 1395 rituali
2636 1338 2781 1393 cultu
2832 1337 3153 1404 imminuto,
3201 1335 3446 1392 carnales
3505 1335 3784 1392 obtineant
3811 1351 3983 1393 caere-

2409 1432 2623 1487 moniae.
3991 1429 3996 1468 ι

2478 1523 2532 1578 4.
2573 1523 2828 1590 Quartum
2849 1518 3085 1590 estquod
3108 1517 3366 1588 quaesisti,
3387 1518 3654 1589 quomodo
3679 1519 3738 1575 in
3757 1518 3981 1575 Joannis

2411 1617 2696 1686 Evangelio
2739 1624 2859 1684 post
2901 1615 3354 1670 resurrectionem
3393 1613 3596 1670 dicatur
3641 1615 3711 1671 ad
3755 1615 3983 1672 Mariam

2409 1708 2773 1778 Magdalenam
2819 1725 2832 1762 :
2885 1724 2905 1758 ι
2948 1706 3068 1761 Noli
3120 1721 3207 1762 me
3259 1716 3495 1778 tangere,
3547 1708 3786 1764 nondum
3834 1709 3979 1764 enim

2416 1799 2633 1856 ascendi
2661 1799 2728 1853 ad
2755 1799 2963 1854 Patrem
2994 1813 3169 1854 meum
3201 1818 3221 1852 ι
3272 1798 3448 1871 (Joan.
3485 1801 3575 1856 20.
3619 1802 3732 1871 17).
3762 1801 3834 1856 Et
3863 1817 3974 1858 rur-

2411 1908 2530 1948 sum
2559 1892 2612 1946 in
2641 1891 2889 1946 Matthteo
2916 1891 3170 1961 scriptum
3195 1892 3282 1957 sit,
3312 1891 3454 1962 quod
3498 1891 3565 1947 ad
3604 1893 3830 1962 vestigia
3867 1893 3974 1950 Sal-

2411 1987 2609 2041 vatoris
2663 1985 2918 2040 mulieres
2967 1985 3267 2040 corruerint
3300 1983 3512 2057 (Matth.
3545 1983 3653 2056 28)
3681 2001 3696 2046 ;
3728 1999 3851 2040 cum
3880 1986 3976 2042 uti-

2411 2093 2515 2147 que
2561 2092 2668 2132 non
2711 2077 2780 2131 sit
2821 2075 3051 2146 idipsum
3100 2084 3317 2145 tangere
3365 2083 3486 2144 post
3531 2077 3972 2132 resurrectionem

2410 2167 2573 2237 pedes
2615 2166 2751 2236 ejus,
2784 2176 2838 2221 et
2882 2181 2986 2220 non
3022 2176 3259 2236 tangere.
3306 2165 3468 2220 Maria
3515 2165 3824 2236 Magdalena
3869 2167 3974 2236 ipsa

2410 2265 2514 2325 est,
2545 2274 2574 2310 a
2605 2272 2707 2327 qua
2751 2266 2957 2326 septem
2997 2256 3262 2310 daemonia
3303 2256 3582 2326 expulerat
3611 2256 3803 2326 (Marc.
3849 2258 3973 2328 £6);

2411 2360 2468 2404 ut
2495 2349 2584 2404 ubi
2615 2348 2977 2404 abundaverat
3002 2358 3298 2418 peccatum,
3336 2347 3796 2416 superabundaret
3815 2350 3974 2418 gratia

2412 2440 2587 2512 (Rom.
2615 2439 2670 2510 5)
2698 2456 2712 2504 ;
2743 2455 2863 2509 qua:
2886 2440 3008 2509 quia
3053 2438 3335 2492 Dominum
3371 2438 3715 2492 hortulanum
3744 2438 3976 2507 putabat,

2412 2541 2466 2587 et
2490 2531 2644 2601 quasi
2672 2545 2792 2585 cum
2821 2530 3036 2585 homine
3065 2530 3398 2598 loquebatur,
3425 2538 3478 2583 et
3503 2530 3775 2598 quzerebat
3805 2531 3979 2584 viven-

2412 2632 2516 2678 tem
2547 2637 2668 2677 cum
2694 2622 2935 2686 mortuis,
2965 2632 3110 2676 recte
3135 2620 3355 2686 audivit,
3388 2640 3407 2673 ‹
3444 2621 3560 2675 Noli
3586 2636 3673 2675 me
3707 2630 3921 2692 tangere
3956 2640 3970 2672 ι

2417 2713 2596 2784 (Joan.
2626 2713 2720 2768 20.
2778 2712 2888 2782 17).
2943 2713 3009 2766 Et
3049 2722 3132 2766 est
3177 2726 3368 2766 sensus
3398 2730 3411 2765 :
3437 2711 3554 2766 Non
3591 2713 3818 2766 mereris
3856 2713 3978 2767 meis

2413 2805 2618 2862 inurere
2662 2805 2918 2875 vestigiis,
2961 2819 3060 2859 nec
3105 2803 3331 2858 adorare
3359 2804 3510 2873 quasi
3548 2803 3858 2869 Dominum,
3889 2819 3979 2859 nec

2412 2899 2530 2967 ejus
2553 2907 2735 2953 tenere
2779 2896 2964 2966 pedes,
3009 2911 3168 2966 quem
3201 2911 3305 2951 non
3351 2895 3625 2951 existimas
3659 2897 3975 2952 surrexisse.

2411 2989 2528 3044 Tibi
2557 2990 2698 3043 enim
2719 2989 2948 3044 necdum
2971 2987 3186 3043 ascendi
3209 2987 3274 3041 ad
3297 2988 3511 3043 Patrem
3535 3002 3736 3042 meum.
3765 2987 3977 3043 Caetera:

2412 3096 2541 3136 vero
2567 3080 2837 3146 mulieres,
2873 3096 2992 3151 quae
3025 3080 3188 3150 pedes
3226 3088 3468 3151 tangunt,
3503 3079 3785 3135 Dominum
3825 3080 3980 3135 eonﬁ-

2413 3181 2610 3238 tentur,
2658 3181 2712 3228 et
2743 3181 3018 3228 merentur
3042 3173 3158 3241 ejus
3188 3170 3397 3226 hzerere
3435 3171 3696 3242 vestigiis,
3726 3186 3884 3241 quem
3920 3171 3979 3226 ad

2415 3267 2624 3321 Patrem
2669 3264 2974 3319 ascendisse
3001 3262 3299 3320 confidunt.
3330 3262 3642 3332 Quanquam
3662 3263 3873 3317 etiamsi
3898 3276 3980 3315 ea-

2413 3357 2532 3412 dem
2564 3357 2755 3411 mulier
2784 3355 3009 3410 diversis
3036 3354 3090 3409 in
3117 3354 3424 3424 Evangeliis
3451 3363 3506 3409 et
3533 3355 3771 3408 tenuisse
3801 3353 3976 3422 pedes,

2413 3457 2470 3503 et
2513 3462 2621 3502 non
2670 3448 2906 3502 tenuisse
2959 3446 3239 3512 referatur,
3284 3443 3454 3499 facilis
3497 3444 3691 3499 solutio
3735 3445 3827 3511 sit,
3867 3459 3977 3499 cum

2414 3539 2646 3609 potuerit
2689 3537 2880 3607 corrigi
2930 3536 3157 3607 primum
3201 3537 3353 3608 quasi
3394 3534 3684 3598 incredula,
3717 3545 3771 3590 et
3803 3547 3976 3604 postea

2415 3645 2520 3684 non
2546 3628 2750 3698 repelli,
2777 3627 2926 3698 quasi
2955 3643 3017 3683 ea
3044 3642 3162 3697 qua:
3191 3642 3428 3682 errorem
3449 3625 3790 3680 confessione
3816 3635 3980 3680 muta-

2414 3730 2586 3785 verat,
2627 3719 2768 3789 quod
2805 3728 2860 3773 et
2895 3719 2963 3774 de
3007 3718 3303 3773 latronibus
3345 3717 3567 3787 intelligi
3598 3725 3815 3786 potest,
3866 3732 3980 3772 cum

2414 3814 2551 3868 alius
2585 3813 2917 3884 Evangelista
2949 3822 3234 3882 utrumque
3259 3811 3677 3880 blaSphemasse,
3709 3811 3847 3865 alius
3869 3827 3983 3864 nar-

2416 3915 2499 3959 ret
2526 3905 2750 3959 alterum
2777 3920 2897 3960 esse
2925 3903 3226 3959 confessum
3250 3902 3462 3971 (Matth.
3491 3903 3580 3967 27;
3610 3911 3656 3955 et
3679 3900 3849 3956 Marc.
3876 3903 3981 3972 l5).

2487 3994 2808 4050 5.Extrema
2832 3993 3078 4050 scltedula
3097 3994 3423 4057 continebat,
3456 4002 3631 4046 utrum
3670 3992 3834 4062 33o
3873 4001 3985 4057 post

2419 4087 2886 4150 resurrectionem,
2910 4085 3258 4156 quadraginta
3279 4084 3468 4140 diebus
3493 4084 3746 4138 Dominus
3766 4098 3887 4137 cum
3907 4083 3984 4136 di-

2419 4178 2653 4246 scipulus
2681 4184 3024 4230 conversatus
3055 4175 3123 4229 sit
3148 4173 3294 4245 (Lac.
3321 4174 3412 4245 23)
3437 4191 3451 4239 ;
3476 4183 3809 4242 etnunquam
3839 4171 3984 4245 [τοι-ι.

2419 4265 2686 4338 nunquid]
2735 4267 2860 4322 alibi
2888 4265 3079 4320 fuerit?
3107 4281 3173 4320 an
3212 4266 3438 4320 latenter
3479 4265 3544 4319 ad
3575 4264 3767 4319 coelum
3797 4279 3984 4318 ascen-

2420 4359 2575 4424 derit,
2625 4367 2782 4430 atque
2827 4358 3181 4422 descenderit,
3231 4364 3285 4412 et
3329 4355 3673 4411 nihilominus
3718 4355 3986 4424 Apostolis

2419 4468 2568 4507 suam
2595 4452 2930 4523 praesentiam
2963 4466 3068 4504 non
3108 4448 3350 4519 negarit?
3376 4445 3430 4502 Si
3459 4447 3739 4502 Dominum
3772 4447 3867 4502 Dei
3900 4446 3988 4499 Fi-

2419 4545 2546 4598 lium
2575 4543 2903 4608 consideres,
2931 4542 2998 4596 de
3026 4556 3131 4612 quo
3160 4555 3338 4595 sermo
3365 4548 3467 4605 est,
3498 4549 3553 4594 ct
3576 4539 3721 4593 illum
3753 4553 3879 4593 esse
3905 4538 3990 4608 qui

2417 4634 2652 4705 loquitur
2683 4651 2696 4688 :
2732 4651 2751 4684 t
2786 4633 2971 4688 Nonne
2995 4632 3187 4687 coelum
3212 4639 3267 4687 et
3294 4639 3489 4687 terram
3517 4644 3615 4700 ego
3641 4629 3992 4700 repleo,dicit

2421 4726 2675 4782 Dominus
2710 4743 2730 4777 ι
2762 4725 2977 4795 (Jerem.
3009 4723 3099 4778 25.
3123 4723 3240 4794 21),
3268 4733 3321 4778 et
3347 4723 3414 4778 de
3435 4736 3539 4792 quo
3558 4722 3692 4775 alius
3722 4719 3989 4790 Propheta

2419 4828 2644 4874 testatur
2677 4836 2689 4873 :
2728 4835 2747 4868 ι
2784 4815 2990 4872 Caelum
3038 4815 3169 4869 mihi
3210 4815 3434 4869 thronus
3477 4823 3578 4878 est,
3624 4820 3766 4864 terra
3811 4822 3988 4866 autem

2418 4910 2706 4966 scabellum
2739 4908 2934 4980 pedum
2971 4920 3208 4961 meorum
3248 4924 3267 4957 ι
3314 4903 3464 4978 (Isai.
3509 4901 3598 4958 66.
3639 4901 3735 4970 l);
3770 4909 3834 4957 et
3874 4917 3991 4957 rur-

2419 5017 2535 5057 sum
2560 5001 2685 5056 alihi
2716 5019 2730 5054 :
2767 5019 2785 5053 ι
2817 5000 2917 5067 Qui
2949 5007 3094 5054 tenet
3127 4997 3321 5053 coelum
3365 4996 3538 5068 palmo
3576 5001 3632 5050 et
3661 5002 3863 5049 terram
3899 5009 3992 5063 pu-

2417 5095 2546 5166 gillo
2573 5113 2592 5146 ›
2624 5092 2789 5163 (Ibid.
2819 5092 2908 5148 40.
2942 5090 3055 5162 12),
3083 5091 3150 5146 de
3174 5105 3280 5161 quo
3302 5088 3466 5144 David
3492 5087 3633 5143 canit
3665 5104 3676 5138 :
3711 5103 3730 5136 t
3766 5084 3887 5152 Quo
3911 5087 3993 5139 ibo

2419 5201 2450 5241 a
2478 5186 2663 5256 spiritu
2696 5194 2819 5249 tuo;
2846 5192 2900 5239 et
2926 5198 2957 5237 a
3004 5182 3137 5238 facie
3177 5191 3266 5236 tua
3304 5194 3409 5250 quo
3439 5177 3674 5250 fugiam?
3704 5174 3760 5231 Si
3799 5192 3989 5232 ascen-

2418 5279 2550 5334 dero
2575 5279 2628 5332 in
2648 5276 2863 5342 caelum,
2894 5284 2952 5330 tu
2979 5274 3050 5329 ibi
3072 5290 3168 5340 es;
3202 5275 3248 5328 si
3267 5270 3597 5328 descendero
3617 5270 3683 5324 ad
3704 5268 3994 5330 infernum,

2418 5370 2546 5426 ades
2577 5388 2591 5425 :
2625 5369 2694 5424 Et
2734 5370 2780 5424 si
2816 5367 3127 5424 habitavere
3169 5367 3224 5421 in
3265 5363 3522 5419 extremis
3560 5361 3763 5425 maris;
3795 5359 3994 5414 etenim

2421 5463 2494 5519 ibi
2523 5476 2711 5518 manus
2739 5470 2823 5516 tua
2861 5459 3087 5515 deducet
3114 5471 3218 5522 me,
3251 5463 3306 5512 et
3333 5453 3626 5509 continebit
3655 5466 3741 5506 me
3778 5449 3995 5504 dextera

2420 5562 2510 5609 tua
2546 5571 2566 5606 ι
2603 5552 2720 5623 (Ps.
2751 5550 2874 5606 l38.
2907 5550 2962 5604 7.
3007 5559 3055 5604 et
3095 5547 3283 5618 δείνῳ),
3309 5544 3549 5617 profecto
3593 5559 3699 5598 non
3737 5541 3996 5612 ambiges,

2420 5645 2580 5700 etiam
2625 5650 2750 5698 ante
2787 5639 3236 5696 resurrectionem
3265 5637 3344 5692 sic
3373 5637 3426 5690 in
3457 5633 3735 5690 Dominico
3767 5645 4000 5702 corpore

2422 5738 2688 5794 habitasse
2715 5735 2881 5790 Deum
2906 5729 3152 5800 verbum,
3175 5737 3233 5786 ut
3258 5737 3312 5786 et
3339 5729 3393 5784 in
3414 5727 3570 5784 Patre
3592 5733 3760 5814 esset,
3791 5733 3850 5781 et
3880 5723 4000 5780 εωιι
