4056 6184
65 387 168 444 589

64 499 338 556 circulum
361 498 647 562 clauderet,
677 503 831 566 atque
855 495 907 549 iu
937 493 1186 548 omnibus
1212 490 1304 563 [al.
1335 489 1641 561 hominibus]

67 594 283 648 infusus
310 601 458 647 esset
482 600 534 645 et
557 587 926 651 circumfusus,
957 586 1012 640 id
1045 595 1146 652 est,
1174 594 1232 639 ut
1259 593 1448 639 cuncta
1481 597 1644 652 pene-

67 695 240 740 traret
273 685 355 755 (a)
379 683 613 746 interior,
639 688 693 736 et
716 680 1012 735 contineret
1035 677 1291 732 exterior.
1313 676 1543 731 Stultum
1564 681 1648 729 est

68 777 230 846 igitur
289 775 438 828 illius
489 773 776 841 potentiam
825 772 983 824 unius
1034 766 1336 838 corpusculi
1390 765 1648 834 parvitate

69 869 223 920 linire
250 863 324 937 [al
397 862 576 935 ﬁniri],
604 878 760 931 quem
805 876 910 916 non
955 861 1096 930 capit
1122 859 1315 914 ccelum
1349 865 1445 910 :et
1471 864 1646 910 tamen

67 959 156 1028 qui
183 957 386 1025 ubique
417 964 550 1017 erat,
581 955 741 1008 etiam
789 955 840 1008 in
890 953 1023 1006 Filio
1065 952 1297 1006 hominis
1339 957 1481 1003 totus
1511 958 1643 1002 erat.

68 1047 260 1102 Divina
291 1047 497 1116 quippe
524 1054 736 1109 natura,
767 1052 823 1098 et
850 1043 940 1097 Dei
983 1056 1160 1098 sermo
1189 1042 1240 1095 in
1273 1049 1449 1110 partes
1479 1041 1646 1094 secarl

66 1154 171 1194 non
213 1146 422 1208 potest,
470 1150 570 1191 nec
607 1135 740 1189 locis
780 1133 987 1187 dividi:
1019 1134 1111 1187 sed
1150 1147 1270 1187 cum
1320 1132 1516 1200 ubique
1554 1131 1642 1195 sit,

69 1239 207 1285 totus
235 1228 447 1297 ubique
476 1234 575 1281 est.
603 1226 733 1280 Erat
773 1224 930 1293 igitur
955 1238 1061 1276 uno
1087 1221 1382 1290 eodemque
1409 1231 1648 1286 tempore

65 1331 266 1376 etcum
297 1317 577 1387 Apostolis
609 1314 954 1385 quadraginta
991 1313 1200 1378 diebus,
1229 1320 1283 1365 et
1309 1325 1429 1364 cum
1469 1309 1647 1376 Ange-

63 1409 143 1473 lis,
177 1417 237 1461 et
267 1408 328 1460 in
357 1407 537 1470 Patre,
562 1415 616 1459 et
641 1405 692 1457 iu
721 1403 974 1458 extremis
999 1402 1161 1455 maris
1192 1399 1384 1453 ﬁnibus
1411 1405 1524 1451 erat
1548 1413 1562 1461 ;
1594 1397 1645 1450 in

64 1497 322 1553 omnibus
355 1495 492 1550 locis
519 1493 828 1549 versabatur
852 1512 864 1546 :
889 1507 1006 1547 cum
1034 1491 1234 1545 Thema
1262 1490 1312 1541 in
1332 1487 1498 1549 India,
1526 1500 1646 1540 cum

65 1589 223 1644 Petro
274 1587 492 1650 Romae,
537 1599 656 1638 cum
703 1585 865 1638 Paulo
916 1584 966 1636 in
1007 1582 1235 1652 lllyrico,
1274 1594 1395 1634 cum
1440 1577 1562 1632 Tito
1587 1577 1642 1630 in

66 1677 245 1742 Creta,
272 1690 403 1730 cum
430 1673 642 1728 Andrea
671 1674 725 1728 in
763 1673 984 1738 Achaia,
1013 1686 1134 1725 cum
1164 1669 1389 1739 singulis
1418 1669 1646 1738 Apostoo

68 1773 134 1827 lis
159 1777 212 1825 et
240 1764 575 1838 Apostolicis
604 1763 753 1828 viris,
785 1765 834 1816 in
867 1762 1088 1831 singulis
1120 1760 1431 1828 cunctisque
1467 1756 1644 1826 regio-

69 1862 243 1918 nibus.
285 1856 447 1924 Quod
496 1864 672 1910 autem
715 1854 908 1908 dicitur
947 1851 1201 1920 quosdam
1249 1848 1517 1911 deserere,
1559 1845 1644 1900 vel

71 1969 175 2008 non
219 1951 498 2011 deserere,
538 1960 644 2000 non
682 1952 884 1998 naturae
927 1943 1066 1997 illius
1101 1941 1357 1994 terminus
1390 1940 1641 2008 ponitur;

69 2042 158 2098 sed
186 2055 374 2096 eorum
407 2036 598 2106 merita
626 2034 1019 2097 describuntur,
1051 2031 1190 2101 apud
1220 2043 1356 2101 quos
1385 2042 1527 2094 esse,
1556 2026 1642 2082 vel

73 2146 173 2188 non
199 2145 319 2187 esse
343 2129 596 2201 dignatur
618 2124 711 2197 [al.
743 2121 1088 2195 dedignatur].

444 2264 602 2335 331
677 2260 1006 2317 EPISTOLA
1037 2259 1128 2313 LX
1168 2258 1262 2328 (b).

620 2389 688 2428 AD
723 2386 1077 2427 HELIODORUM.

522 2485 856 2557 Epitaphium
897 2483 1172 2553 Nepotiani

72 2625 234 2695 Super
286 2620 571 2692 Nepotiani
611 2618 901 2688 Presbyteri
937 2625 1114 2680 morte,
1162 2614 1494 2668 Heliodorum
1531 2615 1640 2683 ejus

137 2714 441 2768 avunculum
471 2711 776 2764 Altinensem
802 2707 1113 2778 Episcopum
1132 2706 1455 2770 consolatur;
1484 2714 1644 2759 osten-

136 2804 304 2872 ditque
343 2811 565 2856 mortem
607 2816 707 2854 non
745 2815 851 2853 esse
893 2799 1184 2862 timendam,
1232 2813 1344 2867 quae
1383 2813 1414 2849 α
1441 2795 1641 2851 Christo

106 2894 325 2962 devicta
369 2895 433 2948 sit
463 2907 484 2956 ;
522 2901 624 2944 tum
651 2890 821 2943 multis
852 2888 1123 2959 propositis
1167 2897 1384 2941 veterum
1426 2886 1642 2939 ethnico—

137 3003 244 3040 rum
267 2984 540 3055 exemplis,
574 2981 857 3050 Nepotiani
890 2980 1066 3034 laudes
1094 2979 1334 3048 explicat,
1369 2987 1415 3030 et
1441 2977 1641 3030 demum

138 3092 198 3129 ea:
223 3092 396 3130 eorum
437 3084 721 3142 temporum
750 3069 1122 3125 calamitatibus
1164 3069 1232 3121 ad
1269 3067 1384 3122 vitta
1416 3077 1641 3121 contem-

139 3176 274 3235 ptum
305 3166 563 3219 hortatur.

140 3280 188 3333 l.
228 3277 480 3335 Grandes
513 3261 763 3328 materias
804 3271 1015 3341 ingenia
1056 3284 1213 3340 parva
1245 3284 1350 3324 non
1379 3268 1640 3325 suﬂ‘erunt

77 3367 162 3440 [al.
212 3363 514 3436 sustinent],
555 3373 607 3418 et
650 3363 705 3417 in
746 3362 862 3432 ipso
899 3367 1092 3416 conatu
1132 3359 1270 3415 ultra
1315 3360 1457 3414 vires
1487 3375 1636 3427 ausa,

77 3457 424 3514 succumbunt
452 3469 467 3508 :
495 3462 800 3524 quantoque
840 3451 1012 3522 majus
1047 3451 1229 3517 fuerit,
1277 3449 1417 3520 quod
1459 3451 1640 3506 dicen-

78 3547 192 3600 dum
222 3557 325 3613 est,
372 3552 523 3600 tanto
561 3544 729 3613 magis
771 3543 1034 3610 obruitur,
1086 3543 1177 3612 qui
1219 3541 1637 3612 magnitudinem

76 3637 147 3690 rei
183 3635 360 3691 verbis
403 3650 508 3690 non
547 3641 722 3704 potest
764 3631 1051 3702 explicare.
1093 3631 1417 3701 Nepotianus
1460 3647 1634 3694 meus,

80 3736 191 3780 tuus
217 3767 232 3792 ,
258 3733 480 3790 noster,
509 3725 615 3779 imo
665 3723 884 3788 Christi,
923 3731 978 3776 et
1022 3722 1143 3790 quia
1182 3719 1399 3787 Christi,
1440 3721 1638 3776 idcirco

80 3818 190 3884 plus
217 3828 424 3882 noster,
465 3817 680 3886 reliquit
711 3829 888 3876 senes,
915 3814 1167 3868 desiderii
1196 3814 1276 3868 sui
1305 3814 1479 3882 jaculo
1516 3814 1637 3868 vul-

80 3918 302 3973 neratos,
327 3916 382 3962 et
406 3905 732 3961 intolerabili
761 3905 945 3958 dolore
973 3904 1242 3958 coniectos
1265 3902 1356 3973 [al.
1380 3903 1635 3975 confecit].

79 3995 237 4060 Quem
267 3995 537 4050 haeredem
565 3994 886 4063 putavimus,
924 3991 1080 4045 funus
1112 4001 1373 4045 tenemus.
1410 3990 1504 4045 Cui
1527 3994 1637 4061 jam

81 4101 248 4142 meum
297 4085 512 4140 sudabit
557 4082 977 4153 ingenium?cui
1021 4081 1272 4134 litterulae
1295 4081 1505 4149 placere
1543 4097 1638 4150 ge-

82 4175 266 4232 stient?
296 4174 395 4231 Ubi
425 4181 509 4229 est
547 4173 638 4228 ille
665 4171 737 4243 (ε)
771 4175 1076 4242 ἐργοδιώκτης
1115 4177 1316 4236 noster,
1346 4179 1400 4224 et
1438 4183 1640 4239 cygneo

629 4331 796 4385 traret,
820 4323 1054 4383 introiret,
1073 4327 1118 4372 et
1139 4320 1415 4371 contineret.

163 4385 209 4453 lt)
242 4390 367 4453 4lias
386 4392 436 4440 5.
460 4385 655 4453 scripta
665 4387 785 4453 init._
799 4400 878 4453 an.
901 4385 1012 4453 596:

148 4442 212 4514 (cf)
245 4450 323 4500 Sic
360 4442 576 4514 quidem:
597 4450 714 4498 editi
740 4447 974 4514 plerique
996 4445 1178 4514 habent
1216 4451 1472 4514 maguum,
1495 4442 1541 4491 id
1563 4450 1641 4492 est

90 4505 278 4573 iustiior,
303 4505 408 4561 sive
427 4510 655 4573 impulsor
677 4505 858 4573 operis,
871 4505 1042 4556 atMss.
1063 4512 1119 4554 ut
1134 4517 1268 4565 stepe
1285 4505 1478 4573 Graecas
1492 4517 1639 4573 voces

90 4564 286 4634 legendo
307 4564 592 4634 depravént,
621 4564 742 4634 hei'c
781 4564 941 4618 tamen
985 4564 1308 4634 ιεειεςιόςηςθῆει
1332 4572 1498 4634 insdias]?
1519 4566 1639 4634 reti-

92 4626 219 4694 nent,
243 4632 334 4680 imo
353 4626 542 4694 quidam
565 4626 802 4694 antiquior
818 4665 831 4689 ,
856 4635 984 4694 teste
1006 4627 1240 4694 Vi_c_to_rio,
1288 4633 1449 4682 ιπωδος,
1485 4626 1529 4673 id
1557 4631 1634 4673 est

90 4686 357 4755 incantator,
370 4686 464 4742 ’aut
486 4694 569 4755 qui
589 4686 807 4755 caniihus
820 4686 1012 4755 animos
1033 4686 1182 4755 allicit
1205 4698 1449 4755 {quarum
1465 4698 1635 4755 vocum

89 4758 196 4807 una,
219 4747 358 4813 si‘aut
379 4755 493 4802 satis
503 4747 648 4802 ’recta
671 4752 931 4813 scriptione
951 4784 965 4808 ,
983 4755 1091 4813 _aut
1113 4747 1317 4813 plurium
1351 4748 1634 4813 auctoritate

91 4811 425 4874 exemplarium
448 4816 700 4869 niteretur,
726 4807 1024 4874 prteferenda
1050 4807 1296 4874 videretur
1321 4820 1383 4855 ex
1407 4807 1498 4874 his,
1523 4819 1633 4874 qute

87 4869 264 4937 subdit,
301 4879 346 4937 et
367 4882 550 4937 (‘ygneo
573 4869 742 4937 canore
763 4885 852 4921 vox
875 4870 1062 4920 dulcior
1082 4883 1100 4930 ;
1123 4869 1321 4937 minime
1347 4870 1476 4916 enim
1495 4869 1635 4917 nobis

89 4930 306 4994 probatur
326 4930 556 4992 impressa
577 4933 746 4994 lectio,
770 4947 910 4994 quam
934 4938 1118 4994 tantum
1157 4943 1250 4994 non
1289 4931 1593 4994 i_m_mutanu_15
1613 4964 1628 4988 ,

89 5000 149 5055 ne
170 4988 454 5055 conjecturis
475 4995 645 5041 nostris
665 4992 772 5055 plus
790 4988 938 5055 aequo
961 4992 1206 5055 videamur
1229 4988 1501 5055 indulgere.
1528 4989 1632 5040 Cte-

88 5051 239 5112 terum
256 5049 364 5098 eum
385 5051 542 5098 denuo
557 5049 784 5102 attentius
798 5049 1064 5102 litierarum
1084 5053 1286 5112 vestigia
1306 5049 1628 5112 inVeronens.

90 5105 169 5173 Ms.
200 5111 561 5173 inSpicereinus,
589 5114 719 5159 venit
741 5115 789 5159 in
811 5121 1022 5173 mentem
1043 5150 1056 5170 ,
1082 5112 1163 5173 qui
1187 5105 1475 5172 desperatus
1497 5110 1632 5158 locus

88 5169 197 5235 §atis
219 5169 350 5235 bene
380 5173 569 5235 restitui
593 5176 773 5235 posset.
808 5169 1124 5235 Scribiturih'i
1166 5169 1482 5235 oxor'tzuxus,
1521 5182 1632 5232 qua:

92 5223 258 5291 litterze
279 5231 318 5278 si
337 5231 570 5280 tantillum
590 5223 930 5291 emendentur,
951 5245 1005 5280 ac
1025 5233 1196 5281 ductus
1218 5241 1364 5281 rectae
1379 5223 1631 5291 scripturae.

89 5290 339 5340 reddantur
364 5293 411 5340 in
435 5293 560 5342 hunc
580 5293 773 5341 modum
796 5290 1099 5354 oonntzuu,
1121 5293 1325 5354 elegans
1358 5290 1518 5340 statim
1544 5305 1632 5338 ex-

91 5358 249 5414 surget
273 5365 458 5412 sensus,
483 5366 538 5403 ac
559 5355 722 5408 lectio,
749 5361 803 5403 ut
825 5367 912 5402 nos
929 5353 1121 5414 quidem
1145 5353 1365 5414 putamus
1384 5354 1630 5414 ,‘verissi-

93 5410 186 5482 9.13:;
194 5411 275 5462 Est
288 5410 464 5482 quippe
478 5426 673 5482 ῥᾳωσὶζης
688 5414 936 5482 Fringilla,
947 5410 1049 5482 'seu
1066 5410 1229 5464 verius
1252 5410 1628 5474 Montifringilla,

93 5465 245 5538 ltalice
268 5465 694 5538 Eiirijuelloiuavis
731 5465 974 5538 notissima
993 5512 1006 5533 ,
1032 5477 1099 5523 ita
1130 5487 1158 5538 a
1188 5487 1306 5538 sono
1339 5465 1630 5538 quenfcanl

92 5533 222 5601 lgndo
243 5535 356 5601 edit,
381 5533 653 5601 appellata,
673 5538 738 5601 de
760 5549 865 5601 qua
887 5533 1423 5601 loquiturhgristoteles
1459 5535 1544 5584 lib.
1579 5535 1626 5583 8.

96 5553 222 5601 mtuo
243 5553 356 5596 eun,
390 5553 448 5599 ap
481 5553 653 5596 enata,
676 5553 738 5586 (le
793 5553 855 5584 ua
887 5553 1098 5608 tpquuur
1136 5553 1182 5583 Α]

95 5587 278 5643 Animal.
301 5610 401 5658 cap.
503 5553 802 5649 Martialis
827 5596 1070 5658 Epigram.
1086 5657 1089 5658 ν
1105 5598 1182 5646 55.

257 5655 392 5768 Ἠιεὲζί
433 5667 626 5768 Stttérnos
670 5659 835 5722 inopes
858 5655 885 5716 ,'
918 5655 1321 5720 Frigillarumque
1376 5655 1594 5716 querelas
1612 5691 1628 5717 ,

357 5733 408 5768 ι.
437 5735 464 5768 e
519 5756 531 5768 .

258 5729 408 5772 Αυαιι.
437 5730 531 5772 etc.

149 5758 604 5834 Hierouvuiuswvero
644 5792 878 5840 perquam
909 5777 1162 5838 eleganter
1197 5778 1518 5837 Nepotianum
1554 5777 1622 5827 illt

141 4329 188 4446 ᾖ
235 4329 347 4439 Dleo
509 4340 628 4400 pene

148 4330 212 4512 (εξ
242 4395 628 4512 ξίἒωαυῖάςεξᾶἶρὲ

1425 376 1750 433 EPISTOLA
1790 377 1903 433 LX.

3209 387 3320 448 590

1757 506 1952 547 canore
1991 508 2090 549 vox
2125 494 2369 551 dulcior?
2408 496 2594 568 Stupet
2633 499 2862 569 animus,
2894 518 3082 561 manus
3114 513 3314 577 tremit,

1754 585 1978 654 caligant
2008 587 2170 653 oculi,
2203 587 2382 658 lingua
2410 589 2653 645 balbutit.
2679 591 2942 664 Quidquid
2958 595 3165 666 dixero,
3190 605 3314 672 quia

1755 676 1842 730 ille
1867 693 1969 730 non
1997 679 2160 744 audit,
2187 690 2386 735 mutum
2415 682 2642 738 videtur.
2671 683 2852 755 Stylus
2877 687 2989 754 ipse
3014 693 3162 758 quasi
3189 709 3315 749 sen-

1755 767 1893 821 tiens
1925 766 2015 840 [al.
2069 771 2407 843 dissentiens],
2445 781 2498 827 et
2532 789 2653 828 cera
2685 775 3008 844 subtristior,
3052 782 3132 834 vel
3174 785 3318 838 rubi-

1753 857 1912 926 gine,
1964 859 2048 913 vel
2096 861 2197 914 situ
2239 861 2542 918 obducitur.
2591 865 3044 937 Quotiescumque
3085 871 3227 925 nitor
3267 874 3318 926 in

1753 951 1911 1004 verba
1945 965 2311 1021 prorumpere,
2344 962 2396 1008 et
2425 969 2584 1024 super
2615 956 2876 1010 tumulum
2909 959 3024 1026 ejus
3051 961 3317 1030 Epitaphii

1754 1038 1912 1108 hujus
1962 1040 2120 1096 liores
2173 1058 2462 1114 spargere,
2523 1048 2681 1101 toties
2731 1047 2981 1119 lacrymis
3033 1052 3320 1121 implentur

1753 1131 1916 1196 oculi,
1944 1143 1997 1186 et
2018 1143 2270 1188 renovato
2293 1135 2500 1205 dolore,
2528 1146 2670 1191 totus
2699 1137 2754 1192 in
2781 1139 2964 1196 funere
2991 1157 3128 1197 Stnn.
3159 1145 3320 1200 Moris

1753 1224 2017 1291 quondam
2049 1225 2163 1291 fuit,
2192 1235 2252 1280 ut
2289 1243 2448 1296 super
2476 1229 2737 1285 cadavera
2765 1232 2840 1302 (ά)
2864 1233 3231 1290 defunctorum
3265 1240 3316 1292 in

1752 1315 2007 1370 concione
2038 1332 2132 1384 pro
2166 1319 2354 1373 rostris
2379 1320 2565 1376 laudes
2593 1321 2743 1377 liberi
2781 1323 3036 1392 dicerent,
3061 1337 3114 1383 et
3153 1331 3320 1386 instar

1753 1404 2052 1474 lugubrium
2074 1408 2367 1462 carminum
2385 1409 2449 1462 ad
2467 1408 2637 1476 ﬂetus,
2664 1421 2718 1466 et
2737 1415 2963 1483 gemitus
2991 1417 3314 1474 audientium

1753 1505 1966 1564 pectora
1989 1499 2338 1552 concitarent.
2374 1499 2448 1553 En
2470 1516 2648 1554 rerum
2678 1501 2730 1555 in
2761 1503 2913 1560 nobis
2937 1507 3067 1559 ordo
3088 1517 3320 1564 mutatus

1751 1597 1853 1652 est,
1873 1597 1927 1641 et
1943 1588 1994 1642 in
2007 1589 2361 1644 calamitatem
2377 1601 2610 1646 nostram
2629 1594 2858 1662 perdidit
2875 1612 2967 1651 sua
2989 1599 3107 1666 jura
3160 1601 3319 1674 332

1753 1685 1959 1731 natura.
1987 1678 2140 1744 Quod
2189 1681 2448 1737 exhibere
2486 1684 2704 1738 senibus
2735 1684 2948 1754 juvenis
2987 1688 3189 1757 debuit,
3219 1691 3320 1746 hoc

1745 1765 1926 1835 juveni
1952 1767 2267 1824 exhibemus
2289 1785 2466 1825 senes.

1817 1858 1872 1910 2.
1914 1858 2048 1925 Quid
2080 1859 2240 1928 igitur
2273 1858 2507 1915 faciam?
2545 1863 2768 1935 Jungam
2800 1874 2976 1922 tecum
3015 1869 3320 1940 lacrymas?

1747 1946 1853 2004 Sed
1905 1949 2194 2017 Apostolus
2245 1951 2528 2020 prohibet,
2581 1952 3000 2012 Christianorum
3053 1969 3316 2028 mortuos,

1748 2039 2076 2096 dormientes
2124 2057 2322 2098 vocans
2371 2045 2450 2114 (l.
2506 2044 2683 2101 Thess.
2721 2047 2799 2119 4).
2854 2050 2919 2104 Et
2961 2051 3216 2108 Dominus
3264 2055 3315 2108 in

1747 2132 2032 2202 Evangelio
2063 2152 2076 2186 :
2117 2152 2135 2185 ‹
2168 2133 2282 2188 Non
2309 2144 2410 2200 est,
2442 2155 2460 2187 ι
2489 2137 2679 2206 inquit,
2714 2158 2732 2190 ‹
2766 2149 2976 2195 mortua
3000 2143 3195 2210 puella,
3215 2144 3310 2199 sed

1754 2223 1944 2278 iormit
1977 2244 1996 2275 ι
2030 2223 2220 2295 (Marc.
2249 2226 2301 2281 5.
2335 2226 2425 2291 59,
2463 2237 2508 2280 et
2538 2227 2663 2281 Luc.
2692 2229 2746 2284 8.
2777 2231 2889 2297 5‘2).
2923 2231 3154 2288 Lazarus
3183 2250 3318 2304 quo-

1746 2329 1852 2382 que
1880 2315 2000 2384 quia
2029 2315 2341 2379 dormierat,
2372 2318 2659 2373 suscitatus
2686 2328 2766 2374 est
2797 2320 2977 2390 (Joan.
3007 2323 3118 2394 il).
3147 2325 3318 2380 Lazter

1745 2415 1802 2459 et
1825 2405 2104 2474 gaudeam,
2127 2407 2247 2474 quia
2285 2425 2305 2458 ι
2340 2417 2525 2476 raptus
2553 2417 2654 2475 est,
2687 2424 2754 2465 ne
2781 2411 2979 2465 malitia
3004 2412 3311 2471 immutaret

1746 2509 1981 2554 mentem
2005 2500 2118 2568 ejus
2145 2541 2159 2563 ,
2195 2520 2214 2552 ι
2248 2502 2368 2569 quia
2399 2520 2418 2553 ι
2451 2503 2720 2572 placuerat
2753 2506 2859 2559 Deo
2907 2507 3084 2561 anima
3112 2508 3252 2561 illius
3281 2528 3300 2560 ›

1747 2589 1900 2659 (Sap.
1931 2590 2009 2660 4).
2054 2590 2158 2645 Sed
2188 2591 2353 2646 invito
2393 2603 2446 2647 et
2495 2597 2808 2665 repugnanti
2836 2612 2931 2669 per
2949 2613 3114 2668 genas
3133 2597 3311 2670 lacry-

1748 2696 1846 2735 mre
1874 2680 2061 2746 ﬂuunt,
2096 2691 2150 2737 et
2195 2683 2333 2738 inter
2360 2696 2624 2754 praecepta
2655 2689 2930 2754 virtutum,
2960 2690 3310 2745 resurrectio—

1745 2774 1934 2843 nisque
1977 2790 2146 2843 spem,
2195 2775 2469 2831 credulam
2514 2789 2770 2846 mentem,
2821 2780 3070 2836 desiderii
3115 2781 3314 2852 frangit

1743 2863 1982 2919 allectus.
2010 2865 2054 2920 Ο
2081 2881 2224 2920 mors
2252 2883 2370 2936 qua:
2399 2867 2588 2924 fratres
2617 2869 2828 2935 dividis,
2859 2881 2912 2924 et
2937 2887 3117 2927 amore
3138 2873 3312 2926 socia-

1749 2965 1852 3020 tos,
1898 2957 2127 3012 crudelis
2173 2973 2234 3012 ac
2277 2960 2410 3014 dura
2454 2960 2732 3015 dissocias.
2781 2962 3017 3016 Adduxit
3060 2973 3302 3020 urentem

1743 3056 1960 3101 ventum
1987 3047 2244 3104 Dominus
2273 3049 2340 3103 de
2368 3049 2583 3104 deserto
2603 3049 3002 3116 ascendentem,
3026 3053 3114 3121 qui
3145 3054 3314 3107 sicca-

1743 3136 1822 3190 vit
1849 3150 2010 3190 venas
2038 3145 2176 3202 tuas,
2222 3147 2277 3192 et
2314 3138 2573 3192 desolavit
2609 3138 2807 3193 fontem
2849 3149 2993 3194 tuum
3026 3140 3178 3210 (Osee
3217 3141 3308 3196 15.

1745 3228 1856 3297 15).
1886 3228 2158 3282 Devorasti
2200 3229 2414 3297 quidem
2455 3228 2666 3296 Ionam,
2708 3230 2801 3286 sed
2841 3238 2895 3286 et
2929 3231 2981 3286 in
3020 3240 3170 3287 utero
3215 3241 3308 3288 tuo

1741 3323 1893 3378 vivus
1944 3322 2060 3376 fuit.
2118 3322 2344 3377 Portasti
2381 3323 2532 3392 quasi
2581 3331 2870 3390 mortuum,
2912 3332 2970 3378 ut
3019 3333 3307 3394 tempestas

1743 3413 1928 3469 mundi
1951 3413 2388 3483 conquiesceret;
2425 3422 2479 3467 et
2516 3412 2706 3468 Ninive
2730 3423 2913 3467 nostra
2939 3414 3077 3469 illius
3106 3430 3308 3485 prteco-

1743 3506 1834 3561 nio
1862 3506 2177 3560 salvaretur.
2228 3504 2321 3559 Ille
2370 3505 2458 3559 ille
2499 3513 2550 3560 te
2589 3505 2716 3560 vicit
2760 3524 2772 3556 ε
2806 3506 2894 3559 ille
2939 3514 2989 3559 te
3025 3504 3306 3575 jugulavit,

1741 3595 1994 3667 fugitivus
2017 3595 2306 3664 Propheta,
2336 3596 2424 3665 qui
2458 3595 2669 3664 reliquit
2695 3595 2911 3648 domum
2941 3611 3111 3660 suam,
3151 3595 3306 3650 dimi-

1741 3687 1811 3742 sit
1844 3687 2205 3742 lucreditatem
2236 3702 2408 3751 suam,
2443 3686 2590 3741 dedit
2622 3686 2867 3741 dilectam
2897 3688 3124 3740 animam
3155 3700 3306 3740 suam

1741 3778 1795 3832 in
1820 3778 2064 3832 manibus
2089 3778 2434 3846 quaerentium
2467 3793 2587 3831 eum
2615 3775 2708 3845 [al.
2738 3775 2892 3844 eam].
2923 3777 3022 3840 Qui
3057 3791 3150 3843 per
3167 3777 3308 3830 Osee

1741 3868 2006 3938 quondam
2035 3867 2128 3920 tibi
2157 3866 2354 3934 rigidus
2386 3866 2686 3918 minabatur
2714 3883 2726 3916 :
2758 3883 2776 3914 ι
2814 3865 2920 3917 Ero
2955 3878 3099 3917 mors
3131 3874 3238 3928 tua,
3269 3879 3303 3916 ο

1743 3971 1888 4011 mors
1919 3969 2048 4010 :ero
2069 3969 2275 4008 morsus
2301 3963 2442 4015 tuus,
2467 3945 2670 4006 inferne
2693 3971 2711 4004 ι
2743 3951 2893 4023 (Osee
2921 3952 3005 4006 15.
3031 3950 3142 4022 17).
3167 3952 3309 4006 Illius

1743 4055 1934 4108 morte,
1969 4054 2022 4098 tu
2053 4053 2264 4098 mortua
2294 4057 2352 4096 es
2382 4060 2395 4095 :
2423 4042 2560 4095 illius
2587 4051 2780 4108 morte,
2816 4055 2912 4096 nos
2935 4040 3181 4095 vivimus.
3210 4041 3308 4097 De-

1742 4133 1964 4197 vorasti,
2004 4141 2057 4186 et
2093 4131 2346 4186 devorata
2377 4146 2455 4185 es.
2489 4132 2730 4200 Dumque
2771 4131 3030 4201 assumpti
3068 4131 3310 4200 corporis

1743 4224 2047 4278 sollicitaris
2077 4223 2348 4288 illecebra,
2380 4233 2434 4276 et
2460 4222 2629 4276 avidis
2675 4222 2908 4276 faucibus
2937 4222 3170 4293 praedam
3208 4239 3309 4293 pu-

1746 4324 1844 4378 tas,
1869 4315 2119 4369 interiora
2143 4321 2230 4367 tua
2260 4312 2468 4369 adunco
2497 4313 2654 4368 dente
2681 4313 2924 4368 confossa
2955 4324 3100 4369 sunt.

1814 4407 1866 4460 5.
1907 4405 2117 4461 Gratias
2145 4404 2260 4470 tibi,
2287 4403 2496 4460 Christe
2520 4405 2780 4470 Salvator,
2808 4413 2892 4458 tua
2921 4407 3125 4475 agimus
3153 4420 3306 4462 crea-

1744 4505 1880 4558 tura,
1909 4495 2050 4565 quod
2079 4504 2183 4548 tam
2211 4503 2483 4565 potentem
2515 4493 2876 4550 adversarium
2906 4505 3150 4551 nostrum
3177 4497 3304 4552 dum

1738 4587 2019 4652 occideris,
2049 4587 2288 4642 occidisti
2322 4586 2412 4659 (c).
2438 4587 2567 4655 Quis
2582 4597 2705 4643 ante
2726 4596 2777 4643 te
2797 4589 3042 4644 miserior
3061 4590 3299 4657 homine,

1737 4677 1828 4746 qui
1858 4687 2073 4732 aeterna:
2116 4678 2306 4732 mortis
2343 4685 2549 4734 terrore
2577 4687 2896 4748 prostratus,
2929 4681 3137 4734 vivendi
3183 4695 3306 4734 sen-

1737 4784 1852 4824 sum
1884 4769 1950 4823 ad
1989 4769 2090 4824 hoc
2117 4778 2318 4824 tantum
2351 4779 2652 4838 acceperat,
2686 4778 2741 4822 ut
2784 4770 3022 4838 periret?
3055 4787 3073 4818 α
3104 4769 3305 4835 Regna~

1733 4862 1810 4914 vit
1835 4860 1976 4914 enim
2000 4874 2143 4914 mors
2161 4861 2229 4914 ab
2246 4861 2413 4914 Adam
2437 4873 2600 4928 usque
2613 4859 2678 4913 ad
2697 4859 2935 4928 Moysen,
2955 4859 3112 4911 etiam
3142 4871 3304 4925 super
3377 4897 3386 4908 .

1735 4950 2073 5019 eos,quinon
2092 4949 2522 5019 peccaverunt,in
2537 4948 2938 5001 similitudinem
2975 4946 3131 5015 333
3164 4961 3302 5011 pra:-

1734 5040 2071 5094 varicationis
2123 5039 2252 5093 Adae
2288 5057 2308 5089 ι
2375 5037 2572 5107 (Rom.
2621 5037 2676 5091 5.
2723 5038 2791 5090 Μ
2821 5036 2859 5104 ).
2910 5035 2966 5089 Si
3009 5035 3298 5100 Abraham,

1733 5175 1808 5222 avi
1833 5173 2248 5234 compararit,seu
2271 5172 2646 5234 iprSUmAémciKnv
2666 5167 2877 5234 dixerit,
2913 5173 3025 5234 puta
3062 5168 3190 5234 quod
3214 5167 3300 5217 ille

1732 5235 1845 5282 dum
1871 5229 2076 5290 viveret,
2101 5229 2193 5280 sibi
2232 5229 2406 5279 crebro
2431 5232 2772 5290 insusurraret,
2797 5229 2976 5290 aliquid
2999 5229 3163 5290 oneris
3185 5244 3210 5277 a
3242 5243 3302 5278 se

1731 5303 1927 5401 petens,
1952 5305 2094 5399 quam
2116 5293 2222 5354 ejus
2247 5301 2410 5340 tamen
2434 5302 2601 5360 vocem
2623 5289 2782 5338 subdit
2802 5289 2896 5339 sibi
2918 5289 3106 5361 cygneo
3125 5302 3301 5339 canore

1753 5368 1883 5401 uisse
1905 5355 1965 5401 du
1989 5365 2185 5401 olorem.
2236 5351 2382 5401 Certe
2417 5362 2544 5398 avim
2580 5349 2816 5399 denotare
2847 5351 3058 5401 voluisse
3098 5351 3301 5401 probant

1753 5353 1883 5403 'uisse
1905 5349 2185 5401 dulciorem.
2236 5351 2382 5402 Certe
2417 5351 2544 5398 avim
2580 5349 2816 5399 denotare
2847 5349 3058 5401 voluisse
3097 5351 3302 5412 probant.

1734 5423 1974 5478 postrema
1996 5414 2100 5478 haec
2121 5413 2287 5462 verba.

1802 5475 1874 5536 id)
1908 5475 2149 5536 Victorius
2187 5485 2329 5536 super
2371 5470 2897 5536 cadaveraparentum
2932 5473 3296 5536 deﬁmctorum,

1769 5532 1876 5584 nam
1909 5534 2169 5584 lectionem
2204 5532 2374 5596 probat
2401 5532 2529 5596 quod
2561 5532 2870 5595 subsequitur
2893 5570 2907 5592 ,
2949 5532 3115 5584 laudes
3157 5533 3300 5585 liberi

1733 5550 1967 5646 gicerent.
1991 5595 2053 5644 At
2076 5608 2244 5644 vocem
2267 5593 2395 5642 illam
2417 5600 2668 5646 parentum
2688 5607 2850 5646 neque
2875 5595 3170 5646 exemnlaria
3207 5609 3296 5645 no-

1770 5598 1967 5646 icerent.
1991 5595 2053 5644 At
2076 5593 2244 5644 vocem
2267 5593 2668 5658 illamparentum
2688 5593 2850 5657 neque
2875 5595 3170 5658 exemplaria
3207 5609 3296 5645 no-

1734 5665 1834 5706 stra
1857 5659 2068 5718 habent,
2101 5670 2193 5706 uec
2229 5659 2332 5718 ipse
2353 5655 2536 5718 Victor.
2561 5655 2785 5705 admonet
2806 5657 2936 5706 unde
2975 5655 3293 5718 expresserit.

1806 5718 1864 5780 (ε)
1904 5719 1984 5780 Sic
2004 5716 2186 5780 Veron.
2213 5715 2490 5780 esemplar;
2514 5719 2647 5778 prius
2671 5719 2798 5766 enim
2822 5719 2900 5768 vel
2925 5726 2968 5769 te
2985 5715 3153 5770 vocula
3174 5719 3294 5768 abe-

1739 5777 1832 5836 rat,
1854 5777 1932 5830 vel
1955 5777 2070 5834 quid
2102 5785 2209 5830 ante
2230 5777 2448 5829 miserius
2469 5777 2742 5836 legebatur.
