4056 6184
654 347 766 405 595

655 472 767 512 non
793 451 1047 515 audebat,
1093 453 1169 501 tot
1203 444 1257 499 in
1296 443 1389 499 illo
1412 454 1638 498 cernens
1661 437 1901 508 exempla
1927 437 2179 490 virtutum
2201 476 2217 501 ,

659 546 910 614 domique
937 540 1134 594 habens
1173 534 1315 590 unde
1353 534 1601 590 disceret.
1633 532 1689 586 ln
1718 546 1823 586 uno
1849 539 2007 600 atque
2031 527 2222 582 eodem

657 650 713 694 et
738 639 1037 694 imitabatur
1061 632 1395 694 Monachum,
1427 640 1481 684 et
1505 631 1825 699 Episcopum
1848 625 2219 681 venerabatur.

656 732 770 786 Non
789 770 804 793 ,
834 738 889 782 ut
920 725 1189 796 plerisque
1214 723 1458 778 accidere
1493 723 1660 787 solet,
1686 719 1968 774 assiduitas
1995 715 2223 770 familia-

653 823 868 874 ritatem
891 858 906 881 ,
935 817 1270 872 familiaritas
1295 823 1659 884 contemptum
1702 813 1844 868 illius
1872 809 2101 874 fecerat;
2130 807 2225 862 sed

652 912 723 966 ita
753 925 876 965 eum
907 907 1154 972 colebat,
1183 907 1334 978 quasi
1382 914 1659 977 parentem
1682 947 1698 971 ,
1729 905 1800 959 ita
1834 901 2224 964 admirabatur,

649 1001 801 1069 quasi
823 999 1062 1069 quotidie
1088 1014 1282 1056 novum
1309 1007 1572 1054 cerneret.
1601 994 1737 1062 Quid
1764 993 1968 1048 multa?
1997 992 2080 1047 Fit
2100 990 2226 1046 Cle-

650 1095 815 1158 ricus,
843 1101 898 1148 et
926 1108 1023 1162 per
1042 1092 1226 1147 solitos
1250 1090 1446 1161 gradus
1471 1089 1760 1160 Presbyter
1775 1086 2074 1142 ordinatur.
2100 1082 2228 1138 Jesu

651 1183 816 1249 bone,
840 1181 930 1252 qui
951 1183 1198 1254 gemitus,
1222 1183 1310 1251 qui
1336 1180 1584 1250 ejulatus,
1611 1194 1732 1249 quae
1759 1178 1863 1233 cibi
1902 1175 2223 1243 interdictio,

653 1290 774 1344 quze
801 1274 922 1344 fuga
952 1275 1224 1330 oculorum
1253 1275 1489 1328 omnium
1509 1274 1534 1324 τ
1557 1272 1692 1327 Tum
1718 1271 1947 1341 primum
1967 1279 2021 1324 et
2053 1270 2229 1324 solum

653 1367 916 1422 avunculo
937 1366 1101 1436 iratus
1126 1375 1226 1421 est.
1245 1366 1578 1434 Querebatur
1601 1379 1662 1420 se
1683 1363 1822 1420 ferre
1841 1376 1947 1417 non
1978 1375 2156 1431 posse,
2177 1368 2232 1416 et

648 1458 922 1528 juvenilem
950 1467 1149 1512 etatem
1176 1457 1521 1528 incongruam
1556 1455 1869 1511 Sacerdotio
1892 1452 2226 1509 causabatur.

654 1547 762 1604 Sed
784 1559 982 1618 quanto
1019 1549 1182 1620 338
1220 1549 1338 1618 plus
1357 1549 1707 1619 repugnabat,
1733 1555 1881 1602 tanto
1909 1546 2078 1616 magis
2100 1546 2151 1599 in
2172 1558 2232 1600 se

654 1641 830 1694 studia
871 1639 1106 1693 omnium
1149 1640 1481 1705 concitabat,
1526 1648 1581 1694 et
1607 1653 1926 1693 IEREBATUR
1951 1635 2228 1706 negando,

656 1731 799 1801 quod
830 1745 951 1785 esse
992 1731 1238 1796 nolebat,
1266 1746 1438 1801 eoque
1465 1731 1678 1801 dignior
1716 1739 1865 1796 erat,
1891 1744 1997 1799 quo
2037 1743 2095 1783 se
2119 1728 2234 1782 cla-

656 1823 838 1876 mabat
863 1821 1156 1891 indignum.
1183 1821 1425 1878 Vidimus
1446 1821 1521 1894 (α)
1547 1822 1884 1878 Timotheum
1913 1824 2078 1878 nostri
2103 1832 2236 1878 tem-

659 1913 827 1982 poris,
878 1919 933 1966 et
975 1926 1137 1967 canos
1170 1913 1224 1967 in
1270 1913 1568 1982 sapientia,
1615 1913 1950 1983 electumque
1978 1928 2007 1966 a
2054 1913 2236 1984 Moyse

659 2002 1074 2073 Presbyterum,
1113 2017 1268 2074 quem
1319 2004 1432 2073 ipse
1475 2005 1638 2059 sciret
1675 2020 1796 2061 esse
1833 2006 2230 2077 Presbyterum.

658 2091 824 2160 lgitur
842 2090 1160 2146 Clericatum
1182 2108 1289 2148 non
1319 2093 1577 2149 honorem
1605 2095 1930 2166 intelligens,
1959 2096 2054 2150 sed
2075 2111 2231 2160 onus,

658 2181 885 2250 primam
916 2197 1096 2237 curam
1131 2183 1335 2252 habuit,
1368 2195 1422 2239 ut
1466 2186 1765 2242 humilitate
1793 2196 2071 2257 superaret
2100 2189 2236 2240 invi-

657 2269 824 2336 diam,
850 2271 1045 2326 deindc
1078 2281 1135 2326 ut
1162 2273 1362 2328 nullam
1391 2275 1630 2330 obscmni
1659 2277 1711 2330 in
1739 2291 1798 2331 se
1828 2279 2059 2332 rumoris
2084 2277 2236 2332 fabu-

658 2361 765 2416 lam
793 2362 976 2427 daret;
1009 2367 1178 2435 utqui
1206 2367 1558 2422 mordebantur
1581 2371 1650 2423 ad
1669 2380 1866 2424 tetatem
1893 2371 2028 2441 ejus,
2052 2381 2236 2440 stupe-

659 2464 782 2509 rent
806 2456 871 2509 ad
895 2458 1312 2526 continentiam;
1341 2462 1625 2518 subvenire
1654 2465 1997 2533 pauperibus,
2020 2464 2236 2520 visitare

661 2544 1006 2614 languentes,
1053 2563 1344 2617 provocare
1394 2553 1659 2623 hospitio,
1712 2554 1879 2609 lenire
1928 2552 2231 2621 blanditiis,

662 2634 895 2703 gaudere
922 2651 1042 2692 cum
1083 2639 1462 2709 gaudentibus,
1504 2641 1633 2699 ﬂere
1668 2659 1786 2699 cum
1816 2644 2084 2700 ﬂentibus.
2116 2646 2235 2700 Ca:-

663 2739 850 2780 corum
872 2726 1140 2796 baculum,
1164 2732 1508 2787 esurientium
1536 2733 1708 2800 cibus,
1737 2750 1860 2805 epes
1890 2736 2230 2802 miserorum,

665 2816 909 2872 solamen
958 2819 1251 2890 lugentium
1302 2825 1418 2879 fuit.
1465 2826 1543 2880 lta
1595 2828 1647 2881 in
1693 2828 1914 2900 singulis
1961 2832 2236 2888 virtutibus

663 2908 951 2974 eminebat,
983 2912 1135 2978 quasi
1177 2921 1397 2970 caeteras
1424 2931 1529 2971 non
1560 2917 1801 2974 haberet.
1836 2920 1979 2977 inter
2003 2922 2234 2994 Presby-

663 3006 809 3054 teros
835 3008 890 3056 ct
915 3005 1247 3072 coaequales,
1297 3007 1501 3077 primus
1550 3009 1600 3064 in
1642 3026 1840 3081 opere,
1878 3017 2152 3069 extremus
2181 3016 2234 3070 in

665 3088 874 3146 ordine.
899 3091 1160 3164 Quidquid
1184 3095 1311 3151 boni
1341 3097 1562 3166 fecerat,
1592 3101 1659 3155 ad
1687 3105 2002 3159 avunculum
2029 3105 2236 3163 refere-

663 3179 774 3234 bat.
809 3181 1011 3251 Siquid
1040 3183 1174 3240 forte
1196 3187 1350 3244 aliter
1370 3201 1624 3248 evenerat
1647 3209 1802 3262 quam
1831 3206 2059 3266 putarat,
2087 3199 2235 3253 illum

668 3272 910 3358 nescire,
941 3287 1002 3329 se
1028 3289 1238 3332 errasse
1273 3279 1500 3336 dicebat.
1542 3282 1600 3337 In
1637 3284 1846 3353 publico
1879 3287 2193 3358 Episcopum
2219 3330 2235 3355 ,

668 3357 812 3414 domi
841 3371 1042 3430 patrem
1085 3376 1308 3423 noverat
1337 3387 1351 3424 :
1382 3371 1692 3439 gravitatem
1719 3357 1949 3443 morum,
1973 3357 2241 3435 hilaritate

668 3448 858 3506 frontis
880 3456 1225 3524 temperabat.
1245 3458 1504 3517 Gaudium
1528 3463 1580 3517 in
1613 3465 1724 3520 risu
1745 3506 1760 3530 ,
1791 3482 1897 3522 non
1921 3469 2238 3526 cachinnum

669 3540 1017 3615 intelligeres.
1051 3546 1294 3617 Virgines
1321 3559 1377 3605 et
1423 3552 1612 3608 viduas
1657 3555 1852 3612 Christi
1894 3559 2156 3615 honorare
2184 3571 2242 3617 ut

670 3643 868 3690 matres
887 3676 902 3703 ,
937 3635 1139 3693 hortari
1164 3648 1220 3694 ut
1247 3655 1487 3710 sorores,
1517 3659 1637 3699 cum
1662 3650 1805 3702 omni
1837 3651 2099 3706 castitate.
2125 3653 2238 3708 Jam

671 3737 800 3777 vero
835 3733 1110 3795 postquam
1133 3727 1347 3784 domum
1375 3745 1435 3787 se
1466 3735 1762 3790 contulerat
1780 3778 1796 3802 ,
1824 3747 1877 3793 et
1897 3739 2083 3794 relicto
2117 3742 2244 3798 foris

670 3811 900 3882 Clerico,
929 3817 1135 3873 duritia:
1160 3834 1218 3876 se
1245 3821 1536 3878 tradiderat
1552 3825 1951 3898 Monachorum,
1975 3831 2162 3888 creber
2189 3836 2240 3890 in

672 3904 1024 3972 orationibus,
1057 3909 1280 3980 vigilans
1306 3913 1358 3968 in
1388 3917 1676 3984 precando,
1710 3917 1971 3990 lacrymas
1999 3923 2110 3979 Deo
2137 3941 2242 3982 non

673 3991 978 4050 hominibus
1017 3998 1304 4066 oﬂ‘erebat;
1341 4003 1541 4072 jejunia
1585 4007 1636 4060 in
1668 4009 1864 4080 aurigae
1889 4014 2104 4070 modum
2148 4033 2246 4087 pro

671 4082 988 4138 lassitudine
1022 4093 1077 4138 et
1115 4088 1317 4144 viribus
1347 4096 1586 4164 corporis
1626 4099 2018 4161 moderabatur.
2050 4082 2246 4166 Mensae

674 4173 924 4224 avunculi
952 4173 1224 4246 intererat,
1257 4188 1311 4235 et
1331 4182 1409 4238 sic
1433 4188 1672 4256 apposita
1699 4207 1922 4265 quaeque
1949 4197 2160 4266 libabat,
2189 4211 2248 4256 ut

673 4271 727 4316 et
756 4265 1184 4332 superstitionem
1226 4271 1463 4345 fugeret,
1495 4288 1549 4334 et
1573 4285 1950 4342 continentiam
1985 4265 2242 4348 servaret.

675 4355 868 4411 Sermo
887 4358 1002 4427 ejus
1031 4376 1126 4453 per
1143 4379 1300 4422 omne
1317 4371 1614 4428 convivium
1641 4375 1710 4431 de
1739 4377 2026 4448 Scripturis
2046 4384 2246 4453 aliquid

676 4459 977 4516 praponere
996 4491 1012 4516 ,
1045 4451 1267 4511 libenter
1292 4459 1475 4515 audire
1497 4502 1513 4527 ,
1558 4466 1882 4531 respondere
1910 4451 2212 4531 verecunde
2231 4519 2244 4542 ,

677 4548 827 4593 recta
868 4541 1163 4611 suscipere,
1190 4561 1351 4616 prava
1385 4565 1490 4604 non
1514 4555 1710 4611 acriter
1736 4559 2030 4628 confutare,
2060 4565 2245 4637 dispu-

676 4639 878 4723 tantem
924 4647 1107 4692 contra
1152 4653 1212 4695 se
1254 4644 1420 4713 magis
1446 4645 1668 4714 docere,
1715 4667 1874 4723 quam
1903 4657 2138 4716 vincere.
2181 4662 2250 4718 Et

677 4721 910 4821 ingenuo
937 4727 1158 4821 pudore,
1191 4732 1279 4800 qui
1308 4735 1533 4792 ornabat
1553 4721 1762 4797 aetatem
1784 4786 1799 4812 ,
1831 4747 1957 4816 quid
1987 4751 2136 4821 cujus
2165 4767 2250 4809 es-

679 4827 780 4880 εοιι,
815 4819 1134 4889 simpliciter
1159 4826 1430 4894 confiteri;
1457 4840 1613 4902 atque
1640 4835 1692 4888 in
1721 4835 1860 4894 hunc
1888 4819 2101 4898 modum
2129 4861 2251 4902 eru-

675 4906 894 4962 ditionis
923 4911 1142 4978 gloriam
1166 4914 1506 4986 declinando,
1529 4926 1920 4985 eruditissimus
1939 4930 2247 4990 habebatur.

675 4995 857 5089 lllud,
879 5000 1053 5056 aiebat
1076 5044 1091 5068 ,
1123 5005 1458 5078 Tertulliani,
1503 5013 1640 5069 istud
1681 5017 1932 5089 Cypriani
1965 5040 1979 5075 :
2021 5025 2119 5080 hoc
2149 5026 2250 5081 La-

674 5087 882 5189 ctantii,
916 5090 1044 5189 illud
1075 5093 1260 5152 Hilarii
1290 5109 1393 5155 est.
1423 5100 1514 5157 Sic
1554 5087 1803 5162 Minutius
1842 5109 2011 5178 Felix,
2087 5115 2248 5189 339

675 5177 746 5231 ita
772 5178 1096 5249 Victorinus,
1133 5187 1184 5240 in
1214 5190 1352 5245 hunc
1379 5192 1596 5249 modum
1632 5206 1715 5253 est
1731 5199 1940 5257 locutus
1959 5177 2244 5263 Arnobnt;

675 5270 759 5367 ille
807 5287 1038 5367 quoque,
1081 5277 1204 5367 quia
1236 5297 1331 5350 pro
1374 5283 1654 5343 sodalitate
1679 5295 1922 5349 avunculi
1971 5294 2247 5367 diligebat,

676 5361 944 5416 interdum
973 5364 1270 5433 proferebat
1287 5371 1338 5425 in
1366 5375 1989 5454 medium.Leetioneque
2011 5361 2246 5456 assidua,

681 5461 736 5504 et
771 5454 1119 5510 meditatione
1142 5458 1385 5518 diuturna
1405 5505 1420 5529 ,
1449 5478 1634 5535 pectus
1677 5487 1828 5529 suum
1875 5454 2249 5535 bibliothecam

676 5541 872 5595 fecerat
887 5543 1104 5596 Christi.
1289 5540 1304 5552 '

737 5715 2040 5798 id)“Qlioimfljﬂmjimotheusjunior,Eniscopus
2060 5744 2254 5790 creatus

673 5780 740 5828 sit
764 5793 777 5828 :
804 5781 883 5828 cui
907 5779 1233 5836 Nepotianum
1255 5795 1511 5844 comparat.
1541 5779 1941 5847 vaiifﬁdifi‘.‘
1951 5779 2036 5846 T2:

1886 322 1964 380 SA
1973 320 2129 377 NCT!
2167 314 2549 374 lllERONYlll

3808 319 3914 377 596

2403 431 2490 484 li.
2523 428 2743 498 Quoties
2785 427 2874 483 ille
2902 428 3269 484 transmarinis
3312 429 3565 500 Epistolis
3591 432 3913 503 deprecatus

2329 529 2432 586 est,
2466 531 2522 574 ut
2550 519 2747 590 aliquid
2790 519 2854 573 ad
2886 534 2945 574 se
2986 521 3322 574 scriberem?
3352 525 3561 591 quoties
3593 535 3911 584 nocturnum

2329 611 2396 665 de
2423 611 2707 680 Evangeiio
2735 611 3013 680 petitorem
3034 651 3050 677 ,
3088 621 3143 666 et
3169 612 3639 682 interpellatricem
3675 619 3795 673 duri
3830 622 3914 690 ju-

2328 702 2462 758 dicis
2489 703 2617 756 mihi
2661 703 2872 757 viduam
2911 702 3194 758 exhibuit?
3240 703 3390 770 (Luc.
3429 708 3521 764 15.
3566 709 3623 780 5)
3666 711 3911 784 Cumque

2329 809 2429 866 ego
2451 795 2660 850 silentio
2676 797 2843 865 magis
2862 811 3021 865 quam
3044 797 3237 852 litteris
3257 798 3600 870 denegarem,
3628 817 3682 859 et
3709 808 3910 876 pudore

2332 888 2641 954 reticentis,
2681 888 2935 957 pudorem
2975 889 3333 946 suffunderem
3360 896 3700 962 postulantis,
3745 915 3911 956 avun-

2330 980 2508 1034 culum
2535 979 2664 1034 mihi
2694 980 2942 1051 opposuit
2970 991 3324 1051 precatorem,
3349 987 3440 1056 qui
3476 997 3532 1042 et
3559 989 3780 1047 liberius
3810 1009 3906 1064 pro

2330 1072 2436 1126 alio
2463 1081 2683 1140 peteret,
2709 1083 2762 1127 et
2787 1087 2885 1142 pro
2911 1076 3210 1130 reverentia
3236 1074 3535 1134 SacerdOtii
3576 1081 3780 1137 facilius
3810 1085 3909 1138 im-

2332 1177 2583 1237 petraret.
2615 1168 2738 1223 Feci
2761 1183 2889 1239 ergo
2912 1170 3053 1239 quod
3079 1170 3264 1238 voluit,
3290 1180 3347 1226 et
3373 1171 3522 1228 brevi
3548 1173 3749 1241 libello,
3771 1177 3909 1232 ami-

2331 1259 2482 1314 citias
2533 1267 2742 1315 nostras
2789 1269 3005 1315 aeterna:
3057 1261 3332 1317 memoria:
3396 1267 3729 1321 consecravi.
3791 1269 3908 1334 Quo

2331 1357 2602 1418 suscepto,
2625 1347 2796 1405 (ἔτωεὶ
2815 1365 2965 1420 opes,
2988 1360 3043 1406 et
3062 1351 3205 1406 Darii
3225 1352 3436 1409 divitias
3457 1369 3516 1410 se
3535 1357 3727 1413 vicisse
3739 1359 3912 1429 jacta-

2332 1437 2443 1494 bat.
2488 1439 2640 1494 Illum
2665 1441 2834 1496 oculis
2857 1481 2874 1507 ,
2904 1441 3052 1497 illum
3082 1443 3356 1512 manibus,
3393 1445 3539 1501 illum
3567 1449 3687 1503 sinu
3706 1490 3722 1514 ,
3757 1451 3908 1506 illum

2333 1545 2429 1587 ore
2470 1533 2708 1588 tenebat.
2752 1532 2990 1605 Cumque
3014 1536 3068 1592 in
3094 1545 3264 1592 stratu
3290 1537 3590 1609 frequenter
3611 1544 3908 1613 evolveret,

2334 1637 2477 1694 saepe
2504 1639 2666 1694 super
2693 1633 2878 1694 pectus
2902 1627 3158 1697 soporati,
3195 1628 3366 1684 dulcis
3391 1634 3570 1701 pagina
3597 1633 3910 1691 decidebat.

2333 1715 2388 1771 Si
2421 1731 2547 1771 vero
2581 1717 3013 1788 peregrinorum,
3059 1719 3104 1773 si
3131 1720 3418 1775 amicorum
3445 1723 3703 1792 quispiam
3731 1741 3913 1780 vene-

2337 1815 2454 1875 rat,
2482 1807 2762 1863 laetabatur
2789 1818 2973 1864 nostro
2999 1824 3160 1880 super
3199 1827 3257 1866 se
3296 1813 3616 1868 testimonio.
3654 1815 3726 1868 Et
3750 1816 3912 1886 quid-

2337 1901 2465 1969 quid
2494 1901 2670 1955 minus
2699 1903 2752 1956 in
2795 1902 3050 1971 opusculo
3078 1912 3212 1968 erat,
3241 1903 3579 1960 distinctione
3602 1907 3872 1962 moderata
3892 1949 3908 1974 ,

2338 1999 2393 2045 et
2418 1991 2866 2060 pronuntiationis
2885 1993 3139 2049 varietate
3164 1994 3455 2062 pensabat;
3481 2005 3538 2049 ut
3563 1997 3614 2050 in
3637 1998 3908 2053 recitando

2338 2084 2430 2138 illo
2451 2125 2463 2146 ,
2497 2084 2572 2155 (b)
2599 2085 2710 2154 ipse
2750 2085 2828 2139 vel
2868 2086 3079 2154 placere
3115 2088 3349 2157 quotidie
3369 2130 3383 2154 ,
3410 2091 3498 2144 vel
3525 2089 3808 2160 displicere
3836 2093 3910 2145 vi-

2340 2174 2574 2229 deretur.
2609 2174 2760 2231 Unde
2790 2176 2875 2231 hic
2915 2175 3125 2245 fervor,
3167 2179 3266 2232 nisi
3292 2194 3357 2234 cx
3397 2194 3579 2236 amore
3607 2182 3744 2236 Dei?
3773 2183 3908 2239 unde

2338 2264 2469 2335 legis
2515 2264 2711 2319 Christi
2754 2265 3015 2322 indefessa
3057 2267 3364 2334 meditatio,
3394 2270 3496 2325 nisi
3535 2286 3603 2326 ex
3645 2271 3906 2328 desiderio

2338 2355 2454 2425 ejus
2479 2356 2565 2424 qui
2596 2355 2764 2425 legem
2805 2356 2985 2412 dedit?
3012 2359 3117 2413 Alii
3145 2374 3420 2414 nummum
3446 2360 3642 2415 addant
3670 2379 3904 2432 nummo,

2338 2456 2394 2502 et
2419 2448 2746 2517 marsupium
2771 2449 3123 2518 suffocantes,
3155 2460 3516 2507 matronarum
3539 2467 3670 2523 Opes
3712 2470 3907 2510 venen-

2341 2547 2426 2594 tur
2453 2538 2722 2610 obsequiis
2750 2558 2764 2593 :
2803 2540 2911 2595 sint
2949 2541 3170 2597 ditiores
3196 2543 3436 2598 Monaclii
3458 2584 3474 2609 ,
3501 2559 3659 2614 quam
3706 2544 3910 2600 fuerant

2339 2630 2621 2686 stnculares
2659 2648 2673 2684 :
2720 2631 3027 2700 possideant
3074 2647 3203 2700 opes
3247 2633 3346 2687 sub
3392 2633 3605 2688 Christo
3647 2650 3905 2705 paupere,

2341 2736 2473 2790 quas
2517 2722 2614 2776 sub
2638 2723 2900 2791 locuplete
2921 2721 3133 2777 diabolo
3158 2737 3264 2778 non
3297 2723 3588 2779 habuerant
3618 2744 3632 2780 :
3662 2735 3718 2780 et
3742 2728 3908 2796 suspi-

2340 2821 2426 2866 ret
2468 2825 2562 2866 eos
2591 2811 2828 2866 Ecclesia
2876 2813 3100 2879 divites,
3144 2829 3278 2884 quos
3325 2815 3490 2869 tenuit
3526 2816 3756 2871 mundus
3793 2828 3909 2873 ante

2340 2901 2635 2957 mendicos.
2663 2902 2987 2973 Nepotianus
3014 2913 3195 2960 noster
3222 2921 3409 2960 aurum
3429 2907 3660 2973 calcans,
3683 2910 3908 2965 SClledll-

2340 2992 2421 3047 las
2437 3002 2788 3048 consectatur.
2812 2993 2916 3049 Sed
2940 2995 3238 3065 sicutsui'iu
3265 3011 3423 3053 carne
3446 3007 3782 3069 contemptor
3811 3009 3906 3064 est.

2344 3095 2400 3140 et
2428 3094 2736 3156 paupertate
2755 3086 2950 3142 incedit
2975 3089 3245 3154 ornatior;
3277 3089 3346 3144 ita
3371 3099 3535 3145 totum
3566 3089 3636 3163 (c)
3665 3091 3912 3149 Ecclesia:

2343 3177 2624 3247 investigat
2647 3188 2912 3232 ornatum.

2415 3268 2502 3323 12.
2539 3268 2618 3323 Ad
2643 3269 3317 3339 comparationemqaidem
3335 3272 3690 3342 superiorum,
3711 3274 3910 3331 modica

2343 3369 2603 3429 suntquae
2626 3361 2816 3415 dicturi
2836 3376 3040 3426 sumus,
3092 3360 3252 3434 340
3305 3361 3399 3418 sed
3421 3365 3551 3418 etin
3576 3367 3752 3434 parvis
3777 3365 3912 3422 idem

2344 3450 2554 3505 animus
2587 3451 2905 3507 ostenditur.
2947 3452 3017 3508 Ut
3048 3454 3191 3507 enim
3217 3452 3524 3509 Creatorem
3551 3471 3656 3510 non
3686 3456 3740 3511 in
3783 3457 3912 3513 coelo

2347 3549 2551 3594 tantum
2580 3541 2859 3610 miramur,
2895 3550 2948 3597 et
2972 3550 3134 3610 terra,
3163 3543 3296 3606 sole,
3327 3558 3528 3599 oceano
3551 3585 3565 3608 ,
3599 3545 3910 3613 elephantis,

2345 3631 2566 3687 camelis
2585 3673 2601 3699 ,
2633 3634 2783 3702 equis
2805 3675 2819 3700 ,
2849 3634 3052 3699 bobus,
3088 3635 3302 3703 pardis,
3333 3637 3490 3701 ursis,
3520 3637 3798 3705 leonibus;
3829 3640 3915 3695 sed

2347 3726 2480 3781 etin
2512 3724 2731 3779 minutis
2771 3741 2982 3795 quoque
3025 3727 3376 3793 animalibus,
3428 3728 3644 3784 formica
3670 3771 3686 3797 ,
3715 3731 3912 3800 culice,

2349 3815 2568 3880 muscis,
2600 3813 2941 3881 vermiculis,
2987 3825 3042 3870 ct
3079 3816 3377 3871 istiusmodi
3419 3832 3648 3887 genere,
3697 3836 3914 3890 quorum

2349 3906 2519 3976 magis
2545 3920 2769 3976 corpora
2813 3905 3010 3961 scimus
3036 3923 3196 3978 quam
3227 3908 3465 3972 nomina,
3495 3909 3845 3982 eamdemque
3868 3913 3916 3967 iu

2349 3999 2555 4054 cunctis
2594 4014 2911 4054 veneramur
2935 4000 3208 4056 solertiam
3241 4019 3253 4052 :
3295 4001 3367 4056 ita
3394 4016 3544 4056 mens
3584 4002 3800 4060 Cia-isto
3827 4005 3917 4061 de-

2349 4090 2492 4152 dita,
2525 4105 2676 4161 teque
2703 4100 2757 4146 et
2794 4092 2846 4145 in
2883 4091 3203 4161 majoribus,
3234 4100 3288 4146 et
3311 4092 3363 4147 in
3405 4093 3700 4151 minoribus
3727 4097 3919 4152 intenta

2351 4191 2461 4244 est,
2500 4181 2674 4236 sciens
2707 4181 2866 4236 etiam
2907 4197 3004 4251 pro
3045 4181 3218 4237 otioso
3253 4181 3417 4238 verbo
3446 4184 3768 4240 reddendam
3807 4203 3920 4243 esse

2351 4273 2632 4327 rationein.
2663 4272 2788 4327 Erat
2833 4287 2960 4342 ergo
2989 4272 3282 4340 sollicitus,
3327 4274 3374 4329 si
3421 4273 3614 4330 niteret
3649 4277 3849 4343 altare,
3879 4277 3921 4330 si

2353 4365 2584 4434 parietes
2610 4363 2809 4432 absque
2853 4364 3106 4436 fuligine,
3134 4365 3179 4420 si
3219 4365 3517 4436 pavimenta
3555 4377 3730 4438 tersa,
3771 4370 3816 4424 si
3841 4369 3923 4440 ja-

2353 4457 2496 4511 nitor
2524 4457 2711 4513 creber
2739 4457 2792 4512 in
2830 4466 2979 4527 porta
3000 4499 3015 4526 ,
3049 4457 3164 4513 vela
3193 4471 3408 4528 semper
3435 4459 3489 4514 in
3530 4459 3717 4528 ostiis,
3750 4461 3794 4515 si
3836 4475 3926 4515 sa-

2353 4551 2585 4604 crarium
2612 4548 2888 4612 mundum,
2912 4550 2955 4604 si
2987 4564 3109 4605 vasa
3137 4549 3401 4605 luculenta
3429 4549 3520 4622 [ai.
3559 4550 3800 4622 tucauia)
3827 4571 3840 4606 :
3871 4563 3925 4606 et

2356 4638 2409 4693 in
2437 4653 2624 4693 omnes
2659 4639 3008 4694 caeremonias
3036 4639 3122 4709 pia
3164 4640 3465 4696 sollicitudo
3504 4641 3758 4712 disposita
3779 4684 3795 4708 ,
3822 4657 3924 4697 non

2357 4731 2565 4796 minus,
2609 4745 2716 4784 non
2758 4730 2930 4800 majus
2968 4731 3267 4802 negligebat
3305 4731 3555 4788 officium.
3598 4732 3930 4805 Ubicumque

2356 4836 2479 4876 eum
2519 4823 2570 4876 in
2616 4821 2855 4876 Ecclesia
2902 4838 3204 4893 quaereres,
3236 4824 3516 4881 invenires.
3563 4822 3807 4879 Nobilem
3853 4827 3932 4882 vi-

2357 4928 2476 4969 rum
2507 4913 2584 4987 (ά)
2611 4913 2713 4980 Qu.
2744 4913 2966 4969 Fabium
3010 4914 3233 4969 miratur
3273 4915 3596 4986 Antiquitas,
3641 4914 3736 4984 qui
3765 4917 3931 4974 etiam

2442 5071 2492 5146 ὁ)
2517 5070 2676 5146 l‘d'alim
2698 5070 2791 5122 sibi
2812 5085 2901 5146 pro
2922 5071 3042 5146 ipse,
3066 5073 3196 5146 quod
3219 5083 3246 5121 a
3263 5072 3536 5146 veronensi
3693 5073 3854 5122 abest.

2444 5133 2492 5196 ε)
2528 5133 2768 5203 Veteres_
2781 5133 2902 5184 editi
2921 5133 3108 5203 Erasm',
3133 5142 3282 5203 atque
3315 5135 3492 5183 Victor.
3517 5134 3696 5203 quibus
3714 5133 3928 5203 nonnulli

2357 5193 2482 5244 Mss.
2500 5196 2645 5246 etiam
2668 5193 3009 5257 suffragantur,
3027 5193 3215 5245 animte
3233 5196 3404 5255 legunt
3419 5193 3776 5257 pro—Ecclesiw
3799 5208 3818 5255 ;
3843 5195 3930 5257 sed

2355 5259 2639 5320 impressam
2661 5255 2920 5306 lectionem
2941 5257 3237 5320 Veronensis
3259 5269 3367 5305 cum
3385 5255 3635 5316 plerisque
3659 5255 3770 5320 aliis
3791 5256 3928 5304 codd.

2357 5326 2416 5429 ﬁ;
2428 5319 2542 5380 Quae
2559 5320 2919 5382 subsequuntur
2946 5319 3304 5380 Hieronymiani
3316 5322 3576 5366 contextus
3594 5319 3805 5367 maxime
3823 5329 3929 5378 pro-

2422 5389 2488 5429 nt.

2422 5389 2488 5429 nt.

2425 5440 2492 5506 (τι)
2532 5441 2693 5510 Caium
2716 5440 2915 5491 Fabium
2932 5455 3041 5492 cum
3065 5440 3412 5510 Quinto_Fabi9
3427 5438 3628 5510 videtur
3639 5438 3932 5510 confundere

2357 5500 2603 5566 memoriae
2626 5503 2760 5566 lapsu
2778 5538 2793 5562 ,
2816 5515 3066 5566 unumque
3091 5515 3131 5566 e_
3147 5501 3353 5566 duobus
3376 5501 3562 5566 facere.
3588 5500 3785 5566 Primus
3804 5501 3931 5566 enim

2357 5562 2569 5612 Pictoris
2606 5560 2713 5614 arte
2750 5560 3002 5621 excelluit',
3029 5570 3082 5612 et
3102 5563 3279 5612 Salutis
3316 5560 3570 5621 Templum
3594 5574 3674 5610 an.
3700 5563 3764 5609 ab
3804 5560 3934 5609 Urbe

2361 5575 2569 5635 l'lClQl’lS
2606 5575 2713 5638 arte
2750 5575 3002 5637 excellunt,
3029 5575 3082 5636 et
3102 5575 3279 5636 Samus
3317 5575 3345 5609 ⁷ι
3359 5575 3570 5667 emptum
3594 5575 3674 5610 an.
3700 5575 3764 5609 an
3805 5575 3934 5609 urue

2361 5626 2559 5694 condita,
2580 5625 2690 5694 4530.
2732 5631 2982 5694 pinxn,_nt
3009 5624 3195 5694 Finitus
3219 5628 3447 5694 testatur;
3469 5623 3639 5694 ὼ.-
3663 5635 3707 5670 c.
3731 5623 3778 5670 4.
3806 5622 3934 5694 unde

2361 5689 2414 5746 et
2459 5681 2988 5746 Pictoriseognomine
3019 5685 3225 5733 donatus
3249 5696 3339 5733 est.
3376 5681 3514 5746 Alter
3534 5683 3743 5746 hujusce
3787 5689 3937 5741 uetes

2359 5745 2470 5813 fuit,
2493 5753 2544 5813 et
2565 5747 2622 5803 Q.
2647 5741 2826 5813 Fabius
2841 5747 3293 5813 _Pigt_or:de_nominc
3308 5741 3662 5813 appellabatur.
3679 5743 3771 5813 llic
3785 5755 3937 5813 porro

2361 5805 2609 5855 historiam
2625 5807 2824 5857 secundi
2839 5807 2957 5857 belli
2981 5807 3141 5858 Carth.
3155 5803 3357 5868 scripsit,
3375 5805 3538 5864 deque
3561 5803 3646 5854 illo
3669 5803 3934 5867 Appianus,
