4056 6184
181 295 296 349 b9?

180 410 458 466 Romana:
485 408 712 482 scriptor
738 407 977 466 historic
1015 418 1129 477 est;
1158 408 1253 467 sed
1281 410 1448 482 magis
1471 424 1538 467 ex
1566 411 1770 482 pictura

179 516 355 572 quam
387 517 453 556 ex
475 501 661 555 litteris
686 515 878 555 nomen
900 500 1101 557 invenit
1133 520 1146 556 :
1179 511 1234 558 et
1262 502 1498 558 Bcseleel
1533 513 1772 559 nostrum

177 595 415 663 plenum
445 591 699 661 sapientia
739 601 792 646 et
819 591 1007 662 spiritu
1048 592 1180 661 Dei,
1213 593 1486 665 Scriptura
1528 603 1772 649 testatur.

175 683 392 756 Hyram
424 697 630 754 quoque
653 681 818 737 ﬁlium
848 683 1089 739 mulieris
1115 683 1292 756 Tyria:
1310 727 1324 751 ,
1357 685 1497 755 quod
1525 686 1662 740 alter
1691 694 1774 740 ta-

176 773 502 840 bernaculi,
553 774 686 828 alter
713 773 922 844 Templi
952 775 1336 845 supellectilem
1377 776 1617 833 fabricati
1665 778 1773 834 sint

178 863 388 938 (Exod.
428 867 488 920 51
516 881 531 930 ;
561 876 610 919 et
635 866 688 920 5.
717 864 846 937 Reg.
877 866 956 935 5).
985 866 1264 934 Quomodo
1290 869 1431 922 enim
1460 868 1596 923 laetzn
1625 883 1775 939 sege-

176 967 284 1024 tes,
320 968 380 1012 et
405 960 598 1014 uberes
624 959 757 1029 agri,
789 959 1054 1014 interdum
1078 960 1288 1025 culmis,
1317 959 1598 1031 aristisque
1622 961 1774 1016 luxu-

171 1051 322 1104 riant
358 1049 470 1121 (Ex
509 1049 666 1120 Virgil
695 1047 880 1119 Georg.
909 1050 966 1118 1)
1000 1067 1127 1106 :in
1155 1066 1445 1107 nanetus
1466 1051 1691 1122 ingenia,
1720 1059 1776 1107 et

170 1159 336 1198 mens
372 1144 530 1213 plena
557 1141 842 1198 virtutibus
863 1184 877 1209 ,
906 1143 959 1197 in
989 1143 1252 1198 variarum
1292 1143 1485 1198 artium
1513 1143 1775 1198 redundat

167 1237 534 1308 elegantiam.
565 1235 718 1292 Unde
761 1245 817 1291 et
863 1236 1002 1306 apud
1047 1236 1262 1293 Graecos
1291 1236 1366 1310 (a)
1409 1237 1775 1307 Phil030phus

167 1329 266 1385 ille
300 1330 591 1395 laudatur,
639 1330 730 1400 qui
765 1345 924 1384 omne
963 1344 1070 1400 quo
1095 1338 1334 1385 uteretur
1373 1346 1541 1400 usque
1567 1331 1632 1384 ad
1663 1331 1778 1400 pal-

166 1423 310 1477 lium
345 1433 405 1478 et
431 1423 706 1486 annulum,
735 1437 893 1476 manu
921 1437 1017 1476 sua
1046 1423 1238 1477 factum
1259 1421 1519 1492 gloriatus
1538 1430 1640 1476 est.
1665 1421 1777 1477 lloc

167 1514 322 1572 idem
358 1529 652 1584 possumus
671 1521 726 1568 et
753 1513 820 1568 de
845 1513 949 1567 isto
977 1512 1176 1579 dicere,
1203 1513 1294 1583 qui
1325 1513 1559 1568 bisilieas
1588 1512 1774 1568 Eccle-

168 1610 294 1673 sia,
330 1617 388 1660 et
420 1606 497 1677 (ὁ)
524 1606 810 1676 Martyrum
840 1605 1231 1676 Conciliabula,
1256 1605 1483 1661 diversis
1512 1604 1732 1660 ﬁoribus
1755 1645 1771 1671 ,

173 1709 229 1757 et
250 1700 516 1755 arborum
543 1699 711 1753 comis
733 1738 748 1764 ,
781 1699 1074 1768 vitiumque
1103 1698 1368 1768 pampinis
1396 1698 1724 1752 adumbrarit
1756 1714 1771 1752 :

174 1802 236 1848 ut
261 1790 533 1862 quidquid
563 1788 808 1860 placebat
849 1789 901 1843 in
931 1789 1199 1855 Ecclesia,
1242 1797 1347 1843 tam
1379 1788 1731 1858 dispositione
1753 1826 1768 1850 ,

174 1899 340 1955 quam
370 1884 527 1952 visu,
566 1881 869 1953 Presbyteri
899 1881 1135 1937 laborem
1173 1890 1228 1938 et
1270 1883 1502 1938 studium
1541 1889 1770 1938 testare-

176 1984 286 2032 tur.
367 2013 382 2022 ι-

249 2071 340 2125 15.
370 2068 548 2123 Macte
576 2066 790 2133 virtute,
808 2067 963 2135 cujus
987 2067 1110 2121 talia
1133 2067 1415 2137 principia,
1449 2067 1622 2137 qualis
1649 2067 1770 2122 linis

175 2161 325 2216 erit?
364 2157 413 2214 Ο
454 2158 778 2214 miserabilis
815 2158 1045 2212 humana
1067 2159 1322 2222 conditio,
1347 2167 1399 2213 et
1420 2160 1537 2212 sine
1560 2158 1771 2213 Christo

174 2266 378 2305 vanum
397 2264 564 2304 omne
587 2248 728 2319 quod
745 2249 971 2303 vivimus
991 2248 1006 2302 !
1028 2248 1162 2316 Quid
1183 2257 1232 2302 te
1247 2247 1519 2302 subtrahis
1533 2249 1556 2301 ?
1611 2247 1768 2319 341

174 2341 306 2412 quid
375 2340 781 2410 tergiversaris,
831 2339 1004 2394 oratio
1059 2356 1074 2392 :
1127 2339 1276 2408 quasi
1331 2339 1474 2394 enim
1543 2349 1769 2394 mortem

175 2435 323 2489 illius
354 2434 584 2489 differre
624 2433 888 2503 possimus
912 2472 928 2497 ,
971 2441 1026 2486 et
1055 2433 1215 2487 vitam
1246 2432 1422 2486 facere
1452 2432 1768 2503 longiorem,

181 2526 261 2580 sic
311 2527 572 2580 timemus
616 2524 680 2579 ad
726 2524 970 2578 ultimum
1014 2525 1322 2593 pervenire.
1371 2544 1389 2576 ι
1418 2525 1604 2581 Omnis
1643 2539 1771 2578 caro

178 2617 416 2682 faenum,
449 2625 508 2672 et
533 2617 708 2670 omnis
726 2615 896 2686 gloria
926 2616 1042 2684 ejus
1070 2616 1221 2685 quasi
1253 2616 1353 2671 flos
1390 2615 1516 2672 fmni
1548 2635 1566 2668 ι
1616 2614 1764 2684 (lsai.

180 2709 270 2764 ιο.
321 2709 404 2780 6).
467 2707 568 2762 Ubi
611 2723 752 2763 nunc
775 2707 967 2763 decora
995 2708 1082 2762 illa
1108 2708 1300 2774 facies,
1333 2707 1418 2762 ubi
1461 2713 1620 2763 totius
1645 2724 1771 2766 cor-

180 2802 324 2870 poris
369 2801 626 2872 dignitas,
677 2815 783 2870 quo
811 2801 970 2855 veluti
1016 2801 1238 2870 pulchro
1280 2800 1626 2867 indumento,
1657 2803 1774 2872 pul-

181 2893 434 2948 chritudo
473 2893 663 2948 anima
688 2895 1047 2950 vestiebatur?
1089 2895 1479 2959 Marcescebat,
1511 2895 1642 2965 proh
1669 2895 1770 2950 do-

181 2985 283 3052 lor,
313 2987 484 3039 flante
509 2997 688 3040 austro
715 2986 902 3052 lilium,
930 2997 984 3042 et
1011 3003 1238 3057 purpura
1260 2987 1413 3042 violae
1437 2989 1487 3041 in
1513 2987 1768 3056 pallorem

182 3077 386 3132 sensim
459 3078 740 3146 migrabat.
802 3075 1042 3146 Cumque
1099 3078 1333 3134 febribus
1386 3089 1670 3145 aestuaret,
1719 3089 1773 3136 et

183 3181 455 3222 venarum
481 3167 653 3221 fontes
682 3167 920 3221 hauriret
948 3167 1112 3235 calor,
1143 3169 1282 3224 lasso
1309 3170 1543 3224 anhelitu
1568 3171 1774 3226 tristem

181 3257 518 3312 avunculum
555 3255 948 3311 consolabatur.
992 3257 1169 3312 Latus
1196 3237 1312 3313 erat
1336 3260 1550 3327 vultus,
1583 3269 1637 3316 ct
1662 3261 1777 3316 uni-

181 3347 363 3402 versis
383 3347 530 3402 circa
557 3346 905 3416 plorantibus,
933 3347 1080 3402 solus
1104 3349 1218 3418 ipse
1252 3349 1476 3405 ridebat.
1504 3351 1776 3422 Projicere

187 3443 440 3513 pallium,
471 3457 659 3497 manus
679 3442 988 3510 extendere,
1012 3443 1193 3499 videre
1218 3445 1359 3515 quod
1381 3445 1469 3500 alii
1502 3463 1606 3500 non
1632 3446 1778 3502 vide-

188 3534 343 3601 bant,
371 3544 429 3590 et
466 3535 617 3605 quasi
656 3535 708 3588 in
736 3549 1017 3590 occursum
1053 3550 1114 3590 se
1150 3537 1380 3606 erigens,
1409 3537 1641 3593 salutare
1685 3554 1777 3594 ve.

191 3626 445 3682 nicntes:
476 3627 798 3697 intelligeres
827 3627 973 3682 illum
1003 3642 1108 3683 non
1133 3630 1325 3696 emori,
1366 3631 1459 3686 sed
1487 3632 1773 3702 emigrare,

191 3725 247 3772 et
271 3727 488 3774 mutare
507 3717 726 3785 amicos,
757 3734 863 3773 non
887 3719 1210 3790 relinquere.
1238 3720 1534 3776 Volvuntur
1561 3737 1656 3791 per
1680 3736 1776 3777 ora

192 3808 483 3881 lacrymaa,
533 3819 589 3864 et
633 3809 915 3864 obﬁrmato
959 3811 1173 3877 animo,
1222 3827 1328 3865 non
1367 3827 1504 3882 queo
1533 3812 1778 3868 dolorem

191 3902 540 3958 dissimulare
567 3917 725 3971 quem
755 3903 947 3971 patior.
982 3901 1114 3969 Quis
1142 3901 1389 3958 crederet
1415 3905 1468 3957 in
1498 3904 1589 3958 tali
1631 3903 1778 3957 illum

192 4003 444 4059 tempore
474 4002 670 4046 nostra:
700 3993 1111 4048 necessitudinis
1137 3995 1426 4058 recordari,
1456 4004 1511 4048 et
1549 3995 1781 4050 luctante

194 4084 419 4148 anima,
471 4082 765 4138 studiorum
820 4083 960 4138 scire
1005 4083 1384 4139 dulcedinem?
1431 4086 1777 4155 Apprebensa

195 4175 452 4232 avunculi
476 4190 652 4240 manu,
680 4175 835 4243 hanc,
859 4176 1028 4245 inquit
1051 4177 1146 4248 (ε),
1171 4175 1431 4242 tunicam,
1463 4193 1565 4247 qua
1593 4177 1784 4233 utebar

198 4267 252 4322 in
294 4267 595 4323 ministerio
622 4265 849 4334 Christi,
890 4267 1042 4324 mitte
1069 4267 1420 4324 dilectissimo
1449 4269 1602 4336 mihi,
1627 4277 1784 4326 aelate

201 4359 360 4428 patri,
405 4357 554 4413 fratri
582 4345 826 4428 collegio,
849 4365 904 4412 et
923 4357 1178 4428 quidquid
1203 4373 1233 4412 a
1264 4366 1314 4414 te
1340 4359 1521 4429 nepoti
1545 4359 1782 4416 debeba-

203 4455 289 4502 tur
311 4447 535 4504 all‘ectus
553 4489 570 4515 ,
601 4447 654 4502 in
682 4446 828 4501 illum
871 4446 1137 4514 transfer,
1165 4462 1322 4518 quem
1351 4463 1560 4504 mecum
1588 4450 1787 4520 pariter

204 4537 478 4608 diligebas.
507 4538 678 4608 Atque
705 4539 756 4592 in
797 4538 920 4593 talia
949 4538 1112 4594 verba
1153 4538 1369 4608 defecit,
1401 4543 1648 4597 avunculi
1675 4557 1790 4598 ma-

206 4642 353 4694 num,
383 4631 489 4685 mei
524 4629 896 4686 recordatione
921 4638 1288 4688 contrectans.

193 4747 211 4761 Α
277 4720 363 4774 14.
397 4719 551 4787 Scio,
579 4721 719 4791 quod
747 4719 982 4776 nolueris
1011 4736 1250 4777 amorem
1296 4721 1349 4777 in
1381 4731 1434 4779 te
1471 4724 1666 4780 civium
1709 4726 1787 4782 sic

217 4845 241 4875 ι
260 4830 492 4891 Senatus,
513 4834 686 4894 inquit.
702 4833 931 4892 Quintum
950 4832 1172 4890 Fabium,
1185 4835 1270 4942 qui
1286 4835 1454 4897 etipse
1465 4836 1786 4888 Hannibalica

217 4901 318 4938 rum
337 4905 501 4941 rerum
525 4894 770 4942 historiam
793 4895 1093 4942 conscribsit.
1121 4893 1194 4942 De
1218 4895 1336 4942 nhos
1357 4897 1415 4942 ad
1431 4899 1676 4942 oraculum
1701 4901 1786 4942 mi.

209 4900 318 4956 rum
337 4905 501 4956 rerum
525 4893 770 4956 hiStoriam
793 4893 1336 4956 eonscripsit,Delphos
1357 4893 1416 4944 ad
1431 4899 1676 4948 oraculum
1701 4901 1791 4948 mi-

213 4949 331 5023 sit.)
352 4950 414 4999 Et
435 4953 598 5023 prius
617 4955 697 5002 lib.
722 4955 926 5023 22.9.):
947 4949 997 5004 7:
1011 4949 1229 5023 Arabium
1244 4958 1479 5023 tequidem
1502 4960 1790 5023 temporibus

214 5006 543 5081 huj‘useebelli
570 5013 782 5075 (secundi
802 5006 1211 5079 Carmaginensisl
1229 5006 1792 5080 potissimum-auctorem

213 5081 267 5119 se
289 5069 506 5121 habuisse
528 5069 728 5123 testatus
749 5087 839 5127 est.

284 5130 589 5205 ((ιῌνῐίρρίτεξ⁸
617 5134 783 5205 Eleus,
815 5151 966 5205 quem
991 5148 1100 5202 post
1130 5139 1391 5205 Platonem
1424 5143 1472 5205 in
1497 5142 1675 5205 Hippia
1700 5145 1790 5192 mi-

216 5193 346 5266 nor-le"
363 5193 706 5266 laudat-Cicero
728 5193 775 5245 δέ
794 5193 861 5266 de
884 5193 1107 5266 Oratore,
1130 5201 1389 5262 Lucianns,
1411 5193 1610 5266 aliique:

249 5312 259 5321 .
285 5250 358 5362 ([ιὲ1
387 5253 572 5304 Sacella
613 5260 902 5320 martyribus
940 5250 1186 5323 dedicata,
1216 5250 1334 5312 ’ué’
1357 5250 1791 5327 ctiamjit—tartyria

249 5325 321 5362 tce
359 5322 516 5374 antur,
553 5325 602 5367 et
642 5326 910 5374 Martyrum
943 5322 1160 5373 concilia.
1198 5277 1323 5374 ﬂinc
1345 5339 1600 5374 sermones
1623 5337 1790 5374 occur-

213 5310 516 5382 dieebantur,
553 5325 602 5367 et
642 5311 910 5382 Martyrum
943 5310 1176 5373 concilia:
1198 5310 1323 5374 Hinc
1345 5310 1790 5375 s'e'éiiidhéé'beéuil

213 5382 323 5450 ﬁunt
346 5379 468 5439 apud
494 5379 1088 5450 veteresin'dedjcatione
1113 5384 1305 5450 concilii
1338 5392 1601 5450 Martyrum
1623 5399 1640 5446 ;
1667 5396 1718 5437 et
1741 5389 1790 5437 in

212 5431 638 5541 gafglapgﬁquoque
662 5431 1212 5508 Mortvrologiicoucil—ia
1232 5431 1502 5512 Euripidi
1523 5431 1791 5498 ii'b'c’séhéii

251 5510 325 5545 ΝΘ
332 5513 453 5551 mes.

377 5562 519 5634 (ἶίῖνῑο
557 5565 672 5614 hinc
709 5567 908 5634 colligas
931 5568 1090 5634 ah_iis
1112 5581 1269 5634 usque
1304 5574 1606 5633 temporibus
1641 5585 1791 5634 pecu-

216 5613 486 5693 liari-veste
499 5639 615 5693 usos
647 5613 1278 5693 saééraSEés'fduihﬁaéii;
1299 5613 1622 5693 bit'éifsi'éﬁﬁir
1643 5613 1794 5693 {Eii};

215 5670 556 5794 giacgétgg‘uin}?
567 5670 778 5751 ὶᾷηἱῐιὶιῖξ
789 5670 1614 5762 “sitasa‘s'rattss“azgcariuixta‘
1628 5670 1798 5746 digiti."-

1541 313 1546 316 ·
1580 292 1912 350 EPISTOLA
1952 294 2066 350 LX.

3356 317 3464 379 598

1881 413 2141 484 probare,
2171 422 2224 471 et
2252 414 2496 473 aﬁ'ectum
2522 419 2710 489 patria:
2752 423 2920 494 magis
2959 428 3218 497 quresisse
3247 430 3298 486 in
3339 447 3465 504 pro-

1879 507 2074 575 Speris.
2117 507 2223 563 Sed
2266 508 2632 578 hujuscemodi
2675 512 2908 570 ofﬁcium
2939 517 2992 571 in
3036 520 3190 577 bonis
3229 524 3464 594 juncun-

1877 598 1996 654 dius
2039 609 2154 666 est,
2188 602 2239 655 in
2285 603 2438 656 malis
2479 604 2704 674 gratius.
2757 605 2890 661 Tota
2919 607 3059 665 hunc
3099 615 3319 682 civitas,
3352 627 3463 676 tota

1876 693 2080 763 planxit
2106 694 2272 749 Italia.
2300 695 2506 766 Corpus
2545 705 2687 752 terra
2719 702 2986 770 suscepit,
3033 706 3210 758 anima
3247 707 3462 766 Christo

1876 782 2085 839 reddita
2114 794 2218 840 est.
2247 785 2326 840 Tu
2371 795 2622 858 nepotem
2653 791 2958 860 quaerebas,
3004 791 3243 850 Ecclesia
3269 796 3462 854 Sacer-

1877 873 2078 928 dotem.
2121 875 2403 932 Prmcessit
2449 889 2498 933 te
2526 893 2805 934 successor
2831 890 2972 936 tuus.
3002 883 3155 949 Quod
3203 894 3257 940 tu
3300 889 3462 954 eras,

1877 961 1970 1018 ille
2009 973 2130 1035 post
2167 975 2219 1022 te
2242 966 2443 1036 judicio
2468 970 2706 1024 omnium
2735 971 3060 1028 merebatur.
3091 977 3269 1046 Atque
3297 977 3368 1033 ita
3395 995 3462 1036 ex

1878 1069 1984 1108 una
2025 1055 2186 1111 domo
2212 1057 2408 1128 duplex
2440 1059 2789 1117 Pontiﬁcatus
2826 1077 3041 1133 egressa
3073 1075 3158 1121 est
3183 1065 3414 1137 dignitas
3439 1111 3457 1137 ,

1879 1143 2004 1198 dum
2034 1145 2086 1198 in
2111 1146 2283 1202 altero
2313 1150 2598 1218 gratulatio
2617 1160 2721 1219 est,
2745 1153 2889 1223 quod
2915 1157 3146 1211 tenuerit
3175 1158 3264 1213 :in
3293 1159 3464 1216 altero

1878 1249 2100 1304 mceror,
2115 1239 2254 1307 quod
2275 1251 2454 1311 raptus
2471 1243 2560 1310 sit,
2581 1259 2648 1298 ne
2668 1255 2891 1302 teneret.
2916 1247 3152 1306 Platonis
3186 1251 3276 1320 (In
3306 1252 3463 1309 Plue-

1879 1327 2032 1413 done)
2063 1332 2327 1387 sententia
2349 1345 2431 1389 est
2452 1375 2467 1400 ,
2542 1335 2703 1409 342
2778 1338 3002 1396 Omnem
3029 1344 3351 1413 sapientium
3378 1347 3461 1402 vi-

1880 1426 1986 1475 tam
2005 1462 2020 1484 ,
2061 1423 2460 1480 meditationem
2492 1440 2610 1482 esse
2636 1430 2845 1486 mortis.
2875 1431 3116 1488 Laudant
3143 1434 3246 1490 hoc
3275 1436 3460 1492 Philo-

1879 1511 2053 1581 sophi,
2077 1515 2205 1568 etin
2228 1516 2420 1571 caelum
2453 1533 2620 1588 usque
2664 1519 2861 1576 ferunt.
2907 1522 3014 1579 Sed
3060 1526 3230 1580 multo
3273 1526 3464 1584 fortius

1878 1601 2204 1670 Apostolus:
2255 1605 2517 1671 Quotidie,
2548 1608 2753 1678 inquit,
2793 1613 2982 1667 morior
3012 1630 3103 1682 per
3127 1617 3344 1686 gloriam
3371 1634 3458 1672 ve-

1877 1701 2034 1746 stram
2063 1693 2140 1762 (1.
2173 1694 2290 1748 Cor.
2321 1697 2408 1751 15.
2444 1698 2556 1766 3f).
2601 1700 2760 1754 Aliud
2799 1711 2881 1756 est
2910 1705 3054 1758 enim
3081 1707 3286 1772 conari,
3319 1707 3461 1762 aliud

1876 1795 2035 1851 agerc
2067 1800 2080 1835 :
2131 1783 2273 1837 aliud
2315 1785 2494 1841 vivere
2524 1787 2843 1842 moriturum
2866 1830 2880 1854 ,
2914 1792 3060 1847 aliud
3102 1795 3240 1848 mori
3286 1795 3461 1850 victu-

1876 1886 2016 1926 rum.
2049 1870 2143 1927 Ille
2174 1874 2468 1929 moriturus
2495 1884 2661 1931 estex
2691 1880 2858 1950 gloria
2884 1896 2898 1946 ;
2932 1881 3033 1936 iste
3059 1885 3287 1938 moritur
3313 1901 3463 1941 sem-

1875 1975 1972 2032 per
2013 1961 2078 2016 ad
2107 1963 2350 2033 gloriam.
2387 1965 2656 2023 Debemus
2695 1967 2857 2039 igitur
2883 1981 2937 2026 et
2968 1987 3066 2028 nos
3107 1973 3286 2030 animo
3322 1991 3463 2046 pra:-

1875 2053 2156 2118 meditari,
2212 2055 2353 2124 quod
2401 2057 2693 2127 aliquando
2738 2060 2898 2116 futuri
2946 2078 3180 2119 sumus:
3225 2075 3280 2121 et
3320 2067 3463 2138 quod

1875 2143 2132 2208 velimus,
2178 2146 2447 2214 nolimus,
2494 2148 2684 2204 abesse
2717 2151 2929 2221 longius
2959 2169 3063 2208 non
3097 2163 3298 2224 potest.
3329 2157 3463 2212 Nam

1876 2232 1921 2286 si
1953 2243 2250 2303 nongentos
2279 2237 2403 2291 vita:
2430 2239 2816 2296 excederemus
2853 2258 3046 2310 annos,
3075 2255 3135 2300 ut
3163 2256 3288 2302 ante
3314 2248 3463 2302 Dilu-

1876 2324 2019 2376 vium
2048 2325 2258 2380 vivebat
2300 2328 2590 2384 humanum
2617 2346 2806 2401 genus,
2839 2343 2895 2389 et
2928 2334 3278 2392 Mathusalem
3308 2339 3463 2394 nobis

1877 2423 2117 2487 tempora
2160 2418 2528 2477 donarentur:
2581 2433 2758 2480 tamen
2814 2427 2946 2482 nihil
3005 2438 3150 2484 esset
3195 2433 3462 2500 prmterita

1877 2507 2152 2577 longitudo
2171 2552 2186 2575 ,
2218 2525 2335 2580 qua:
2365 2527 2483 2567 esse
2509 2512 2780 2570 desiisset.
2803 2517 3012 2572 Etenim
3049 2520 3187 2575 inter
3211 2537 3332 2576 eum
3363 2525 3462 2593 qui

1875 2599 2064 2654 decem
2105 2601 2237 2655 vixit
2283 2617 2486 2670 annos,
2530 2614 2584 2659 et
2628 2606 2774 2661 illum
2819 2611 2912 2678 qui
2952 2612 3133 2678 mille,
3179 2622 3460 2685 postquam

1877 2691 2015 2748 idem
2046 2695 2166 2748 vita:
2193 2693 2313 2749 ﬁnis
2339 2695 2632 2764 advenerit,
2665 2709 2718 2753 et
2747 2700 3108 2759 irrecusabilis
3139 2707 3326 2761 mortis
3367 2724 3463 2762 ne-

1877 2787 2122 2861 cessitas,
2153 2796 2476 2841 transactum
2499 2803 2658 2844 omne
2683 2793 3010 2848 tantumdem
3034 2803 3116 2848 est
3147 2810 3162 2848 :
3193 2796 3294 2850 nisi
3316 2796 3465 2866 quod‘

1877 2890 2043 2932 scaex
2074 2878 2242 2948 magis
2280 2889 2502 2934 onustus
2532 2889 2870 2949 peccatorum
2914 2884 3054 2938 fasce
3083 2884 3456 2954 proficiscitur.

1988 3014 2195 3083 Optima
2220 3031 2428 3085 queque
2456 3016 2563 3070 dies
2585 3017 2778 3072 miseris
2806 3019 3104 3074 mortalibus
3130 3021 3224 3074 azvi

1985 3106 2166 3160 Prima
2191 3109 2344 3178 fugit,
2378 3109 2590 3162 subeunt
2619 3111 2800 3173 morbi,
2825 3112 3054 3182 tritisque
3080 3121 3326 3170 senectus.

1988 3197 2052 3251 Et
2076 3198 2238 3264 labor,
2267 3209 2315 3253 et
2345 3200 2488 3254 dura:
2515 3203 2649 3272 rapit
2689 3202 3008 3258 inclementia
3041 3206 3234 3260 mortis.

2632 3313 2848 3386 (Virgil.
2882 3317 2969 3371 lib.
3000 3319 3055 3374 5.
3085 3317 3268 3390 Georg.
3279 3321 3319 3390 ).

1950 3423 2161 3478 Νωγίιιε
2185 3424 2344 3480 Poeta
2377 3442 2390 3477 :
2425 3423 2564 3488 Pati,
2602 3426 2790 3496 inquit,
2813 3445 3012 3484 necesse
3039 3439 3110 3484 est
3139 3431 3298 3485 multa
3321 3448 3464 3487 mor-

1880 3514 2032 3568 talem
2073 3514 2228 3570 mala.
2261 3515 2415 3570 Unde
2441 3525 2495 3572 et
2535 3517 2778 3584 Niohem,
2810 3520 2932 3589 quia
2974 3522 3196 3575 multum
3234 3521 3462 3590 ﬂeverit,

1883 3606 1935 3662 in
1965 3607 2191 3677 lapidem
2217 3609 2298 3679 (d)
2339 3619 2391 3663 et
2419 3609 2658 3666 diversas
2682 3612 2877 3666 bestias
2905 3623 3283 3668 commutatam
3315 3613 3468 3668 finxit

1881 3698 2202 3768 Antiquitas.
2244 3699 2309 3754 Et
2334 3699 2595 3756 Hesiodus
2631 3702 2837 3755 natales
2876 3701 3150 3756 hominum
3182 3704 3464 3775 plangens,

1882 3791 2075 3860 gaudet
2104 3791 2156 3844 in
2189 3790 2374 3844 funere
2405 3807 2419 3843 :
2448 3791 2840 3860 prudenterque
2868 3791 3070 3845 Ennius
3092 3792 3183 3862 (ε).

1993 3899 2197 3965 Plebes,
2225 3899 2318 3961 ait,
2350 3899 2404 3951 iu
2421 3899 2515 3951 hoc
2538 3899 2694 3967 Περοὶ
2713 3907 2930 3951 antestat
2957 3905 3067 3952 loco
3101 3915 3120 3952 :
3143 3900 3259 3954 licet

1997 3986 2308 4057 Lacrymare
2328 3987 2510 4056 plebei,
2541 3986 2696 4058 Regei
2725 3988 2928 4040 honeste
2960 4003 3060 4041 non
3089 3987 3221 4042 licet.

1962 4094 2029 4154 Ut
2058 4097 2224 4168 Regi,
2268 4098 2346 4153 sic
2375 4097 2639 4169 Episcopo
2669 4097 2738 4170 (f)
2766 4139 2782 4165 ,
2833 4098 2942 4154 imo
2989 4100 3164 4155 minus
3207 4100 3474 4174 Episcopo

1889 4205 2048 4260 quam
2087 4189 2240 4259 Regi.
2274 4187 2366 4244 Ille
2395 4191 2537 4244 enim
2569 4189 2871 4246 nolentibus
2899 4201 3122 4260 prmest,
3170 4193 3256 4248 hic
3283 4194 3470 4250 volen-

1891 4281 2033 4337 tibus
2066 4298 2080 4336 :
2109 4280 2201 4336 ille
2227 4289 2434 4337 terrore
2461 4280 2674 4351 subjicit
2699 4280 2800 4353 (g),
2832 4281 2920 4338 hic
2949 4284 3203 4340 servitute
3231 4283 3474 4342 domina-

1891 4378 2016 4426 tur:
2052 4371 2142 4426 ille
2188 4385 2413 4441 corpora
2455 4371 2686 4427 custodit
2727 4372 2794 4427 ad
2843 4382 3106 4440 mortem,
3140 4373 3228 4430 hic
3265 4375 3474 4434 animas

1892 4471 2069 4518 servat
2094 4461 2161 4517 ad
2209 4463 2394 4518 vitam.
2422 4462 2479 4518 In
2507 4471 2558 4518 te
2586 4464 2727 4518 oculi
2759 4465 2996 4520 omnium
3024 4464 3349 4537 diriguntur,
3374 4466 3475 4522 do-

1961 4591 2029 4658 (ά)
2060 4592 2114 4642 In
2137 4599 2324 4655 petram
2340 4593 2535 4658 quidem
2554 4598 2786 4658 mutatam,
2803 4593 3011 4658 Niobem
3033 4595 3173 4644 ﬁnxit
3195 4596 3474 4658 antiquitas,

1893 4655 1991 4724 non
2018 4655 2370 4724 'autemuquod
2404 4657 2642 4724 noverim,
2685 4662 2752 4724 et_
2776 4657 2826 4705 in
2860 4657 3084 4724 diversas
3126 4655 3326 4704 bestias;
3363 4655 3478 4724 ipse

1892 4715 2098 4780 ljieron.
2124 4717 2181 4780 ad
2213 4715 2480 4780 oceanum,
2505 4715 2914 4780 Niobem,_inquit,
2938 4724 3156 4780 putares,
3188 4727 3296 4780 quia
3325 4715 3479 4780 nimio

1893 4775 2096 4848 fletu‘in
2133 4775 2346 4848 lapidem
2385 4773 2523 4827 verita
2562 4784 2653 4848 est.
2700 4773 2909 4848 Omnino
2939 4773 3099 4848 igitur
3138 4773 3256 4824 ’beic
3293 4773 3478 4848 aliquid

1893 4837 2058 4899 deest,
2084 4837 2504 4902 supplendumque
2529 4839 2738 4902 videtur,
2763 4847 2808 4887 et
2831 4838 2949 4902 alios
2974 4837 3022 4884 in
3044 4837 3263 4902 diversas
3284 4837 3481 4902 bestias

1896 4895 2224 4960 commutatus,
2251 4907 2348 4949 etc.
2375 4895 2458 4949 aut
2484 4900 2629 4950 verba
2653 4898 2734 4947 illa
2757 4906 2802 4948 et
2826 4897 3040 4948 diversas
3075 4896 3247 4946 bestias
3267 4895 3480 4947 delenda

1920 4970 2025 5010 unt.

1893 4973 2025 5088 “iii
2063 5022 2205 5088 Ennii
2229 5020 2359 5088 duos
2391 5020 2536 5088 hosce
2573 5032 2745 5088 versus
2782 5018 2942 5088 veteri
2980 5017 3179 5067 lectioni
3212 5017 3476 5088 reddimus,

1895 5079 2281 5144 notandumque,
2305 5080 2469 5144 Plebes
2499 5093 2584 5144 pro
2626 5079 2755 5143 plebs
2787 5079 2967 5130 dictum
3005 5091 3144 5128 more
3177 5079 3396 5140 antiquo,
3427 5087 3482 5131 ut

1897 5145 2054 5195 trabes
2081 5156 2164 5195 ιιι-ο
2179 5142 2318 5192 trabs
2343 5145 2389 5189 in
2414 5143 2583 5189 minori
2609 5142 2829 5189 numero.

1966 5202 2020 5268 (Γ)
2047 5199 2164 5268 Haec
2180 5205 2326 5268 verba
2343 5203 2438 5268 imo
2460 5203 2617 5268 minus
2640 5201 2866 5268 Episcopo
2886 5214 3032 5263 quam
3055 5199 3482 5268 negi,Veronense

1899 5259 2154 5327 exemplar
2179 5279 2274 5314 non
2313 5265 2478 5327 habet.
2521 5259 2830 5327 Martianaau's
2868 5259 3292 5327 contrarior'sensu
3340 5259 3482 5327 legit,

1905 5345 1928 5372 α
1949 5323 2226 5387 imo'minus
2246 5326 2354 5386 regi
2377 5337 2522 5387 quam
2551 5325 2796 5387 episcopo,
2823 5341 2846 5369 ιο
2878 5332 2928 5373 et
2947 5323 3050 5373 falsi
3075 5325 3252 5372 acriter
3276 5323 3483 5383 impresl

1899 5401 2000 5438 sam
2023 5386 2283 5436 lectionem
2312 5385 2541 5446 accusat;
2584 5385 2673 5434 sed
2714 5385 2814 5434 falli
2861 5399 2975 5436 eum
3009 5399 3068 5435 ex
3099 5393 3201 5434 toto
3242 5391 3482 5434 contextu

1899 5448 2072 5511 quuct,
2107 5449 2341 5511 hancque
2375 5461 2488 5511 esse
2525 5446 2806 5511 Hieronymi
2860 5453 3097 5507 mentem,
3150 5445 3278 5510 quod
3325 5447 3483 5496 minus

1899 5508 2139 5572 Episcopo
2161 5508 2309 5572 liceat
2331 5508 2550 5558 indolere
2574 5508 2725 5570 quani
2742 5508 2884 5572 Regi.

1970 5569 2032 5635 (g)
2071 5569 2385 5636 Przeferimus
2423 5569 2646 5636 veterum
2687 5569 3040 5636 exerrﬁilarium
3071 5582 3248 5636 magno
3283 5582 3483 5636 numero

1901 5631 2236 5697 ancteritatem
2255 5671 2268 5690 ,
2296 5645 2362 5697 ea
2386 5633 2537 5697 etiam
2560 5631 2624 5697 de
2648 5644 2790 5697 causa
2822 5635 2949 5697 quod
2973 5631 3253 5684 concinnior
3277 5631 3482 5680 antitbe‘

1901 5695 1970 5743 sis
1994 5695 2252 5763 verborum
2289 5692 2480 5756 subjicit
2517 5700 2569 5763 et
2592 5692 2882 5763 dontiriatur,
2909 5697 3181 5763 meliorque
3222 5706 3398 5744 sensus
3419 5701 3480 5743 vr

1903 5767 1988 5811 sus
2010 5757 2090 5808 sit.
2113 5755 2270 5808 Antea
2295 5765 2400 5809 erat
2422 5755 2635 5808 servituti
2660 5755 2886 5809 donatur.
