4056 6184
245 435 354 497 σοι
1611 430 1942 490 EPISTOLA
1980 432 2115 489 LXI.
3403 452 3509 510 θοε

398 570 422 607 ί
444 551 627 614 Omnia
658 566 931 622 pinnarum
952 562 1268 625 percurrere
1288 551 1501 608 nomina
1529 550 1725 622 possim
1751 566 1771 601 ι

1063 644 1276 718 (Virgil.
1303 644 1355 700 6.
1384 641 1643 714 £neid.).

195 730 208 742 ‘
235 733 433 805 Neque
452 736 594 790 enim
624 734 901 792 historiam
924 736 1176 807 proposui
1198 736 1459 800 scribere,
1488 731 1581 788 sed
1613 740 1823 787 nostras

234 825 480 881 breviter
507 824 638 883 flere
674 828 935 884 miserias.
969 824 1217 900 Alioquin
1248 826 1314 882 ad
1347 827 1460 881 haec
1500 825 1692 880 merito
1724 839 1822 879 ex-

234 916 524 985 plicanda,
580 927 636 974 et
685 917 1048 991 Thucydides,
1103 928 1158 975 et
1208 918 1493 975 Sallustius
1532 918 1662 972 muti
1713 915 1823 972 sint

232 1007 342 1081 [al.
376 1022 499 1067 sunt
512 1011 556 1085 1.

303 1102 399 1158 17.
433 1102 590 1159 Felix
626 1103 954 1174 Nepotianus
977 1145 992 1171 ,
1038 1105 1129 1175 qui
1173 1104 1288 1160 haec
1321 1117 1429 1160 non
1473 1103 1617 1159 videt
1648 1116 1661 1155 :
1696 1100 1822 1157 felix

227 1191 322 1255 qui
354 1191 461 1249 ista
494 1208 598 1246 non
626 1193 793 1247 audit.
822 1192 929 1249 Nos
958 1194 1159 1263 miseri,
1190 1195 1280 1265 qui
1316 1203 1406 1250 aut
1432 1194 1662 1264 patimur
1682 1233 1699 1260 ,
1731 1200 1823 1248 aut

226 1283 512 1352 patientes
538 1284 727 1340 fratres
744 1295 955 1343 nostros
981 1294 1125 1341 tanta
1155 1288 1538 1357 perspicimus;
1565 1295 1619 1341 et
1645 1295 1823 1342 tamen

227 1376 424 1430 vivere
446 1377 713 1444 volumus,
738 1392 938 1447 eosque
966 1379 1055 1449 qui
1081 1377 1166 1433 his
1193 1385 1396 1445 carent,
1416 1377 1621 1433 flendos
1644 1378 1823 1446 potius

232 1480 405 1533 quam
442 1466 628 1522 beatos
656 1477 922 1538 putamus.
941 1467 1077 1525 Omni
1103 1484 1374 1525 orrstvsuu
1401 1469 1659 1525 sentimus
1676 1509 1693 1533 ,
1723 1482 1823 1523 nec

227 1553 518 1622 placamus
550 1556 742 1613 Deum.
759 1558 968 1616 Nostris
986 1561 1220 1630 peccatis
1249 1559 1469 1615 Barbari
1488 1558 1652 1615 fortes
1672 1567 1815 1613 sunt.

227 1645 451 1702 Nostris
480 1648 622 1706 vitiis
648 1650 922 1706 Romanus
950 1662 1235 1722 superatur
1260 1652 1527 1707 exercitus
1552 1660 1643 1705 :et
1667 1649 1820 1720 quasi

228 1752 340 1794 non
365 1739 486 1794 haec
513 1739 820 1795 sufficerent
841 1738 1081 1796 cladibus
1102 1783 1117 1808 ,
1150 1742 1264 1811 plus
1286 1755 1422 1809 pene
1452 1741 1587 1793 bella
1618 1740 1814 1806 civilia,

227 1845 393 1901 quam
413 1829 627 1886 hostilis
652 1846 838 1886 mucro
863 1832 1213 1901 consumpsit.
1245 1831 1420 1885 Miseri
1451 1829 1724 1894 lsraelitm,
1748 1829 1816 1883 ad

228 1937 463 1993 quorum
489 1923 943 1993 comparationem
984 1922 1477 1978 Nabuchodonosor
1503 1937 1689 1977 servus
1723 1923 1816 1978 Dei

224 2012 491 2067 scribitur
517 2010 628 2084 [al.
664 2010 888 2084 dicitur]
934 2010 1148 2084 (Jerem.
1189 2011 1279 2066 25.
1308 2010 1386 2081 9).
1419 2010 1664 2067 Infelices
1694 2027 1813 2079 nos,

222 2106 312 2175 qui
343 2111 562 2160 tantum
586 2104 934 2174 displicemus
958 2102 1088 2169 Deo,
1117 2112 1175 2159 ut
1204 2119 1298 2173 per
1318 2103 1519 2159 rabiem
1548 2102 1812 2160 Barbaro-

220 2211 363 2262 rum,
393 2196 549 2252 illius
578 2197 629 2250 in
660 2208 759 2251 nos
789 2197 867 2250 ira
905 2194 1177 2250 deszeviat.
1207 2193 1464 2250 Ezechias
1493 2196 1599 2266 egit
1637 2197 1804 2266 poeni-

222 2287 488 2352 tentiam,
517 2296 571 2342 et
590 2297 800 2342 centum
824 2286 1092 2355 octoginta
1112 2287 1345 2357 quinque
1370 2285 1535 2341 millia
1566 2286 1815 2358 Assyrio-

218 2394 337 2433 rum
362 2379 431 2433 ab
476 2394 580 2434 uno
617 2378 855 2449 Angelo,
884 2395 983 2433 una
1012 2387 1170 2433 nocte
1208 2378 1383 2434 deleta
1421 2388 1544 2433 sunt
1574 2378 1648 2450 (4.
1682 2379 1811 2452 Reg.

218 2468 306 2525 19.
359 2467 495 2539 25).
550 2468 807 2539 Josaphat
855 2469 1040 2524 laudes
1092 2469 1301 2525 Domini
1350 2470 1702 2534 concinebat,
1760 2479 1816 2526 et

219 2560 497 2615 Dominus
520 2575 615 2629 pro
642 2560 892 2616 laudante
918 2559 1202 2631 superabat
1222 2560 1302 2630 (2.
1322 2559 1558 2629 Paralip.
1585 2560 1674 2615 26.
1694 2559 1809 2631 2i).

214 2649 424 2721 Moyses
466 2660 650 2706 contra
678 2650 922 2717 Amalec,
956 2666 1061 2705 non
1094 2651 1291 2721 gladio,
1318 2650 1412 2706 sed
1444 2652 1687 2706 oratione
1717 2667 1813 2721 pu-

213 2745 394 2815 gnavit
427 2743 639 2815 (Exod.
669 2744 755 2799 17.
786 2742 896 2814 11).
931 2742 988 2798 Si
1018 2760 1157 2800 BRIGI
1180 2743 1430 2798 volumus
1450 2785 1465 2810 ,
1501 2753 1811 2814 prosterna-

215 2853 355 2893 mur.
383 2837 542 2893 Prnh
569 2836 757 2907 pudor,
785 2844 838 2892 et
862 2835 1054 2891 stolida
1084 2851 1251 2907 usque
1280 2834 1346 2891 ad
1379 2835 1810 2891 incredulitatem

214 2949 367 2990 mens
399 2951 415 2989 :
465 2932 736 2988 Romanus
767 2932 1067 2999 exercitus,
1090 2933 1259 2987 victor
1289 2932 1434 2988 orbis
1462 2939 1515 2986 et
1535 2930 1805 2997 dominus,

214 3024 379 3099 346
465 3022 534 3081 ab
574 3024 656 3080 his
686 3025 917 3080 vincitur
943 3064 959 3091 ,
989 3024 1088 3080 hos
1122 3032 1311 3095 pavet,
1345 3022 1534 3078 horum
1577 3031 1811 3078 terretur

218 3118 452 3188 aspectu
482 3115 583 3187 (a),
612 3115 700 3185 qui
747 3114 953 3185 ingredi
994 3131 1099 3170 non
1125 3115 1343 3179 valent,
1390 3113 1478 3183 qui
1514 3114 1558 3166 si
1612 3121 1808 3167 terram

222 3210 524 3279 tetigerint,
544 3223 603 3263 se
635 3216 874 3262 mortuos
899 3206 1244 3263 arbitrantur.
1259 3206 1326 3260 Et
1339 3220 1443 3260 non
1463 3204 1808 3275 intelligimus

222 3297 623 3369 Pr0phetarum
640 3302 799 3351 voces
819 3314 831 3348 :
858 3314 875 3347 ι
898 3295 1123 3366 Fugicnt
1141 3296 1286 3350 mille
1304 3310 1409 3349 uno
1420 3292 1807 3365 persequente?
1824 3287 1831 3297 ’

223 3387 386 3459 (Isai.
414 3388 508 3444 30.
535 3387 624 3459 17)
655 3386 762 3442 Nec
791 3398 1130 3457 amputamus
1144 3401 1332 3441 causas
1347 3386 1518 3442 morbi
1544 3427 1558 3452 ,
1588 3392 1802 3441 utmor-

221 3480 325 3535 bus
367 3480 569 3551 pariter
609 3480 918 3535 auferatur:
950 3478 1236 3547 statimque
1280 3492 1560 3533 cernamus
1586 3478 1806 3549 sagittas

222 3571 369 3640 pilis,
404 3571 567 3625 tiaras
593 3571 781 3641 galeis,
812 3568 1046 3624 caballos
1068 3569 1217 3638 equis
1242 3568 1455 3624 cedere.

300 3660 386 3717 18.
408 3660 749 3716 Excessimus
773 3657 1085 3716 Consolandi
1124 3658 1342 3715 modum
1366 3700 1380 3723 ,
1406 3668 1460 3715 ct
1488 3657 1614 3715 dum
1648 3659 1803 3715 unius

222 3763 452 3810 mortem
514 3742 641 3809 flere
706 3753 1091 3824 prohibemus,
1160 3754 1319 3808 totius
1359 3752 1502 3809 orbis
1559 3765 1802 3809 mortuos

221 3846 550 3917 planximus.
577 3844 778 3902 Xerses
818 3846 909 3901 ille
934 3862 1030 3902 rex
1074 3846 1475 3915 potentissimus
1498 3888 1513 3914 ,
1543 3848 1633 3917 qui
1672 3848 1798 3903 sub-

227 3936 396 3990 vertit
433 3943 682 3999 montes;
727 3934 896 3988 maria
935 3936 1266 4002 constravit,
1316 3951 1436 3990 cum
1475 3937 1541 3992 de
1585 3937 1801 3993 sublimi

221 4024 346 4078 loco
374 4021 635 4076 infinitam
662 4022 937 4076 hominum
969 4023 1388 4090 multitudinem,
1417 4036 1468 4080 et
1499 4028 1805 4082 innumera-

222 4114 391 4175 bilem
421 4112 643 4167 vidisset
665 4113 959 4166 exercitum
984 4154 998 4179 ,
1034 4113 1192 4168 flesse
1230 4115 1423 4169 dicitur
1444 4155 1459 4182 ,
1499 4116 1639 4185 quod
1681 4122 1804 4186 post

176 4262 191 4269 _
218 4215 439 4261 centum
467 4215 637 4259 annos
660 4202 835 4258 nullus
859 4218 1067 4269 eorum,
1097 4218 1230 4274 quos
1268 4214 1391 4260 tunc
1415 4209 1685 4271 cernebat,
1711 4223 1802 4263 su-

220 4295 534 4367 perfuturus
559 4303 722 4350 esset.
750 4293 795 4348 0
835 4293 882 4347 si
910 4308 1188 4363 possemus
1233 4295 1284 4348 in
1323 4296 1478 4349 talem
1513 4298 1802 4354 ascendere

219 4386 496 4457 Speculam
522 4427 537 4452 ,
567 4384 636 4440 de
662 4398 763 4454 qua
790 4384 1100 4439 universam
1131 4393 1327 4439 terram
1356 4385 1456 4440 sub
1483 4387 1680 4443 nostris
1704 4403 1800 4457 pe-

223 4477 379 4534 dibus
405 4489 781 4540 cerneremus;
824 4476 937 4546 jam
966 4476 1058 4530 tibi
1087 4475 1427 4530 ostenderem
1459 4478 1619 4532 totius
1655 4479 1802 4534 orbis

224 4567 427 4635 ruinas,
456 4576 643 4639 gentes
661 4565 927 4637 gentibus,
951 4574 1006 4621 et
1031 4566 1210 4635 regnis
1236 4581 1396 4636 regna
1427 4567 1641 4633 collisa;
1668 4569 1802 4626 alios

226 4661 498 4729 torqueri,
542 4659 680 4714 alios
728 4658 952 4724 necari,
999 4657 1133 4712 alios
1170 4657 1446 4714 absorberi
1477 4658 1585 4732 [al.
1621 4660 1799 4735 obrui]

226 4749 493 4819 ﬂuctibus,
521 4752 653 4824 alios
675 4751 743 4806 ad
783 4751 1094 4806 servitutem
1132 4750 1270 4806 trahi
1299 4771 1312 4807 :
1348 4750 1434 4808 hic
1467 4754 1698 4822 nuptias,
1728 4754 1800 4810 ibi

225 4842 495 4912 planctum
525 4859 540 4898 :
571 4845 692 4899 illos
724 4845 906 4911 nasci,
941 4843 1074 4898 istos
1101 4845 1236 4898 mori
1272 4862 1284 4897 :
1315 4845 1448 4901 alios
1472 4845 1693 4903 affluere
1720 4847 1800 4902 di-

228 4933 370 4987 vitiis
397 4935 499 5006 [al.
528 4936 785 5008 delictis],
817 4936 1296 4993 alios~mendicare
1324 4953 1338 4989 :
1371 4946 1425 4993 et
1454 4954 1559 4995 non
1602 4940 1797 4996 Xerxis

231 5030 437 5077 tantum
466 5027 757 5082 exercitum
781 5069 797 5095 ,
822 5030 917 5084 sed
964 5029 1127 5084 totius
1166 5030 1349 5084 mundi
1395 5030 1636 5087 homines
1661 5075 1675 5100 ,
1706 5035 1797 5104 qui

299 5179 361 5246 (α)
396 5182 813 5250 ﬁugpositerum
842 5187 1235 5250 respicit._quos_,
1267 5192 1322 5236 ut
1353 5186 1496 5250 tradit
1516 5186 1796 5250 Ammianus

230 5241 448 5311 Ma'rcell.
482 5243 567 5311 lib_.
608 5244 687 5293 3f.
730 5257 841 5311 cap.
868 5241 991 5311 2.1g
1013 5241 1164 5297 calcei
1205 5241 1424 5311 fermulis
1459 5248 1608 5298 nullis
1650 5254 1799 5311 aptati

228 5312 395 5375 vetant
416 5305 646 5375 incedere
667 5305 921 5375 greSSibys
944 5305 1135 5375 liberis,
1160 5325 1182 5355 ι
1226 5310 1360 5375 unde
1375 5317 1522 5375 suos“
1545 5317 1596 5360 et
1616 5305 1797 5375 egw.

226 5376 296 5424 λιῖς
316 5365 536 5416 dicuntur
554 5369 615 5416 ab
635 5365 833 5428 antiquo
855 5366 1100 5430 Scriptore
1121 5365 1247 5432 apud
1269 5370 1490 5430 Suidam,
1510 5365 1566 5421 et
1587 5365 1800 5424 ἄνοι’ῖπτὶυν

227 5438 270 5494 εξ
293 5435 420 5492 μδξως
456 5435 500 5494 ay
694 5445 761 5494 qv
784 5446 847 5494 γῆν
868 5443 1070 5492 πατήσιιιν.
1112 5449 1133 5477 α
1165 5432 1342 5494 Neque
1378 5433 1562 5494 absque
1579 5434 1801 5494 jumento

227 5446 266 5475 οὺ
293 5446 420 5492 pater;
456 5446 500 5479 ἀν
536 5446 666 5486 οὖννος
694 5446 761 5487 τῆν
828 5456 847 5478 ν
868 5446 1070 5492 “ﬁdem.
1112 5449 1133 5477 α
1165 5446 1342 5494 neque
1378 5446 1562 5494 absque
1579 5446 1798 5494 gumento

224 5485 428 5563 llunnus
462 5487 603 5563 facile
641 5446 990 5563 ambulgverit;
1017 5495 1255 5563 {optime
1286 5494 1409 5563 adeo
1440 5494 1580 5563 Hier.
1609 5495 1798 5563 ingredi

226 5560 321 5599 non
342 5551 577 5613 valentes,
612 5559 665 5599 et
700 5553 740 5600 si
775 5558 953 5600 terram
978 5551 1293 5613 tetigissent,
1329 5560 1485 5604 actum
1507 5557 1570 5604 de
1593 5551 1799 5604 seat-bi-

225 5613 407 5680 trantes
419 5611 558 5680 dixit,
576 5613 853 5680 quippequi
874 5611 1289 5680 pedibus‘bostem
1312 5617 1655 5680 insequentem
1674 5617 1799 5666 haud

226 5670 937 5740 ρρξεθηι-θίΐυεόζέζιὶιιξςηῇω
973 5674 1038 5740 de
1072 5674 1283 5740 teri-ilico
1308 5670 1481 5740 eorum
1501 5686 1699 5740 aspectu
1727 5684 1799 5727 te-

225 5732 373 5800 statur
415 5732 643 5800 Jornahd.
679 5735 743 5786 de
788 5732 960 5800 Rebus
997 5735 1197 5800 Geticis,
1245 5756 1267 5782 ι
1289 5738 1418 5798 Quos
1446 5732 1579 5789 bello
1601 5737 1798 5790 forsitan

227 5795 416 5864 minime
453 5797 761 5864 superabant.
808 5795 972 5849 vultus
999 5798 1076 5849 sui
1112 5795 1535 5853 terrore'nimium
1568 5814 1796 5864 pavorem

227 5852 526 5922 ingerentes;
548 5859 797 5922 lugebant.
833 5876 856 5905 ι

1932 562 2077 604 nunc
2099 548 2300 616 vivunt,
2329 550 2380 605 in
2411 551 2561 609 brevi
2598 555 2774 627 spatio
2803 557 3093 617 defuturos.
3119 563 3364 624 Vincitur
3390 582 3511 626 ser-

1929 652 2020 693 mo
2040 638 2115 694 rei
2135 642 2521 712 magnitudine,
2540 652 2595 700 et
2615 648 2795 704 minus
2816 659 2899 706 est
2922 666 3082 709 omne
3104 650 3245 727 quod
3260 658 3509 719 dicimus.

2005 731 2090 786 19.
2132 732 2437 792 Redeamus
2464 737 2624 808 igitur
2649 740 2716 797 ad
2746 756 2866 811 nos,
2894 754 2948 799 et
2974 748 3128 817 quasi
3166 764 3198 805 e
3236 753 3378 810 cmlo
3409 755 3511 813 de-

1928 821 2283 916 scendentes,
2345 828 2615 898 paulisper
2671 840 2853 888 nostra
2894 834 3191 894 videamus.
3235 839 3510 916 Sentisne,

1927 914 2154 1009 obsecro
2182 927 2255 989 te,
2282 920 2496 990 quando
2519 921 2720 992 infans,
2750 927 2967 997 quando
2993 944 3157 1003 puer,
3186 935 3401 1005 quando

1926 1007 2078 1062 venis
2097 1048 2112 1075 ,
2145 1009 2360 1078 quando
2384 1011 2622 1069 robustae
2648 1016 2825 1073 statis
2848 1059 2864 1086 ,
2893 1021 3108 1091 quando
3145 1038 3313 1082 senex
3339 1007 3512 1088 factus

1928 1096 2043 1155 sis?
2079 1100 2327 1168 Quotidie
2364 1107 2624 1163 morimur
2649 1148 2665 1175 ,
2706 1111 2946 1180 quotidie
2982 1127 3412 1189 commutamur,
3454 1131 3514 1181 et

1927 1199 2107 1286 tamen
2132 1202 2365 1286 teter-nos
2397 1213 2498 1254 nos
2529 1213 2653 1256 esse
2680 1203 2968 1263 credimus.
2998 1207 3112 1265 Hoc
3148 1210 3324 1282 ipsum
3363 1216 3514 1286 quod

1927 1279 2093 1351 dicto,
2120 1285 2261 1354 quod
2284 1288 2554 1355 scribitur,
2585 1293 2726 1364 quod
2756 1295 2960 1368 relego,
2989 1300 3134 1371 quod
3157 1279 3411 1373 emendo,
3439 1308 3515 1366 de

1926 1372 2035 1428 vita
2061 1390 2180 1430 mea
2209 1378 2434 1434 tollitur.
2467 1380 2608 1449 Quot
2642 1396 2838 1454 puncta
2872 1392 3110 1458 notarii,
3141 1401 3222 1452 tot
3263 1372 3509 1458 meorum

1926 1466 2119 1524 damna
2140 1480 2599 1544 sunttemporum.
2624 1478 2926 1538 Scribimus
2951 1492 3114 1555 atque
3139 1489 3503 1561 rescribimus,

1926 1568 2206 1654 transeunt
2242 1579 2388 1621 mare
2431 1568 2710 1638 epistolae,
2753 1582 2808 1628 et
2851 1573 3088 1632 findente
3143 1580 3351 1636 sulcum
3392 1582 3504 1654 [al.

1924 1651 2110 1717 solum,
2132 1652 2172 1707 f.
2204 1656 2369 1710 salum
2392 1656 2414 1729 ]
2442 1660 2622 1714 carina
2646 1700 2663 1726 ,
2706 1677 2803 1732 per
2825 1664 3066 1735 singulos
3092 1667 3286 1729 fluctus
3329 1651 3506 1731 aetatis

1921 1754 2120 1800 nostrae
2153 1757 2422 1805 momenta
2450 1745 2803 1809 minuuntur?
2821 1755 3009 1813 Solum
3049 1759 3311 1818 habemus
3346 1765 3503 1831 lucri,

1921 1835 2060 1905 quod
2080 1836 2277 1893 Christi
2302 1839 2454 1895 nobis
2474 1855 2660 1898 amore
2683 1844 2974 1926 sociamur.
3013 1867 3032 1901 ι
3054 1847 3263 1906 Caritas
3291 1854 3503 1923 patiens

1919 1937 2023 1992 est,
2045 1928 2273 2000 benigna
2303 1941 2382 1987 est
2405 1950 2430 2017 ⁸ε
2462 1934 2659 1990 caritas
2680 1951 2786 1992 non
2807 1938 3032 2007 zelatur,
3057 1955 3164 1996 non
3185 1942 3293 2013 agit
3314 1958 3505 2015 perpe-

1918 2032 2056 2086 ram,
2076 2035 2180 2074 non
2202 2020 2436 2088 inﬂatur,
2451 2025 2629 2080 omnia
2647 2026 2895 2095 sustinet,
2909 2030 3088 2085 omnia
3108 2032 3302 2099 credit,
3321 2037 3507 2093 omnia

1919 2119 2122 2180 sperat,
2146 2113 2325 2166 omnia
2342 2114 2539 2185 patitur
2569 2133 2583 2170 :
2651 2115 2811 2188 357
2887 2117 3095 2175 Caritas
3116 2136 3387 2193 nunquam
3409 2140 3504 2180 ex-

1918 2200 2066 2256 cidit.
2093 2220 2113 2255 ι
2145 2202 2270 2258 Haec
2284 2218 2498 2274 semper
2511 2206 2638 2261 vivit
2658 2206 2713 2261 in
2733 2215 2978 2276 pectore;
2996 2211 3066 2266 ob
3086 2211 3227 2270 hanc
3244 2213 3499 2285 Nepotia-

1918 2306 2020 2347 nus
2042 2302 2224 2348 noster
2245 2293 2459 2363 absens,
2481 2312 2718 2367 praesens
2745 2306 2850 2365 est,
2873 2308 2928 2355 et
2948 2314 3046 2369 per
3065 2310 3209 2359 tanta
3233 2312 3499 2362 terrarum

1918 2384 2091 2453 spatia
2112 2383 2332 2451 divisos,
2363 2396 2588 2459 utraque
2616 2389 2990 2459 complectitur
3013 2407 3198 2450 manu.
3228 2395 3503 2452 Habemus

1917 2482 2117 2529 mutuas
2140 2474 2381 2530 obsidem
2407 2477 2663 2532 caritatis.
2688 2477 2984 2550 Iungamur
3009 2482 3202 2551 spiritu
3221 2523 3235 2550 ,
3264 2485 3502 2554 stringa-

1916 2580 2039 2620 mur
2062 2565 2254 2621 affectu
2279 2607 2294 2633 ,
2331 2576 2387 2622 et
2432 2566 2799 2625 fortitudinem
2828 2572 3023 2628 mentis
3046 2612 3061 2639 ,
3104 2587 3262 2641 quam
3310 2573 3500 2630 beatus

1916 2655 2058 2737 Papa
2105 2656 2441 2713 Chromatius
2486 2659 2721 2715 ostendit
2776 2660 2829 2714 in
2878 2661 3202 2718 dormitione
3251 2667 3496 2733 germani

1920 2745 2149 2818 (Eusebii
2181 2748 2358 2818 fratris
2399 2750 2523 2821 sui),
2568 2765 2669 2807 nos
2722 2752 2994 2808 imitemur
3045 2755 3098 2808 in
3150 2754 3281 2809 filio.
3337 2755 3493 2810 Illum

1914 2848 2095 2893 nostra
2123 2840 2328 2910 pagella
2362 2840 2647 2909 decantet,
2698 2842 2845 2898 illum
2894 2852 3101 2899 cuncta:
3128 2842 3235 2916 [al.
3269 2846 3496 2919 nostra]

1914 2927 2109 2984 litterae
2130 2938 2344 2986 sonent.
2374 2932 2544 2998 Quem
2566 2947 2793 3003 corpore
2826 2949 2930 2989 non
2958 2934 3220 2999 valemus,
3245 2935 3497 2991 recorda-

1913 3019 2059 3073 tione
2090 3027 2384 3076 teneamus.
2416 3022 2619 3078 Etcum
2647 3038 2753 3093 quo
2781 3024 2924 3095 loqui
2948 3038 3056 3080 non
3082 3039 3402 3096 possumus,
3424 3026 3498 3084 de

1912 3124 1979 3165 eo
2009 3109 2153 3180 loqui
2174 3113 2799 3184 nunquamdesinamus.
3192 3140 3199 3147 σ

2396 3246 2725 3304 EPISTULA
2762 3248 2879 3305 LXI
2917 3251 3030 3324 (b).'

2409 3396 2477 3436 an
2514 3381 2587 3450 (c)
2625 3398 2988 3442 vmnaurwu.

1920 3505 2272 3575 Vigilantiam,
2301 3509 2389 3577 qui
2416 3510 2470 3564 in
2498 3510 2820 3568 Occidente»:
2840 3484 3097 3587 regressus
3124 3517 3491 3594 Hieronymia-

1982 3613 2103 3652 nam
2121 3615 2319 3666 nomen,
2345 3610 2394 3655 et
2417 3600 2558 3657 illius
2582 3604 2774 3660 amicos
2794 3606 3099 3677 infamabat,
3125 3612 3493 3682 reprehendit:

1978 3699 2029 3744 et
2053 3691 2286 3747 hortatur
2308 3703 2363 3747 ut
2386 3694 2662 3765 aliquando
2679 3698 2960 3768 resipiscat,
2990 3716 3049 3753 ac
3071 3701 3269 3757 desinat
3292 3705 3491 3761 calum-

1980 3782 2152 3847 niari;
2175 3782 2517 3853 blasphemiae
2535 3787 2648 3855 ejus
2668 3787 2721 3839 in
2745 3788 2848 3855 fine
2878 3790 3066 3843 acriter
3094 3806 3394 3863 coarguaris.

1980 3911 2033 3965 1.
2059 3911 2267 3967 Justum
2294 3914 2512 3984 quidem
2554 3914 2729 3970 fuerat
2750 3958 2765 3984 ,
2796 3934 3131 3990 nequaquam
3161 3923 3257 3978 tibi
3299 3926 3491 3983 litteris

1906 4005 2219 4061 satisfacere
2241 4046 2256 4071 ,
2283 4006 2374 4077 qui
2416 4007 2521 4062 tuis
2565 4010 2783 4064 auribus
2811 4025 2916 4065 non
2947 4010 3224 4071 credidisti
3254 4033 3270 4072 :
3312 4033 3490 4088 neque

1906 4093 2050 4151 enim
2095 4090 2366 4150 schedulae
2413 4098 2616 4167 poteris
2653 4100 2996 4169 acquiescere
3021 4144 3037 4171 ,
3067 4106 3158 4174 qui
3201 4107 3324 4163 vivo
3370 4124 3489 4165 ser-

1907 4185 2055 4241 moni
2102 4200 2207 4241 non
2238 4186 2652 4244 accommodasti
2698 4190 2878 4247 fidem.
2925 4193 3029 4249 Sed
3077 4197 3200 4267 quia
3242 4198 3490 4259 Christus

1908 4278 2162 4348 perfectae
2208 4277 2367 4334 nobis
2414 4277 2732 4336 humilitatis
2780 4284 3056 4354 exemplar
3102 4288 3154 4342 in
3184 4303 3243 4345 se
3271 4290 3490 4358 tribuit,

1907 4371 2044 4447 dans
2069 4371 2312 4426 osculum
2345 4372 2643 4442 proditori,
2673 4381 2728 4429 et
2771 4374 3000 4433 latronis
3040 4380 3403 4448 paenitentiam
3437 4384 3490 4439 in

1907 4462 2145 4533 patibulo
2198 4463 2532 4534 suscipiens,
2564 4463 2753 4520 eadem
2792 4468 3002 4522 absenti
3051 4470 3329 4541 significo,
3372 4489 3493 4544 qua:

1905 4553 2158 4625 praesenti
2196 4569 2410 4625 quoque
2444 4554 2657 4610 locutus
2688 4570 2806 4611 sum
2827 4597 2845 4624 ,
2893 4573 2982 4614 me
3005 4558 3077 4615 ita
3101 4560 3383 4631 Origenem
3413 4564 3490 4619 le-

1904 4647 2049 4718 gisse
2078 4647 2160 4702 vel
2200 4646 2400 4717 legere,-
2433 4654 2494 4703 ut
2520 4648 2910 4717 Apollinarium
2946 4650 3059 4724 [al.
3090 4653 3487 4726 Apollinarem],

1903 4739 1990 4794 vel
2015 4748 2240 4794 caeteros
2269 4739 2630 4806 Tractatores,
2677 4756 2929 4811 quorum,
2976 4745 3028 4796 in
3060 4734 3399 4811 quihusdam,
3432 4746 3497 4799 li-

1903 4830 2033 4886 bros
2059 4830 2301 4888 Ecclesia
2334 4846 2440 4886 non
2462 4833 2675 4902 recipit.
2700 4833 2816 4887 Non
2839 4847 2947 4902 quo
2972 4834 3149 4887 omnia
3172 4833 3345 4888 dicam
3374 4849 3495 4891 esse

1904 4923 2229 4991 damnanda,
2254 4941 2375 4994 qua:
2401 4925 2453 4978 in
2480 4924 2695 4980 illorum
2720 4924 3083 4980 voluminibus
3108 4928 3489 4980 continentur:

1904 5017 2000 5072 sed
2046 5018 2188 5087 quod
2218 5017 2467 5087 quaedam
2503 5014 2947 5084 reprehendenda
2978 5015 3257 5070 confitear.
3288 5014 3485 5071 Verum

1905 5102 2028 5179 quia
2059 5107 2239 5176 operis
2273 5108 2378 5161 mei
2405 5112 2489 5160 est
2514 5113 2568 5159 et
2593 5104 2755 5159 studii
2784 5145 2799 5170 ,
2830 5104 3031 5159 multos
3081 5106 3292 5175 legere,
3324 5116 3380 5161 ut
3425 5122 3492 5165 ex

1905 5200 2149 5271 plurimis
2172 5198 2416 5253 diversos
2442 5198 2605 5252 llores
2626 5206 2865 5265 carpam,
2896 5212 3000 5251 non
3032 5204 3137 5251 tam
3168 5200 3490 5267 probaturus

1905 5291 2104 5355 omnia,
2132 5303 2292 5359 quam
2337 5304 2455 5358 quae
2480 5286 2617 5342 bona
2643 5296 2769 5342 sunt
2794 5288 3080 5353 electurus,
3110 5303 3329 5344 assumo
3354 5290 3490 5345 mul-

1905 5392 1987 5439 tos
2013 5384 2065 5438 in
2110 5392 2303 5437 manus
2333 5392 2515 5447 meas,
2557 5391 2673 5436 uta
2717 5382 2899 5437 multis
2942 5383 3105 5437 multa
3148 5399 3488 5454 cegnoscam,

1905 5473 2196 5529 secundum
2226 5470 2356 5528 illud
2383 5471 2523 5542 quod
2552 5474 2808 5542 scriptum
2838 5482 2922 5529 est
2954 5492 2966 5528 :
3001 5474 3187 5529 Omnia
3214 5475 3433 5548 legentes
3467 5496 3487 5534 :

1904 5562 2066 5637 358
2100 5577 2213 5635 qua:
2235 5564 2366 5619 bona
2393 5570 2508 5619 sunt
2527 5566 2796 5621 retinentes
2823 5566 2897 5636 (1.
2929 5564 3105 5622 Thess.
3124 5567 3310 5640 5.21).
3333 5568 3487 5628 Unde

1968 5695 2039 5824 ﬂ
2078 5695 2203 5747 Alias
2225 5694 2305 5747 75.
2331 5696 2524 5761 scripta
2545 5696 2712 5768 eodem
2735 5708 2814 5768 an.
2841 5696 2934 5746 596
3044 5759 3054 5770 _

1990 5774 2016 5809 c
2065 5759 2120 5808 In
2146 5757 2435 5824 Vertimus.
2454 5759 2522 5808 ad
2551 5757 2860 5824 f’rgtltmttum
2882 5762 2945 5811 de
2968 5769 3051 5809 ora

1990 5757 2035 5822 ς)
2065 5759 2120 5808 In
2146 5757 2522 5822 Veron.Ms._'ad
2551 5757 2860 5822 t’igilantium
2882 5762 2945 5811 de
2968 5759 3172 5822 orig/mre
3195 5763 3473 5817 inscribitur

1912 5828 1966 5872 et
1979 5820 2149 5879 statim
2177 5820 2297 5873 Utile
2319 5820 2515 5886 quidem
2536 5820 2714 5889 fuerat,
2739 5834 2826 5886 pro
2847 5820 3068 5883 Justum,
3094 5829 3190 5872 etc.

3662 3690 3689 3706 κ
