  <div class='ocr_page' id='page_1' title='image "/cluster/home/n/w/nwhite01/storage/ocr_20150623/22/uva.x000826587/375.png"; bbox 0 0 4056 6184; ppageno 0'>
   <div class='ocr_carea' id='block_1_1' title="bbox 508 368 616 430">
    <p class='ocr_par' dir='ltr' id='par_1_1' title="bbox 508 368 616 430">
     <span class='ocr_line' id='line_1_1' title="bbox 508 368 616 430; baseline 0 -1"><span class='ocrx_word' id='word_1_1' title='bbox 508 368 616 430; x_wconf 72' lang='lat'><strong>503</strong></span> 
     </span>
    </p>
   </div>
   <div class='ocr_carea' id='block_1_2' title="bbox 508 474 2078 548">
    <p class='ocr_par' dir='ltr' id='par_1_2' title="bbox 508 474 2078 548">
     <span class='ocr_line' id='line_1_2' title="bbox 508 474 2078 548; baseline -0.01 -6"><span class='ocrx_word' id='word_1_2' title='bbox 508 487 644 543; x_wconf 87' lang='lat' dir='ltr'><strong>satis</strong></span> <span class='ocrx_word' id='word_1_3' title='bbox 660 485 830 542; x_wconf 84' lang='lat' dir='ltr'><strong>miror</strong></span> <span class='ocrx_word' id='word_1_4' title='bbox 843 492 894 541; x_wconf 91' lang='lat' dir='ltr'><strong>te</strong></span> <span class='ocrx_word' id='word_1_5' title='bbox 910 483 1137 540; x_wconf 85' lang='lat' dir='ltr'><strong>voluisse</strong></span> <span class='ocrx_word' id='word_1_6' title='bbox 1152 475 1396 548; x_wconf 88' lang='lat' dir='ltr'><strong>Origenis</strong></span> <span class='ocrx_word' id='word_1_7' title='bbox 1414 475 1542 531; x_wconf 92' lang='lat' dir='ltr'><strong>mihi</strong></span> <span class='ocrx_word' id='word_1_8' title='bbox 1561 474 1795 545; x_wconf 89' lang='lat' dir='ltr'><strong>objicere</strong></span> <span class='ocrx_word' id='word_1_9' title='bbox 1811 474 2078 546; x_wconf 75' lang='lat' dir='ltr'><strong>dogmata,</strong></span> 
     </span>
    </p>
   </div>
   <div class='ocr_carea' id='block_1_3' title="bbox 508 567 2082 646">
    <p class='ocr_par' dir='ltr' id='par_1_3' title="bbox 508 567 2082 646">
     <span class='ocr_line' id='line_1_3' title="bbox 508 567 2082 646; baseline -0.006 -14"><span class='ocrx_word' id='word_1_10' title='bbox 508 576 662 646; x_wconf 79' lang='lat' dir='ltr'><strong>cujus</strong></span> <span class='ocrx_word' id='word_1_11' title='bbox 711 578 765 631; x_wconf 93' lang='lat' dir='ltr'><strong>in</strong></span> <span class='ocrx_word' id='word_1_12' title='bbox 807 575 1075 646; x_wconf 86' lang='lat' dir='ltr'><strong>plerisque</strong></span> <span class='ocrx_word' id='word_1_13' title='bbox 1101 583 1338 625; x_wconf 90' lang='lat' dir='ltr'><strong>errorem</strong></span> <span class='ocrx_word' id='word_1_14' title='bbox 1386 583 1553 638; x_wconf 91' lang='lat' dir='ltr'><strong>usque</strong></span> <span class='ocrx_word' id='word_1_15' title='bbox 1596 567 1663 623; x_wconf 89' lang='lat' dir='ltr'><strong>ad</strong></span> <span class='ocrx_word' id='word_1_16' title='bbox 1705 567 1844 622; x_wconf 84' lang='lat' dir='ltr'><strong>hanc</strong></span> <span class='ocrx_word' id='word_1_17' title='bbox 1871 575 2082 623; x_wconf 66' lang='lat' dir='ltr'><strong>mtatem</strong></span> 
     </span>
    </p>
   </div>
   <div class='ocr_carea' id='block_1_4' title="bbox 509 660 2086 739">
    <p class='ocr_par' dir='ltr' id='par_1_4' title="bbox 509 660 2086 739">
     <span class='ocr_line' id='line_1_4' title="bbox 509 660 2086 739; baseline -0.006 -16"><span class='ocrx_word' id='word_1_18' title='bbox 509 667 724 739; x_wconf 77' lang='lat' dir='ltr'><strong>penitus</strong></span> <span class='ocrx_word' id='word_1_19' title='bbox 751 667 981 735; x_wconf 85' lang='lat' dir='ltr'><strong>ignoras.</strong></span> <span class='ocrx_word' id='word_1_20' title='bbox 1013 663 1197 731; x_wconf 86' lang='lat' dir='ltr'><strong>Egone</strong></span> <span class='ocrx_word' id='word_1_21' title='bbox 1225 660 1542 736; x_wconf 66' lang='lat' dir='ltr'><strong>haereticus?</strong></span> <span class='ocrx_word' id='word_1_22' title='bbox 1567 667 1621 715; x_wconf 93' lang='lat' dir='ltr'><strong>et</strong></span> <span class='ocrx_word' id='word_1_23' title='bbox 1643 675 1740 715; x_wconf 91' lang='lat' dir='ltr'><strong>cur</strong></span> <span class='ocrx_word' id='word_1_24' title='bbox 1767 675 1874 727; x_wconf 91' lang='lat' dir='ltr'><strong>me,</strong></span> <span class='ocrx_word' id='word_1_25' title='bbox 1903 674 2086 730; x_wconf 62' lang='lat' dir='ltr'><strong>quaeso</strong></span> 
     </span>
    </p>
   </div>
   <div class='ocr_carea' id='block_1_5' title="bbox 516 748 2085 823">
    <p class='ocr_par' dir='ltr' id='par_1_5' title="bbox 516 748 2085 823">
     <span class='ocr_line' id='line_1_5' title="bbox 516 748 2085 823; baseline -0.006 -9"><span class='ocrx_word' id='word_1_26' title='bbox 516 757 754 814; x_wconf 64' lang='lat' dir='ltr'><strong>haeretici</strong></span> <span class='ocrx_word' id='word_1_27' title='bbox 784 771 890 809; x_wconf 92' lang='lat' dir='ltr'><strong>non</strong></span> <span class='ocrx_word' id='word_1_28' title='bbox 920 753 1134 808; x_wconf 90' lang='lat' dir='ltr'><strong>amant?</strong></span> <span class='ocrx_word' id='word_1_29' title='bbox 1178 753 1258 807; x_wconf 91' lang='lat' dir='ltr'><strong>Tu</strong></span> <span class='ocrx_word' id='word_1_30' title='bbox 1301 752 1668 808; x_wconf 82' lang='lat' dir='ltr'><strong>orthodoxus?</strong></span> <span class='ocrx_word' id='word_1_31' title='bbox 1693 751 1784 822; x_wconf 85' lang='lat' dir='ltr'><strong>qui</strong></span> <span class='ocrx_word' id='word_1_32' title='bbox 1814 753 1975 807; x_wconf 88' lang='lat' dir='ltr'><strong>etiam</strong></span> <span class='ocrx_word' id='word_1_33' title='bbox 2005 748 2085 823; x_wconf 90' lang='lat' dir='ltr'><strong>(a)</strong></span> 
     </span>
    </p>
   </div>
   <div class='ocr_carea' id='block_1_6' title="bbox 505 844 2090 917">
    <p class='ocr_par' dir='ltr' id='par_1_6' title="bbox 505 844 2090 917">
     <span class='ocr_line' id='line_1_6' title="bbox 505 844 2090 917; baseline -0.006 -11"><span class='ocrx_word' id='word_1_34' title='bbox 505 858 690 906; x_wconf 88' lang='lat' dir='ltr'><strong>contra</strong></span> <span class='ocrx_word' id='word_1_35' title='bbox 729 848 1049 903; x_wconf 90' lang='lat' dir='ltr'><strong>sententiam</strong></span> <span class='ocrx_word' id='word_1_36' title='bbox 1081 856 1224 900; x_wconf 88' lang='lat' dir='ltr'><strong>tuam</strong></span> <span class='ocrx_word' id='word_1_37' title='bbox 1246 886 1262 913; x_wconf 93' lang='lat'><strong>,</strong></span> <span class='ocrx_word' id='word_1_38' title='bbox 1292 854 1346 901; x_wconf 89' lang='lat' dir='ltr'><strong>et</strong></span> <span class='ocrx_word' id='word_1_39' title='bbox 1375 846 1609 917; x_wconf 90' lang='lat' dir='ltr'><strong>linguam</strong></span> <span class='ocrx_word' id='word_1_40' title='bbox 1643 844 1743 899; x_wconf 87' lang='lat' dir='ltr'><strong>alia</strong></span> <span class='ocrx_word' id='word_1_41' title='bbox 1795 845 2090 914; x_wconf 63' lang='lat' dir='ltr'><strong>praedican-</strong></span> 
     </span>
    </p>
   </div>
   <div class='ocr_carea' id='block_1_7' title="bbox 507 936 2084 1008">
    <p class='ocr_par' dir='ltr' id='par_1_7' title="bbox 507 936 2084 1008">
     <span class='ocr_line' id='line_1_7' title="bbox 507 936 2084 1008; baseline -0.004 -13"><span class='ocrx_word' id='word_1_42' title='bbox 507 950 614 995; x_wconf 93' lang='lat' dir='ltr'><strong>tem</strong></span> <span class='ocrx_word' id='word_1_43' title='bbox 639 980 655 1007; x_wconf 89' lang='lat'><strong>,</strong></span> <span class='ocrx_word' id='word_1_44' title='bbox 685 947 777 993; x_wconf 86' lang='lat' dir='ltr'><strong>aut</strong></span> <span class='ocrx_word' id='word_1_45' title='bbox 807 939 1004 992; x_wconf 90' lang='lat' dir='ltr'><strong>invitus</strong></span> <span class='ocrx_word' id='word_1_46' title='bbox 1041 937 1405 1006; x_wconf 86' lang='lat' dir='ltr'><strong>subscripsisti</strong></span> <span class='ocrx_word' id='word_1_47' title='bbox 1429 976 1442 1000; x_wconf 95' lang='lat'><strong>,</strong></span> <span class='ocrx_word' id='word_1_48' title='bbox 1476 946 1531 991; x_wconf 90' lang='lat' dir='ltr'><strong>et</strong></span> <span class='ocrx_word' id='word_1_49' title='bbox 1572 936 1954 1008; x_wconf 65' lang='lat' dir='ltr'><strong>praevaricator</strong></span> <span class='ocrx_word' id='word_1_50' title='bbox 1983 950 2042 990; x_wconf 91' lang='lat' dir='ltr'><strong>es</strong></span> <span class='ocrx_word' id='word_1_51' title='bbox 2070 953 2084 989; x_wconf 91' lang='lat'><strong>:</strong></span> 
     </span>
    </p>
   </div>
   <div class='ocr_carea' id='block_1_8' title="bbox 509 1026 2086 1098">
    <p class='ocr_par' dir='ltr' id='par_1_8' title="bbox 509 1026 2086 1098">
     <span class='ocr_line' id='line_1_8' title="bbox 509 1026 2086 1098; baseline -0.003 -14"><span class='ocrx_word' id='word_1_52' title='bbox 509 1041 602 1085; x_wconf 88' lang='lat' dir='ltr'><strong>aut</strong></span> <span class='ocrx_word' id='word_1_53' title='bbox 651 1029 871 1096; x_wconf 85' lang='lat' dir='ltr'><strong>volens,</strong></span> <span class='ocrx_word' id='word_1_54' title='bbox 916 1036 971 1084; x_wconf 93' lang='lat' dir='ltr'><strong>et</strong></span> <span class='ocrx_word' id='word_1_55' title='bbox 1014 1028 1321 1084; x_wconf 67' lang='lat' dir='ltr'><strong>haereticus.</strong></span> <span class='ocrx_word' id='word_1_56' title='bbox 1363 1028 1618 1082; x_wconf 85' lang='lat' dir='ltr'><strong>Dimisisti</strong></span> <span class='ocrx_word' id='word_1_57' title='bbox 1664 1027 1954 1098; x_wconf 65' lang='lat' dir='ltr'><strong>Egyptum</strong></span> <span class='ocrx_word' id='word_1_58' title='bbox 1984 1026 2086 1098; x_wconf 88' lang='lat' dir='ltr'><strong>(b),</strong></span> 
     </span>
    </p>
   </div>
   <div class='ocr_carea' id='block_1_9' title="bbox 509 1118 2088 1190">
    <p class='ocr_par' dir='ltr' id='par_1_9' title="bbox 509 1118 2088 1190">
     <span class='ocr_line' id='line_1_9' title="bbox 509 1118 2088 1190; baseline -0.003 -16"><span class='ocrx_word' id='word_1_59' title='bbox 509 1131 731 1175; x_wconf 88' lang='lat' dir='ltr'><strong>cunctas</strong></span> <span class='ocrx_word' id='word_1_60' title='bbox 760 1120 1064 1190; x_wconf 77' lang='lat' dir='ltr'><strong>provincias</strong></span> <span class='ocrx_word' id='word_1_61' title='bbox 1096 1119 1381 1190; x_wconf 75' lang='lat' dir='ltr'><strong>reliquisti,</strong></span> <span class='ocrx_word' id='word_1_62' title='bbox 1410 1119 1464 1173; x_wconf 94' lang='lat' dir='ltr'><strong>in</strong></span> <span class='ocrx_word' id='word_1_63' title='bbox 1491 1118 1687 1189; x_wconf 88' lang='lat' dir='ltr'><strong>quibus</strong></span> <span class='ocrx_word' id='word_1_64' title='bbox 1715 1127 1914 1173; x_wconf 90' lang='lat' dir='ltr'><strong>sectam</strong></span> <span class='ocrx_word' id='word_1_65' title='bbox 1945 1127 2088 1171; x_wconf 90' lang='lat' dir='ltr'><strong>tuam</strong></span> 
     </span>
    </p>
   </div>
   <div class='ocr_carea' id='block_1_10' title="bbox 509 1209 2090 1284">
    <p class='ocr_par' dir='ltr' id='par_1_10' title="bbox 509 1209 2090 1284">
     <span class='ocr_line' id='line_1_10' title="bbox 509 1209 2090 1284; baseline -0.002 -18"><span class='ocrx_word' id='word_1_66' title='bbox 509 1211 679 1268; x_wconf 90' lang='lat' dir='ltr'><strong>libera</strong></span> <span class='ocrx_word' id='word_1_67' title='bbox 706 1213 946 1284; x_wconf 86' lang='lat' dir='ltr'><strong>plerique</strong></span> <span class='ocrx_word' id='word_1_68' title='bbox 987 1212 1163 1267; x_wconf 90' lang='lat' dir='ltr'><strong>fronte</strong></span> <span class='ocrx_word' id='word_1_69' title='bbox 1206 1211 1497 1267; x_wconf 90' lang='lat' dir='ltr'><strong>defendunt</strong></span> <span class='ocrx_word' id='word_1_70' title='bbox 1525 1229 1538 1264; x_wconf 87' lang='lat'><strong>:</strong></span> <span class='ocrx_word' id='word_1_71' title='bbox 1571 1221 1626 1265; x_wconf 92' lang='lat' dir='ltr'><strong>et</strong></span> <span class='ocrx_word' id='word_1_72' title='bbox 1671 1211 1878 1282; x_wconf 86' lang='lat' dir='ltr'><strong>elegisti</strong></span> <span class='ocrx_word' id='word_1_73' title='bbox 1909 1224 1995 1265; x_wconf 91' lang='lat' dir='ltr'><strong>me</strong></span> <span class='ocrx_word' id='word_1_74' title='bbox 2022 1209 2090 1263; x_wconf 90' lang='lat' dir='ltr'><strong>ad</strong></span> 
     </span>
    </p>
   </div>
   <div class='ocr_carea' id='block_1_11' title="bbox 509 1301 2090 1374">
    <p class='ocr_par' dir='ltr' id='par_1_11' title="bbox 509 1301 2090 1374">
     <span class='ocr_line' id='line_1_11' title="bbox 509 1301 2090 1374; baseline -0.001 -18"><span class='ocrx_word' id='word_1_75' title='bbox 509 1302 915 1370; x_wconf 88' lang='lat' dir='ltr'><strong>insectandum;</strong></span> <span class='ocrx_word' id='word_1_76' title='bbox 946 1305 1036 1374; x_wconf 89' lang='lat' dir='ltr'><strong>qui</strong></span> <span class='ocrx_word' id='word_1_77' title='bbox 1067 1304 1242 1358; x_wconf 90' lang='lat' dir='ltr'><strong>omnia</strong></span> <span class='ocrx_word' id='word_1_78' title='bbox 1273 1312 1458 1358; x_wconf 88' lang='lat' dir='ltr'><strong>contra</strong></span> <span class='ocrx_word' id='word_1_79' title='bbox 1506 1303 1797 1358; x_wconf 87' lang='lat' dir='ltr'><strong>Ecclesiam</strong></span> <span class='ocrx_word' id='word_1_80' title='bbox 1842 1301 2090 1372; x_wconf 89' lang='lat' dir='ltr'><strong>dogmata</strong></span> 
     </span>
    </p>
   </div>
   <div class='ocr_carea' id='block_1_12' title="bbox 508 1395 1694 1467">
    <p class='ocr_par' dir='ltr' id='par_1_12' title="bbox 508 1395 1694 1467">
     <span class='ocr_line' id='line_1_12' title="bbox 508 1395 1694 1467; baseline -0.001 -17"><span class='ocrx_word' id='word_1_81' title='bbox 508 1395 871 1464; x_wconf 87' lang='lat' dir='ltr'><strong>reprehendo,</strong></span> <span class='ocrx_word' id='word_1_82' title='bbox 894 1403 950 1450; x_wconf 92' lang='lat' dir='ltr'><strong>et</strong></span> <span class='ocrx_word' id='word_1_83' title='bbox 977 1395 1186 1467; x_wconf 89' lang='lat' dir='ltr'><strong>publica</strong></span> <span class='ocrx_word' id='word_1_84' title='bbox 1215 1410 1347 1450; x_wconf 87' lang='lat' dir='ltr'><strong>voce</strong></span> <span class='ocrx_word' id='word_1_85' title='bbox 1374 1395 1694 1450; x_wconf 89' lang='lat' dir='ltr'><strong>condemno.</strong></span> 
     </span>
    </p>
   </div>
   <div class='ocr_carea' id='block_1_13' title="bbox 581 1483 2089 1569">
    <p class='ocr_par' dir='ltr' id='par_1_13' title="bbox 581 1483 2089 1569">
     <span class='ocr_line' id='line_1_13' title="bbox 581 1483 2089 1569; baseline 0.001 -31"><span class='ocrx_word' id='word_1_86' title='bbox 581 1484 638 1538; x_wconf 76' lang='lat'><strong>2.</strong></span> <span class='ocrx_word' id='word_1_87' title='bbox 670 1483 905 1557; x_wconf 72' lang='lat' dir='ltr'><strong>Origenis</strong></span> <span class='ocrx_word' id='word_1_88' title='bbox 931 1502 1145 1541; x_wconf 77' lang='lat' dir='ltr'><strong>errores.</strong></span> <span class='ocrx_word' id='word_1_89' title='bbox 1177 1516 1250 1526; x_wconf 88' lang='lat'>—</span> <span class='ocrx_word' id='word_1_90' title='bbox 1269 1485 1526 1556; x_wconf 88' lang='lat' dir='ltr'><strong>Origenes</strong></span> <span class='ocrx_word' id='word_1_91' title='bbox 1558 1485 1878 1540; x_wconf 77' lang='lat' dir='ltr'><strong>haereticus:</strong></span> <span class='ocrx_word' id='word_1_92' title='bbox 1911 1484 2036 1569; x_wconf 85' lang='lat' dir='ltr'><strong>quid</strong></span> <span class='ocrx_word' id='word_1_93' title='bbox 2060 1499 2089 1539; x_wconf 91' lang='lat' dir='ltr'><strong>a</strong></span> 
     </span>
    </p>
   </div>
   <div class='ocr_carea' id='block_1_14' title="bbox 507 1580 2093 1651">
    <p class='ocr_par' dir='ltr' id='par_1_14' title="bbox 507 1580 2093 1651">
     <span class='ocr_line' id='line_1_14' title="bbox 507 1580 2093 1651; baseline -0.001 -17"><span class='ocrx_word' id='word_1_94' title='bbox 507 1594 630 1643; x_wconf 89' lang='lat' dir='ltr'><strong>me,</strong></span> <span class='ocrx_word' id='word_1_95' title='bbox 677 1581 767 1650; x_wconf 92' lang='lat' dir='ltr'><strong>qui</strong></span> <span class='ocrx_word' id='word_1_96' title='bbox 816 1580 963 1635; x_wconf 91' lang='lat' dir='ltr'><strong>illum</strong></span> <span class='ocrx_word' id='word_1_97' title='bbox 1013 1580 1069 1634; x_wconf 92' lang='lat' dir='ltr'><strong>in</strong></span> <span class='ocrx_word' id='word_1_98' title='bbox 1114 1581 1385 1651; x_wconf 86' lang='lat' dir='ltr'><strong>plerisque</strong></span> <span class='ocrx_word' id='word_1_99' title='bbox 1425 1580 1733 1636; x_wconf 69' lang='lat' dir='ltr'><strong>hmrcticum</strong></span> <span class='ocrx_word' id='word_1_100' title='bbox 1766 1597 1870 1636; x_wconf 93' lang='lat' dir='ltr'><strong>non</strong></span> <span class='ocrx_word' id='word_1_101' title='bbox 1915 1581 2093 1650; x_wconf 82' lang='lat' dir='ltr'><strong>nego?</strong></span> 
     </span>
    </p>
   </div>
   <div class='ocr_carea' id='block_1_15' title="bbox 509 1669 2090 1745">
    <p class='ocr_par' dir='ltr' id='par_1_15' title="bbox 509 1669 2090 1745">
     <span class='ocr_line' id='line_1_15' title="bbox 509 1669 2090 1745; baseline 0.001 -22"><span class='ocrx_word' id='word_1_102' title='bbox 509 1669 722 1724; x_wconf 87' lang='lat' dir='ltr'><strong>Erravit</strong></span> <span class='ocrx_word' id='word_1_103' title='bbox 767 1673 837 1726; x_wconf 89' lang='lat' dir='ltr'><strong>de</strong></span> <span class='ocrx_word' id='word_1_104' title='bbox 884 1673 1283 1727; x_wconf 77' lang='lat' dir='ltr'><strong>resurrectione</strong></span> <span class='ocrx_word' id='word_1_105' title='bbox 1330 1673 1570 1742; x_wconf 89' lang='lat' dir='ltr'><strong>corporis</strong></span> <span class='ocrx_word' id='word_1_106' title='bbox 1621 1672 1715 1745; x_wconf 71' lang='grc' dir='ltr'><em>[ει.</em></span> <span class='ocrx_word' id='word_1_107' title='bbox 1763 1671 2090 1745; x_wconf 85' lang='lat' dir='ltr'><strong>corporum];</strong></span> 
     </span>
    </p>
   </div>
   <div class='ocr_carea' id='block_1_16' title="bbox 510 1759 2095 1831">
    <p class='ocr_par' dir='ltr' id='par_1_16' title="bbox 510 1759 2095 1831">
     <span class='ocr_line' id='line_1_16' title="bbox 510 1759 2095 1831; baseline 0.001 -16"><span class='ocrx_word' id='word_1_108' title='bbox 510 1761 712 1815; x_wconf 84' lang='lat' dir='ltr'><strong>erravit</strong></span> <span class='ocrx_word' id='word_1_109' title='bbox 737 1759 806 1815; x_wconf 89' lang='lat' dir='ltr'><strong>de</strong></span> <span class='ocrx_word' id='word_1_110' title='bbox 831 1760 1129 1814; x_wconf 91' lang='lat' dir='ltr'><strong>animarum</strong></span> <span class='ocrx_word' id='word_1_111' title='bbox 1154 1770 1317 1828; x_wconf 92' lang='lat' dir='ltr'><strong>statu,</strong></span> <span class='ocrx_word' id='word_1_112' title='bbox 1347 1761 1415 1816; x_wconf 90' lang='lat' dir='ltr'><strong>de</strong></span> <span class='ocrx_word' id='word_1_113' title='bbox 1437 1763 1632 1817; x_wconf 88' lang='lat' dir='ltr'><strong>diaboli</strong></span> <span class='ocrx_word' id='word_1_114' title='bbox 1657 1764 1969 1831; x_wconf 76' lang='lat' dir='ltr'><strong>ptenitentia</strong></span> <span class='ocrx_word' id='word_1_115' title='bbox 2004 1781 2016 1817; x_wconf 90' lang='lat'><strong>:</strong></span> <span class='ocrx_word' id='word_1_116' title='bbox 2041 1773 2095 1818; x_wconf 91' lang='lat' dir='ltr'><strong>et</strong></span> 
     </span>
    </p>
   </div>
   <div class='ocr_carea' id='block_1_17' title="bbox 515 1848 2094 1922">
    <p class='ocr_par' dir='ltr' id='par_1_17' title="bbox 515 1848 2094 1922">
     <span class='ocr_line' id='line_1_17' title="bbox 515 1848 2094 1922; baseline 0.004 -19"><span class='ocrx_word' id='word_1_117' title='bbox 515 1848 659 1918; x_wconf 87' lang='lat' dir='ltr'><strong>quod</strong></span> <span class='ocrx_word' id='word_1_118' title='bbox 688 1848 768 1904; x_wconf 88' lang='lat' dir='ltr'><strong>his</strong></span> <span class='ocrx_word' id='word_1_119' title='bbox 794 1850 967 1919; x_wconf 88' lang='lat' dir='ltr'><strong>majus</strong></span> <span class='ocrx_word' id='word_1_120' title='bbox 991 1859 1095 1916; x_wconf 91' lang='lat' dir='ltr'><strong>est,</strong></span> <span class='ocrx_word' id='word_1_121' title='bbox 1119 1850 1313 1905; x_wconf 86' lang='lat' dir='ltr'><strong>Filium</strong></span> <span class='ocrx_word' id='word_1_122' title='bbox 1347 1850 1416 1922; x_wconf 76' lang='grc' dir='ltr'><strong>(ς)</strong></span> <span class='ocrx_word' id='word_1_123' title='bbox 1448 1852 1560 1918; x_wconf 89' lang='lat' dir='ltr'><strong>Dei,</strong></span> <span class='ocrx_word' id='word_1_124' title='bbox 1588 1861 1643 1907; x_wconf 87' lang='lat' dir='ltr'><strong>et</strong></span> <span class='ocrx_word' id='word_1_125' title='bbox 1666 1852 1924 1922; x_wconf 90' lang='lat' dir='ltr'><strong>Spiritum</strong></span> <span class='ocrx_word' id='word_1_126' title='bbox 1955 1855 2094 1910; x_wconf 84' lang='lat' dir='ltr'><strong>San-</strong></span> 
     </span>
    </p>
   </div>
   <div class='ocr_carea' id='block_1_18' title="bbox 510 1937 2095 2011">
    <p class='ocr_par' dir='ltr' id='par_1_18' title="bbox 510 1937 2095 2011">
     <span class='ocr_line' id='line_1_18' title="bbox 510 1937 2095 2011; baseline 0.004 -19"><span class='ocrx_word' id='word_1_127' title='bbox 510 1945 655 1992; x_wconf 90' lang='lat' dir='ltr'><strong>ctum</strong></span> <span class='ocrx_word' id='word_1_128' title='bbox 686 1939 738 1992; x_wconf 93' lang='lat' dir='ltr'><strong>in</strong></span> <span class='ocrx_word' id='word_1_129' title='bbox 767 1937 1180 1994; x_wconf 88' lang='lat' dir='ltr'><strong>Commentariis</strong></span> <span class='ocrx_word' id='word_1_130' title='bbox 1200 1939 1372 2005; x_wconf 71' lang='lat' dir='ltr'><strong>Isaiae,</strong></span> <span class='ocrx_word' id='word_1_131' title='bbox 1407 1941 1690 2011; x_wconf 91' lang='lat' dir='ltr'><strong>Seraphim</strong></span> <span class='ocrx_word' id='word_1_132' title='bbox 1720 1958 1840 1998; x_wconf 89' lang='lat' dir='ltr'><strong>esse</strong></span> <span class='ocrx_word' id='word_1_133' title='bbox 1871 1951 2095 1999; x_wconf 90' lang='lat' dir='ltr'><strong>testatus</strong></span> 
     </span>
    </p>
   </div>
   <div class='ocr_carea' id='block_1_19' title="bbox 511 2027 2096 2106">
    <p class='ocr_par' dir='ltr' id='par_1_19' title="bbox 511 2027 2096 2106">
     <span class='ocr_line' id='line_1_19' title="bbox 511 2027 2096 2106; baseline 0.006 -24"><span class='ocrx_word' id='word_1_134' title='bbox 511 2037 615 2082; x_wconf 88' lang='lat' dir='ltr'><strong>est.</strong></span> <span class='ocrx_word' id='word_1_135' title='bbox 664 2027 722 2082; x_wconf 89' lang='lat' dir='ltr'><strong>Si</strong></span> <span class='ocrx_word' id='word_1_136' title='bbox 770 2043 986 2085; x_wconf 85' lang='lat' dir='ltr'><strong>errasse</strong></span> <span class='ocrx_word' id='word_1_137' title='bbox 1027 2045 1132 2084; x_wconf 91' lang='lat' dir='ltr'><strong>non</strong></span> <span class='ocrx_word' id='word_1_138' title='bbox 1161 2030 1394 2087; x_wconf 89' lang='lat' dir='ltr'><strong>dicerem</strong></span> <span class='ocrx_word' id='word_1_139' title='bbox 1425 2048 1584 2100; x_wconf 90' lang='lat' dir='ltr'><strong>eum,</strong></span> <span class='ocrx_word' id='word_1_140' title='bbox 1626 2043 1680 2087; x_wconf 91' lang='lat' dir='ltr'><strong>et</strong></span> <span class='ocrx_word' id='word_1_141' title='bbox 1721 2035 1835 2089; x_wconf 80' lang='lat' dir='ltr'><strong>haec</strong></span> <span class='ocrx_word' id='word_1_142' title='bbox 1861 2036 2096 2106; x_wconf 88' lang='lat' dir='ltr'><strong>quotidie</strong></span> 
     </span>
    </p>
   </div>
   <div class='ocr_carea' id='block_1_20' title="bbox 512 2118 2091 2185">
    <p class='ocr_par' dir='ltr' id='par_1_20' title="bbox 512 2118 2091 2185">
     <span class='ocr_line' id='line_1_20' title="bbox 512 2118 2091 2185; baseline 0.006 -15"><span class='ocrx_word' id='word_1_143' title='bbox 512 2131 619 2171; x_wconf 90' lang='lat' dir='ltr'><strong>non</strong></span> <span class='ocrx_word' id='word_1_144' title='bbox 665 2118 1211 2185; x_wconf 88' lang='lat' dir='ltr'><strong>anathematizarem,</strong></span> <span class='ocrx_word' id='word_1_145' title='bbox 1259 2135 1435 2176; x_wconf 80' lang='lat' dir='ltr'><strong>essent</strong></span> <span class='ocrx_word' id='word_1_146' title='bbox 1481 2123 1678 2177; x_wconf 91' lang='lat' dir='ltr'><strong>erroris</strong></span> <span class='ocrx_word' id='word_1_147' title='bbox 1723 2123 1866 2178; x_wconf 92' lang='lat' dir='ltr'><strong>illius</strong></span> <span class='ocrx_word' id='word_1_148' title='bbox 1895 2126 2091 2180; x_wconf 90' lang='lat' dir='ltr'><strong>socius.</strong></span> 
     </span>
    </p>
   </div>
   <div class='ocr_carea' id='block_1_21' title="bbox 511 2205 2094 2282">
    <p class='ocr_par' dir='ltr' id='par_1_21' title="bbox 511 2205 2094 2282">
     <span class='ocr_line' id='line_1_21' title="bbox 511 2205 2094 2282; baseline 0.004 -20"><span class='ocrx_word' id='word_1_149' title='bbox 511 2205 697 2276; x_wconf 87' lang='lat' dir='ltr'><strong>Neque</strong></span> <span class='ocrx_word' id='word_1_150' title='bbox 717 2208 862 2262; x_wconf 90' lang='lat' dir='ltr'><strong>enim</strong></span> <span class='ocrx_word' id='word_1_151' title='bbox 888 2210 957 2262; x_wconf 90' lang='lat' dir='ltr'><strong>ita</strong></span> <span class='ocrx_word' id='word_1_152' title='bbox 986 2209 1245 2264; x_wconf 86' lang='lat' dir='ltr'><strong>debemus</strong></span> <span class='ocrx_word' id='word_1_153' title='bbox 1271 2210 1408 2265; x_wconf 88' lang='lat' dir='ltr'><strong>bona</strong></span> <span class='ocrx_word' id='word_1_154' title='bbox 1436 2210 1552 2280; x_wconf 87' lang='lat' dir='ltr'><strong>ejus</strong></span> <span class='ocrx_word' id='word_1_155' title='bbox 1578 2212 1838 2282; x_wconf 87' lang='lat' dir='ltr'><strong>recipere,</strong></span> <span class='ocrx_word' id='word_1_156' title='bbox 1875 2222 1933 2268; x_wconf 91' lang='lat' dir='ltr'><strong>ut</strong></span> <span class='ocrx_word' id='word_1_157' title='bbox 1957 2215 2094 2269; x_wconf 87' lang='lat' dir='ltr'><strong>mala</strong></span> 
     </span>
    </p>
   </div>
   <div class='ocr_carea' id='block_1_22' title="bbox 512 2300 2096 2377">
    <p class='ocr_par' dir='ltr' id='par_1_22' title="bbox 512 2300 2096 2377">
     <span class='ocr_line' id='line_1_22' title="bbox 512 2300 2096 2377; baseline 0.006 -25"><span class='ocrx_word' id='word_1_158' title='bbox 512 2313 724 2367; x_wconf 73' lang='grc' dir='ltr'><em>(ιυοιιυε</em></span> <span class='ocrx_word' id='word_1_159' title='bbox 747 2300 1020 2370; x_wconf 77' lang='lat' dir='ltr'><strong>suscipere</strong></span> <span class='ocrx_word' id='word_1_160' title='bbox 1045 2317 1319 2372; x_wconf 79' lang='lat' dir='ltr'><strong>cogamur.</strong></span> <span class='ocrx_word' id='word_1_161' title='bbox 1349 2303 1429 2374; x_wconf 79' lang='grc' dir='ltr'><strong>(ά)</strong></span> <span class='ocrx_word' id='word_1_162' title='bbox 1460 2305 1528 2358; x_wconf 85' lang='lat' dir='ltr'><strong>At</strong></span> <span class='ocrx_word' id='word_1_163' title='bbox 1553 2303 1694 2360; x_wconf 91' lang='lat' dir='ltr'><strong>idem</strong></span> <span class='ocrx_word' id='word_1_164' title='bbox 1720 2314 1774 2361; x_wconf 90' lang='lat' dir='ltr'><strong>et</strong></span> <span class='ocrx_word' id='word_1_165' title='bbox 1793 2305 2096 2377; x_wconf 90' lang='lat' dir='ltr'><strong>Scripturas</strong></span> 
     </span>
    </p>
   </div>
   <div class='ocr_carea' id='block_1_23' title="bbox 511 2387 2096 2466">
    <p class='ocr_par' dir='ltr' id='par_1_23' title="bbox 511 2387 2096 2466">
     <span class='ocr_line' id='line_1_23' title="bbox 511 2387 2096 2466; baseline 0.006 -24"><span class='ocrx_word' id='word_1_166' title='bbox 511 2387 568 2442; x_wconf 90' lang='lat' dir='ltr'><strong>in</strong></span> <span class='ocrx_word' id='word_1_167' title='bbox 609 2391 788 2445; x_wconf 79' lang='lat' dir='ltr'><strong>inultis</strong></span> <span class='ocrx_word' id='word_1_168' title='bbox 837 2393 974 2447; x_wconf 88' lang='lat' dir='ltr'><strong>bene</strong></span> <span class='ocrx_word' id='word_1_169' title='bbox 1019 2393 1399 2463; x_wconf 86' lang='lat' dir='ltr'><strong>interpretatus</strong></span> <span class='ocrx_word' id='word_1_170' title='bbox 1443 2404 1564 2460; x_wconf 90' lang='lat' dir='ltr'><strong>est,</strong></span> <span class='ocrx_word' id='word_1_171' title='bbox 1608 2405 1662 2449; x_wconf 92' lang='lat' dir='ltr'><strong>et</strong></span> <span class='ocrx_word' id='word_1_172' title='bbox 1705 2395 2096 2466; x_wconf 83' lang='lat' dir='ltr'><strong>PrOphetarum</strong></span> 
     </span>
    </p>
   </div>
   <div class='ocr_carea' id='block_1_24' title="bbox 513 2482 2096 2556">
    <p class='ocr_par' dir='ltr' id='par_1_24' title="bbox 513 2482 2096 2556">
     <span class='ocr_line' id='line_1_24' title="bbox 513 2482 2096 2556; baseline 0.006 -21"><span class='ocrx_word' id='word_1_173' title='bbox 513 2482 744 2536; x_wconf 83' lang='lat' dir='ltr'><strong>obscura</strong></span> <span class='ocrx_word' id='word_1_174' title='bbox 776 2483 1032 2538; x_wconf 87' lang='lat' dir='ltr'><strong>disseruit</strong></span> <span class='ocrx_word' id='word_1_175' title='bbox 1061 2502 1073 2538; x_wconf 92' lang='lat'><strong>:</strong></span> <span class='ocrx_word' id='word_1_176' title='bbox 1108 2493 1162 2539; x_wconf 89' lang='lat' dir='ltr'><strong>et</strong></span> <span class='ocrx_word' id='word_1_177' title='bbox 1205 2494 1312 2540; x_wconf 91' lang='lat' dir='ltr'><strong>tam</strong></span> <span class='ocrx_word' id='word_1_178' title='bbox 1337 2485 1460 2540; x_wconf 93' lang='lat' dir='ltr'><strong>novi</strong></span> <span class='ocrx_word' id='word_1_179' title='bbox 1486 2501 1646 2556; x_wconf 87' lang='lat' dir='ltr'><strong>quam</strong></span> <span class='ocrx_word' id='word_1_180' title='bbox 1671 2490 1866 2543; x_wconf 82' lang='lat' dir='ltr'><strong>veteris</strong></span> <span class='ocrx_word' id='word_1_181' title='bbox 1905 2488 2096 2544; x_wconf 81' lang='lat' dir='ltr'><strong>Testa-</strong></span> 
     </span>
    </p>
   </div>
   <div class='ocr_carea' id='block_1_25' title="bbox 516 2574 2098 2650">
    <p class='ocr_par' dir='ltr' id='par_1_25' title="bbox 516 2574 2098 2650">
     <span class='ocr_line' id='line_1_25' title="bbox 516 2574 2098 2650; baseline 0.004 -22"><span class='ocrx_word' id='word_1_182' title='bbox 516 2574 682 2628; x_wconf 89' lang='lat' dir='ltr'><strong>menti</strong></span> <span class='ocrx_word' id='word_1_183' title='bbox 715 2574 970 2628; x_wconf 89' lang='lat' dir='ltr'><strong>revelavit</strong></span> <span class='ocrx_word' id='word_1_184' title='bbox 998 2577 1227 2629; x_wconf 81' lang='lat' dir='ltr'><strong>maxima</strong></span> <span class='ocrx_word' id='word_1_185' title='bbox 1269 2587 1640 2634; x_wconf 88' lang='lat' dir='ltr'><strong>sacramenta.</strong></span> <span class='ocrx_word' id='word_1_186' title='bbox 1686 2578 1744 2633; x_wconf 89' lang='lat' dir='ltr'><strong>Si</strong></span> <span class='ocrx_word' id='word_1_187' title='bbox 1792 2579 1951 2650; x_wconf 86' lang='lat' dir='ltr'><strong>igitur</strong></span> <span class='ocrx_word' id='word_1_188' title='bbox 1979 2595 2098 2650; x_wconf 76' lang='lat' dir='ltr'><strong>qua:</strong></span> 
     </span>
    </p>
   </div>
   <div class='ocr_carea' id='block_1_26' title="bbox 516 2664 2100 2743">
    <p class='ocr_par' dir='ltr' id='par_1_26' title="bbox 516 2664 2100 2743">
     <span class='ocr_line' id='line_1_26' title="bbox 516 2664 2100 2743; baseline 0.004 -23"><span class='ocrx_word' id='word_1_189' title='bbox 516 2664 656 2720; x_wconf 85' lang='lat' dir='ltr'><strong>bona</strong></span> <span class='ocrx_word' id='word_1_190' title='bbox 694 2674 856 2730; x_wconf 89' lang='lat' dir='ltr'><strong>sunt,</strong></span> <span class='ocrx_word' id='word_1_191' title='bbox 885 2667 1162 2732; x_wconf 88' lang='lat' dir='ltr'><strong>transtuli,</strong></span> <span class='ocrx_word' id='word_1_192' title='bbox 1194 2676 1249 2722; x_wconf 91' lang='lat' dir='ltr'><strong>et</strong></span> <span class='ocrx_word' id='word_1_193' title='bbox 1275 2669 1414 2723; x_wconf 89' lang='lat' dir='ltr'><strong>mala</strong></span> <span class='ocrx_word' id='word_1_194' title='bbox 1453 2669 1538 2724; x_wconf 91' lang='lat' dir='ltr'><strong>vel</strong></span> <span class='ocrx_word' id='word_1_195' title='bbox 1577 2671 1842 2739; x_wconf 86' lang='lat' dir='ltr'><strong>amputavi</strong></span> <span class='ocrx_word' id='word_1_196' title='bbox 1865 2712 1880 2738; x_wconf 92' lang='lat'><strong>,</strong></span> <span class='ocrx_word' id='word_1_197' title='bbox 1913 2670 1987 2743; x_wconf 90' lang='lat' dir='ltr'><strong>(e)</strong></span> <span class='ocrx_word' id='word_1_198' title='bbox 2014 2673 2100 2728; x_wconf 90' lang='lat' dir='ltr'><strong>vel</strong></span> 
     </span>
    </p>
   </div>
   <div class='ocr_carea' id='block_1_27' title="bbox 517 2757 2098 2830">
    <p class='ocr_par' dir='ltr' id='par_1_27' title="bbox 517 2757 2098 2830">
     <span class='ocr_line' id='line_1_27' title="bbox 517 2757 2098 2830; baseline 0.004 -20"><span class='ocrx_word' id='word_1_199' title='bbox 517 2757 750 2821; x_wconf 83' lang='lat' dir='ltr'><strong>correxi,</strong></span> <span class='ocrx_word' id='word_1_200' title='bbox 782 2757 862 2810; x_wconf 88' lang='lat' dir='ltr'><strong>vel</strong></span> <span class='ocrx_word' id='word_1_201' title='bbox 897 2757 1071 2823; x_wconf 89' lang='lat' dir='ltr'><strong>tacui;</strong></span> <span class='ocrx_word' id='word_1_202' title='bbox 1099 2759 1402 2829; x_wconf 90' lang='lat' dir='ltr'><strong>arguendus</strong></span> <span class='ocrx_word' id='word_1_203' title='bbox 1429 2775 1548 2814; x_wconf 90' lang='lat' dir='ltr'><strong>sum</strong></span> <span class='ocrx_word' id='word_1_204' title='bbox 1570 2775 1666 2815; x_wconf 92' lang='lat' dir='ltr'><strong>cur</strong></span> <span class='ocrx_word' id='word_1_205' title='bbox 1692 2775 1788 2830; x_wconf 90' lang='lat' dir='ltr'><strong>per</strong></span> <span class='ocrx_word' id='word_1_206' title='bbox 1814 2777 1899 2816; x_wconf 91' lang='lat' dir='ltr'><strong>me</strong></span> <span class='ocrx_word' id='word_1_207' title='bbox 1926 2761 2098 2817; x_wconf 89' lang='lat' dir='ltr'><strong>Latini</strong></span> 
     </span>
    </p>
   </div>
   <div class='ocr_carea' id='block_1_28' title="bbox 517 2847 2098 2921">
    <p class='ocr_par' dir='ltr' id='par_1_28' title="bbox 517 2847 2098 2921">
     <span class='ocr_line' id='line_1_28' title="bbox 517 2847 2098 2921; baseline 0.004 -19"><span class='ocrx_word' id='word_1_208' title='bbox 517 2847 656 2902; x_wconf 88' lang='lat' dir='ltr'><strong>bona</strong></span> <span class='ocrx_word' id='word_1_209' title='bbox 686 2847 802 2916; x_wconf 86' lang='lat' dir='ltr'><strong>ejus</strong></span> <span class='ocrx_word' id='word_1_210' title='bbox 829 2847 1080 2916; x_wconf 85' lang='lat' dir='ltr'><strong>habeant,</strong></span> <span class='ocrx_word' id='word_1_211' title='bbox 1110 2857 1165 2905; x_wconf 92' lang='lat' dir='ltr'><strong>et</strong></span> <span class='ocrx_word' id='word_1_212' title='bbox 1190 2850 1326 2904; x_wconf 90' lang='lat' dir='ltr'><strong>mala</strong></span> <span class='ocrx_word' id='word_1_213' title='bbox 1355 2851 1637 2921; x_wconf 85' lang='lat' dir='ltr'><strong>ignorent?</strong></span> <span class='ocrx_word' id='word_1_214' title='bbox 1663 2850 1723 2908; x_wconf 87' lang='lat' dir='ltr'><strong>Si</strong></span> <span class='ocrx_word' id='word_1_215' title='bbox 1769 2852 1872 2908; x_wconf 90' lang='lat' dir='ltr'><strong>hoc</strong></span> <span class='ocrx_word' id='word_1_216' title='bbox 1897 2853 2098 2909; x_wconf 92' lang='lat' dir='ltr'><strong>crimen</strong></span> 
     </span>
    </p>
   </div>
   <div class='ocr_carea' id='block_1_29' title="bbox 518 2937 2102 3012">
    <p class='ocr_par' dir='ltr' id='par_1_29' title="bbox 518 2937 2102 3012">
     <span class='ocr_line' id='line_1_29' title="bbox 518 2937 2102 3012; baseline 0.003 -18"><span class='ocrx_word' id='word_1_217' title='bbox 518 2946 634 3004; x_wconf 89' lang='lat' dir='ltr'><strong>est,</strong></span> <span class='ocrx_word' id='word_1_218' title='bbox 658 2948 912 3008; x_wconf 83' lang='lat' dir='ltr'><strong>arguatur</strong></span> <span class='ocrx_word' id='word_1_219' title='bbox 936 2937 1226 2994; x_wconf 87' lang='lat' dir='ltr'><strong>Confessor</strong></span> <span class='ocrx_word' id='word_1_220' title='bbox 1263 2941 1498 2996; x_wconf 88' lang='lat' dir='ltr'><strong>Hilarius</strong></span> <span class='ocrx_word' id='word_1_221' title='bbox 1537 2943 1628 3012; x_wconf 89' lang='lat' dir='ltr'><strong>qui</strong></span> <span class='ocrx_word' id='word_1_222' title='bbox 1658 2941 1992 2998; x_wconf 85' lang='lat' dir='ltr'><strong>Psalmorum</strong></span> <span class='ocrx_word' id='word_1_223' title='bbox 2021 2944 2102 2998; x_wconf 85' lang='lat' dir='ltr'><strong>in-</strong></span> 
     </span>
    </p>
   </div>
   <div class='ocr_carea' id='block_1_30' title="bbox 520 3029 2098 3104">
    <p class='ocr_par' dir='ltr' id='par_1_30' title="bbox 520 3029 2098 3104">
     <span class='ocr_line' id='line_1_30' title="bbox 520 3029 2098 3104; baseline 0.004 -22"><span class='ocrx_word' id='word_1_224' title='bbox 520 3029 978 3097; x_wconf 90' lang='lat' dir='ltr'><strong>terpretationem,</strong></span> <span class='ocrx_word' id='word_1_225' title='bbox 1007 3038 1062 3085; x_wconf 92' lang='lat' dir='ltr'><strong>et</strong></span> <span class='ocrx_word' id='word_1_226' title='bbox 1083 3029 1343 3086; x_wconf 85' lang='lat' dir='ltr'><strong>Homilias</strong></span> <span class='ocrx_word' id='word_1_227' title='bbox 1367 3032 1418 3085; x_wconf 93' lang='lat' dir='ltr'><strong>in</strong></span> <span class='ocrx_word' id='word_1_228' title='bbox 1459 3031 1562 3087; x_wconf 82' lang='lat' dir='ltr'><strong>Joh</strong></span> <span class='ocrx_word' id='word_1_229' title='bbox 1596 3047 1664 3088; x_wconf 81' lang='lat' dir='ltr'><strong>ex</strong></span> <span class='ocrx_word' id='word_1_230' title='bbox 1703 3033 1856 3088; x_wconf 90' lang='lat' dir='ltr'><strong>libris</strong></span> <span class='ocrx_word' id='word_1_231' title='bbox 1881 3034 2018 3104; x_wconf 88' lang='lat' dir='ltr'><strong>ejus,</strong></span> <span class='ocrx_word' id='word_1_232' title='bbox 2047 3033 2098 3088; x_wconf 93' lang='lat' dir='ltr'><strong>id</strong></span> 
     </span>
    </p>
   </div>
   <div class='ocr_carea' id='block_1_31' title="bbox 519 3121 2100 3198">
    <p class='ocr_par' dir='ltr' id='par_1_31' title="bbox 519 3121 2100 3198">
     <span class='ocr_line' id='line_1_31' title="bbox 519 3121 2100 3198; baseline 0.005 -24"><span class='ocrx_word' id='word_1_233' title='bbox 519 3128 633 3185; x_wconf 89' lang='lat' dir='ltr'><strong>est,</strong></span> <span class='ocrx_word' id='word_1_234' title='bbox 683 3135 750 3176; x_wconf 81' lang='lat' dir='ltr'><strong>ex</strong></span> <span class='ocrx_word' id='word_1_235' title='bbox 795 3121 982 3177; x_wconf 72' lang='lat' dir='ltr'><strong>Grmco</strong></span> <span class='ocrx_word' id='word_1_236' title='bbox 1031 3123 1084 3177; x_wconf 91' lang='lat' dir='ltr'><strong>in</strong></span> <span class='ocrx_word' id='word_1_237' title='bbox 1132 3123 1354 3179; x_wconf 90' lang='lat' dir='ltr'><strong>latinum</strong></span> <span class='ocrx_word' id='word_1_238' title='bbox 1384 3126 1677 3180; x_wconf 88' lang='lat' dir='ltr'><strong>transtulit.</strong></span> <span class='ocrx_word' id='word_1_239' title='bbox 1730 3126 1813 3181; x_wconf 91' lang='lat' dir='ltr'><strong>Sit</strong></span> <span class='ocrx_word' id='word_1_240' title='bbox 1853 3127 1905 3181; x_wconf 92' lang='lat' dir='ltr'><strong>in</strong></span> <span class='ocrx_word' id='word_1_241' title='bbox 1946 3128 2100 3198; x_wconf 88' lang='lat' dir='ltr'><strong>culpa</strong></span> 
     </span>
    </p>
   </div>
   <div class='ocr_carea' id='block_1_32' title="bbox 518 3210 2101 3289">
    <p class='ocr_par' dir='ltr' id='par_1_32' title="bbox 518 3210 2101 3289">
     <span class='ocr_line' id='line_1_32' title="bbox 518 3210 2101 3289; baseline 0.006 -25"><span class='ocrx_word' id='word_1_242' title='bbox 518 3210 759 3280; x_wconf 87' lang='lat' dir='ltr'><strong>ejusdem</strong></span> <span class='ocrx_word' id='word_1_243' title='bbox 801 3211 869 3283; x_wconf 82' lang='lat' dir='ltr'><strong>(f)</strong></span> <span class='ocrx_word' id='word_1_244' title='bbox 909 3214 1261 3270; x_wconf 84' lang='lat' dir='ltr'><strong>confessionis</strong></span> <span class='ocrx_word' id='word_1_245' title='bbox 1291 3215 1653 3271; x_wconf 84' lang='lat' dir='ltr'><strong>Vercellensis</strong></span> <span class='ocrx_word' id='word_1_246' title='bbox 1684 3218 1979 3285; x_wconf 86' lang='lat' dir='ltr'><strong>Eusebius,</strong></span> <span class='ocrx_word' id='word_1_247' title='bbox 2012 3219 2101 3289; x_wconf 90' lang='lat' dir='ltr'><strong>qui</strong></span> 
     </span>
    </p>
   </div>
   <div class='ocr_carea' id='block_1_33' title="bbox 521 3305 2102 3366">
    <p class='ocr_par' dir='ltr' id='par_1_33' title="bbox 521 3305 2102 3366">
     <span class='ocr_line' id='line_1_33' title="bbox 521 3305 2102 3366; baseline 0.005 -8"><span class='ocrx_word' id='word_1_248' title='bbox 521 3308 761 3360; x_wconf 87' lang='lat' dir='ltr'><strong>onmium</strong></span> <span class='ocrx_word' id='word_1_249' title='bbox 793 3305 1126 3362; x_wconf 85' lang='lat' dir='ltr'><strong>Psalmorum</strong></span> <span class='ocrx_word' id='word_1_250' title='bbox 1147 3307 1576 3364; x_wconf 87' lang='lat' dir='ltr'><strong>Commentarios</strong></span> <span class='ocrx_word' id='word_1_251' title='bbox 1600 3309 1840 3365; x_wconf 66' lang='lat' dir='ltr'><strong>haeretici</strong></span> <span class='ocrx_word' id='word_1_252' title='bbox 1869 3311 2102 3366; x_wconf 86' lang='lat' dir='ltr'><strong>hominis</strong></span> 
     </span>
    </p>
   </div>
   <div class='ocr_carea' id='block_1_34' title="bbox 523 3393 2103 3470">
    <p class='ocr_par' dir='ltr' id='par_1_34' title="bbox 523 3393 2103 3470">
     <span class='ocr_line' id='line_1_34' title="bbox 523 3393 2103 3470; baseline 0.004 -22"><span class='ocrx_word' id='word_1_253' title='bbox 523 3393 755 3464; x_wconf 73' lang='lat' dir='ltr'><strong>(Eusebii</strong></span> <span class='ocrx_word' id='word_1_254' title='bbox 779 3396 1121 3462; x_wconf 72' lang='lat' dir='ltr'><strong>Ctesariemis)</strong></span> <span class='ocrx_word' id='word_1_255' title='bbox 1149 3399 1309 3452; x_wconf 90' lang='lat' dir='ltr'><strong>vertit</strong></span> <span class='ocrx_word' id='word_1_256' title='bbox 1337 3399 1390 3452; x_wconf 92' lang='lat' dir='ltr'><strong>in</strong></span> <span class='ocrx_word' id='word_1_257' title='bbox 1428 3408 1669 3454; x_wconf 89' lang='lat' dir='ltr'><strong>nostrum</strong></span> <span class='ocrx_word' id='word_1_258' title='bbox 1699 3400 1968 3470; x_wconf 88' lang='lat' dir='ltr'><strong>eloquium</strong></span> <span class='ocrx_word' id='word_1_259' title='bbox 1994 3418 2006 3453; x_wconf 90' lang='lat'><strong>:</strong></span> <span class='ocrx_word' id='word_1_260' title='bbox 2039 3401 2103 3455; x_wconf 84' lang='lat' dir='ltr'><strong>li-</strong></span> 
     </span>
    </p>
   </div>
   <div class='ocr_carea' id='block_1_35' title="bbox 521 3485 2101 3559">
    <p class='ocr_par' dir='ltr' id='par_1_35' title="bbox 521 3485 2101 3559">
     <span class='ocr_line' id='line_1_35' title="bbox 521 3485 2101 3559; baseline 0.004 -21"><span class='ocrx_word' id='word_1_261' title='bbox 521 3491 608 3538; x_wconf 90' lang='lat' dir='ltr'><strong>cet</strong></span> <span class='ocrx_word' id='word_1_262' title='bbox 637 3485 888 3538; x_wconf 77' lang='lat' dir='ltr'><strong>hteretica</strong></span> <span class='ocrx_word' id='word_1_263' title='bbox 915 3486 1360 3553; x_wconf 78' lang='lat' dir='ltr'><strong>praetermittens,</strong></span> <span class='ocrx_word' id='word_1_264' title='bbox 1387 3489 1586 3557; x_wconf 84' lang='lat' dir='ltr'><strong>optima</strong></span> <span class='ocrx_word' id='word_1_265' title='bbox 1613 3503 1838 3559; x_wconf 67' lang='lat' dir='ltr'><strong>qumque</strong></span> <span class='ocrx_word' id='word_1_266' title='bbox 1864 3498 2101 3545; x_wconf 85' lang='lat' dir='ltr'><strong>transtu-</strong></span> 
     </span>
    </p>
   </div>
   <div class='ocr_carea' id='block_1_36' title="bbox 521 3574 2104 3648">
    <p class='ocr_par' dir='ltr' id='par_1_36' title="bbox 521 3574 2104 3648">
     <span class='ocr_line' id='line_1_36' title="bbox 521 3574 2104 3648; baseline 0.006 -20"><span class='ocrx_word' id='word_1_267' title='bbox 521 3575 665 3630; x_wconf 89' lang='lat' dir='ltr'><strong>lerit.</strong></span> <span class='ocrx_word' id='word_1_268' title='bbox 695 3574 873 3630; x_wconf 88' lang='lat' dir='ltr'><strong>Taceo</strong></span> <span class='ocrx_word' id='word_1_269' title='bbox 901 3575 969 3631; x_wconf 89' lang='lat' dir='ltr'><strong>de</strong></span> <span class='ocrx_word' id='word_1_270' title='bbox 999 3576 1270 3632; x_wconf 72' lang='lat' dir='ltr'><strong>Victorino</strong></span> <span class='ocrx_word' id='word_1_271' title='bbox 1303 3577 1381 3648; x_wconf 84' lang='lat' dir='ltr'><strong>(g)</strong></span> <span class='ocrx_word' id='word_1_272' title='bbox 1428 3579 1822 3648; x_wconf 82' lang='lat' dir='ltr'><strong>Petabioncnsi,</strong></span> <span class='ocrx_word' id='word_1_273' title='bbox 1854 3590 1910 3636; x_wconf 88' lang='lat' dir='ltr'><strong>et</strong></span> <span class='ocrx_word' id='word_1_274' title='bbox 1944 3591 2104 3638; x_wconf 66' lang='lat' dir='ltr'><strong>ciete-</strong></span> 
     </span>
    </p>
   </div>
   <div class='ocr_carea' id='block_1_37' title="bbox 522 3666 2105 3742">
    <p class='ocr_par' dir='ltr' id='par_1_37' title="bbox 522 3666 2105 3742">
     <span class='ocr_line' id='line_1_37' title="bbox 522 3666 2105 3742; baseline 0.003 -20"><span class='ocrx_word' id='word_1_275' title='bbox 522 3668 617 3730; x_wconf 88' lang='lat' dir='ltr'><strong>ris,</strong></span> <span class='ocrx_word' id='word_1_276' title='bbox 648 3667 738 3738; x_wconf 90' lang='lat' dir='ltr'><strong>qui</strong></span> <span class='ocrx_word' id='word_1_277' title='bbox 768 3666 1051 3738; x_wconf 89' lang='lat' dir='ltr'><strong>Origenem</strong></span> <span class='ocrx_word' id='word_1_278' title='bbox 1083 3668 1138 3723; x_wconf 92' lang='lat' dir='ltr'><strong>in</strong></span> <span class='ocrx_word' id='word_1_279' title='bbox 1162 3670 1536 3739; x_wconf 81' lang='lat' dir='ltr'><strong>explanatione</strong></span> <span class='ocrx_word' id='word_1_280' title='bbox 1561 3670 1820 3726; x_wconf 82' lang='lat' dir='ltr'><strong>duntaxat</strong></span> <span class='ocrx_word' id='word_1_281' title='bbox 1862 3671 2105 3742; x_wconf 85' lang='lat' dir='ltr'><strong>Scriptu-</strong></span> 
     </span>
    </p>
   </div>
   <div class='ocr_carea' id='block_1_38' title="bbox 521 3759 2105 3831">
    <p class='ocr_par' dir='ltr' id='par_1_38' title="bbox 521 3759 2105 3831">
     <span class='ocr_line' id='line_1_38' title="bbox 521 3759 2105 3831; baseline 0.005 -19"><span class='ocrx_word' id='word_1_282' title='bbox 521 3774 704 3813; x_wconf 89' lang='lat' dir='ltr'><strong>rarum</strong></span> <span class='ocrx_word' id='word_1_283' title='bbox 753 3759 921 3815; x_wconf 84' lang='lat' dir='ltr'><strong>secuti</strong></span> <span class='ocrx_word' id='word_1_284' title='bbox 942 3767 1105 3827; x_wconf 86' lang='lat' dir='ltr'><strong>sunt,</strong></span> <span class='ocrx_word' id='word_1_285' title='bbox 1139 3769 1194 3815; x_wconf 91' lang='lat' dir='ltr'><strong>et</strong></span> <span class='ocrx_word' id='word_1_286' title='bbox 1221 3771 1603 3831; x_wconf 80' lang='lat' dir='ltr'><strong>expresserunt</strong></span> <span class='ocrx_word' id='word_1_287' title='bbox 1629 3779 1643 3818; x_wconf 74' lang='grc' dir='ltr'>ζ</span> <span class='ocrx_word' id='word_1_288' title='bbox 1665 3777 1731 3817; x_wconf 85' lang='grc' dir='ltr'><em>ηε</em></span> <span class='ocrx_word' id='word_1_289' title='bbox 1756 3777 1862 3818; x_wconf 76' lang='lat' dir='ltr'><strong>BOD</strong></span> <span class='ocrx_word' id='word_1_290' title='bbox 1887 3771 1992 3817; x_wconf 88' lang='lat' dir='ltr'><strong>tam</strong></span> <span class='ocrx_word' id='word_1_291' title='bbox 2018 3780 2105 3820; x_wconf 88' lang='lat' dir='ltr'><strong>me</strong></span> 
     </span>
    </p>
   </div>
   <div class='ocr_carea' id='block_1_39' title="bbox 521 3851 2105 3927">
    <p class='ocr_par' dir='ltr' id='par_1_39' title="bbox 521 3851 2105 3927">
     <span class='ocr_line' id='line_1_39' title="bbox 521 3851 2105 3927; baseline 0.006 -21"><span class='ocrx_word' id='word_1_292' title='bbox 521 3851 834 3918; x_wconf 81' lang='lat' dir='ltr'><strong>defendere,</strong></span> <span class='ocrx_word' id='word_1_293' title='bbox 859 3868 1017 3924; x_wconf 90' lang='lat' dir='ltr'><strong>quam</strong></span> <span class='ocrx_word' id='word_1_294' title='bbox 1058 3855 1236 3910; x_wconf 86' lang='lat' dir='ltr'><strong>socios</strong></span> <span class='ocrx_word' id='word_1_295' title='bbox 1259 3855 1501 3910; x_wconf 91' lang='lat' dir='ltr'><strong>criminis</strong></span> <span class='ocrx_word' id='word_1_296' title='bbox 1525 3855 1709 3912; x_wconf 88' lang='lat' dir='ltr'><strong>videar</strong></span> <span class='ocrx_word' id='word_1_297' title='bbox 1731 3873 1990 3927; x_wconf 69' lang='lat' dir='ltr'><strong>quaerere.</strong></span> <span class='ocrx_word' id='word_1_298' title='bbox 2022 3859 2105 3915; x_wconf 82' lang='lat' dir='ltr'><strong>Ad</strong></span> 
     </span>
    </p>
   </div>
   <div class='ocr_carea' id='block_1_40' title="bbox 523 3943 2105 4020">
    <p class='ocr_par' dir='ltr' id='par_1_40' title="bbox 523 3943 2105 4020">
     <span class='ocr_line' id='line_1_40' title="bbox 523 3943 2105 4020; baseline 0.006 -22"><span class='ocrx_word' id='word_1_299' title='bbox 523 3944 750 4016; x_wconf 89' lang='lat' dir='ltr'><strong>teipsum</strong></span> <span class='ocrx_word' id='word_1_300' title='bbox 789 3943 952 4018; x_wconf 61' lang='lat'><strong>3&amp;9</strong></span> <span class='ocrx_word' id='word_1_301' title='bbox 987 3947 1198 4002; x_wconf 90' lang='lat' dir='ltr'><strong>veniam</strong></span> <span class='ocrx_word' id='word_1_302' title='bbox 1230 3965 1244 4000; x_wconf 90' lang='lat'><strong>:</strong></span> <span class='ocrx_word' id='word_1_303' title='bbox 1274 3962 1371 4003; x_wconf 91' lang='lat' dir='ltr'><strong>cur</strong></span> <span class='ocrx_word' id='word_1_304' title='bbox 1392 3956 1649 4004; x_wconf 84' lang='lat' dir='ltr'><strong>tractatus</strong></span> <span class='ocrx_word' id='word_1_305' title='bbox 1670 3949 1787 4020; x_wconf 91' lang='lat' dir='ltr'><strong>ejus</strong></span> <span class='ocrx_word' id='word_1_306' title='bbox 1813 3951 1865 4004; x_wconf 93' lang='lat' dir='ltr'><strong>in</strong></span> <span class='ocrx_word' id='word_1_307' title='bbox 1892 3951 1995 4006; x_wconf 85' lang='lat' dir='ltr'><strong>Job</strong></span> <span class='ocrx_word' id='word_1_308' title='bbox 2011 3951 2105 4007; x_wconf 84' lang='lat' dir='ltr'><strong>de-</strong></span> 
     </span>
    </p>
   </div>
   <div class='ocr_carea' id='block_1_41' title="bbox 521 4035 2106 4107">
    <p class='ocr_par' dir='ltr' id='par_1_41' title="bbox 521 4035 2106 4107">
     <span class='ocr_line' id='line_1_41' title="bbox 521 4035 2106 4107; baseline 0.005 -19"><span class='ocrx_word' id='word_1_309' title='bbox 521 4035 750 4105; x_wconf 88' lang='lat' dir='ltr'><strong>scriptos</strong></span> <span class='ocrx_word' id='word_1_310' title='bbox 761 4035 960 4091; x_wconf 84' lang='lat' dir='ltr'><strong>habes?</strong></span> <span class='ocrx_word' id='word_1_311' title='bbox 987 4035 1044 4091; x_wconf 91' lang='lat' dir='ltr'><strong>ln</strong></span> <span class='ocrx_word' id='word_1_312' title='bbox 1067 4037 1258 4107; x_wconf 90' lang='lat' dir='ltr'><strong>quibus</strong></span> <span class='ocrx_word' id='word_1_313' title='bbox 1278 4047 1461 4092; x_wconf 92' lang='lat' dir='ltr'><strong>contra</strong></span> <span class='ocrx_word' id='word_1_314' title='bbox 1485 4038 1778 4105; x_wconf 89' lang='lat' dir='ltr'><strong>diabolum,</strong></span> <span class='ocrx_word' id='word_1_315' title='bbox 1803 4049 1856 4096; x_wconf 90' lang='lat' dir='ltr'><strong>et</strong></span> <span class='ocrx_word' id='word_1_316' title='bbox 1883 4041 1951 4096; x_wconf 91' lang='lat' dir='ltr'><strong>de</strong></span> <span class='ocrx_word' id='word_1_317' title='bbox 1978 4042 2106 4096; x_wconf 88' lang='lat' dir='ltr'><strong>stel-</strong></span> 
     </span>
    </p>
   </div>
   <div class='ocr_carea' id='block_1_42' title="bbox 522 4123 2103 4199">
    <p class='ocr_par' dir='ltr' id='par_1_42' title="bbox 522 4123 2103 4199">
     <span class='ocr_line' id='line_1_42' title="bbox 522 4123 2103 4199; baseline 0.006 -21"><span class='ocrx_word' id='word_1_318' title='bbox 522 4123 590 4179; x_wconf 90' lang='lat' dir='ltr'><strong>lis</strong></span> <span class='ocrx_word' id='word_1_319' title='bbox 605 4126 847 4194; x_wconf 88' lang='lat' dir='ltr'><strong>coeloque</strong></span> <span class='ocrx_word' id='word_1_320' title='bbox 862 4125 1161 4194; x_wconf 90' lang='lat' dir='ltr'><strong>disputans,</strong></span> <span class='ocrx_word' id='word_1_321' title='bbox 1175 4127 1418 4195; x_wconf 66' lang='lat' dir='ltr'><strong>quaedam</strong></span> <span class='ocrx_word' id='word_1_322' title='bbox 1432 4128 1640 4182; x_wconf 91' lang='lat' dir='ltr'><strong>locutus</strong></span> <span class='ocrx_word' id='word_1_323' title='bbox 1653 4140 1755 4193; x_wconf 91' lang='lat' dir='ltr'><strong>est,</strong></span> <span class='ocrx_word' id='word_1_324' title='bbox 1775 4146 1893 4199; x_wconf 71' lang='lat' dir='ltr'><strong>quae</strong></span> <span class='ocrx_word' id='word_1_325' title='bbox 1910 4131 2103 4186; x_wconf 88' lang='lat' dir='ltr'><strong>Eccle-</strong></span> 
     </span>
    </p>
   </div>
   <div class='ocr_carea' id='block_1_43' title="bbox 524 4214 2104 4297">
    <p class='ocr_par' dir='ltr' id='par_1_43' title="bbox 524 4214 2104 4297">
     <span class='ocr_line' id='line_1_43' title="bbox 524 4214 2104 4297; baseline 0.005 -27"><span class='ocrx_word' id='word_1_326' title='bbox 524 4215 602 4270; x_wconf 83' lang='lat' dir='ltr'><strong>sia</strong></span> <span class='ocrx_word' id='word_1_327' title='bbox 640 4230 744 4268; x_wconf 90' lang='lat' dir='ltr'><strong>non</strong></span> <span class='ocrx_word' id='word_1_328' title='bbox 772 4214 1004 4284; x_wconf 84' lang='lat' dir='ltr'><strong>recipit?</strong></span> <span class='ocrx_word' id='word_1_329' title='bbox 1029 4215 1147 4272; x_wconf 88' lang='lat' dir='ltr'><strong>Tibi</strong></span> <span class='ocrx_word' id='word_1_330' title='bbox 1168 4217 1265 4272; x_wconf 89' lang='lat' dir='ltr'><strong>soli</strong></span> <span class='ocrx_word' id='word_1_331' title='bbox 1294 4218 1418 4274; x_wconf 90' lang='lat' dir='ltr'><strong>licet</strong></span> <span class='ocrx_word' id='word_1_332' title='bbox 1440 4223 1505 4292; x_wconf 73' lang='grc' dir='ltr'><strong>τῷ</strong></span> <span class='ocrx_word' id='word_1_333' title='bbox 1534 4228 1785 4293; x_wconf 63' lang='grc' dir='ltr'><strong>σοφωτάτῳ</strong></span> <span class='ocrx_word' id='word_1_334' title='bbox 1813 4237 1983 4296; x_wconf 70' lang='grc' dir='ltr'><strong>κρανίῳ</strong></span> <span class='ocrx_word' id='word_1_335' title='bbox 2018 4225 2104 4297; x_wconf 79' lang='lat' dir='ltr'><strong>(It)</strong></span> 
     </span>
    </p>
   </div>
   <div class='ocr_carea' id='block_1_44' title="bbox 524 4303 2105 4370">
    <p class='ocr_par' dir='ltr' id='par_1_44' title="bbox 524 4303 2105 4370">
     <span class='ocr_line' id='line_1_44' title="bbox 524 4303 2105 4370; baseline 0.008 -12"><span class='ocrx_word' id='word_1_336' title='bbox 524 4303 594 4359; x_wconf 93' lang='lat' dir='ltr'><strong>de</strong></span> <span class='ocrx_word' id='word_1_337' title='bbox 619 4304 825 4358; x_wconf 90' lang='lat' dir='ltr'><strong>cunctis</strong></span> <span class='ocrx_word' id='word_1_338' title='bbox 851 4314 906 4359; x_wconf 90' lang='lat' dir='ltr'><strong>et</strong></span> <span class='ocrx_word' id='word_1_339' title='bbox 943 4304 1143 4362; x_wconf 76' lang='lat' dir='ltr'><strong>Grmcis</strong></span> <span class='ocrx_word' id='word_1_340' title='bbox 1187 4317 1241 4362; x_wconf 92' lang='lat' dir='ltr'><strong>et</strong></span> <span class='ocrx_word' id='word_1_341' title='bbox 1279 4308 1484 4364; x_wconf 91' lang='lat' dir='ltr'><strong>Latinis</strong></span> <span class='ocrx_word' id='word_1_342' title='bbox 1513 4310 1922 4369; x_wconf 90' lang='lat' dir='ltr'><strong>Tractatoribus</strong></span> <span class='ocrx_word' id='word_1_343' title='bbox 1960 4315 2105 4370; x_wconf 89' lang='lat' dir='ltr'><strong>ferre</strong></span> 
     </span>
    </p>
   </div>
   <div class='ocr_carea' id='block_1_45' title="bbox 530 4393 2104 4475">
    <p class='ocr_par' dir='ltr' id='par_1_45' title="bbox 530 4393 2104 4475">
     <span class='ocr_line' id='line_1_45' title="bbox 530 4393 2104 4475; baseline 0.01 -28"><span class='ocrx_word' id='word_1_344' title='bbox 530 4393 890 4449; x_wconf 85' lang='lat' dir='ltr'><strong>sententiam?</strong></span> <span class='ocrx_word' id='word_1_345' title='bbox 917 4397 1134 4466; x_wconf 91' lang='lat' dir='ltr'><strong>etquasi</strong></span> <span class='ocrx_word' id='word_1_346' title='bbox 1148 4399 1393 4454; x_wconf 88' lang='lat' dir='ltr'><strong>censoria</strong></span> <span class='ocrx_word' id='word_1_347' title='bbox 1409 4400 1634 4471; x_wconf 87' lang='lat' dir='ltr'><strong>virgula,</strong></span> <span class='ocrx_word' id='word_1_348' title='bbox 1651 4403 1788 4458; x_wconf 90' lang='lat' dir='ltr'><strong>alios</strong></span> <span class='ocrx_word' id='word_1_349' title='bbox 1812 4405 2008 4475; x_wconf 88' lang='lat' dir='ltr'><strong>ejicere</strong></span> <span class='ocrx_word' id='word_1_350' title='bbox 2036 4406 2104 4463; x_wconf 90' lang='lat' dir='ltr'><strong>de</strong></span> 
     </span>
    </p>
   </div>
   <div class='ocr_carea' id='block_1_46' title="bbox 614 4557 1663 4624">
    <p class='ocr_par' dir='ltr' id='par_1_46' title="bbox 614 4557 1663 4624">
     <span class='ocr_line' id='line_1_46' title="bbox 614 4557 1663 4624; baseline 0.01 -19"><span class='ocrx_word' id='word_1_351' title='bbox 614 4557 660 4624; x_wconf 68' lang='lat' dir='ltr'><strong>gr)</strong></span> <span class='ocrx_word' id='word_1_352' title='bbox 690 4557 826 4624; x_wconf 66' lang='lat' dir='ltr'><strong>idem</strong></span> <span class='ocrx_word' id='word_1_353' title='bbox 849 4563 1016 4609; x_wconf 81' lang='lat' dir='ltr'><strong>contra</strong></span> <span class='ocrx_word' id='word_1_354' title='bbox 1031 4559 1369 4611; x_wconf 74' lang='lat' dir='ltr'><strong>cmucientimn</strong></span> <span class='ocrx_word' id='word_1_355' title='bbox 1388 4566 1536 4624; x_wconf 84' lang='lat' dir='ltr'><strong>tuam,</strong></span> <span class='ocrx_word' id='word_1_356' title='bbox 1565 4573 1663 4616; x_wconf 89' lang='lat' dir='ltr'><strong>etc.</strong></span> 
     </span>
    </p>
   </div>
   <div class='ocr_carea' id='block_1_47' title="bbox 611 4619 2104 4692">
    <p class='ocr_par' dir='ltr' id='par_1_47' title="bbox 611 4619 2104 4692">
     <span class='ocr_line' id='line_1_47' title="bbox 611 4619 2104 4692; baseline 0.012 -26"><span class='ocrx_word' id='word_1_357' title='bbox 611 4619 655 4692; x_wconf 67' lang='grc' dir='ltr'><strong>ρ)</strong></span> <span class='ocrx_word' id='word_1_358' title='bbox 695 4619 1104 4692; x_wconf 72' lang='lat' dir='ltr'><strong>M_inus_congruo</strong></span> <span class='ocrx_word' id='word_1_359' title='bbox 1123 4635 1272 4672; x_wconf 85' lang='lat' dir='ltr'><strong>sensu</strong></span> <span class='ocrx_word' id='word_1_360' title='bbox 1296 4619 1592 4692; x_wconf 71' lang='lat' dir='ltr'><strong>vetustiores</strong></span> <span class='ocrx_word' id='word_1_361' title='bbox 1615 4629 1854 4692; x_wconf 82' lang='lat' dir='ltr'><strong>editiones</strong></span> <span class='ocrx_word' id='word_1_362' title='bbox 1877 4644 1985 4681; x_wconf 90' lang='lat' dir='ltr'><strong>cum</strong></span> <span class='ocrx_word' id='word_1_363' title='bbox 2005 4633 2104 4684; x_wconf 89' lang='lat' dir='ltr'><strong>Bo-</strong></span> 
     </span>
    </p>
   </div>
   <div class='ocr_carea' id='block_1_48' title="bbox 523 4682 2105 4747">
    <p class='ocr_par' dir='ltr' id='par_1_48' title="bbox 523 4682 2105 4747">
     <span class='ocr_line' id='line_1_48' title="bbox 523 4682 2105 4747; baseline 0.011 -19"><span class='ocrx_word' id='word_1_364' title='bbox 523 4682 748 4732; x_wconf 87' lang='lat' dir='ltr'><strong>noniensi</strong></span> <span class='ocrx_word' id='word_1_365' title='bbox 784 4683 890 4732; x_wconf 88' lang='lat' dir='ltr'><strong>cod.</strong></span> <span class='ocrx_word' id='word_1_366' title='bbox 935 4682 1158 4747; x_wconf 72' lang='lat' dir='ltr'><strong>proprias</strong></span> <span class='ocrx_word' id='word_1_367' title='bbox 1194 4685 1462 4747; x_wconf 74' lang='lat' dir='ltr'><strong>provincias</strong></span> <span class='ocrx_word' id='word_1_368' title='bbox 1491 4694 1636 4738; x_wconf 91' lang='lat' dir='ltr'><strong>:tum</strong></span> <span class='ocrx_word' id='word_1_369' title='bbox 1672 4691 1752 4740; x_wconf 88' lang='lat' dir='ltr'><strong>alii</strong></span> <span class='ocrx_word' id='word_1_370' title='bbox 1788 4693 1900 4741; x_wconf 84' lang='lat' dir='ltr'><strong>Mss.</strong></span> <span class='ocrx_word' id='word_1_371' title='bbox 1925 4682 2105 4746; x_wconf 69' lang='lat' dir='ltr'><strong>sectam</strong></span> 
     </span>
    </p>
   </div>
   <div class='ocr_carea' id='block_1_49' title="bbox 525 4743 2104 4811">
    <p class='ocr_par' dir='ltr' id='par_1_49' title="bbox 525 4743 2104 4811">
     <span class='ocr_line' id='line_1_49' title="bbox 525 4743 2104 4811; baseline 0.01 -21"><span class='ocrx_word' id='word_1_372' title='bbox 525 4755 660 4791; x_wconf 76' lang='lat' dir='ltr'><strong>suam</strong></span> <span class='ocrx_word' id='word_1_373' title='bbox 701 4757 787 4806; x_wconf 87' lang='lat' dir='ltr'><strong>pro</strong></span> <span class='ocrx_word' id='word_1_374' title='bbox 825 4743 979 4811; x_wconf 48' lang='lat' dir='ltr'><strong>&quot;iam;</strong></span> <span class='ocrx_word' id='word_1_375' title='bbox 1000 4743 1234 4811; x_wconf 73' lang='lat' dir='ltr'><strong>Hicvero</strong></span> <span class='ocrx_word' id='word_1_376' title='bbox 1253 4746 1330 4811; x_wconf 26' lang='lat' dir='ltr'><strong>Ade</strong></span> <span class='ocrx_word' id='word_1_377' title='bbox 1353 4747 1603 4811; x_wconf 69' lang='lat' dir='ltr'><strong>Yigilantii</strong></span> <span class='ocrx_word' id='word_1_378' title='bbox 1638 4752 1732 4803; x_wconf 83' lang='lat' dir='ltr'><strong>fide</strong></span> <span class='ocrx_word' id='word_1_379' title='bbox 1755 4753 1891 4803; x_wconf 89' lang='lat' dir='ltr'><strong>locus</strong></span> <span class='ocrx_word' id='word_1_380' title='bbox 1915 4743 2104 4806; x_wconf 76' lang='lat' dir='ltr'><strong>videtur</strong></span> 
     </span>
    </p>
   </div>
   <div class='ocr_carea' id='block_1_50' title="bbox 530 4806 2104 4877">
    <p class='ocr_par' dir='ltr' id='par_1_50' title="bbox 530 4806 2104 4877">
     <span class='ocr_line' id='line_1_50' title="bbox 530 4806 2104 4877; baseline 0.01 -26"><span class='ocrx_word' id='word_1_381' title='bbox 530 4815 835 4877; x_wconf 35' lang='lat' dir='ltr'><strong>essenquern</strong></span> <span class='ocrx_word' id='word_1_382' title='bbox 858 4806 1076 4877; x_wconf 75' lang='lat' dir='ltr'><strong>Bullinus</strong></span> <span class='ocrx_word' id='word_1_383' title='bbox 1099 4808 1324 4877; x_wconf 81' lang='lat' dir='ltr'><strong>intendit,</strong></span> <span class='ocrx_word' id='word_1_384' title='bbox 1341 4806 1460 4877; x_wconf 70' lang='lat' dir='ltr'><strong>dum</strong></span> <span class='ocrx_word' id='word_1_385' title='bbox 1487 4824 1600 4860; x_wconf 84' lang='lat' dir='ltr'><strong>eum</strong></span> <span class='ocrx_word' id='word_1_386' title='bbox 1622 4814 1714 4877; x_wconf 76' lang='lat' dir='ltr'><strong>dici</strong></span> <span class='ocrx_word' id='word_1_387' title='bbox 1734 4824 1869 4877; x_wconf 87' lang='lat' dir='ltr'><strong>putat</strong></span> <span class='ocrx_word' id='word_1_388' title='bbox 1893 4817 2104 4866; x_wconf 82' lang='lat' dir='ltr'><strong>Alexan-</strong></span> 
     </span>
    </p>
   </div>
   <div class='ocr_carea' id='block_1_51' title="bbox 466 4864 2100 4940">
    <p class='ocr_par' dir='ltr' id='par_1_51' title="bbox 466 4864 2100 4940">
     <span class='ocr_line' id='line_1_51' title="bbox 466 4864 2100 4940; baseline 0.011 -29"><span class='ocrx_word' id='word_1_389' title='bbox 466 4907 476 4932; x_wconf 39' lang='grc' dir='ltr'>τ</span> <span class='ocrx_word' id='word_1_390' title='bbox 525 4864 643 4940; x_wconf 69' lang='lat' dir='ltr'><strong>grite</strong></span> <span class='ocrx_word' id='word_1_391' title='bbox 660 4864 884 4940; x_wconf 59' lang='lat' dir='ltr'><strong>haeresim</strong></span> <span class='ocrx_word' id='word_1_392' title='bbox 908 4870 1250 4940; x_wconf 56' lang='lat' dir='ltr'><strong>contraxisse:</strong></span> <span class='ocrx_word' id='word_1_393' title='bbox 1274 4864 1613 4940; x_wconf 71' lang='lat' dir='ltr'><strong>cuireponens</strong></span> <span class='ocrx_word' id='word_1_394' title='bbox 1633 4864 1834 4940; x_wconf 63' lang='lat' dir='ltr'><strong>Hieron.</strong></span> <span class='ocrx_word' id='word_1_395' title='bbox 1859 4864 1944 4940; x_wconf 75' lang='lat' dir='ltr'><strong>lib.</strong></span> <span class='ocrx_word' id='word_1_396' title='bbox 1959 4864 2100 4940; x_wconf 50' lang='lat' dir='ltr'><strong>ipsi.</strong></span> 
     </span>
    </p>
   </div>
   <div class='ocr_carea' id='block_1_52' title="bbox 525 4925 2101 5037">
    <p class='ocr_par' dir='ltr' id='par_1_52' title="bbox 525 4925 2101 5037">
     <span class='ocr_line' id='line_1_52' title="bbox 525 4925 2101 5037; baseline 0.01 -63"><span class='ocrx_word' id='word_1_397' title='bbox 525 4925 572 4974; x_wconf 79' lang='lat'><strong>3.</strong></span> <span class='ocrx_word' id='word_1_398' title='bbox 597 4940 701 5037; x_wconf 54' lang='lat' dir='ltr'><strong>cap;</strong></span> <span class='ocrx_word' id='word_1_399' title='bbox 726 4928 775 4976; x_wconf 89' lang='lat'><strong>6.</strong></span> <span class='ocrx_word' id='word_1_400' title='bbox 807 4947 829 4975; x_wconf 73' lang='grc' dir='ltr'><strong>ι</strong></span> <span class='ocrx_word' id='word_1_401' title='bbox 854 4929 907 4978; x_wconf 87' lang='lat' dir='ltr'><strong>In</strong></span> <span class='ocrx_word' id='word_1_402' title='bbox 930 4928 1390 4994; x_wconf 72' lang='lat' dir='ltr'><strong>Vigilantii,inquit,</strong></span> <span class='ocrx_word' id='word_1_403' title='bbox 1418 4925 1610 4984; x_wconf 71' lang='lat' dir='ltr'><strong>t&#39;imuine</strong></span> <span class='ocrx_word' id='word_1_404' title='bbox 1633 4939 1748 4997; x_wconf 86' lang='lat' dir='ltr'><strong>quid</strong></span> <span class='ocrx_word' id='word_1_405' title='bbox 1772 4925 1988 4988; x_wconf 87' lang='lat' dir='ltr'><strong>somnies</strong></span> <span class='ocrx_word' id='word_1_406' title='bbox 2003 4925 2101 4990; x_wconf 51' lang='lat' dir='ltr'><strong>ne:</strong></span> 
     </span>
     <span class='ocr_line' id='line_1_53' title="bbox 525 4987 2101 5037; baseline 0.002 -3"><span class='ocrx_word' id='word_1_407' title='bbox 525 4989 638 5036; x_wconf 85' lang='lat' dir='ltr'><strong>scio.</strong></span> <span class='ocrx_word' id='word_1_408' title='bbox 686 4987 750 5037; x_wconf 53' lang='grc' dir='ltr'><strong>’δί</strong></span> <span class='ocrx_word' id='word_1_409' title='bbox 761 4992 889 5037; x_wconf 90' lang='lat' dir='ltr'><strong>enim</strong></span> <span class='ocrx_word' id='word_1_410' title='bbox 906 5003 1019 5037; x_wconf 89' lang='lat' dir='ltr'><strong>eum</strong></span> <span class='ocrx_word' id='word_1_411' title='bbox 1040 4993 1209 5037; x_wconf 82' lang='lat' dir='ltr'><strong>scrinsi</strong></span> <span class='ocrx_word' id='word_1_412' title='bbox 1233 4994 1459 5037; x_wconf 55' lang='lat' dir='ltr'><strong>haeretica</strong></span> <span class='ocrx_word' id='word_1_413' title='bbox 1479 4999 1601 5037; x_wconf 80' lang='lat' dir='ltr'><strong>anml</strong></span> <span class='ocrx_word' id='word_1_414' title='bbox 1627 4998 2101 5037; x_wconf 67' lang='lat' dir='ltr'><strong>AlnvnmIr-inmnnm-</strong></span> 
     </span>
    </p>
   </div>
   <div class='ocr_carea' id='block_1_53' title="bbox 522 4987 2104 5058">
    <p class='ocr_par' dir='ltr' id='par_1_53' title="bbox 522 4987 2104 5058">
     <span class='ocr_line' id='line_1_54' title="bbox 522 4987 2104 5058; baseline 0.011 -24"><span class='ocrx_word' id='word_1_415' title='bbox 522 4987 750 5058; x_wconf 38' lang='lat' dir='ltr'><strong>scim-Ubi</strong></span> <span class='ocrx_word' id='word_1_416' title='bbox 761 4992 889 5039; x_wconf 91' lang='lat' dir='ltr'><strong>enim</strong></span> <span class='ocrx_word' id='word_1_417' title='bbox 906 4987 1019 5058; x_wconf 75' lang='lat' dir='ltr'><strong>eum</strong></span> <span class='ocrx_word' id='word_1_418' title='bbox 1040 4987 1209 5058; x_wconf 67' lang='lat' dir='ltr'><strong>scripsi</strong></span> <span class='ocrx_word' id='word_1_419' title='bbox 1233 4987 1461 5058; x_wconf 58' lang='lat' dir='ltr'><strong>lugeretica</strong></span> <span class='ocrx_word' id='word_1_420' title='bbox 1479 4999 1603 5058; x_wconf 86' lang='lat' dir='ltr'><strong>apud</strong></span> <span class='ocrx_word' id='word_1_421' title='bbox 1623 4987 1963 5048; x_wconf 67' lang='lat' dir='ltr'><strong>Alexandriam</strong></span> <span class='ocrx_word' id='word_1_422' title='bbox 1974 4987 2104 5050; x_wconf 82' lang='lat' dir='ltr'><strong>com-</strong></span> 
     </span>
    </p>
   </div>
   <div class='ocr_carea' id='block_1_54' title="bbox 525 5050 2099 5120">
    <p class='ocr_par' dir='ltr' id='par_1_54' title="bbox 525 5050 2099 5120">
     <span class='ocr_line' id='line_1_55' title="bbox 525 5050 2099 5120; baseline 0.01 -26"><span class='ocrx_word' id='word_1_423' title='bbox 525 5050 755 5099; x_wconf 88' lang='lat' dir='ltr'><strong>munioue</strong></span> <span class='ocrx_word' id='word_1_424' title='bbox 787 5050 1471 5120; x_wconf 60' lang='lat' dir='ltr'><strong>maculatum?&#39;Da_librum,</strong></span> <span class='ocrx_word' id='word_1_425' title='bbox 1499 5050 1660 5117; x_wconf 72' lang='lat' dir='ltr'><strong>profer</strong></span> <span class='ocrx_word' id='word_1_426' title='bbox 1687 5060 1956 5120; x_wconf 84' lang='lat' dir='ltr'><strong>epistolam,</strong></span> <span class='ocrx_word' id='word_1_427' title='bbox 1985 5076 2099 5110; x_wconf 88' lang='lat' dir='ltr'><strong>nus-</strong></span> 
     </span>
    </p>
   </div>
   <div class='ocr_carea' id='block_1_55' title="bbox 523 5113 2099 5184">
    <p class='ocr_par' dir='ltr' id='par_1_55' title="bbox 523 5113 2099 5184">
     <span class='ocr_line' id='line_1_56' title="bbox 523 5113 2099 5184; baseline 0.01 -27"><span class='ocrx_word' id='word_1_428' title='bbox 523 5121 668 5184; x_wconf 72' lang='lat' dir='ltr'><strong>quam</strong></span> <span class='ocrx_word' id='word_1_429' title='bbox 703 5113 1207 5184; x_wconf 44' lang='lat' dir='ltr'><strong>onuiiuoreperies.)</strong></span> <span class='ocrx_word' id='word_1_430' title='bbox 1237 5113 1607 5184; x_wconf 21' lang='lat' dir='ltr'><strong>Denuo‘a’utetn</strong></span> <span class='ocrx_word' id='word_1_431' title='bbox 1639 5113 1880 5184; x_wconf 68' lang='lat' dir='ltr'><strong>Victorius</strong></span> <span class='ocrx_word' id='word_1_432' title='bbox 1901 5113 2099 5184; x_wconf 83' lang='lat' dir='ltr'><strong>fallitur,</strong></span> 
     </span>
    </p>
   </div>
   <div class='ocr_carea' id='block_1_56' title="bbox 522 5171 2102 5245">
    <p class='ocr_par' dir='ltr' id='par_1_56' title="bbox 522 5171 2102 5245">
     <span class='ocr_line' id='line_1_57' title="bbox 522 5171 2102 5245; baseline 0.013 -29"><span class='ocrx_word' id='word_1_433' title='bbox 522 5171 766 5245; x_wconf 43' lang='lat' dir='ltr'><strong>quintium:</strong></span> <span class='ocrx_word' id='word_1_434' title='bbox 789 5171 1100 5245; x_wconf 80' lang='lat' dir='ltr'><strong>Vigilantium</strong></span> <span class='ocrx_word' id='word_1_435' title='bbox 1121 5176 1368 5245; x_wconf 71' lang='lat' dir='ltr'><strong>diversum</strong></span> <span class='ocrx_word' id='word_1_436' title='bbox 1400 5180 1462 5227; x_wconf 88' lang='lat' dir='ltr'><strong>ab</strong></span> <span class='ocrx_word' id='word_1_437' title='bbox 1487 5193 1548 5227; x_wconf 91' lang='lat' dir='ltr'><strong>eo</strong></span> <span class='ocrx_word' id='word_1_438' title='bbox 1583 5179 1712 5245; x_wconf 84' lang='lat' dir='ltr'><strong>facit,</strong></span> <span class='ocrx_word' id='word_1_439' title='bbox 1736 5184 1819 5245; x_wconf 88' lang='lat' dir='ltr'><strong>qui</strong></span> <span class='ocrx_word' id='word_1_440' title='bbox 1844 5171 2102 5236; x_wconf 67' lang='lat' dir='ltr'><strong>haereticus</strong></span> 
     </span>
    </p>
   </div>
   <div class='ocr_carea' id='block_1_57' title="bbox 525 5232 1706 5298">
    <p class='ocr_par' dir='ltr' id='par_1_57' title="bbox 525 5232 1706 5298">
     <span class='ocr_line' id='line_1_58' title="bbox 525 5232 1706 5298; baseline 0.012 -20"><span class='ocrx_word' id='word_1_441' title='bbox 525 5232 675 5298; x_wconf 79' lang='lat' dir='ltr'><strong>audit,</strong></span> <span class='ocrx_word' id='word_1_442' title='bbox 703 5232 943 5298; x_wconf 82' lang='lat' dir='ltr'><strong>et_c0titra</strong></span> <span class='ocrx_word' id='word_1_443' title='bbox 967 5249 1114 5298; x_wconf 87' lang='lat' dir='ltr'><strong>quem</strong></span> <span class='ocrx_word' id='word_1_444' title='bbox 1135 5236 1275 5286; x_wconf 83' lang='lat' dir='ltr'><strong>Hier.</strong></span> <span class='ocrx_word' id='word_1_445' title='bbox 1300 5239 1474 5288; x_wconf 88' lang='lat' dir='ltr'><strong>librum</strong></span> <span class='ocrx_word' id='word_1_446' title='bbox 1497 5232 1706 5298; x_wconf 63' lang='lat' dir='ltr'><strong>scripsit.</strong></span> 
     </span>
    </p>
   </div>
   <div class='ocr_carea' id='block_1_58' title="bbox 607 5296 1923 5367">
    <p class='ocr_par' dir='ltr' id='par_1_58' title="bbox 607 5296 1923 5367">
     <span class='ocr_line' id='line_1_59' title="bbox 607 5296 1923 5367; baseline 0.009 -25"><span class='ocrx_word' id='word_1_447' title='bbox 607 5296 656 5367; x_wconf 65' lang='lat' dir='ltr'><strong>ej</strong></span> <span class='ocrx_word' id='word_1_448' title='bbox 694 5296 737 5367; x_wconf 46' lang='grc' dir='ltr'>ἑ</span> <span class='ocrx_word' id='word_1_449' title='bbox 756 5296 1052 5346; x_wconf 83' lang='lat' dir='ltr'><strong>Bononiensi</strong></span> <span class='ocrx_word' id='word_1_450' title='bbox 1078 5299 1220 5348; x_wconf 86' lang='lat' dir='ltr'><strong>abest</strong></span> <span class='ocrx_word' id='word_1_451' title='bbox 1244 5300 1349 5367; x_wconf 75' lang='lat' dir='ltr'><strong>Dei,</strong></span> <span class='ocrx_word' id='word_1_452' title='bbox 1377 5310 1477 5350; x_wconf 89' lang='lat' dir='ltr'><strong>tum</strong></span> <span class='ocrx_word' id='word_1_453' title='bbox 1501 5296 1648 5367; x_wconf 82' lang='lat' dir='ltr'><strong>paulo</strong></span> <span class='ocrx_word' id='word_1_454' title='bbox 1666 5311 1774 5367; x_wconf 86' lang='lat' dir='ltr'><strong>post</strong></span> <span class='ocrx_word' id='word_1_455' title='bbox 1796 5317 1923 5354; x_wconf 85' lang='lat' dir='ltr'><strong>eum.</strong></span> 
     </span>
    </p>
   </div>
   <div class='ocr_carea' id='block_1_59' title="bbox 586 5288 2076 5601">
    <p class='ocr_par' dir='ltr' id='par_1_59' title="bbox 602 5288 2076 5601">
     <span class='ocr_line' id='line_1_60' title="bbox 607 5288 1923 5367; baseline 0.008 -24"><span class='ocrx_word' id='word_1_456' title='bbox 607 5308 634 5343; x_wconf 85' lang='lat' dir='ltr'><strong>c</strong></span> <span class='ocrx_word' id='word_1_457' title='bbox 666 5288 734 5344; x_wconf 75' lang='grc' dir='ltr'>Ἀ</span> <span class='ocrx_word' id='word_1_458' title='bbox 756 5288 1052 5346; x_wconf 80' lang='lat' dir='ltr'><strong>Bononiensi</strong></span> <span class='ocrx_word' id='word_1_459' title='bbox 1078 5299 1220 5348; x_wconf 84' lang='lat' dir='ltr'><strong>abest</strong></span> <span class='ocrx_word' id='word_1_460' title='bbox 1244 5300 1349 5358; x_wconf 87' lang='lat' dir='ltr'><strong>Dei,</strong></span> <span class='ocrx_word' id='word_1_461' title='bbox 1377 5310 1477 5350; x_wconf 89' lang='lat' dir='ltr'><strong>tum</strong></span> <span class='ocrx_word' id='word_1_462' title='bbox 1515 5288 1644 5353; x_wconf 63' lang='grc' dir='ltr'><strong>ιδυῘο</strong></span> <span class='ocrx_word' id='word_1_463' title='bbox 1666 5288 1774 5367; x_wconf 76' lang='lat' dir='ltr'><strong>post</strong></span> <span class='ocrx_word' id='word_1_464' title='bbox 1796 5317 1923 5354; x_wconf 85' lang='lat' dir='ltr'><strong>eum.</strong></span> 
     </span>
     <span class='ocr_line' id='line_1_61' title="bbox 607 5316 2076 5429; baseline 0.011 -25"><span class='ocrx_word' id='word_1_465' title='bbox 607 5358 638 5404; x_wconf 77' lang='grc' dir='ltr'><strong>ιι</strong></span> <span class='ocrx_word' id='word_1_466' title='bbox 697 5356 972 5406; x_wconf 85' lang='lat' dir='ltr'><strong>Veronens.</strong></span> <span class='ocrx_word' id='word_1_467' title='bbox 999 5367 1115 5407; x_wconf 84' lang='lat' dir='ltr'><strong>Nam</strong></span> <span class='ocrx_word' id='word_1_468' title='bbox 1135 5367 1180 5409; x_wconf 85' lang='lat' dir='ltr'><strong>et</strong></span> <span class='ocrx_word' id='word_1_469' title='bbox 1203 5362 1468 5422; x_wconf 76' lang='lat' dir='ltr'><strong>scripturas</strong></span> <span class='ocrx_word' id='word_1_470' title='bbox 1494 5316 1608 5414; x_wconf 50' lang='lat' dir='ltr'><strong>bene</strong></span> <span class='ocrx_word' id='word_1_471' title='bbox 1630 5365 1967 5429; x_wconf 78' lang='lat' dir='ltr'><strong>interpretatus</strong></span> <span class='ocrx_word' id='word_1_472' title='bbox 1989 5377 2076 5420; x_wconf 79' lang='lat' dir='ltr'><strong>est.</strong></span> 
     </span>
     <span class='ocr_line' id='line_1_62' title="bbox 602 5418 1729 5476; baseline 0.007 -10"><span class='ocrx_word' id='word_1_473' title='bbox 602 5430 628 5466; x_wconf 81' lang='grc' dir='ltr'><strong>ε</strong></span> <span class='ocrx_word' id='word_1_474' title='bbox 686 5418 869 5468; x_wconf 84' lang='lat' dir='ltr'><strong>Iterum</strong></span> <span class='ocrx_word' id='word_1_475' title='bbox 893 5431 919 5466; x_wconf 89' lang='lat' dir='ltr'><strong>a</strong></span> <span class='ocrx_word' id='word_1_476' title='bbox 941 5418 1234 5470; x_wconf 85' lang='lat' dir='ltr'><strong>Bononiensi</strong></span> <span class='ocrx_word' id='word_1_477' title='bbox 1257 5422 1397 5474; x_wconf 87' lang='lat' dir='ltr'><strong>abest</strong></span> <span class='ocrx_word' id='word_1_478' title='bbox 1430 5424 1500 5474; x_wconf 78' lang='lat' dir='ltr'><strong>vel</strong></span> <span class='ocrx_word' id='word_1_479' title='bbox 1521 5427 1729 5476; x_wconf 70' lang='lat' dir='ltr'><strong>correxi.</strong></span> 
     </span>
     <span class='ocr_line' id='line_1_63' title="bbox 644 5479 1666 5601; baseline 0.012 -75"><span class='ocrx_word' id='word_1_480' title='bbox 644 5481 657 5601; x_wconf 50' lang='grc' dir='ltr'><strong>ς</strong></span> <span class='ocrx_word' id='word_1_481' title='bbox 697 5479 851 5536; x_wconf 85' lang='lat' dir='ltr'><strong>idem,</strong></span> <span class='ocrx_word' id='word_1_482' title='bbox 876 5485 923 5528; x_wconf 88' lang='lat' dir='ltr'><strong>et</strong></span> <span class='ocrx_word' id='word_1_483' title='bbox 944 5484 1190 5542; x_wconf 76' lang='lat' dir='ltr'><strong>(‘onfeswr</strong></span> <span class='ocrx_word' id='word_1_484' title='bbox 1215 5486 1550 5546; x_wconf 77' lang='lat' dir='ltr'><strong>Vercellensis,</strong></span> <span class='ocrx_word' id='word_1_485' title='bbox 1575 5496 1666 5538; x_wconf 88' lang='lat' dir='ltr'><strong>etc.</strong></span> 
     </span>
     <span class='ocr_line' id='line_1_64' title="bbox 608 5538 2067 5601; baseline 0.011 -16"><span class='ocrx_word' id='word_1_486' title='bbox 608 5555 640 5601; x_wconf 86' lang='lat' dir='ltr'><strong><em>g</em></strong></span> <span class='ocrx_word' id='word_1_487' title='bbox 699 5538 840 5587; x_wconf 81' lang='lat' dir='ltr'><strong>Falso</strong></span> <span class='ocrx_word' id='word_1_488' title='bbox 863 5547 915 5601; x_wconf 83' lang='lat' dir='ltr'><strong>et</strong></span> <span class='ocrx_word' id='word_1_489' title='bbox 939 5549 1103 5589; x_wconf 89' lang='lat' dir='ltr'><strong>contra</strong></span> <span class='ocrx_word' id='word_1_490' title='bbox 1125 5543 1238 5593; x_wconf 84' lang='lat' dir='ltr'><strong>Mss.</strong></span> <span class='ocrx_word' id='word_1_491' title='bbox 1254 5545 1397 5594; x_wconf 78' lang='lat' dir='ltr'><strong>ﬁdem</strong></span> <span class='ocrx_word' id='word_1_492' title='bbox 1421 5556 1622 5598; x_wconf 83' lang='lat' dir='ltr'><strong>veteres</strong></span> <span class='ocrx_word' id='word_1_493' title='bbox 1645 5553 1762 5601; x_wconf 87' lang='lat' dir='ltr'><strong>editi</strong></span> <span class='ocrx_word' id='word_1_494' title='bbox 1785 5551 2067 5601; x_wconf 76' lang='lat' dir='ltr'><strong>Pictaviensi</strong></span> 
     </span>
    </p>
   </div>
   <div class='ocr_carea' id='block_1_60' title="bbox 602 5418 1729 5476">
    <p class='ocr_par' dir='ltr' id='par_1_60' title="bbox 602 5418 1729 5476">
     <span class='ocr_line' id='line_1_65' title="bbox 602 5418 1729 5476; baseline 0.007 -10"><span class='ocrx_word' id='word_1_495' title='bbox 602 5418 652 5476; x_wconf 80' lang='lat' dir='ltr'><strong>ej</strong></span> <span class='ocrx_word' id='word_1_496' title='bbox 686 5418 869 5468; x_wconf 84' lang='lat' dir='ltr'><strong>Iterum</strong></span> <span class='ocrx_word' id='word_1_497' title='bbox 893 5431 919 5466; x_wconf 89' lang='lat' dir='ltr'><strong>a</strong></span> <span class='ocrx_word' id='word_1_498' title='bbox 941 5418 1234 5470; x_wconf 89' lang='lat' dir='ltr'><strong>Bononiensi</strong></span> <span class='ocrx_word' id='word_1_499' title='bbox 1257 5418 1397 5474; x_wconf 77' lang='lat' dir='ltr'><strong>abest</strong></span> <span class='ocrx_word' id='word_1_500' title='bbox 1430 5424 1500 5474; x_wconf 78' lang='lat' dir='ltr'><strong>vel</strong></span> <span class='ocrx_word' id='word_1_501' title='bbox 1521 5427 1729 5476; x_wconf 70' lang='lat' dir='ltr'><strong>correxi.</strong></span> 
     </span>
    </p>
   </div>
   <div class='ocr_carea' id='block_1_61' title="bbox 697 5479 1666 5546">
    <p class='ocr_par' dir='ltr' id='par_1_61' title="bbox 697 5479 1666 5546">
     <span class='ocr_line' id='line_1_66' title="bbox 697 5479 1666 5546; baseline 0.015 -22"><span class='ocrx_word' id='word_1_502' title='bbox 697 5479 851 5546; x_wconf 63' lang='lat' dir='ltr'><strong>idem,</strong></span> <span class='ocrx_word' id='word_1_503' title='bbox 876 5485 923 5528; x_wconf 87' lang='lat' dir='ltr'><strong>et</strong></span> <span class='ocrx_word' id='word_1_504' title='bbox 944 5484 1190 5546; x_wconf 61' lang='lat' dir='ltr'><strong>confoer</strong></span> <span class='ocrx_word' id='word_1_505' title='bbox 1215 5486 1550 5546; x_wconf 76' lang='lat' dir='ltr'><strong>Vercellensia,</strong></span> <span class='ocrx_word' id='word_1_506' title='bbox 1575 5496 1666 5538; x_wconf 88' lang='lat' dir='ltr'><strong>etc.</strong></span> 
     </span>
    </p>
   </div>
   <div class='ocr_carea' id='block_1_62' title="bbox 608 5538 2098 5614">
    <p class='ocr_par' dir='ltr' id='par_1_62' title="bbox 608 5538 2098 5614">
     <span class='ocr_line' id='line_1_67' title="bbox 608 5538 2098 5614; baseline 0.014 -32"><span class='ocrx_word' id='word_1_507' title='bbox 608 5538 657 5604; x_wconf 79' lang='lat' dir='ltr'><strong>g)</strong></span> <span class='ocrx_word' id='word_1_508' title='bbox 691 5538 841 5614; x_wconf 31' lang='lat' dir='ltr'><strong>li‘alsgo</strong></span> <span class='ocrx_word' id='word_1_509' title='bbox 863 5538 1238 5614; x_wconf 42' lang='lat' dir='ltr'><strong>e‘t_con_tra.Mss.</strong></span> <span class='ocrx_word' id='word_1_510' title='bbox 1254 5545 1397 5614; x_wconf 78' lang='lat' dir='ltr'><strong>ﬁdem</strong></span> <span class='ocrx_word' id='word_1_511' title='bbox 1421 5538 1622 5614; x_wconf 69' lang='lat' dir='ltr'><strong>veteres</strong></span> <span class='ocrx_word' id='word_1_512' title='bbox 1645 5553 1762 5601; x_wconf 87' lang='lat' dir='ltr'><strong>editi</strong></span> <span class='ocrx_word' id='word_1_513' title='bbox 1785 5551 2067 5603; x_wconf 76' lang='lat' dir='ltr'><strong>Pictaviensi</strong></span> <span class='ocrx_word' id='word_1_514' title='bbox 2079 5568 2098 5614; x_wconf 88' lang='lat'><em>;</em></span> 
     </span>
    </p>
   </div>
   <div class='ocr_carea' id='block_1_63' title="bbox 523 5598 2097 5674">
    <p class='ocr_par' dir='ltr' id='par_1_63' title="bbox 523 5598 2097 5674">
     <span class='ocr_line' id='line_1_68' title="bbox 523 5598 2097 5674; baseline 0.011 -29"><span class='ocrx_word' id='word_1_515' title='bbox 523 5598 785 5674; x_wconf 48' lang='grc' dir='ltr'><strong>ιιρὴξριιίιιι⁸</strong></span> <span class='ocrx_word' id='word_1_516' title='bbox 797 5598 1159 5674; x_wconf 49' lang='lat' dir='ltr'><strong>Angyitania</strong></span> <span class='ocrx_word' id='word_1_517' title='bbox 1181 5607 1414 5674; x_wconf 70' lang='lat' dir='ltr'><strong>secunda,</strong></span> <span class='ocrx_word' id='word_1_518' title='bbox 1439 5608 1526 5656; x_wconf 89' lang='lat' dir='ltr'><strong>sed</strong></span> <span class='ocrx_word' id='word_1_519' title='bbox 1553 5611 1602 5658; x_wconf 92' lang='lat' dir='ltr'><strong>in</strong></span> <span class='ocrx_word' id='word_1_520' title='bbox 1625 5598 2097 5674; x_wconf 58' lang='grc' dir='ltr'><strong>εαρἀὲίυὲέιδέιῇὶὶὸί</strong></span> 
     </span>
    </p>
   </div>
   <div class='ocr_carea' id='block_1_64' title="bbox 517 5655 1813 5726">
    <p class='ocr_par' dir='ltr' id='par_1_64' title="bbox 517 5655 1813 5726">
     <span class='ocr_line' id='line_1_69' title="bbox 517 5655 1813 5726; baseline 0.009 -20"><span class='ocrx_word' id='word_1_521' title='bbox 517 5661 596 5726; x_wconf 76' lang='lat' dir='ltr'><strong>nia</strong></span> <span class='ocrx_word' id='word_1_522' title='bbox 609 5661 885 5726; x_wconf 66' lang='lat' dir='ltr'><strong>Episcopus</strong></span> <span class='ocrx_word' id='word_1_523' title='bbox 907 5655 1012 5726; x_wconf 58' lang='lat' dir='ltr'><strong>fuit,</strong></span> <span class='ocrx_word' id='word_1_524' title='bbox 1035 5663 1160 5720; x_wconf 86' lang='lat' dir='ltr'><strong>quod</strong></span> <span class='ocrx_word' id='word_1_525' title='bbox 1183 5665 1294 5714; x_wconf 88' lang='lat' dir='ltr'><strong>aliis</strong></span> <span class='ocrx_word' id='word_1_526' title='bbox 1313 5655 1458 5715; x_wconf 79' lang='lat' dir='ltr'><strong>antea</strong></span> <span class='ocrx_word' id='word_1_527' title='bbox 1480 5655 1813 5720; x_wconf 60' lang='lat' dir='ltr'><strong>hoeidiii&#39;ééii</strong></span> 
     </span>
    </p>
   </div>
   <div class='ocr_carea' id='block_1_65' title="bbox 577 5716 2092 5788">
    <p class='ocr_par' dir='ltr' id='par_1_65' title="bbox 577 5716 2092 5788">
     <span class='ocr_line' id='line_1_70' title="bbox 577 5716 2092 5788; baseline 0.011 -20"><span class='ocrx_word' id='word_1_528' title='bbox 577 5716 670 5783; x_wconf 77' lang='grc' dir='ltr'><em>(Ιι)’</em></span> <span class='ocrx_word' id='word_1_529' title='bbox 690 5716 887 5788; x_wconf 77' lang='lat' dir='ltr'><strong>Addunt</strong></span> <span class='ocrx_word' id='word_1_530' title='bbox 909 5716 1177 5788; x_wconf 53' lang='lat' dir='ltr'><strong>Yeronens.</strong></span> <span class='ocrx_word' id='word_1_531' title='bbox 1202 5726 1380 5788; x_wconf 53' lang='lat' dir='ltr'><strong>aliique</strong></span> <span class='ocrx_word' id='word_1_532' title='bbox 1409 5716 1985 5787; x_wconf 33' lang='lat' dir='ltr'><strong>[rancidi—ss.—Criecarum</strong></span> <span class='ocrx_word' id='word_1_533' title='bbox 2009 5751 2092 5785; x_wconf 86' lang='lat' dir='ltr'><strong>vo-</strong></span> 
     </span>
    </p>
   </div>
   <div class='ocr_carea' id='block_1_66' title="bbox 514 5783 1905 5848">
    <p class='ocr_par' dir='ltr' id='par_1_66' title="bbox 514 5783 1905 5848">
     <span class='ocr_line' id='line_1_71' title="bbox 514 5783 1905 5848; baseline 0.01 -21"><span class='ocrx_word' id='word_1_534' title='bbox 514 5791 623 5830; x_wconf 82' lang='lat' dir='ltr'><strong>cum</strong></span> <span class='ocrx_word' id='word_1_535' title='bbox 646 5783 1106 5842; x_wconf 71' lang='lat' dir='ltr'><strong>interpretationem</strong></span> <span class='ocrx_word' id='word_1_536' title='bbox 1119 5817 1134 5843; x_wconf 87' lang='lat'><strong>,</strong></span> <span class='ocrx_word' id='word_1_537' title='bbox 1157 5784 1210 5835; x_wconf 83' lang='lat' dir='ltr'><strong>id</strong></span> <span class='ocrx_word' id='word_1_538' title='bbox 1233 5783 1672 5848; x_wconf 55' lang='lat' dir='ltr'><strong>catamiti-minimo</strong></span> <span class='ocrx_word' id='word_1_539' title='bbox 1692 5793 1905 5843; x_wconf 75' lang='lat' dir='ltr'><strong>cerebro.</strong></span> 
     </span>
    </p>
   </div>
   <div class='ocr_carea' id='block_1_67' title="bbox 1790 354 2452 416">
    <p class='ocr_par' dir='ltr' id='par_1_67' title="bbox 1790 354 2452 416">
     <span class='ocr_line' id='line_1_72' title="bbox 1790 354 2452 416; baseline 0.003 -3"><span class='ocrx_word' id='word_1_540' title='bbox 1790 355 2031 414; x_wconf 84' lang='lat' dir='ltr'><strong>SANCTI</strong></span> <span class='ocrx_word' id='word_1_541' title='bbox 2071 354 2452 416; x_wconf 77' lang='lat' dir='ltr'><strong>HIERONYMI</strong></span> 
     </span>
    </p>
   </div>
   <div class='ocr_carea' id='block_1_68' title="bbox 3672 373 3788 432">
    <p class='ocr_par' dir='ltr' id='par_1_68' title="bbox 3672 373 3788 432">
     <span class='ocr_line' id='line_1_73' title="bbox 3672 373 3788 432; baseline -0.009 0"><span class='ocrx_word' id='word_1_542' title='bbox 3672 373 3788 432; x_wconf 76' lang='grc' dir='ltr'><em>6οι</em></span> 
     </span>
    </p>
   </div>
   <div class='ocr_carea' id='block_1_69' title="bbox 2197 475 3785 562">
    <p class='ocr_par' dir='ltr' id='par_1_69' title="bbox 2197 475 3785 562">
     <span class='ocr_line' id='line_1_74' title="bbox 2197 475 3785 562; baseline 0.011 -32"><span class='ocrx_word' id='word_1_543' title='bbox 2197 475 2536 534; x_wconf 89' lang='lat' dir='ltr'><strong>bibliothecis</strong></span> <span class='ocrx_word' id='word_1_544' title='bbox 2556 522 2572 548; x_wconf 93' lang='lat'><strong>,</strong></span> <span class='ocrx_word' id='word_1_545' title='bbox 2602 480 2735 537; x_wconf 91' lang='lat' dir='ltr'><strong>alios</strong></span> <span class='ocrx_word' id='word_1_546' title='bbox 2765 482 3011 554; x_wconf 88' lang='lat' dir='ltr'><strong>recipere</strong></span> <span class='ocrx_word' id='word_1_547' title='bbox 3043 499 3058 538; x_wconf 89' lang='lat'><strong>:</strong></span> <span class='ocrx_word' id='word_1_548' title='bbox 3090 494 3144 541; x_wconf 88' lang='lat' dir='ltr'><strong>et</strong></span> <span class='ocrx_word' id='word_1_549' title='bbox 3187 500 3310 541; x_wconf 91' lang='lat' dir='ltr'><strong>cum</strong></span> <span class='ocrx_word' id='word_1_550' title='bbox 3359 486 3453 542; x_wconf 89' lang='lat' dir='ltr'><strong>tibi</strong></span> <span class='ocrx_word' id='word_1_551' title='bbox 3486 487 3785 562; x_wconf 86' lang='lat' dir='ltr'><strong>placuerit,</strong></span> 
     </span>
    </p>
   </div>
   <div class='ocr_carea' id='block_1_70' title="bbox 2195 571 3783 648">
    <p class='ocr_par' dir='ltr' id='par_1_70' title="bbox 2195 571 3783 648">
     <span class='ocr_line' id='line_1_75' title="bbox 2195 571 3783 648; baseline 0.011 -25"><span class='ocrx_word' id='word_1_552' title='bbox 2195 585 2282 624; x_wconf 92' lang='lat' dir='ltr'><strong>me</strong></span> <span class='ocrx_word' id='word_1_553' title='bbox 2327 586 2408 626; x_wconf 80' lang='lat' dir='ltr'><strong>vei</strong></span> <span class='ocrx_word' id='word_1_554' title='bbox 2451 571 2820 638; x_wconf 87' lang='lat' dir='ltr'><strong>Catholicum,</strong></span> <span class='ocrx_word' id='word_1_555' title='bbox 2875 575 2958 630; x_wconf 86' lang='lat' dir='ltr'><strong>vel</strong></span> <span class='ocrx_word' id='word_1_556' title='bbox 3008 576 3328 632; x_wconf 66' lang='lat' dir='ltr'><strong>litereticum</strong></span> <span class='ocrx_word' id='word_1_557' title='bbox 3376 585 3783 648; x_wconf 88' lang='lat' dir='ltr'><strong>pronuntiare:</strong></span> 
     </span>
    </p>
   </div>
   <div class='ocr_carea' id='block_1_71' title="bbox 2195 660 3786 748">
    <p class='ocr_par' dir='ltr' id='par_1_71' title="bbox 2195 660 3786 748">
     <span class='ocr_line' id='line_1_76' title="bbox 2195 660 3786 748; baseline 0.013 -34"><span class='ocrx_word' id='word_1_558' title='bbox 2195 660 2352 715; x_wconf 91' lang='lat' dir='ltr'><strong>nobis</strong></span> <span class='ocrx_word' id='word_1_559' title='bbox 2379 677 2484 716; x_wconf 90' lang='lat' dir='ltr'><strong>non</strong></span> <span class='ocrx_word' id='word_1_560' title='bbox 2511 664 2633 718; x_wconf 91' lang='lat' dir='ltr'><strong>licet</strong></span> <span class='ocrx_word' id='word_1_561' title='bbox 2675 679 2925 733; x_wconf 88' lang='lat' dir='ltr'><strong>perversa</strong></span> <span class='ocrx_word' id='word_1_562' title='bbox 2958 682 3236 736; x_wconf 77' lang='lat' dir='ltr'><strong>reSpuere,</strong></span> <span class='ocrx_word' id='word_1_563' title='bbox 3268 679 3323 724; x_wconf 95' lang='lat' dir='ltr'><strong>et</strong></span> <span class='ocrx_word' id='word_1_564' title='bbox 3348 671 3608 730; x_wconf 87' lang='lat' dir='ltr'><strong>damnare</strong></span> <span class='ocrx_word' id='word_1_565' title='bbox 3638 679 3786 748; x_wconf 84' lang='lat' dir='ltr'><strong>quod</strong></span> 
     </span>
    </p>
   </div>
   <div class='ocr_carea' id='block_1_72' title="bbox 2195 753 3787 839">
    <p class='ocr_par' dir='ltr' id='par_1_72' title="bbox 2195 753 3787 839">
     <span class='ocr_line' id='line_1_77' title="bbox 2195 753 3787 839; baseline 0.013 -35"><span class='ocrx_word' id='word_1_566' title='bbox 2195 765 2338 821; x_wconf 84' lang='lat' dir='ltr'><strong>saepe</strong></span> <span class='ocrx_word' id='word_1_567' title='bbox 2377 753 2778 810; x_wconf 85' lang='lat' dir='ltr'><strong>damnavimus?</strong></span> <span class='ocrx_word' id='word_1_568' title='bbox 2821 756 2962 827; x_wconf 88' lang='lat' dir='ltr'><strong>Lege</strong></span> <span class='ocrx_word' id='word_1_569' title='bbox 3007 759 3073 812; x_wconf 91' lang='lat' dir='ltr'><strong>ad</strong></span> <span class='ocrx_word' id='word_1_570' title='bbox 3119 760 3384 828; x_wconf 85' lang='lat' dir='ltr'><strong>Ephesios</strong></span> <span class='ocrx_word' id='word_1_571' title='bbox 3415 763 3619 833; x_wconf 90' lang='lat' dir='ltr'><strong>libros,</strong></span> <span class='ocrx_word' id='word_1_572' title='bbox 3669 769 3787 839; x_wconf 79' lang='lat' dir='ltr'><strong>lrgc</strong></span> 
     </span>
    </p>
   </div>
   <div class='ocr_carea' id='block_1_73' title="bbox 2195 846 3787 914">
    <p class='ocr_par' dir='ltr' id='par_1_73' title="bbox 2195 846 3787 914">
     <span class='ocr_line' id='line_1_78' title="bbox 2195 846 3787 914; baseline 0.013 -19"><span class='ocrx_word' id='word_1_573' title='bbox 2195 852 2386 896; x_wconf 83' lang='lat' dir='ltr'><strong>caetera</strong></span> <span class='ocrx_word' id='word_1_574' title='bbox 2417 846 2674 914; x_wconf 88' lang='lat' dir='ltr'><strong>opuscula</strong></span> <span class='ocrx_word' id='word_1_575' title='bbox 2705 861 2852 911; x_wconf 89' lang='lat' dir='ltr'><strong>mea,</strong></span> <span class='ocrx_word' id='word_1_576' title='bbox 2883 849 3112 906; x_wconf 80' lang='lat' dir='ltr'><strong>maxime</strong></span> <span class='ocrx_word' id='word_1_577' title='bbox 3139 850 3192 904; x_wconf 92' lang='lat' dir='ltr'><strong>in</strong></span> <span class='ocrx_word' id='word_1_578' title='bbox 3220 851 3585 912; x_wconf 81' lang='lat' dir='ltr'><strong>Ecclesiasten</strong></span> <span class='ocrx_word' id='word_1_579' title='bbox 3625 858 3787 914; x_wconf 85' lang='lat' dir='ltr'><strong>Com-</strong></span> 
     </span>
    </p>
   </div>
   <div class='ocr_carea' id='block_1_74' title="bbox 2195 937 3785 1010">
    <p class='ocr_par' dir='ltr' id='par_1_74' title="bbox 2195 937 3785 1010">
     <span class='ocr_line' id='line_1_79' title="bbox 2195 937 3785 1010; baseline 0.011 -21"><span class='ocrx_word' id='word_1_580' title='bbox 2195 937 2487 992; x_wconf 90' lang='lat' dir='ltr'><strong>mentarios</strong></span> <span class='ocrx_word' id='word_1_581' title='bbox 2512 955 2526 991; x_wconf 89' lang='lat'><strong>:</strong></span> <span class='ocrx_word' id='word_1_582' title='bbox 2556 948 2610 993; x_wconf 93' lang='lat' dir='ltr'><strong>et</strong></span> <span class='ocrx_word' id='word_1_583' title='bbox 2630 938 2833 1009; x_wconf 87' lang='lat' dir='ltr'><strong>liquido</strong></span> <span class='ocrx_word' id='word_1_584' title='bbox 2865 941 3186 1010; x_wconf 85' lang='lat' dir='ltr'><strong>pervidebis,</strong></span> <span class='ocrx_word' id='word_1_585' title='bbox 3220 959 3306 998; x_wconf 90' lang='lat' dir='ltr'><strong>me</strong></span> <span class='ocrx_word' id='word_1_586' title='bbox 3327 945 3396 1001; x_wconf 88' lang='lat' dir='ltr'><strong>ab</strong></span> <span class='ocrx_word' id='word_1_587' title='bbox 3421 946 3785 1007; x_wconf 84' lang='lat' dir='ltr'><strong>adolescentia</strong></span> 
     </span>
    </p>
   </div>
   <div class='ocr_carea' id='block_1_75' title="bbox 2195 1029 3785 1115">
    <p class='ocr_par' dir='ltr' id='par_1_75' title="bbox 2195 1029 3785 1115">
     <span class='ocr_line' id='line_1_80' title="bbox 2195 1029 3785 1115; baseline 0.011 -32"><span class='ocrx_word' id='word_1_588' title='bbox 2195 1043 2468 1098; x_wconf 88' lang='lat' dir='ltr'><strong>nunquam</strong></span> <span class='ocrx_word' id='word_1_589' title='bbox 2517 1029 2745 1100; x_wconf 90' lang='lat' dir='ltr'><strong>alicujus</strong></span> <span class='ocrx_word' id='word_1_590' title='bbox 2803 1033 3122 1089; x_wconf 87' lang='lat' dir='ltr'><strong>auctoritate</strong></span> <span class='ocrx_word' id='word_1_591' title='bbox 3163 1034 3520 1110; x_wconf 89' lang='lat' dir='ltr'><strong>deterritum,</strong></span> <span class='ocrx_word' id='word_1_592' title='bbox 3579 1045 3785 1115; x_wconf 88' lang='lat' dir='ltr'><strong>acquie-</strong></span> 
     </span>
    </p>
   </div>
   <div class='ocr_carea' id='block_1_76' title="bbox 2197 1119 2930 1192">
    <p class='ocr_par' dir='ltr' id='par_1_76' title="bbox 2197 1119 2930 1192">
     <span class='ocr_line' id='line_1_81' title="bbox 2197 1119 2930 1192; baseline 0.003 -18"><span class='ocrx_word' id='word_1_593' title='bbox 2197 1119 2340 1175; x_wconf 89' lang='lat' dir='ltr'><strong>visse</strong></span> <span class='ocrx_word' id='word_1_594' title='bbox 2363 1120 2628 1176; x_wconf 67' lang='lat' dir='ltr'><strong>haeretica:</strong></span> <span class='ocrx_word' id='word_1_595' title='bbox 2657 1122 2930 1192; x_wconf 85' lang='lat' dir='ltr'><strong>pravitati.</strong></span> 
     </span>
    </p>
   </div>
   <div class='ocr_carea' id='block_1_77' title="bbox 2265 1211 3783 1295">
    <p class='ocr_par' dir='ltr' id='par_1_77' title="bbox 2265 1211 3783 1295">
     <span class='ocr_line' id='line_1_82' title="bbox 2265 1211 3783 1295; baseline 0.01 -28"><span class='ocrx_word' id='word_1_596' title='bbox 2265 1212 2320 1267; x_wconf 82' lang='grc'><strong>5.</strong></span> <span class='ocrx_word' id='word_1_597' title='bbox 2364 1211 2478 1266; x_wconf 87' lang='lat' dir='ltr'><strong>Non</strong></span> <span class='ocrx_word' id='word_1_598' title='bbox 2521 1227 2706 1282; x_wconf 91' lang='lat' dir='ltr'><strong>parum</strong></span> <span class='ocrx_word' id='word_1_599' title='bbox 2747 1223 2830 1268; x_wconf 83' lang='lat' dir='ltr'><strong>est</strong></span> <span class='ocrx_word' id='word_1_600' title='bbox 2867 1215 3007 1271; x_wconf 90' lang='lat' dir='ltr'><strong>scire</strong></span> <span class='ocrx_word' id='word_1_601' title='bbox 3043 1217 3184 1288; x_wconf 90' lang='lat' dir='ltr'><strong>quod</strong></span> <span class='ocrx_word' id='word_1_602' title='bbox 3220 1221 3429 1278; x_wconf 91' lang='lat' dir='ltr'><strong>nescias</strong></span> <span class='ocrx_word' id='word_1_603' title='bbox 3459 1240 3474 1277; x_wconf 89' lang='lat'><strong>:</strong></span> <span class='ocrx_word' id='word_1_604' title='bbox 3509 1226 3783 1295; x_wconf 90' lang='lat' dir='ltr'><strong>prudentis</strong></span> 
     </span>
    </p>
   </div>
   <div class='ocr_carea' id='block_1_78' title="bbox 2195 1301 3778 1377">
    <p class='ocr_par' dir='ltr' id='par_1_78' title="bbox 2195 1301 3778 1377">
     <span class='ocr_line' id='line_1_83' title="bbox 2195 1301 3778 1377; baseline 0.011 -21"><span class='ocrx_word' id='word_1_605' title='bbox 2195 1301 2430 1356; x_wconf 90' lang='lat' dir='ltr'><strong>hominis</strong></span> <span class='ocrx_word' id='word_1_606' title='bbox 2457 1312 2539 1356; x_wconf 92' lang='lat' dir='ltr'><strong>est</strong></span> <span class='ocrx_word' id='word_1_607' title='bbox 2571 1317 2733 1358; x_wconf 88' lang='lat' dir='ltr'><strong>nosse</strong></span> <span class='ocrx_word' id='word_1_608' title='bbox 2763 1319 3069 1360; x_wconf 91' lang='lat' dir='ltr'><strong>mensuram</strong></span> <span class='ocrx_word' id='word_1_609' title='bbox 3101 1322 3251 1363; x_wconf 90' lang='lat' dir='ltr'><strong>suam</strong></span> <span class='ocrx_word' id='word_1_610' title='bbox 3273 1352 3288 1377; x_wconf 93' lang='lat'><strong>,</strong></span> <span class='ocrx_word' id='word_1_611' title='bbox 3317 1326 3419 1367; x_wconf 90' lang='lat' dir='ltr'><strong>nec</strong></span> <span class='ocrx_word' id='word_1_612' title='bbox 3439 1316 3556 1370; x_wconf 86' lang='lat' dir='ltr'><strong>zelo</strong></span> <span class='ocrx_word' id='word_1_613' title='bbox 3582 1316 3778 1374; x_wconf 77' lang='lat' dir='ltr'><strong>diaboli</strong></span> 
     </span>
    </p>
   </div>
   <div class='ocr_carea' id='block_1_79' title="bbox 2196 1393 3782 1466">
    <p class='ocr_par' dir='ltr' id='par_1_79' title="bbox 2196 1393 3782 1466">
     <span class='ocr_line' id='line_1_84' title="bbox 2196 1393 3782 1466; baseline 0.013 -20"><span class='ocrx_word' id='word_1_614' title='bbox 2196 1393 2541 1460; x_wconf 90' lang='lat' dir='ltr'><strong>concitatum,</strong></span> <span class='ocrx_word' id='word_1_615' title='bbox 2584 1394 2865 1464; x_wconf 70' lang='lat' dir='ltr'><strong>imperitia:</strong></span> <span class='ocrx_word' id='word_1_616' title='bbox 2911 1411 3022 1452; x_wconf 67' lang='lat' dir='ltr'><strong>suae</strong></span> <span class='ocrx_word' id='word_1_617' title='bbox 3065 1413 3317 1455; x_wconf 89' lang='lat' dir='ltr'><strong>cunctum</strong></span> <span class='ocrx_word' id='word_1_618' title='bbox 3359 1404 3543 1461; x_wconf 86' lang='lat' dir='ltr'><strong>orbem</strong></span> <span class='ocrx_word' id='word_1_619' title='bbox 3587 1417 3782 1466; x_wconf 92' lang='lat' dir='ltr'><strong>testem</strong></span> 
     </span>
    </p>
   </div>
   <div class='ocr_carea' id='block_1_80' title="bbox 2197 1482 3776 1569">
    <p class='ocr_par' dir='ltr' id='par_1_80' title="bbox 2197 1482 3776 1569">
     <span class='ocr_line' id='line_1_85' title="bbox 2197 1482 3776 1569; baseline 0.014 -32"><span class='ocrx_word' id='word_1_620' title='bbox 2197 1482 2394 1539; x_wconf 90' lang='lat' dir='ltr'><strong>facere.</strong></span> <span class='ocrx_word' id='word_1_621' title='bbox 2437 1484 2649 1540; x_wconf 88' lang='lat' dir='ltr'><strong>Scilicet</strong></span> <span class='ocrx_word' id='word_1_622' title='bbox 2679 1496 2732 1542; x_wconf 92' lang='lat' dir='ltr'><strong>et</strong></span> <span class='ocrx_word' id='word_1_623' title='bbox 2757 1487 2974 1558; x_wconf 81' lang='lat' dir='ltr'><strong>gloriari</strong></span> <span class='ocrx_word' id='word_1_624' title='bbox 3006 1493 3154 1561; x_wconf 90' lang='lat' dir='ltr'><strong>cupis</strong></span> <span class='ocrx_word' id='word_1_625' title='bbox 3174 1533 3189 1560; x_wconf 94' lang='lat'><strong>,</strong></span> <span class='ocrx_word' id='word_1_626' title='bbox 3233 1493 3300 1564; x_wconf 88' lang='lat' dir='ltr'><strong>(i)</strong></span> <span class='ocrx_word' id='word_1_627' title='bbox 3328 1504 3382 1550; x_wconf 93' lang='lat' dir='ltr'><strong>et</strong></span> <span class='ocrx_word' id='word_1_628' title='bbox 3410 1497 3461 1550; x_wconf 92' lang='lat' dir='ltr'><strong>in</strong></span> <span class='ocrx_word' id='word_1_629' title='bbox 3490 1501 3659 1569; x_wconf 89' lang='lat' dir='ltr'><strong>patria</strong></span> <span class='ocrx_word' id='word_1_630' title='bbox 3689 1513 3776 1558; x_wconf 89' lang='lat' dir='ltr'><strong>tua</strong></span> 
     </span>
    </p>
   </div>
   <div class='ocr_carea' id='block_1_81' title="bbox 2192 1574 3768 1659">
    <p class='ocr_par' dir='ltr' id='par_1_81' title="bbox 2192 1574 3768 1659">
     <span class='ocr_line' id='line_1_86' title="bbox 2192 1574 3768 1659; baseline 0.013 -32"><span class='ocrx_word' id='word_1_631' title='bbox 2192 1574 2427 1644; x_wconf 89' lang='lat' dir='ltr'><strong>jactitas,</strong></span> <span class='ocrx_word' id='word_1_632' title='bbox 2453 1591 2539 1632; x_wconf 92' lang='lat' dir='ltr'><strong>me</strong></span> <span class='ocrx_word' id='word_1_633' title='bbox 2561 1592 2664 1632; x_wconf 92' lang='lat' dir='ltr'><strong>non</strong></span> <span class='ocrx_word' id='word_1_634' title='bbox 2689 1579 2927 1648; x_wconf 89' lang='lat' dir='ltr'><strong>potuisse</strong></span> <span class='ocrx_word' id='word_1_635' title='bbox 2947 1584 3276 1652; x_wconf 89' lang='lat' dir='ltr'><strong>respondere</strong></span> <span class='ocrx_word' id='word_1_636' title='bbox 3303 1587 3613 1658; x_wconf 72' lang='lat' dir='ltr'><strong>eloquentiae</strong></span> <span class='ocrx_word' id='word_1_637' title='bbox 3641 1601 3768 1659; x_wconf 86' lang='lat' dir='ltr'><strong>tuac,</strong></span> 
     </span>
    </p>
   </div>
   <div class='ocr_carea' id='block_1_82' title="bbox 2198 1671 3768 1745">
    <p class='ocr_par' dir='ltr' id='par_1_82' title="bbox 2198 1671 3768 1745">
     <span class='ocr_line' id='line_1_87' title="bbox 2198 1671 3768 1745; baseline 0.013 -25"><span class='ocrx_word' id='word_1_638' title='bbox 2198 1675 2252 1721; x_wconf 93' lang='lat' dir='ltr'><strong>et</strong></span> <span class='ocrx_word' id='word_1_639' title='bbox 2289 1682 2512 1724; x_wconf 90' lang='lat' dir='ltr'><strong>acumen</strong></span> <span class='ocrx_word' id='word_1_640' title='bbox 2557 1671 2608 1725; x_wconf 93' lang='lat' dir='ltr'><strong>in</strong></span> <span class='ocrx_word' id='word_1_641' title='bbox 2657 1680 2709 1727; x_wconf 88' lang='lat' dir='ltr'><strong>te</strong></span> <span class='ocrx_word' id='word_1_642' title='bbox 2756 1672 3041 1745; x_wconf 90' lang='lat' dir='ltr'><strong>Chrysippi</strong></span> <span class='ocrx_word' id='word_1_643' title='bbox 3085 1676 3417 1734; x_wconf 81' lang='lat' dir='ltr'><strong>formidasse.</strong></span> <span class='ocrx_word' id='word_1_644' title='bbox 3465 1680 3768 1740; x_wconf 89' lang='lat' dir='ltr'><strong>Christiana</strong></span> 
     </span>
    </p>
   </div>
   <div class='ocr_carea' id='block_1_83' title="bbox 2198 1761 3781 1829">
    <p class='ocr_par' dir='ltr' id='par_1_83' title="bbox 2198 1761 3781 1829">
     <span class='ocr_line' id='line_1_88' title="bbox 2198 1761 3781 1829; baseline 0.011 -17"><span class='ocrx_word' id='word_1_645' title='bbox 2198 1761 2516 1815; x_wconf 89' lang='lat' dir='ltr'><strong>verecundia</strong></span> <span class='ocrx_word' id='word_1_646' title='bbox 2539 1771 2746 1829; x_wconf 92' lang='lat' dir='ltr'><strong>teneor,</strong></span> <span class='ocrx_word' id='word_1_647' title='bbox 2766 1774 2818 1819; x_wconf 89' lang='lat' dir='ltr'><strong>ct</strong></span> <span class='ocrx_word' id='word_1_648' title='bbox 2839 1766 3046 1821; x_wconf 72' lang='lat' dir='ltr'><strong>cellula:</strong></span> <span class='ocrx_word' id='word_1_649' title='bbox 3074 1783 3204 1822; x_wconf 79' lang='lat' dir='ltr'><strong>mea:</strong></span> <span class='ocrx_word' id='word_1_650' title='bbox 3232 1769 3460 1825; x_wconf 88' lang='lat' dir='ltr'><strong>latebras</strong></span> <span class='ocrx_word' id='word_1_651' title='bbox 3485 1774 3608 1827; x_wconf 85' lang='lat' dir='ltr'><strong>nolo</strong></span> <span class='ocrx_word' id='word_1_652' title='bbox 3632 1791 3781 1829; x_wconf 84' lang='lat' dir='ltr'><strong>mor-</strong></span> 
     </span>
    </p>
   </div>
   <div class='ocr_carea' id='block_1_84' title="bbox 2199 1851 3783 1937">
    <p class='ocr_par' dir='ltr' id='par_1_84' title="bbox 2199 1851 3783 1937">
     <span class='ocr_line' id='line_1_89' title="bbox 2199 1851 3783 1937; baseline 0.009 -31"><span class='ocrx_word' id='word_1_653' title='bbox 2199 1851 2315 1907; x_wconf 88' lang='lat' dir='ltr'><strong>daci</strong></span> <span class='ocrx_word' id='word_1_654' title='bbox 2356 1869 2605 1911; x_wconf 89' lang='lat' dir='ltr'><strong>sermone</strong></span> <span class='ocrx_word' id='word_1_655' title='bbox 2641 1872 2908 1914; x_wconf 89' lang='lat' dir='ltr'><strong>reserare.</strong></span> <span class='ocrx_word' id='word_1_656' title='bbox 2953 1859 3166 1930; x_wconf 80' lang='lat' dir='ltr'><strong>Alioqui</strong></span> <span class='ocrx_word' id='word_1_657' title='bbox 3194 1861 3493 1930; x_wconf 87' lang='lat' dir='ltr'><strong>proferrem</strong></span> <span class='ocrx_word' id='word_1_658' title='bbox 3525 1864 3595 1937; x_wconf 87' lang='lat' dir='ltr'><strong>(j)</strong></span> <span class='ocrx_word' id='word_1_659' title='bbox 3627 1877 3783 1921; x_wconf 66' lang='grc' dir='ltr'><strong>πᾶσαν</strong></span> 
     </span>
    </p>
   </div>
   <div class='ocr_carea' id='block_1_85' title="bbox 2198 1953 3784 2026">
    <p class='ocr_par' dir='ltr' id='par_1_85' title="bbox 2198 1953 3784 2026">
     <span class='ocr_line' id='line_1_90' title="bbox 2198 1953 3784 2026; baseline 0.009 -23"><span class='ocrx_word' id='word_1_660' title='bbox 2198 1961 2283 2010; x_wconf 76' lang='grc' dir='ltr'><strong>τήν</strong></span> <span class='ocrx_word' id='word_1_661' title='bbox 2308 1953 2546 2020; x_wconf 77' lang='grc' dir='ltr'><strong>ἀριστείαν</strong></span> <span class='ocrx_word' id='word_1_662' title='bbox 2574 1962 2655 2006; x_wconf 75' lang='grc' dir='ltr'><strong>σοῦ</strong></span> <span class='ocrx_word' id='word_1_663' title='bbox 2680 1965 2761 2007; x_wconf 76' lang='grc' dir='ltr'><strong>καὶ</strong></span> <span class='ocrx_word' id='word_1_664' title='bbox 2786 1961 3172 2026; x_wconf 57' lang='grc' dir='ltr'><strong>τροπαιοφορίαν.</strong></span> <span class='ocrx_word' id='word_1_665' title='bbox 3204 1955 3308 2011; x_wconf 90' lang='lat' dir='ltr'><strong>Sed</strong></span> <span class='ocrx_word' id='word_1_666' title='bbox 3349 1957 3464 2014; x_wconf 67' lang='lat' dir='ltr'><strong>haec</strong></span> <span class='ocrx_word' id='word_1_667' title='bbox 3497 1960 3615 2019; x_wconf 89' lang='lat' dir='ltr'><strong>aliis</strong></span> <span class='ocrx_word' id='word_1_668' title='bbox 3648 1979 3662 2015; x_wconf 85' lang='lat'><strong>:</strong></span> <span class='ocrx_word' id='word_1_669' title='bbox 3691 1972 3784 2018; x_wconf 88' lang='lat' dir='ltr'><strong>aut</strong></span> 
     </span>
    </p>
   </div>
   <div class='ocr_carea' id='block_1_86' title="bbox 2199 2040 3782 2123">
    <p class='ocr_par' dir='ltr' id='par_1_86' title="bbox 2199 2040 3782 2123">
     <span class='ocr_line' id='line_1_91' title="bbox 2199 2040 3782 2123; baseline 0.008 -29"><span class='ocrx_word' id='word_1_670' title='bbox 2199 2040 2460 2110; x_wconf 91' lang='lat' dir='ltr'><strong>loquenda</strong></span> <span class='ocrx_word' id='word_1_671' title='bbox 2482 2084 2498 2106; x_wconf 89' lang='lat'><strong>,</strong></span> <span class='ocrx_word' id='word_1_672' title='bbox 2530 2053 2620 2097; x_wconf 90' lang='lat' dir='ltr'><strong>aut</strong></span> <span class='ocrx_word' id='word_1_673' title='bbox 2647 2043 2865 2098; x_wconf 87' lang='lat' dir='ltr'><strong>ridenda</strong></span> <span class='ocrx_word' id='word_1_674' title='bbox 2897 2045 3131 2100; x_wconf 85' lang='lat' dir='ltr'><strong>dimitto.</strong></span> <span class='ocrx_word' id='word_1_675' title='bbox 3175 2047 3287 2118; x_wconf 88' lang='lat' dir='ltr'><strong>Ego</strong></span> <span class='ocrx_word' id='word_1_676' title='bbox 3318 2046 3411 2120; x_wconf 81' lang='lat' dir='ltr'><strong>[aL</strong></span> <span class='ocrx_word' id='word_1_677' title='bbox 3442 2049 3601 2123; x_wconf 84' lang='lat' dir='ltr'><strong>Ergo]</strong></span> <span class='ocrx_word' id='word_1_678' title='bbox 3633 2053 3782 2120; x_wconf 89' lang='lat' dir='ltr'><strong>quasi</strong></span> 
     </span>
    </p>
   </div>
   <div class='ocr_carea' id='block_1_87' title="bbox 2199 2131 3784 2208">
    <p class='ocr_par' dir='ltr' id='par_1_87' title="bbox 2199 2131 3784 2208">
     <span class='ocr_line' id='line_1_92' title="bbox 2199 2131 3784 2208; baseline 0.008 -22"><span class='ocrx_word' id='word_1_679' title='bbox 2199 2131 2533 2188; x_wconf 90' lang='lat' dir='ltr'><strong>Christianus</strong></span> <span class='ocrx_word' id='word_1_680' title='bbox 2563 2149 2684 2188; x_wconf 90' lang='lat' dir='ltr'><strong>cum</strong></span> <span class='ocrx_word' id='word_1_681' title='bbox 2715 2135 3020 2192; x_wconf 84' lang='lat' dir='ltr'><strong>Christiano</strong></span> <span class='ocrx_word' id='word_1_682' title='bbox 3043 2137 3292 2207; x_wconf 87' lang='lat' dir='ltr'><strong>loquens,</strong></span> <span class='ocrx_word' id='word_1_683' title='bbox 3323 2139 3550 2196; x_wconf 90' lang='lat' dir='ltr'><strong>obsecro</strong></span> <span class='ocrx_word' id='word_1_684' title='bbox 3583 2151 3653 2208; x_wconf 91' lang='lat' dir='ltr'><strong>te,</strong></span> <span class='ocrx_word' id='word_1_685' title='bbox 3679 2142 3784 2198; x_wconf 78' lang='lat' dir='ltr'><strong>fra-</strong></span> 
     </span>
    </p>
   </div>
   <div class='ocr_carea' id='block_1_88' title="bbox 2201 2226 3784 2301">
    <p class='ocr_par' dir='ltr' id='par_1_88' title="bbox 2201 2226 3784 2301">
     <span class='ocr_line' id='line_1_93' title="bbox 2201 2226 3784 2301; baseline 0.006 -21"><span class='ocrx_word' id='word_1_686' title='bbox 2201 2235 2316 2291; x_wconf 91' lang='lat' dir='ltr'><strong>ter,</strong></span> <span class='ocrx_word' id='word_1_687' title='bbox 2356 2240 2425 2279; x_wconf 91' lang='lat' dir='ltr'><strong>ne</strong></span> <span class='ocrx_word' id='word_1_688' title='bbox 2455 2226 2572 2296; x_wconf 90' lang='lat' dir='ltr'><strong>plus</strong></span> <span class='ocrx_word' id='word_1_689' title='bbox 2599 2227 2734 2282; x_wconf 90' lang='lat' dir='ltr'><strong>velis</strong></span> <span class='ocrx_word' id='word_1_690' title='bbox 2759 2243 2966 2298; x_wconf 89' lang='lat' dir='ltr'><strong>sapere,</strong></span> <span class='ocrx_word' id='word_1_691' title='bbox 3001 2243 3160 2300; x_wconf 88' lang='lat' dir='ltr'><strong>quam</strong></span> <span class='ocrx_word' id='word_1_692' title='bbox 3189 2231 3333 2301; x_wconf 90' lang='lat' dir='ltr'><strong>sapis</strong></span> <span class='ocrx_word' id='word_1_693' title='bbox 3362 2249 3376 2285; x_wconf 90' lang='lat'>:</span> <span class='ocrx_word' id='word_1_694' title='bbox 3410 2248 3477 2286; x_wconf 90' lang='lat' dir='ltr'><strong>ne</strong></span> <span class='ocrx_word' id='word_1_695' title='bbox 3509 2233 3595 2288; x_wconf 89' lang='lat' dir='ltr'><strong>vel</strong></span> <span class='ocrx_word' id='word_1_696' title='bbox 3627 2233 3784 2290; x_wconf 87' lang='lat' dir='ltr'><strong>inno-</strong></span> 
     </span>
    </p>
   </div>
   <div class='ocr_carea' id='block_1_89' title="bbox 2199 2317 3784 2397">
    <p class='ocr_par' dir='ltr' id='par_1_89' title="bbox 2199 2317 3784 2397">
     <span class='ocr_line' id='line_1_94' title="bbox 2199 2317 3784 2397; baseline 0.008 -27"><span class='ocrx_word' id='word_1_697' title='bbox 2199 2317 2451 2384; x_wconf 86' lang='lat' dir='ltr'><strong>centiam,</strong></span> <span class='ocrx_word' id='word_1_698' title='bbox 2495 2317 2579 2371; x_wconf 89' lang='lat' dir='ltr'><strong>vel</strong></span> <span class='ocrx_word' id='word_1_699' title='bbox 2626 2319 3020 2388; x_wconf 89' lang='lat' dir='ltr'><strong>simplicitatem</strong></span> <span class='ocrx_word' id='word_1_700' title='bbox 3070 2331 3238 2388; x_wconf 90' lang='lat' dir='ltr'><strong>tnam,</strong></span> <span class='ocrx_word' id='word_1_701' title='bbox 3269 2323 3354 2377; x_wconf 92' lang='lat' dir='ltr'><strong>vel</strong></span> <span class='ocrx_word' id='word_1_702' title='bbox 3383 2332 3528 2379; x_wconf 89' lang='lat' dir='ltr'><strong>certe</strong></span> <span class='ocrx_word' id='word_1_703' title='bbox 3565 2340 3629 2381; x_wconf 89' lang='lat' dir='ltr'><strong>ea</strong></span> <span class='ocrx_word' id='word_1_704' title='bbox 3668 2342 3784 2397; x_wconf 67' lang='lat' dir='ltr'><strong>qutc</strong></span> 
     </span>
    </p>
   </div>
   <div class='ocr_carea' id='block_1_90' title="bbox 2203 2410 3784 2489">
    <p class='ocr_par' dir='ltr' id='par_1_90' title="bbox 2203 2410 3784 2489">
     <span class='ocr_line' id='line_1_95' title="bbox 2203 2410 3784 2489; baseline 0.007 -27"><span class='ocrx_word' id='word_1_705' title='bbox 2203 2416 2374 2474; x_wconf 87' lang='lat' dir='ltr'><strong>taceo,</strong></span> <span class='ocrx_word' id='word_1_706' title='bbox 2402 2416 2456 2462; x_wconf 92' lang='lat' dir='ltr'><strong>et</strong></span> <span class='ocrx_word' id='word_1_707' title='bbox 2489 2416 2539 2463; x_wconf 90' lang='lat' dir='ltr'><strong>te</strong></span> <span class='ocrx_word' id='word_1_708' title='bbox 2570 2423 2674 2464; x_wconf 92' lang='lat' dir='ltr'><strong>non</strong></span> <span class='ocrx_word' id='word_1_709' title='bbox 2708 2410 3058 2481; x_wconf 89' lang='lat' dir='ltr'><strong>intelligente,</strong></span> <span class='ocrx_word' id='word_1_710' title='bbox 3090 2412 3274 2473; x_wconf 59' lang='lat' dir='ltr'><strong>caeteri</strong></span> <span class='ocrx_word' id='word_1_711' title='bbox 3302 2413 3626 2487; x_wconf 90' lang='lat' dir='ltr'><strong>intelligunt,</strong></span> <span class='ocrx_word' id='word_1_712' title='bbox 3646 2419 3784 2489; x_wconf 89' lang='lat' dir='ltr'><strong>stylo</strong></span> 
     </span>
    </p>
   </div>
   <div class='ocr_carea' id='block_1_91' title="bbox 2202 2497 3784 2571">
    <p class='ocr_par' dir='ltr' id='par_1_91' title="bbox 2202 2497 3784 2571">
     <span class='ocr_line' id='line_1_96' title="bbox 2202 2497 3784 2571; baseline 0.008 -20"><span class='ocrx_word' id='word_1_713' title='bbox 2202 2497 2442 2567; x_wconf 90' lang='lat' dir='ltr'><strong>proferas</strong></span> <span class='ocrx_word' id='word_1_714' title='bbox 2465 2539 2480 2565; x_wconf 93' lang='lat'><strong>,</strong></span> <span class='ocrx_word' id='word_1_715' title='bbox 2522 2509 2577 2554; x_wconf 94' lang='lat' dir='ltr'><strong>et</strong></span> <span class='ocrx_word' id='word_1_716' title='bbox 2620 2502 2938 2571; x_wconf 88' lang='lat' dir='ltr'><strong>ineptiarum</strong></span> <span class='ocrx_word' id='word_1_717' title='bbox 2972 2513 3182 2558; x_wconf 86' lang='lat' dir='ltr'><strong>tuarum</strong></span> <span class='ocrx_word' id='word_1_718' title='bbox 3211 2506 3416 2560; x_wconf 88' lang='lat' dir='ltr'><strong>cunctis</strong></span> <span class='ocrx_word' id='word_1_719' title='bbox 3463 2507 3784 2564; x_wconf 87' lang='lat' dir='ltr'><strong>cachinnum</strong></span> 
     </span>
    </p>
   </div>
   <div class='ocr_carea' id='block_1_92' title="bbox 2201 2589 3783 2662">
    <p class='ocr_par' dir='ltr' id='par_1_92' title="bbox 2201 2589 3783 2662">
     <span class='ocr_line' id='line_1_97' title="bbox 2201 2589 3783 2662; baseline 0.009 -20"><span class='ocrx_word' id='word_1_720' title='bbox 2201 2589 2466 2659; x_wconf 70' lang='lat' dir='ltr'><strong>prmbeas.</strong></span> <span class='ocrx_word' id='word_1_721' title='bbox 2507 2590 2661 2646; x_wconf 88' lang='lat' dir='ltr'><strong>Aliud</strong></span> <span class='ocrx_word' id='word_1_722' title='bbox 2691 2607 2720 2646; x_wconf 90' lang='lat' dir='ltr'><strong>a</strong></span> <span class='ocrx_word' id='word_1_723' title='bbox 2747 2607 2910 2662; x_wconf 91' lang='lat' dir='ltr'><strong>parva</strong></span> <span class='ocrx_word' id='word_1_724' title='bbox 2940 2602 3098 2650; x_wconf 73' lang='lat' dir='ltr'><strong>mtate</strong></span> <span class='ocrx_word' id='word_1_725' title='bbox 3127 2595 3362 2652; x_wconf 83' lang='lat' dir='ltr'><strong>didicisti</strong></span> <span class='ocrx_word' id='word_1_726' title='bbox 3393 2614 3408 2652; x_wconf 89' lang='lat'><strong>:</strong></span> <span class='ocrx_word' id='word_1_727' title='bbox 3439 2599 3560 2654; x_wconf 89' lang='lat' dir='ltr'><strong>aliis</strong></span> <span class='ocrx_word' id='word_1_728' title='bbox 3600 2614 3783 2656; x_wconf 82' lang='lat' dir='ltr'><strong>assue-</strong></span> 
     </span>
    </p>
   </div>
   <div class='ocr_carea' id='block_1_93' title="bbox 2205 2683 3783 2758">
    <p class='ocr_par' dir='ltr' id='par_1_93' title="bbox 2205 2683 3783 2758">
     <span class='ocr_line' id='line_1_98' title="bbox 2205 2683 3783 2758; baseline 0.006 -19"><span class='ocrx_word' id='word_1_729' title='bbox 2205 2691 2290 2739; x_wconf 91' lang='lat' dir='ltr'><strong>tus</strong></span> <span class='ocrx_word' id='word_1_730' title='bbox 2332 2699 2390 2739; x_wconf 89' lang='lat' dir='ltr'><strong>es</strong></span> <span class='ocrx_word' id='word_1_731' title='bbox 2431 2683 2748 2754; x_wconf 81' lang='lat' dir='ltr'><strong>disciplinis.</strong></span> <span class='ocrx_word' id='word_1_732' title='bbox 2780 2685 2896 2740; x_wconf 85' lang='lat' dir='ltr'><strong>Non</strong></span> <span class='ocrx_word' id='word_1_733' title='bbox 2926 2696 3008 2741; x_wconf 91' lang='lat' dir='ltr'><strong>est</strong></span> <span class='ocrx_word' id='word_1_734' title='bbox 3035 2688 3274 2758; x_wconf 88' lang='lat' dir='ltr'><strong>ejusdem</strong></span> <span class='ocrx_word' id='word_1_735' title='bbox 3309 2689 3537 2750; x_wconf 90' lang='lat' dir='ltr'><strong>hominis</strong></span> <span class='ocrx_word' id='word_1_736' title='bbox 3558 2733 3572 2756; x_wconf 87' lang='lat'><strong>.</strong></span> <span class='ocrx_word' id='word_1_737' title='bbox 3603 2701 3658 2748; x_wconf 91' lang='lat' dir='ltr'><strong>et</strong></span> <span class='ocrx_word' id='word_1_738' title='bbox 3685 2708 3783 2748; x_wconf 80' lang='lat' dir='ltr'><strong>au-</strong></span> 
     </span>
    </p>
   </div>
   <div class='ocr_carea' id='block_1_94' title="bbox 2203 2778 3786 2857">
    <p class='ocr_par' dir='ltr' id='par_1_94' title="bbox 2203 2778 3786 2857">
     <span class='ocr_line' id='line_1_99' title="bbox 2203 2778 3786 2857; baseline 0.008 -26"><span class='ocrx_word' id='word_1_739' title='bbox 2203 2791 2328 2832; x_wconf 89' lang='lat' dir='ltr'><strong>reos</strong></span> <span class='ocrx_word' id='word_1_740' title='bbox 2368 2792 2640 2844; x_wconf 93' lang='lat' dir='ltr'><strong>nummos,</strong></span> <span class='ocrx_word' id='word_1_741' title='bbox 2675 2787 2730 2833; x_wconf 92' lang='lat' dir='ltr'><strong>et</strong></span> <span class='ocrx_word' id='word_1_742' title='bbox 2771 2778 3072 2850; x_wconf 88' lang='lat' dir='ltr'><strong>Scripturas</strong></span> <span class='ocrx_word' id='word_1_743' title='bbox 3118 2784 3374 2852; x_wconf 89' lang='lat' dir='ltr'><strong>probare,</strong></span> <span class='ocrx_word' id='word_1_744' title='bbox 3417 2793 3471 2839; x_wconf 86' lang='lat' dir='ltr'><strong>et</strong></span> <span class='ocrx_word' id='word_1_745' title='bbox 3505 2785 3786 2857; x_wconf 81' lang='lat' dir='ltr'><strong>degustare</strong></span> 
     </span>
    </p>
   </div>
   <div class='ocr_carea' id='block_1_95' title="bbox 2204 2868 3776 2946">
    <p class='ocr_par' dir='ltr' id='par_1_95' title="bbox 2204 2868 3776 2946">
     <span class='ocr_line' id='line_1_100' title="bbox 2204 2868 3776 2946; baseline 0.008 -25"><span class='ocrx_word' id='word_1_746' title='bbox 2204 2868 2324 2922; x_wconf 88' lang='lat' dir='ltr'><strong>vina</strong></span> <span class='ocrx_word' id='word_1_747' title='bbox 2351 2909 2364 2934; x_wconf 94' lang='lat'><strong>,</strong></span> <span class='ocrx_word' id='word_1_748' title='bbox 2395 2876 2449 2923; x_wconf 87' lang='lat' dir='ltr'><strong>et</strong></span> <span class='ocrx_word' id='word_1_749' title='bbox 2475 2868 2800 2938; x_wconf 88' lang='lat' dir='ltr'><strong>Prophetas,</strong></span> <span class='ocrx_word' id='word_1_750' title='bbox 2828 2871 2911 2924; x_wconf 88' lang='lat' dir='ltr'><strong>vel</strong></span> <span class='ocrx_word' id='word_1_751' title='bbox 2940 2871 3224 2941; x_wconf 87' lang='lat' dir='ltr'><strong>Apostolos</strong></span> <span class='ocrx_word' id='word_1_752' title='bbox 3253 2875 3570 2946; x_wconf 80' lang='lat' dir='ltr'><strong>intelligere.</strong></span> <span class='ocrx_word' id='word_1_753' title='bbox 3601 2877 3686 2933; x_wconf 82' lang='lat' dir='ltr'><strong>Me</strong></span> <span class='ocrx_word' id='word_1_754' title='bbox 3713 2878 3776 2932; x_wconf 87' lang='lat' dir='ltr'><strong>la-</strong></span> 
     </span>
    </p>
   </div>
   <div class='ocr_carea' id='block_1_96' title="bbox 2203 2962 3785 3041">
    <p class='ocr_par' dir='ltr' id='par_1_96' title="bbox 2203 2962 3785 3041">
     <span class='ocr_line' id='line_1_101' title="bbox 2203 2962 3785 3041; baseline 0.008 -27"><span class='ocrx_word' id='word_1_755' title='bbox 2203 2973 2356 3031; x_wconf 77' lang='lat' dir='ltr'><strong>ceras</strong></span> <span class='ocrx_word' id='word_1_756' title='bbox 2387 2978 2399 3014; x_wconf 93' lang='lat'><strong>:</strong></span> <span class='ocrx_word' id='word_1_757' title='bbox 2431 2970 2673 3015; x_wconf 89' lang='lat' dir='ltr'><strong>sanctum</strong></span> <span class='ocrx_word' id='word_1_758' title='bbox 2691 2962 2907 3018; x_wconf 89' lang='lat' dir='ltr'><strong>fratrem</strong></span> <span class='ocrx_word' id='word_1_759' title='bbox 2927 2963 3196 3021; x_wconf 88' lang='lat' dir='ltr'><strong>Oceanum</strong></span> <span class='ocrx_word' id='word_1_760' title='bbox 3255 2967 3417 3040; x_wconf 82' lang='lat' dir='ltr'><strong>35o</strong></span> <span class='ocrx_word' id='word_1_761' title='bbox 3492 2969 3545 3023; x_wconf 89' lang='lat' dir='ltr'><strong>in</strong></span> <span class='ocrx_word' id='word_1_762' title='bbox 3573 2971 3785 3041; x_wconf 79' lang='lat' dir='ltr'><strong>culpam</strong></span> 
     </span>
    </p>
   </div>
   <div class='ocr_carea' id='block_1_97' title="bbox 2205 3049 3784 3134">
    <p class='ocr_par' dir='ltr' id='par_1_97' title="bbox 2205 3049 3784 3134">
     <span class='ocr_line' id='line_1_102' title="bbox 2205 3049 3784 3134; baseline 0.008 -31"><span class='ocrx_word' id='word_1_763' title='bbox 2205 3049 2474 3104; x_wconf 82' lang='lat' dir='ltr'><strong>haereseos</strong></span> <span class='ocrx_word' id='word_1_764' title='bbox 2504 3065 2661 3107; x_wconf 88' lang='lat' dir='ltr'><strong>vocas</strong></span> <span class='ocrx_word' id='word_1_765' title='bbox 2687 3069 2699 3103; x_wconf 91' lang='lat'><strong>:</strong></span> <span class='ocrx_word' id='word_1_766' title='bbox 2730 3051 3174 3125; x_wconf 86' lang='lat' dir='ltr'><strong>Presbyterorum</strong></span> <span class='ocrx_word' id='word_1_767' title='bbox 3211 3059 3304 3113; x_wconf 87' lang='lat' dir='ltr'><strong>tibi</strong></span> <span class='ocrx_word' id='word_1_768' title='bbox 3337 3059 3600 3116; x_wconf 82' lang='lat' dir='ltr'><strong>Vincentii</strong></span> <span class='ocrx_word' id='word_1_769' title='bbox 3630 3071 3685 3116; x_wconf 91' lang='lat' dir='ltr'><strong>et</strong></span> <span class='ocrx_word' id='word_1_770' title='bbox 3712 3061 3784 3134; x_wconf 68' lang='lat' dir='ltr'><strong>(ft)</strong></span> 
     </span>
    </p>
   </div>
   <div class='ocr_carea' id='block_1_98' title="bbox 2204 3142 3785 3225">
    <p class='ocr_par' dir='ltr' id='par_1_98' title="bbox 2204 3142 3785 3225">
     <span class='ocr_line' id='line_1_103' title="bbox 2204 3142 3785 3225; baseline 0.009 -27"><span class='ocrx_word' id='word_1_771' title='bbox 2204 3142 2525 3211; x_wconf 86' lang='lat' dir='ltr'><strong>Pauliniani,</strong></span> <span class='ocrx_word' id='word_1_772' title='bbox 2551 3145 2795 3202; x_wconf 82' lang='lat' dir='ltr'><strong>ctfratris</strong></span> <span class='ocrx_word' id='word_1_773' title='bbox 2812 3147 3028 3204; x_wconf 90' lang='lat' dir='ltr'><strong>Eusebii</strong></span> <span class='ocrx_word' id='word_1_774' title='bbox 3052 3151 3311 3220; x_wconf 91' lang='lat' dir='ltr'><strong>judicium</strong></span> <span class='ocrx_word' id='word_1_775' title='bbox 3335 3153 3607 3225; x_wconf 89' lang='lat' dir='ltr'><strong>displicet.</strong></span> <span class='ocrx_word' id='word_1_776' title='bbox 3629 3155 3785 3212; x_wconf 85' lang='lat' dir='ltr'><strong>Solus</strong></span> 
     </span>
    </p>
   </div>
   <div class='ocr_carea' id='block_1_99' title="bbox 2205 3234 3788 3316">
    <p class='ocr_par' dir='ltr' id='par_1_99' title="bbox 2205 3234 3788 3316">
     <span class='ocr_line' id='line_1_104' title="bbox 2205 3234 3788 3316; baseline 0.008 -25"><span class='ocrx_word' id='word_1_777' title='bbox 2205 3249 2264 3291; x_wconf 89' lang='lat' dir='ltr'><strong>es</strong></span> <span class='ocrx_word' id='word_1_778' title='bbox 2283 3234 2416 3290; x_wconf 88' lang='lat' dir='ltr'><strong>Cato</strong></span> <span class='ocrx_word' id='word_1_779' title='bbox 2439 3235 2666 3291; x_wconf 80' lang='lat' dir='ltr'><strong>Romani</strong></span> <span class='ocrx_word' id='word_1_780' title='bbox 2687 3239 2900 3308; x_wconf 87' lang='lat' dir='ltr'><strong>generis</strong></span> <span class='ocrx_word' id='word_1_781' title='bbox 2923 3239 3328 3311; x_wconf 89' lang='lat' dir='ltr'><strong>disertissimus,</strong></span> <span class='ocrx_word' id='word_1_782' title='bbox 3356 3247 3447 3316; x_wconf 91' lang='lat' dir='ltr'><strong>qui</strong></span> <span class='ocrx_word' id='word_1_783' title='bbox 3477 3249 3788 3304; x_wconf 91' lang='lat' dir='ltr'><strong>testimonio</strong></span> 
     </span>
    </p>
   </div>
   <div class='ocr_carea' id='block_1_100' title="bbox 2205 3330 3786 3410">
    <p class='ocr_par' dir='ltr' id='par_1_100' title="bbox 2205 3330 3786 3410">
     <span class='ocr_line' id='line_1_105' title="bbox 2205 3330 3786 3410; baseline 0.01 -28"><span class='ocrx_word' id='word_1_784' title='bbox 2205 3336 2297 3383; x_wconf 92' lang='lat' dir='ltr'><strong>tuo</strong></span> <span class='ocrx_word' id='word_1_785' title='bbox 2321 3340 2373 3384; x_wconf 90' lang='lat' dir='ltr'><strong>et</strong></span> <span class='ocrx_word' id='word_1_786' title='bbox 2395 3330 2692 3399; x_wconf 75' lang='lat' dir='ltr'><strong>prudentia:</strong></span> <span class='ocrx_word' id='word_1_787' title='bbox 2713 3331 2844 3386; x_wconf 84' lang='lat' dir='ltr'><strong>velis</strong></span> <span class='ocrx_word' id='word_1_788' title='bbox 2865 3333 3029 3388; x_wconf 89' lang='lat' dir='ltr'><strong>credi.</strong></span> <span class='ocrx_word' id='word_1_789' title='bbox 3067 3334 3392 3405; x_wconf 80' lang='lat' dir='ltr'><strong>Recordare,</strong></span> <span class='ocrx_word' id='word_1_790' title='bbox 3415 3355 3619 3410; x_wconf 65' lang='lat' dir='ltr'><strong>quasso,</strong></span> <span class='ocrx_word' id='word_1_791' title='bbox 3643 3343 3786 3398; x_wconf 80' lang='lat' dir='ltr'><strong>illius</strong></span> 
     </span>
    </p>
   </div>
   <div class='ocr_carea' id='block_1_101' title="bbox 2204 3417 3784 3503">
    <p class='ocr_par' dir='ltr' id='par_1_101' title="bbox 2204 3417 3784 3503">
     <span class='ocr_line' id='line_1_106' title="bbox 2204 3417 3784 3503; baseline 0.011 -31"><span class='ocrx_word' id='word_1_792' title='bbox 2204 3417 2308 3472; x_wconf 89' lang='lat' dir='ltr'><strong>diei</strong></span> <span class='ocrx_word' id='word_1_793' title='bbox 2339 3419 2550 3489; x_wconf 88' lang='lat' dir='ltr'><strong>quando</strong></span> <span class='ocrx_word' id='word_1_794' title='bbox 2580 3435 2666 3476; x_wconf 90' lang='lat' dir='ltr'><strong>me</strong></span> <span class='ocrx_word' id='word_1_795' title='bbox 2691 3421 2757 3477; x_wconf 91' lang='lat' dir='ltr'><strong>de</strong></span> <span class='ocrx_word' id='word_1_796' title='bbox 2782 3421 3220 3493; x_wconf 85' lang='lat' dir='ltr'><strong>Resurrectione,</strong></span> <span class='ocrx_word' id='word_1_797' title='bbox 3254 3437 3310 3483; x_wconf 91' lang='lat' dir='ltr'><strong>et</strong></span> <span class='ocrx_word' id='word_1_798' title='bbox 3335 3430 3561 3488; x_wconf 88' lang='lat' dir='ltr'><strong>veritate</strong></span> <span class='ocrx_word' id='word_1_799' title='bbox 3589 3447 3784 3503; x_wconf 79' lang='lat' dir='ltr'><strong>corpo-</strong></span> 
     </span>
    </p>
   </div>
   <div class='ocr_carea' id='block_1_102' title="bbox 2204 3511 3783 3596">
    <p class='ocr_par' dir='ltr' id='par_1_102' title="bbox 2204 3511 3783 3596">
     <span class='ocr_line' id='line_1_107' title="bbox 2204 3511 3783 3596; baseline 0.011 -32"><span class='ocrx_word' id='word_1_800' title='bbox 2204 3511 2280 3564; x_wconf 91' lang='lat' dir='ltr'><strong>ris</strong></span> <span class='ocrx_word' id='word_1_801' title='bbox 2306 3511 2630 3580; x_wconf 69' lang='lat' dir='ltr'><strong>prmdicante</strong></span> <span class='ocrx_word' id='word_1_802' title='bbox 2650 3553 2666 3579; x_wconf 95' lang='lat'><strong>,</strong></span> <span class='ocrx_word' id='word_1_803' title='bbox 2693 3530 2757 3568; x_wconf 80' lang='lat' dir='ltr'><strong>ex</strong></span> <span class='ocrx_word' id='word_1_804' title='bbox 2785 3513 2952 3571; x_wconf 89' lang='lat' dir='ltr'><strong>latere</strong></span> <span class='ocrx_word' id='word_1_805' title='bbox 2981 3517 3351 3588; x_wconf 89' lang='lat' dir='ltr'><strong>subsultabas,</strong></span> <span class='ocrx_word' id='word_1_806' title='bbox 3383 3521 3448 3591; x_wconf 84' lang='grc' dir='ltr'><strong>(ι)</strong></span> <span class='ocrx_word' id='word_1_807' title='bbox 3478 3532 3532 3578; x_wconf 84' lang='grc' dir='ltr'><strong>ει</strong></span> <span class='ocrx_word' id='word_1_808' title='bbox 3557 3526 3783 3596; x_wconf 88' lang='lat' dir='ltr'><strong>plaude-</strong></span> 
     </span>
    </p>
   </div>
   <div class='ocr_carea' id='block_1_103' title="bbox 2205 3601 3782 3677">
    <p class='ocr_par' dir='ltr' id='par_1_103' title="bbox 2205 3601 3782 3677">
     <span class='ocr_line' id='line_1_108' title="bbox 2205 3601 3782 3677; baseline 0.011 -22"><span class='ocrx_word' id='word_1_809' title='bbox 2205 3601 2302 3655; x_wconf 87' lang='lat' dir='ltr'><strong>bas</strong></span> <span class='ocrx_word' id='word_1_810' title='bbox 2342 3615 2501 3655; x_wconf 87' lang='lat' dir='ltr'><strong>manu</strong></span> <span class='ocrx_word' id='word_1_811' title='bbox 2528 3643 2544 3669; x_wconf 93' lang='lat'><strong>,</strong></span> <span class='ocrx_word' id='word_1_812' title='bbox 2586 3612 2640 3657; x_wconf 91' lang='lat' dir='ltr'><strong>et</strong></span> <span class='ocrx_word' id='word_1_813' title='bbox 2679 3604 3006 3673; x_wconf 87' lang='lat' dir='ltr'><strong>applodebas</strong></span> <span class='ocrx_word' id='word_1_814' title='bbox 3050 3607 3234 3677; x_wconf 90' lang='lat' dir='ltr'><strong>pedem</strong></span> <span class='ocrx_word' id='word_1_815' title='bbox 3258 3651 3272 3677; x_wconf 97' lang='lat'><strong>,</strong></span> <span class='ocrx_word' id='word_1_816' title='bbox 3318 3618 3372 3665; x_wconf 93' lang='lat' dir='ltr'><strong>ct</strong></span> <span class='ocrx_word' id='word_1_817' title='bbox 3423 3614 3782 3672; x_wconf 82' lang='lat' dir='ltr'><strong>orthodoxum</strong></span> 
     </span>
    </p>
   </div>
   <div class='ocr_carea' id='block_1_104' title="bbox 2206 3691 3784 3770">
    <p class='ocr_par' dir='ltr' id='par_1_104' title="bbox 2206 3691 3784 3770">
     <span class='ocr_line' id='line_1_109' title="bbox 2206 3691 3784 3770; baseline 0.01 -24"><span class='ocrx_word' id='word_1_818' title='bbox 2206 3691 2599 3750; x_wconf 91' lang='lat' dir='ltr'><strong>conclamabas.</strong></span> <span class='ocrx_word' id='word_1_819' title='bbox 2629 3693 2914 3765; x_wconf 83' lang='lat' dir='ltr'><strong>Postquam</strong></span> <span class='ocrx_word' id='word_1_820' title='bbox 2944 3698 3198 3770; x_wconf 83' lang='lat' dir='ltr'><strong>navigare</strong></span> <span class='ocrx_word' id='word_1_821' title='bbox 3224 3701 3455 3770; x_wconf 64' lang='lat' dir='ltr'><strong>coepisti,</strong></span> <span class='ocrx_word' id='word_1_822' title='bbox 3486 3712 3544 3758; x_wconf 91' lang='lat' dir='ltr'><strong>et</strong></span> <span class='ocrx_word' id='word_1_823' title='bbox 3569 3705 3636 3761; x_wconf 93' lang='lat' dir='ltr'><strong>ad</strong></span> <span class='ocrx_word' id='word_1_824' title='bbox 3661 3706 3784 3761; x_wconf 92' lang='lat' dir='ltr'><strong>inti-</strong></span> 
     </span>
    </p>
   </div>
   <div class='ocr_carea' id='block_1_105' title="bbox 2276 3844 3781 3921">
    <p class='ocr_par' dir='ltr' id='par_1_105' title="bbox 2276 3844 3781 3921">
     <span class='ocr_line' id='line_1_110' title="bbox 2276 3844 3781 3921; baseline 0.013 -27"><span class='ocrx_word' id='word_1_825' title='bbox 2276 3844 2339 3921; x_wconf 62' lang='lat' dir='ltr'><strong>[ij</strong></span> <span class='ocrx_word' id='word_1_826' title='bbox 2468 3847 2895 3921; x_wconf 52' lang='lat' dir='ltr'><strong>cumpononiensi</strong></span> <span class='ocrx_word' id='word_1_827' title='bbox 2919 3851 3008 3902; x_wconf 81' lang='lat' dir='ltr'><strong>Ms.</strong></span> <span class='ocrx_word' id='word_1_828' title='bbox 3033 3851 3219 3905; x_wconf 84' lang='lat' dir='ltr'><strong>scilicet</strong></span> <span class='ocrx_word' id='word_1_829' title='bbox 3235 3855 3440 3919; x_wconf 84' lang='lat' dir='ltr'><strong>gloriari</strong></span> <span class='ocrx_word' id='word_1_830' title='bbox 3470 3857 3634 3921; x_wconf 78' lang='lat' dir='ltr'><strong>cupis,</strong></span> <span class='ocrx_word' id='word_1_831' title='bbox 3659 3861 3781 3912; x_wconf 81' lang='lat' dir='ltr'><strong>utin</strong></span> 
     </span>
    </p>
   </div>
   <div class='ocr_carea' id='block_1_106' title="bbox 2207 3913 2944 3972">
    <p class='ocr_par' dir='ltr' id='par_1_106' title="bbox 2207 3913 2944 3972">
     <span class='ocr_line' id='line_1_111' title="bbox 2207 3913 2944 3972; baseline 0.008 -16"><span class='ocrx_word' id='word_1_832' title='bbox 2207 3913 2474 3972; x_wconf 17' lang='lat' dir='ltr'><strong>patria‘tua</strong></span> <span class='ocrx_word' id='word_1_833' title='bbox 2485 3913 2698 3970; x_wconf 80' lang='lat' dir='ltr'><strong>jactites,</strong></span> <span class='ocrx_word' id='word_1_834' title='bbox 2727 3925 2819 3972; x_wconf 90' lang='lat' dir='ltr'><strong>me,</strong></span> <span class='ocrx_word' id='word_1_835' title='bbox 2848 3920 2944 3962; x_wconf 91' lang='lat' dir='ltr'><strong>etc.</strong></span> 
     </span>
    </p>
   </div>
   <div class='ocr_carea' id='block_1_107' title="bbox 2275 3967 3780 4040">
    <p class='ocr_par' dir='ltr' id='par_1_107' title="bbox 2275 3967 3780 4040">
     <span class='ocr_line' id='line_1_112' title="bbox 2275 3967 3780 4040; baseline 0.011 -22"><span class='ocrx_word' id='word_1_836' title='bbox 2275 3967 2339 4040; x_wconf 55' lang='lat'><strong>(1:)</strong></span> <span class='ocrx_word' id='word_1_837' title='bbox 2378 3969 2470 4019; x_wconf 88' lang='grc' dir='ltr'><strong>Τοι</strong></span> <span class='ocrx_word' id='word_1_838' title='bbox 2509 3972 2636 4019; x_wconf 83' lang='lat' dir='ltr'><strong>inter</strong></span> <span class='ocrx_word' id='word_1_839' title='bbox 2675 3967 2917 4040; x_wconf 78' lang='lat' dir='ltr'><strong>variantes</strong></span> <span class='ocrx_word' id='word_1_840' title='bbox 2954 3975 3065 4026; x_wconf 83' lang='lat' dir='ltr'><strong>Mss.</strong></span> <span class='ocrx_word' id='word_1_841' title='bbox 3102 3985 3251 4040; x_wconf 90' lang='lat' dir='ltr'><strong>atque</strong></span> <span class='ocrx_word' id='word_1_842' title='bbox 3288 3981 3528 4030; x_wconf 87' lang='lat' dir='ltr'><strong>editorum</strong></span> <span class='ocrx_word' id='word_1_843' title='bbox 3562 3983 3780 4035; x_wconf 87' lang='lat' dir='ltr'><strong>codicum</strong></span> 
     </span>
    </p>
   </div>
   <div class='ocr_carea' id='block_1_108' title="bbox 2207 4027 3779 4103">
    <p class='ocr_par' dir='ltr' id='par_1_108' title="bbox 2207 4027 3779 4103">
     <span class='ocr_line' id='line_1_113' title="bbox 2207 4027 3779 4103; baseline 0.01 -25"><span class='ocrx_word' id='word_1_844' title='bbox 2207 4027 2446 4102; x_wconf 64' lang='lat' dir='ltr'><strong>lectiones</strong></span> <span class='ocrx_word' id='word_1_845' title='bbox 2465 4068 2476 4090; x_wconf 92' lang='lat'><strong>,</strong></span> <span class='ocrx_word' id='word_1_846' title='bbox 2505 4045 2613 4103; x_wconf 78' lang='lat' dir='ltr'><strong>eam</strong></span> <span class='ocrx_word' id='word_1_847' title='bbox 2637 4035 2912 4103; x_wconf 50' lang='lat' dir='ltr'><strong>sequimur,</strong></span> <span class='ocrx_word' id='word_1_848' title='bbox 2929 4049 3039 4098; x_wconf 78' lang='lat' dir='ltr'><strong>qute</strong></span> <span class='ocrx_word' id='word_1_849' title='bbox 3069 4027 3256 4103; x_wconf 73' lang='lat' dir='ltr'><strong>prid&#39;em</strong></span> <span class='ocrx_word' id='word_1_850' title='bbox 3277 4027 3527 4091; x_wconf 40' lang='lat' dir='ltr'><strong>obtinuit?</strong></span> <span class='ocrx_word' id='word_1_851' title='bbox 3549 4027 3779 4103; x_wconf 40' lang='lat' dir='ltr'><strong>etiam;</strong></span> 
     </span>
    </p>
   </div>
   <div class='ocr_carea' id='block_1_109' title="bbox 2209 4093 3778 4168">
    <p class='ocr_par' dir='ltr' id='par_1_109' title="bbox 2209 4093 3778 4168">
     <span class='ocr_line' id='line_1_114' title="bbox 2209 4093 3778 4168; baseline 0.01 -29"><span class='ocrx_word' id='word_1_852' title='bbox 2209 4093 2341 4168; x_wconf 72' lang='lat' dir='ltr'><strong>enim</strong></span> <span class='ocrx_word' id='word_1_853' title='bbox 2362 4107 2472 4168; x_wconf 72' lang='lat' dir='ltr'><strong>qua:</strong></span> <span class='ocrx_word' id='word_1_854' title='bbox 2486 4095 2567 4158; x_wconf 85' lang='lat' dir='ltr'><strong>sit,</strong></span> <span class='ocrx_word' id='word_1_855' title='bbox 2587 4093 2725 4142; x_wconf 82' lang='lat' dir='ltr'><strong>haud</strong></span> <span class='ocrx_word' id='word_1_856' title='bbox 2733 4093 3019 4168; x_wconf 71' lang='lat' dir='ltr'><strong>expeditum</strong></span> <span class='ocrx_word' id='word_1_857' title='bbox 3039 4093 3116 4168; x_wconf 73' lang='lat' dir='ltr'><strong>est</strong></span> <span class='ocrx_word' id='word_1_858' title='bbox 3138 4101 3395 4161; x_wconf 78' lang='lat' dir='ltr'><strong>afﬁrmare,</strong></span> <span class='ocrx_word' id='word_1_859' title='bbox 3411 4093 3636 4168; x_wconf 67' lang='lat' dir='ltr'><strong>cumalii,</strong></span> <span class='ocrx_word' id='word_1_860' title='bbox 3655 4093 3778 4168; x_wconf 81' lang='lat' dir='ltr'><strong>quos</strong></span> 
     </span>
    </p>
   </div>
   <div class='ocr_carea' id='block_1_110' title="bbox 2206 4151 3780 4226">
    <p class='ocr_par' dir='ltr' id='par_1_110' title="bbox 2206 4151 3780 4226">
     <span class='ocr_line' id='line_1_115' title="bbox 2206 4151 3780 4226; baseline 0.011 -26"><span class='ocrx_word' id='word_1_861' title='bbox 2206 4151 2336 4202; x_wconf 87' lang='lat' dir='ltr'><strong>inter</strong></span> <span class='ocrx_word' id='word_1_862' title='bbox 2367 4151 2682 4226; x_wconf 70' lang='lat' dir='ltr'><strong>Ver-(incuses</strong></span> <span class='ocrx_word' id='word_1_863' title='bbox 2717 4151 2839 4216; x_wconf 78' lang='lat' dir='ltr'><strong>duo,</strong></span> <span class='ocrx_word' id='word_1_864' title='bbox 2881 4171 3029 4221; x_wconf 79' lang='lat' dir='ltr'><strong>pasan</strong></span> <span class='ocrx_word' id='word_1_865' title='bbox 3067 4167 3146 4209; x_wconf 82' lang='lat' dir='ltr'><strong>ten</strong></span> <span class='ocrx_word' id='word_1_866' title='bbox 3166 4151 3436 4226; x_wconf 66' lang='lat' dir='ltr'><strong>_narstrair,</strong></span> <span class='ocrx_word' id='word_1_867' title='bbox 3463 4151 3544 4213; x_wconf 83' lang='lat' dir='ltr'><strong>vel</strong></span> <span class='ocrx_word' id='word_1_868' title='bbox 3573 4151 3780 4226; x_wconf 46' lang='lat'><strong>.52.}:</strong></span> 
     </span>
    </p>
   </div>
   <div class='ocr_carea' id='block_1_111' title="bbox 2207 4215 3777 4300">
    <p class='ocr_par' dir='ltr' id='par_1_111' title="bbox 2207 4215 3777 4300">
     <span class='ocr_line' id='line_1_116' title="bbox 2207 4215 3777 4300; baseline 0.008 -36"><span class='ocrx_word' id='word_1_869' title='bbox 2207 4225 2433 4279; x_wconf 65' lang='grc' dir='ltr'><strong>ἀριπιρὶαν,</strong></span> <span class='ocrx_word' id='word_1_870' title='bbox 2457 4215 2535 4300; x_wconf 56' lang='lat' dir='ltr'><strong>V9}</strong></span> <span class='ocrx_word' id='word_1_871' title='bbox 2559 4233 2629 4265; x_wconf 62' lang='grc' dir='ltr'><strong>πᾶν</strong></span> <span class='ocrx_word' id='word_1_872' title='bbox 2650 4230 2693 4267; x_wconf 77' lang='grc' dir='ltr'><strong>τὸ</strong></span> <span class='ocrx_word' id='word_1_873' title='bbox 2725 4227 2858 4275; x_wconf 57' lang='lat' dir='ltr'><strong>athe,</strong></span> <span class='ocrx_word' id='word_1_874' title='bbox 2881 4215 2946 4268; x_wconf 50' lang='lat' dir='ltr'><strong>&quot;et</strong></span> <span class='ocrx_word' id='word_1_875' title='bbox 2983 4233 3095 4270; x_wconf 74' lang='lat' dir='ltr'><strong>mox</strong></span> <span class='ocrx_word' id='word_1_876' title='bbox 3134 4221 3357 4300; x_wconf 79' lang='lat' dir='ltr'><strong>plerique</strong></span> 
     </span>
    </p>
   </div>
   <div class='ocr_carea' id='block_1_112' title="bbox 2207 4275 3776 4391">
    <p class='ocr_par' dir='ltr' id='par_1_112' title="bbox 2207 4275 3776 4391">
     <span class='ocr_line' id='line_1_117' title="bbox 2207 4275 3776 4391; baseline 0.008 -66"><span class='ocrx_word' id='word_1_877' title='bbox 2207 4275 2424 4340; x_wconf 52' lang='grc' dir='ltr'><strong>τροπιοέον,</strong></span> <span class='ocrx_word' id='word_1_878' title='bbox 2451 4275 2532 4325; x_wconf 91' lang='lat' dir='ltr'><strong>vel</strong></span> <span class='ocrx_word' id='word_1_879' title='bbox 2553 4293 2730 4340; x_wconf 62' lang='grc' dir='ltr'><strong>τροπαίων</strong></span> <span class='ocrx_word' id='word_1_880' title='bbox 2752 4294 2926 4343; x_wconf 71' lang='grc' dir='ltr'><strong>νωτιρυν</strong></span> <span class='ocrx_word' id='word_1_881' title='bbox 2953 4275 3166 4391; x_wconf 48' lang='lat' dir='ltr'><strong>amarem},</strong></span> <span class='ocrx_word' id='word_1_882' title='bbox 3189 4275 3335 4347; x_wconf 75' lang='lat' dir='ltr'><strong>atque</strong></span> <span class='ocrx_word' id='word_1_883' title='bbox 3374 4275 3468 4334; x_wconf 83' lang='lat' dir='ltr'><strong>alia</strong></span> <span class='ocrx_word' id='word_1_884' title='bbox 3507 4275 3776 4350; x_wconf 71' lang='lat' dir='ltr'><strong>liujusniodi</strong></span> 
     </span>
     <span class='ocr_line' id='line_1_118' title="bbox 2209 4339 3774 4391; baseline 0.004 -7"><span class='ocrx_word' id='word_1_885' title='bbox 2209 4339 2467 4387; x_wconf 88' lang='lat' dir='ltr'><strong>verborum</strong></span> <span class='ocrx_word' id='word_1_886' title='bbox 2490 4346 2711 4391; x_wconf 78' lang='lat' dir='ltr'><strong>portenta</strong></span> <span class='ocrx_word' id='word_1_887' title='bbox 2733 4339 3008 4391; x_wconf 61' lang='lat' dir='ltr'><strong>praeferant.</strong></span> <span class='ocrx_word' id='word_1_888' title='bbox 3061 4358 3090 4390; x_wconf 92' lang='lat' dir='ltr'><strong>n</strong></span> <span class='ocrx_word' id='word_1_889' title='bbox 3116 4343 3284 4391; x_wconf 83' lang='lat' dir='ltr'><strong>Latina</strong></span> <span class='ocrx_word' id='word_1_890' title='bbox 3309 4349 3455 4391; x_wconf 83' lang='lat' dir='ltr'><strong>etiam</strong></span> <span class='ocrx_word' id='word_1_891' title='bbox 3479 4348 3774 4391; x_wconf 67' lang='lat' dir='ltr'><strong>interm-nm.</strong></span> 
     </span>
    </p>
   </div>
   <div class='ocr_carea' id='block_1_113' title="bbox 2209 4339 3774 4402">
    <p class='ocr_par' dir='ltr' id='par_1_113' title="bbox 2209 4339 3774 4402">
     <span class='ocr_line' id='line_1_119' title="bbox 2209 4339 3774 4402; baseline 0.01 -18"><span class='ocrx_word' id='word_1_892' title='bbox 2209 4339 2467 4402; x_wconf 77' lang='lat' dir='ltr'><strong>verborum</strong></span> <span class='ocrx_word' id='word_1_893' title='bbox 2490 4339 2711 4402; x_wconf 86' lang='lat' dir='ltr'><strong>portenta</strong></span> <span class='ocrx_word' id='word_1_894' title='bbox 2733 4339 3008 4402; x_wconf 68' lang='lat' dir='ltr'><strong>praeferant.</strong></span> <span class='ocrx_word' id='word_1_895' title='bbox 3038 4339 3093 4391; x_wconf 80' lang='lat' dir='ltr'><strong>In</strong></span> <span class='ocrx_word' id='word_1_896' title='bbox 3116 4339 3284 4394; x_wconf 73' lang='lat' dir='ltr'><strong>Latina</strong></span> <span class='ocrx_word' id='word_1_897' title='bbox 3309 4349 3455 4395; x_wconf 90' lang='lat' dir='ltr'><strong>etiam</strong></span> <span class='ocrx_word' id='word_1_898' title='bbox 3479 4339 3774 4402; x_wconf 74' lang='lat' dir='ltr'><strong>interpreta-</strong></span> 
     </span>
    </p>
   </div>
   <div class='ocr_carea' id='block_1_114' title="bbox 2207 4397 3778 4471">
    <p class='ocr_par' dir='ltr' id='par_1_114' title="bbox 2207 4397 3778 4471">
     <span class='ocr_line' id='line_1_120' title="bbox 2207 4397 3778 4471; baseline 0.01 -26"><span class='ocrx_word' id='word_1_899' title='bbox 2207 4397 2344 4471; x_wconf 87' lang='lat' dir='ltr'><strong>tione</strong></span> <span class='ocrx_word' id='word_1_900' title='bbox 2363 4397 2506 4471; x_wconf 79' lang='lat' dir='ltr'><strong>quani</strong></span> <span class='ocrx_word' id='word_1_901' title='bbox 2529 4397 2746 4471; x_wconf 71' lang='lat' dir='ltr'><strong>subdunt</strong></span> <span class='ocrx_word' id='word_1_902' title='bbox 2759 4436 2778 4471; x_wconf 85' lang='lat'><strong>,_</strong></span> <span class='ocrx_word' id='word_1_903' title='bbox 2800 4401 3028 4471; x_wconf 78' lang='lat' dir='ltr'><strong>plerique</strong></span> <span class='ocrx_word' id='word_1_904' title='bbox 3046 4418 3216 4471; x_wconf 69' lang='lat' dir='ltr'><strong>omnes</strong></span> <span class='ocrx_word' id='word_1_905' title='bbox 3239 4408 3423 4456; x_wconf 87' lang='lat' dir='ltr'><strong>variant</strong></span> <span class='ocrx_word' id='word_1_906' title='bbox 3443 4421 3540 4471; x_wconf 89' lang='lat' dir='ltr'><strong>quo</strong></span> <span class='ocrx_word' id='word_1_907' title='bbox 3561 4397 3624 4458; x_wconf 77' lang='lat' dir='ltr'><strong>ad</strong></span> <span class='ocrx_word' id='word_1_908' title='bbox 3650 4397 3778 4471; x_wconf 69' lang='lat' dir='ltr'><strong>prio-</strong></span> 
     </span>
    </p>
   </div>
   <div class='ocr_carea' id='block_1_115' title="bbox 2207 4461 3777 4535">
    <p class='ocr_par' dir='ltr' id='par_1_115' title="bbox 2207 4461 3777 4535">
     <span class='ocr_line' id='line_1_121' title="bbox 2207 4461 3777 4535; baseline 0.01 -29"><span class='ocrx_word' id='word_1_909' title='bbox 2207 4470 2315 4507; x_wconf 87' lang='lat' dir='ltr'><strong>rem</strong></span> <span class='ocrx_word' id='word_1_910' title='bbox 2337 4468 2542 4535; x_wconf 75' lang='lat' dir='ltr'><strong>partem,</strong></span> <span class='ocrx_word' id='word_1_911' title='bbox 2566 4461 2784 4535; x_wconf 45' lang='lat' dir='ltr'><strong>dumyel</strong></span> <span class='ocrx_word' id='word_1_912' title='bbox 2802 4461 2988 4533; x_wconf 73' lang='lat' dir='ltr'><strong>omnem</strong></span> <span class='ocrx_word' id='word_1_913' title='bbox 3010 4461 3341 4535; x_wconf 62' lang='lat' dir='ltr'><strong>inﬁrmitatem</strong></span> <span class='ocrx_word' id='word_1_914' title='bbox 3363 4461 3515 4535; x_wconf 65' lang='lat' dir='ltr'><strong>tuag&#39;n,</strong></span> <span class='ocrx_word' id='word_1_915' title='bbox 3543 4479 3596 4520; x_wconf 92' lang='lat' dir='ltr'><strong>ut</strong></span> <span class='ocrx_word' id='word_1_916' title='bbox 3620 4461 3777 4522; x_wconf 76' lang='lat' dir='ltr'><strong>Vero-</strong></span> 
     </span>
    </p>
   </div>
   <div class='ocr_carea' id='block_1_116' title="bbox 2207 4520 3778 4589">
    <p class='ocr_par' dir='ltr' id='par_1_116' title="bbox 2207 4520 3778 4589">
     <span class='ocr_line' id='line_1_122' title="bbox 2207 4520 3778 4589; baseline 0.011 -23"><span class='ocrx_word' id='word_1_917' title='bbox 2207 4520 2407 4589; x_wconf 80' lang='lat' dir='ltr'><strong>nenses,</strong></span> <span class='ocrx_word' id='word_1_918' title='bbox 2434 4520 2529 4589; x_wconf 84' lang='lat' dir='ltr'><strong>vel,</strong></span> <span class='ocrx_word' id='word_1_919' title='bbox 2555 4528 2616 4589; x_wconf 86' lang='lat' dir='ltr'><strong>ut_</strong></span> <span class='ocrx_word' id='word_1_920' title='bbox 2632 4521 2732 4582; x_wconf 90' lang='lat' dir='ltr'><strong>alii,</strong></span> <span class='ocrx_word' id='word_1_921' title='bbox 2755 4522 2912 4589; x_wconf 69' lang='lat' dir='ltr'><strong>omnia</strong></span> <span class='ocrx_word' id='word_1_922' title='bbox 2933 4520 3106 4587; x_wconf 70' lang='lat' dir='ltr'><strong>prazlia</strong></span> <span class='ocrx_word' id='word_1_923' title='bbox 3128 4533 3228 4588; x_wconf 81' lang='lat' dir='ltr'><strong>tua,</strong></span> <span class='ocrx_word' id='word_1_924' title='bbox 3252 4527 3333 4578; x_wconf 90' lang='lat' dir='ltr'><strong>vel</strong></span> <span class='ocrx_word' id='word_1_925' title='bbox 3354 4520 3567 4589; x_wconf 79' lang='lat' dir='ltr'><strong>tandem,</strong></span> <span class='ocrx_word' id='word_1_926' title='bbox 3590 4520 3778 4583; x_wconf 65' lang='lat' dir='ltr'><strong>omnem</strong></span> 
     </span>
    </p>
   </div>
   <div class='ocr_carea' id='block_1_117' title="bbox 2206 4579 3778 4654">
    <p class='ocr_par' dir='ltr' id='par_1_117' title="bbox 2206 4579 3778 4654">
     <span class='ocr_line' id='line_1_123' title="bbox 2206 4579 3778 4654; baseline 0.009 -24"><span class='ocrx_word' id='word_1_927' title='bbox 2206 4579 2430 4631; x_wconf 80' lang='lat' dir='ltr'><strong>virtutem</strong></span> <span class='ocrx_word' id='word_1_928' title='bbox 2452 4588 2586 4654; x_wconf 69' lang='lat' dir='ltr'><strong>tuam</strong></span> <span class='ocrx_word' id='word_1_929' title='bbox 2604 4579 2802 4654; x_wconf 55' lang='lat' dir='ltr'><strong>legunt;</strong></span> <span class='ocrx_word' id='word_1_930' title='bbox 2826 4579 3029 4635; x_wconf 80' lang='lat' dir='ltr'><strong>alteram</strong></span> <span class='ocrx_word' id='word_1_931' title='bbox 3065 4591 3194 4637; x_wconf 90' lang='lat' dir='ltr'><strong>enim</strong></span> <span class='ocrx_word' id='word_1_932' title='bbox 3215 4579 3440 4654; x_wconf 58' lang='lat' dir='ltr'><strong>partem,</strong></span> <span class='ocrx_word' id='word_1_933' title='bbox 3469 4579 3778 4654; x_wconf 30' lang='lat' dir='ltr'><strong>parrufoi-vurii</strong></span> 
     </span>
    </p>
   </div>
   <div class='ocr_carea' id='block_1_118' title="bbox 2207 4643 3776 4712">
    <p class='ocr_par' dir='ltr' id='par_1_118' title="bbox 2207 4643 3776 4712">
     <span class='ocr_line' id='line_1_124' title="bbox 2207 4643 3776 4712; baseline 0.01 -22"><span class='ocrx_word' id='word_1_934' title='bbox 2207 4654 2392 4712; x_wconf 61' lang='lat' dir='ltr'><strong>quoque</strong></span> <span class='ocrx_word' id='word_1_935' title='bbox 2428 4643 2675 4712; x_wconf 60' lang='lat' dir='ltr'><strong>caritatum</strong></span> <span class='ocrx_word' id='word_1_936' title='bbox 2685 4679 2699 4704; x_wconf 92' lang='lat'><strong>,</strong></span> <span class='ocrx_word' id='word_1_937' title='bbox 2725 4643 2804 4712; x_wconf 68' lang='lat' dir='ltr'><strong>vel</strong></span> <span class='ocrx_word' id='word_1_938' title='bbox 2828 4658 2938 4696; x_wconf 81' lang='lat' dir='ltr'><strong>voce</strong></span> <span class='ocrx_word' id='word_1_939' title='bbox 2961 4654 3204 4712; x_wconf 72' lang='lat' dir='ltr'><strong>cantatum</strong></span> <span class='ocrx_word' id='word_1_940' title='bbox 3223 4643 3244 4711; x_wconf 69' lang='grc' dir='ltr'><em>ξ</em></span> <span class='ocrx_word' id='word_1_941' title='bbox 3264 4652 3366 4712; x_wconf 87' lang='lat' dir='ltr'><strong>pari</strong></span> <span class='ocrx_word' id='word_1_942' title='bbox 3407 4643 3513 4701; x_wconf 72' lang='lat' dir='ltr'><strong>fere</strong></span> <span class='ocrx_word' id='word_1_943' title='bbox 3535 4643 3776 4706; x_wconf 82' lang='lat' dir='ltr'><strong>consensu</strong></span> 
     </span>
    </p>
   </div>
   <div class='ocr_carea' id='block_1_119' title="bbox 2208 4704 3774 4772">
    <p class='ocr_par' dir='ltr' id='par_1_119' title="bbox 2208 4704 3774 4772">
     <span class='ocr_line' id='line_1_125' title="bbox 2208 4704 3774 4772; baseline 0.009 -21"><span class='ocrx_word' id='word_1_944' title='bbox 2208 4704 2448 4772; x_wconf 79' lang='lat' dir='ltr'><strong>exhibent</strong></span> <span class='ocrx_word' id='word_1_945' title='bbox 2473 4704 2540 4752; x_wconf 93' lang='lat' dir='ltr'><strong>illi</strong></span> <span class='ocrx_word' id='word_1_946' title='bbox 2567 4705 2716 4772; x_wconf 74' lang='lat' dir='ltr'><strong>etiam</strong></span> <span class='ocrx_word' id='word_1_947' title='bbox 2739 4705 2855 4772; x_wconf 63' lang='lat' dir='ltr'><strong>Mss.</strong></span> <span class='ocrx_word' id='word_1_948' title='bbox 2880 4709 3004 4772; x_wconf 70' lang='lat' dir='ltr'><strong>apud</strong></span> <span class='ocrx_word' id='word_1_949' title='bbox 3027 4723 3148 4772; x_wconf 88' lang='lat' dir='ltr'><strong>quos</strong></span> <span class='ocrx_word' id='word_1_950' title='bbox 3172 4704 3308 4762; x_wconf 66' lang='lat' dir='ltr'><strong>vocat</strong></span> <span class='ocrx_word' id='word_1_951' title='bbox 3332 4712 3604 4763; x_wconf 79' lang='lat' dir='ltr'><strong>Graecarum</strong></span> <span class='ocrx_word' id='word_1_952' title='bbox 3640 4704 3774 4765; x_wconf 82' lang='lat' dir='ltr'><strong>litte-</strong></span> 
     </span>
    </p>
   </div>
   <div class='ocr_carea' id='block_1_120' title="bbox 2205 4766 3776 4825">
    <p class='ocr_par' dir='ltr' id='par_1_120' title="bbox 2205 4766 3776 4825">
     <span class='ocr_line' id='line_1_126' title="bbox 2205 4766 3776 4825; baseline 0.007 -11"><span class='ocrx_word' id='word_1_953' title='bbox 2205 4777 2368 4814; x_wconf 88' lang='lat' dir='ltr'><strong>rarum</strong></span> <span class='ocrx_word' id='word_1_954' title='bbox 2393 4767 2574 4824; x_wconf 87' lang='lat' dir='ltr'><strong>lacuna,</strong></span> <span class='ocrx_word' id='word_1_955' title='bbox 2593 4766 2858 4825; x_wconf 88' lang='lat' dir='ltr'><strong>cujusmodi</strong></span> <span class='ocrx_word' id='word_1_956' title='bbox 2878 4766 2953 4818; x_wconf 72' lang='lat' dir='ltr'><strong>eSt</strong></span> <span class='ocrx_word' id='word_1_957' title='bbox 2965 4766 3303 4821; x_wconf 79' lang='lat' dir='ltr'><strong>Bononiensis.</strong></span> <span class='ocrx_word' id='word_1_958' title='bbox 3319 4774 3453 4822; x_wconf 78' lang='lat' dir='ltr'><strong>lianc</strong></span> <span class='ocrx_word' id='word_1_959' title='bbox 3472 4774 3776 4825; x_wconf 74' lang='lat' dir='ltr'><strong>Martianaeus</strong></span> 
     </span>
    </p>
   </div>
   <div class='ocr_carea' id='block_1_121' title="bbox 2207 4826 3771 4897">
    <p class='ocr_par' dir='ltr' id='par_1_121' title="bbox 2207 4826 3771 4897">
     <span class='ocr_line' id='line_1_127' title="bbox 2207 4826 3771 4897; baseline 0.007 -23"><span class='ocrx_word' id='word_1_960' title='bbox 2207 4833 2370 4897; x_wconf 72' lang='lat' dir='ltr'><strong>tamen</strong></span> <span class='ocrx_word' id='word_1_961' title='bbox 2393 4826 2611 4897; x_wconf 76' lang='lat' dir='ltr'><strong>adtexuit</strong></span> <span class='ocrx_word' id='word_1_962' title='bbox 2626 4863 2638 4886; x_wconf 92' lang='lat'><strong>,</strong></span> <span class='ocrx_word' id='word_1_963' title='bbox 2662 4827 2844 4897; x_wconf 69' lang='lat' dir='ltr'><strong>Latina:</strong></span> <span class='ocrx_word' id='word_1_964' title='bbox 2870 4830 3284 4897; x_wconf 80' lang='lat' dir='ltr'><strong>interpretationis</strong></span> <span class='ocrx_word' id='word_1_965' title='bbox 3317 4844 3502 4897; x_wconf 88' lang='lat' dir='ltr'><strong>partem</strong></span> <span class='ocrx_word' id='word_1_966' title='bbox 3526 4848 3628 4883; x_wconf 85' lang='lat' dir='ltr'><strong>earn</strong></span> <span class='ocrx_word' id='word_1_967' title='bbox 3647 4848 3771 4897; x_wconf 64' lang='lat' dir='ltr'><strong>esse</strong></span> 
     </span>
    </p>
   </div>
   <div class='ocr_carea' id='block_1_122' title="bbox 2205 4887 3770 4956">
    <p class='ocr_par' dir='ltr' id='par_1_122' title="bbox 2205 4887 3770 4956">
     <span class='ocr_line' id='line_1_128' title="bbox 2205 4887 3770 4956; baseline 0.007 -22"><span class='ocrx_word' id='word_1_968' title='bbox 2205 4887 2393 4956; x_wconf 78' lang='lat' dir='ltr'><strong>debere</strong></span> <span class='ocrx_word' id='word_1_969' title='bbox 2417 4901 2511 4956; x_wconf 79' lang='lat' dir='ltr'><strong>non</strong></span> <span class='ocrx_word' id='word_1_970' title='bbox 2536 4888 2943 4956; x_wconf 74' lang='lat' dir='ltr'><strong>animadvertetis,</strong></span> <span class='ocrx_word' id='word_1_971' title='bbox 2967 4887 3112 4955; x_wconf 75' lang='lat' dir='ltr'><strong>atque</strong></span> <span class='ocrx_word' id='word_1_972' title='bbox 3136 4896 3258 4944; x_wconf 83' lang='lat' dir='ltr'><strong>adeo</strong></span> <span class='ocrx_word' id='word_1_973' title='bbox 3280 4887 3445 4952; x_wconf 72' lang='lat' dir='ltr'><strong>verba,</strong></span> <span class='ocrx_word' id='word_1_974' title='bbox 3470 4908 3575 4956; x_wconf 71' lang='lat' dir='ltr'><strong>qua:</strong></span> <span class='ocrx_word' id='word_1_975' title='bbox 3596 4908 3624 4944; x_wconf 87' lang='lat' dir='ltr'><strong>a</strong></span> <span class='ocrx_word' id='word_1_976' title='bbox 3646 4895 3770 4945; x_wconf 83' lang='lat' dir='ltr'><strong>Hie-</strong></span> 
     </span>
    </p>
   </div>
   <div class='ocr_carea' id='block_1_123' title="bbox 2206 4948 3774 5018">
    <p class='ocr_par' dir='ltr' id='par_1_123' title="bbox 2206 4948 3774 5018">
     <span class='ocr_line' id='line_1_129' title="bbox 2206 4948 3774 5018; baseline 0.008 -23"><span class='ocrx_word' id='word_1_977' title='bbox 2206 4950 2390 5018; x_wconf 73' lang='lat' dir='ltr'><strong>ronymi</strong></span> <span class='ocrx_word' id='word_1_978' title='bbox 2429 4948 2611 4997; x_wconf 85' lang='lat' dir='ltr'><strong>calamo</strong></span> <span class='ocrx_word' id='word_1_979' title='bbox 2643 4962 2735 5018; x_wconf 64' lang='lat' dir='ltr'><strong>non</strong></span> <span class='ocrx_word' id='word_1_980' title='bbox 2761 4948 3070 5018; x_wconf 74' lang='lat' dir='ltr'><strong>profecerunt</strong></span> <span class='ocrx_word' id='word_1_981' title='bbox 3105 4956 3231 5018; x_wconf 88' lang='lat' dir='ltr'><strong>quod</strong></span> <span class='ocrx_word' id='word_1_982' title='bbox 3255 4948 3444 5018; x_wconf 82' lang='lat' dir='ltr'><strong>Optime</strong></span> <span class='ocrx_word' id='word_1_983' title='bbox 3458 4948 3774 5018; x_wconf 78' lang='lat' dir='ltr'><strong>veteresalii</strong></span> 
     </span>
    </p>
   </div>
   <div class='ocr_carea' id='block_1_124' title="bbox 2208 5010 3776 5080">
    <p class='ocr_par' dir='ltr' id='par_1_124' title="bbox 2208 5010 3776 5080">
     <span class='ocr_line' id='line_1_130' title="bbox 2208 5010 3776 5080; baseline 0.008 -24"><span class='ocrx_word' id='word_1_984' title='bbox 2208 5010 2424 5080; x_wconf 69' lang='lat' dir='ltr'><strong>editores</strong></span> <span class='ocrx_word' id='word_1_985' title='bbox 2447 5017 2640 5060; x_wconf 85' lang='lat' dir='ltr'><strong>cavent.</strong></span> <span class='ocrx_word' id='word_1_986' title='bbox 2667 5010 2820 5080; x_wconf 73' lang='lat' dir='ltr'><strong>Porrp</strong></span> <span class='ocrx_word' id='word_1_987' title='bbox 2844 5026 2957 5072; x_wconf 88' lang='lat' dir='ltr'><strong>nos,</strong></span> <span class='ocrx_word' id='word_1_988' title='bbox 2981 5017 3020 5080; x_wconf 75' lang='lat' dir='ltr'><strong>si</strong></span> <span class='ocrx_word' id='word_1_989' title='bbox 3045 5010 3482 5080; x_wconf 74' lang='lat' dir='ltr'><strong>quandocbrrupto</strong></span> <span class='ocrx_word' id='word_1_990' title='bbox 3517 5018 3628 5080; x_wconf 85' lang='lat' dir='ltr'><strong>huic</strong></span> <span class='ocrx_word' id='word_1_991' title='bbox 3665 5017 3776 5068; x_wconf 89' lang='lat' dir='ltr'><strong>loco</strong></span> 
     </span>
    </p>
   </div>
   <div class='ocr_carea' id='block_1_125' title="bbox 2205 5071 3776 5133">
    <p class='ocr_par' dir='ltr' id='par_1_125' title="bbox 2205 5071 3776 5133">
     <span class='ocr_line' id='line_1_131' title="bbox 2205 5071 3776 5133; baseline 0.008 -16"><span class='ocrx_word' id='word_1_992' title='bbox 2205 5071 2393 5119; x_wconf 87' lang='lat' dir='ltr'><strong>medica</strong></span> <span class='ocrx_word' id='word_1_993' title='bbox 2431 5084 2600 5120; x_wconf 87' lang='lat' dir='ltr'><strong>manus</strong></span> <span class='ocrx_word' id='word_1_994' title='bbox 2636 5078 2711 5121; x_wconf 87' lang='lat' dir='ltr'><strong>est</strong></span> <span class='ocrx_word' id='word_1_995' title='bbox 2747 5071 3076 5133; x_wconf 62' lang='lat' dir='ltr'><strong>admovenda,</strong></span> <span class='ocrx_word' id='word_1_996' title='bbox 3099 5092 3125 5125; x_wconf 90' lang='lat' dir='ltr'><strong>a</strong></span> <span class='ocrx_word' id='word_1_997' title='bbox 3148 5076 3330 5126; x_wconf 85' lang='lat' dir='ltr'><strong>Latinis</strong></span> <span class='ocrx_word' id='word_1_998' title='bbox 3361 5071 3559 5127; x_wconf 75' lang='lat' dir='ltr'><strong>vocibus</strong></span> <span class='ocrx_word' id='word_1_999' title='bbox 3582 5079 3776 5130; x_wconf 70' lang='lat' dir='ltr'><strong>Graecas</strong></span> 
     </span>
    </p>
   </div>
   <div class='ocr_carea' id='block_1_126' title="bbox 2207 5133 3774 5199">
    <p class='ocr_par' dir='ltr' id='par_1_126' title="bbox 2207 5133 3774 5199">
     <span class='ocr_line' id='line_1_132' title="bbox 2207 5133 3774 5199; baseline 0.008 -21"><span class='ocrx_word' id='word_1_1000' title='bbox 2207 5144 2319 5180; x_wconf 86' lang='lat' dir='ltr'><strong>esse</strong></span> <span class='ocrx_word' id='word_1_1001' title='bbox 2331 5133 2959 5199; x_wconf 55' lang='grc' dir='ltr'><strong>Διέειίιιιεικζειεριιίμτιιιιιιι·2</strong></span> <span class='ocrx_word' id='word_1_1002' title='bbox 2981 5143 3033 5199; x_wconf 84' lang='lat' dir='ltr'><strong>et</strong></span> <span class='ocrx_word' id='word_1_1003' title='bbox 3049 5140 3088 5185; x_wconf 91' lang='lat' dir='ltr'><strong>si</strong></span> <span class='ocrx_word' id='word_1_1004' title='bbox 3113 5139 3308 5199; x_wconf 83' lang='lat' dir='ltr'><strong>quidem</strong></span> <span class='ocrx_word' id='word_1_1005' title='bbox 3326 5141 3643 5190; x_wconf 79' lang='lat' dir='ltr'><strong>Veronenses</strong></span> <span class='ocrx_word' id='word_1_1006' title='bbox 3658 5141 3774 5190; x_wconf 81' lang='lat' dir='ltr'><strong>Mss.</strong></span> 
     </span>
    </p>
   </div>
   <div class='ocr_carea' id='block_1_127' title="bbox 2204 5193 3776 5263">
    <p class='ocr_par' dir='ltr' id='par_1_127' title="bbox 2204 5193 3776 5263">
     <span class='ocr_line' id='line_1_133' title="bbox 2204 5193 3776 5263; baseline 0.006 -23"><span class='ocrx_word' id='word_1_1007' title='bbox 2204 5195 2483 5263; x_wconf 79' lang='lat' dir='ltr'><strong>sequ_imur,_</strong></span> <span class='ocrx_word' id='word_1_1008' title='bbox 2494 5197 2575 5256; x_wconf 89' lang='lat' dir='ltr'><strong>qui</strong></span> <span class='ocrx_word' id='word_1_1009' title='bbox 2600 5193 2926 5263; x_wconf 66' lang='lat' dir='ltr'><strong>inﬁrmitatem</strong></span> <span class='ocrx_word' id='word_1_1010' title='bbox 2949 5193 3158 5256; x_wconf 55' lang='lat' dir='ltr'><strong>habent&quot;,</strong></span> <span class='ocrx_word' id='word_1_1011' title='bbox 3185 5213 3274 5261; x_wconf 88' lang='lat' dir='ltr'><strong>pro</strong></span> <span class='ocrx_word' id='word_1_1012' title='bbox 3295 5213 3491 5263; x_wconf 46' lang='grc' dir='ltr'><strong>ἀριστιίμι</strong></span> <span class='ocrx_word' id='word_1_1013' title='bbox 3512 5200 3776 5262; x_wconf 80' lang='lat' dir='ltr'><strong>legendum</strong></span> 
     </span>
    </p>
   </div>
   <div class='ocr_carea' id='block_1_128' title="bbox 2206 5255 3779 5318">
    <p class='ocr_par' dir='ltr' id='par_1_128' title="bbox 2206 5255 3779 5318">
     <span class='ocr_line' id='line_1_134' title="bbox 2206 5255 3779 5318; baseline 0.006 -16"><span class='ocrx_word' id='word_1_1014' title='bbox 2206 5255 2301 5318; x_wconf 84' lang='lat' dir='ltr'><strong>erit</strong></span> <span class='ocrx_word' id='word_1_1015' title='bbox 2322 5255 2563 5305; x_wconf 84' lang='lat' dir='ltr'><strong>levissima</strong></span> <span class='ocrx_word' id='word_1_1016' title='bbox 2597 5255 2893 5318; x_wconf 75' lang='lat' dir='ltr'><strong>mutatione,</strong></span> <span class='ocrx_word' id='word_1_1017' title='bbox 2915 5255 3220 5318; x_wconf 58' lang='grc' dir='ltr'><strong>ὰδρυστὴινεὸι</strong></span> <span class='ocrx_word' id='word_1_1018' title='bbox 3241 5255 3348 5310; x_wconf 85' lang='lat' dir='ltr'><strong>cum</strong></span> <span class='ocrx_word' id='word_1_1019' title='bbox 3375 5261 3495 5309; x_wconf 91' lang='lat' dir='ltr'><strong>nihil</strong></span> <span class='ocrx_word' id='word_1_1020' title='bbox 3522 5255 3779 5312; x_wconf 49' lang='lat' dir='ltr'><strong>iri’Gi-aicis</strong></span> 
     </span>
    </p>
   </div>
   <div class='ocr_carea' id='block_1_129' title="bbox 2204 5315 3776 5384">
    <p class='ocr_par' dir='ltr' id='par_1_129' title="bbox 2204 5315 3776 5384">
     <span class='ocr_line' id='line_1_135' title="bbox 2204 5315 3776 5384; baseline 0.005 -20"><span class='ocrx_word' id='word_1_1021' title='bbox 2204 5317 2371 5384; x_wconf 71' lang='lat' dir='ltr'><strong>verbis</strong></span> <span class='ocrx_word' id='word_1_1022' title='bbox 2391 5317 2481 5375; x_wconf 90' lang='lat' dir='ltr'><strong>sit,</strong></span> <span class='ocrx_word' id='word_1_1023' title='bbox 2505 5318 2581 5366; x_wconf 87' lang='lat' dir='ltr'><strong>cui</strong></span> <span class='ocrx_word' id='word_1_1024' title='bbox 2607 5315 2774 5367; x_wconf 88' lang='lat' dir='ltr'><strong>Latina</strong></span> <span class='ocrx_word' id='word_1_1025' title='bbox 2809 5315 3258 5384; x_wconf 65' lang='grc' dir='ltr'><em>ρᾳῂυαιοιςιιηιίὀιδε</em></span> <span class='ocrx_word' id='word_1_1026' title='bbox 3292 5329 3534 5370; x_wconf 83' lang='lat' dir='ltr'><strong>cantatum</strong></span> <span class='ocrx_word' id='word_1_1027' title='bbox 3571 5337 3776 5384; x_wconf 70' lang='lat' dir='ltr'><strong>reswn-</strong></span> 
     </span>
    </p>
   </div>
   <div class='ocr_carea' id='block_1_130' title="bbox 2202 5375 3776 5450">
    <p class='ocr_par' dir='ltr' id='par_1_130' title="bbox 2202 5375 3776 5450">
     <span class='ocr_line' id='line_1_136' title="bbox 2202 5375 3776 5450; baseline 0.008 -27"><span class='ocrx_word' id='word_1_1028' title='bbox 2202 5375 2331 5450; x_wconf 73' lang='lat' dir='ltr'><strong>deat,</strong></span> <span class='ocrx_word' id='word_1_1029' title='bbox 2359 5390 2446 5450; x_wconf 79' lang='lat' dir='ltr'><strong>pro</strong></span> <span class='ocrx_word' id='word_1_1030' title='bbox 2467 5392 2748 5450; x_wconf 43' lang='lat'><strong>399334999»,</strong></span> <span class='ocrx_word' id='word_1_1031' title='bbox 2776 5375 2828 5429; x_wconf 82' lang='lat' dir='ltr'><strong>ut</strong></span> <span class='ocrx_word' id='word_1_1032' title='bbox 2851 5381 2971 5450; x_wconf 22' lang='lat' dir='ltr'><strong>Mss.</strong></span> <span class='ocrx_word' id='word_1_1033' title='bbox 2991 5381 3211 5450; x_wconf 73' lang='lat' dir='ltr'><strong>plerique</strong></span> <span class='ocrx_word' id='word_1_1034' title='bbox 3246 5382 3458 5450; x_wconf 70' lang='lat' dir='ltr'><strong>habent,</strong></span> <span class='ocrx_word' id='word_1_1035' title='bbox 3481 5395 3524 5433; x_wconf 79' lang='grc' dir='ltr'><strong><em>τὸ</em></strong></span> <span class='ocrx_word' id='word_1_1036' title='bbox 3555 5375 3776 5450; x_wconf 43' lang='lat' dir='ltr'><strong>mea.”</strong></span> 
     </span>
    </p>
   </div>
   <div class='ocr_carea' id='block_1_131' title="bbox 2203 5435 3775 5506">
    <p class='ocr_par' dir='ltr' id='par_1_131' title="bbox 2203 5435 3775 5506">
     <span class='ocr_line' id='line_1_137' title="bbox 2203 5435 3775 5506; baseline 0.007 -22"><span class='ocrx_word' id='word_1_1037' title='bbox 2203 5435 2302 5498; x_wconf 86' lang='lat' dir='ltr'><strong>legi</strong></span> <span class='ocrx_word' id='word_1_1038' title='bbox 2317 5435 2523 5506; x_wconf 79' lang='lat' dir='ltr'><strong>poterit.</strong></span> <span class='ocrx_word' id='word_1_1039' title='bbox 2543 5435 2850 5506; x_wconf 50' lang='lat' dir='ltr'><strong>(lonj&#39;ect&#39;uras</strong></span> <span class='ocrx_word' id='word_1_1040' title='bbox 2871 5435 3061 5490; x_wconf 70' lang='lat' dir='ltr'><strong>nostras</strong></span> <span class='ocrx_word' id='word_1_1041' title='bbox 3076 5435 3201 5490; x_wconf 78' lang='lat' dir='ltr'><strong>haud</strong></span> <span class='ocrx_word' id='word_1_1042' title='bbox 3221 5443 3356 5492; x_wconf 88' lang='lat' dir='ltr'><strong>multi</strong></span> <span class='ocrx_word' id='word_1_1043' title='bbox 3373 5435 3599 5506; x_wconf 84' lang='lat' dir='ltr'><strong>facimus;</strong></span> <span class='ocrx_word' id='word_1_1044' title='bbox 3623 5439 3775 5496; x_wconf 69' lang='lat' dir='ltr'><strong>lel-tor</strong></span> 
     </span>
    </p>
   </div>
   <div class='ocr_carea' id='block_1_132' title="bbox 2202 5500 2969 5565">
    <p class='ocr_par' dir='ltr' id='par_1_132' title="bbox 2202 5500 2969 5565">
     <span class='ocr_line' id='line_1_138' title="bbox 2202 5500 2969 5565; baseline 0.008 -22"><span class='ocrx_word' id='word_1_1045' title='bbox 2202 5500 2330 5565; x_wconf 62' lang='lat' dir='ltr'><strong>quod</strong></span> <span class='ocrx_word' id='word_1_1046' title='bbox 2349 5501 2504 5565; x_wconf 60' lang='lat' dir='ltr'><strong>magis</strong></span> <span class='ocrx_word' id='word_1_1047' title='bbox 2526 5500 2700 5562; x_wconf 73' lang='lat' dir='ltr'><strong>placet,</strong></span> <span class='ocrx_word' id='word_1_1048' title='bbox 2719 5512 2969 5565; x_wconf 71' lang='lat' dir='ltr'><strong>sequatur.</strong></span> 
     </span>
    </p>
   </div>
   <div class='ocr_carea' id='block_1_133' title="bbox 2270 5555 3768 5634">
    <p class='ocr_par' dir='ltr' id='par_1_133' title="bbox 2270 5555 3768 5634">
     <span class='ocr_line' id='line_1_139' title="bbox 2270 5555 3768 5634; baseline 0.006 -27"><span class='ocrx_word' id='word_1_1049' title='bbox 2270 5555 2333 5624; x_wconf 69' lang='lat' dir='ltr'><strong>(lt)</strong></span> <span class='ocrx_word' id='word_1_1050' title='bbox 2371 5555 2640 5634; x_wconf 59' lang='lat' dir='ltr'><strong>lio&#39;ngtiien:</strong></span> <span class='ocrx_word' id='word_1_1051' title='bbox 2666 5555 2712 5634; x_wconf 62' lang='lat' dir='ltr'><strong>et</strong></span> <span class='ocrx_word' id='word_1_1052' title='bbox 2738 5555 2941 5634; x_wconf 48' lang='lat' dir='ltr'><strong>Mulieri,</strong></span> <span class='ocrx_word' id='word_1_1053' title='bbox 2963 5565 3135 5634; x_wconf 71' lang='lat' dir='ltr'><strong>vitiose</strong></span> <span class='ocrx_word' id='word_1_1054' title='bbox 3157 5570 3340 5614; x_wconf 86' lang='lat' dir='ltr'><strong>tamen.</strong></span> <span class='ocrx_word' id='word_1_1055' title='bbox 3366 5563 3656 5627; x_wconf 79' lang='lat' dir='ltr'><strong>Legendum</strong></span> <span class='ocrx_word' id='word_1_1056' title='bbox 3681 5567 3768 5618; x_wconf 87' lang='lat' dir='ltr'><strong>for-</strong></span> 
     </span>
    </p>
   </div>
   <div class='ocr_carea' id='block_1_134' title="bbox 2203 5623 3137 5685">
    <p class='ocr_par' dir='ltr' id='par_1_134' title="bbox 2203 5623 3137 5685">
     <span class='ocr_line' id='line_1_140' title="bbox 2203 5623 3137 5685; baseline 0.004 -16"><span class='ocrx_word' id='word_1_1057' title='bbox 2203 5623 2332 5685; x_wconf 62' lang='lat' dir='ltr'><strong>tasse</strong></span> <span class='ocrx_word' id='word_1_1058' title='bbox 2361 5623 2638 5685; x_wconf 56' lang='lat' dir='ltr'><strong>I&#39;aulinimzi</strong></span> <span class='ocrx_word' id='word_1_1059' title='bbox 2657 5624 2840 5685; x_wconf 62' lang='lat' dir='ltr'><strong>patria,</strong></span> <span class='ocrx_word' id='word_1_1060' title='bbox 2867 5631 2913 5674; x_wconf 81' lang='lat' dir='ltr'><strong>et</strong></span> <span class='ocrx_word' id='word_1_1061' title='bbox 2935 5624 3137 5675; x_wconf 82' lang='lat' dir='ltr'><strong>Eusebii.</strong></span> 
     </span>
    </p>
   </div>
   <div class='ocr_carea' id='block_1_135' title="bbox 2269 5679 3774 5748">
    <p class='ocr_par' dir='ltr' id='par_1_135' title="bbox 2269 5679 3774 5748">
     <span class='ocr_line' id='line_1_141' title="bbox 2269 5679 3774 5748; baseline 0.008 -21"><span class='ocrx_word' id='word_1_1062' title='bbox 2269 5679 2320 5745; x_wconf 80' lang='grc' dir='ltr'><strong>(ι)</strong></span> <span class='ocrx_word' id='word_1_1063' title='bbox 2343 5681 2495 5748; x_wconf 66' lang='grc' dir='ltr'><strong>⁸Ιειειη</strong></span> <span class='ocrx_word' id='word_1_1064' title='bbox 2518 5679 2842 5748; x_wconf 62' lang='lat' dir='ltr'><strong>subsultabas,</strong></span> <span class='ocrx_word' id='word_1_1065' title='bbox 2867 5692 2914 5735; x_wconf 86' lang='lat' dir='ltr'><strong>et</strong></span> <span class='ocrx_word' id='word_1_1066' title='bbox 2949 5685 3275 5748; x_wconf 83' lang='lat' dir='ltr'><strong>applaudebas</strong></span> <span class='ocrx_word' id='word_1_1067' title='bbox 3312 5687 3431 5748; x_wconf 77' lang='lat' dir='ltr'><strong>pede</strong></span> <span class='ocrx_word' id='word_1_1068' title='bbox 3451 5727 3462 5743; x_wconf 87' lang='lat'><strong>,</strong></span> <span class='ocrx_word' id='word_1_1069' title='bbox 3501 5690 3693 5738; x_wconf 75' lang='lat' dir='ltr'><strong>omissrs</strong></span> <span class='ocrx_word' id='word_1_1070' title='bbox 3727 5693 3774 5739; x_wconf 78' lang='lat' dir='ltr'><strong>et</strong></span> 
     </span>
    </p>
   </div>
   <div class='ocr_carea' id='block_1_136' title="bbox 2201 5741 3767 5807">
    <p class='ocr_par' dir='ltr' id='par_1_136' title="bbox 2201 5741 3767 5807">
     <span class='ocr_line' id='line_1_142' title="bbox 2201 5741 3767 5807; baseline 0.008 -19"><span class='ocrx_word' id='word_1_1071' title='bbox 2201 5741 2462 5807; x_wconf 68' lang='lat' dir='ltr'><strong>plaudebas</strong></span> <span class='ocrx_word' id='word_1_1072' title='bbox 2485 5757 2628 5807; x_wconf 68' lang='lat' dir='ltr'><strong>manu</strong></span> <span class='ocrx_word' id='word_1_1073' title='bbox 2653 5757 2669 5793; x_wconf 91' lang='lat'><strong><em>:</em></strong></span> <span class='ocrx_word' id='word_1_1074' title='bbox 2690 5753 2791 5793; x_wconf 90' lang='lat' dir='ltr'><strong>tum</strong></span> <span class='ocrx_word' id='word_1_1075' title='bbox 2815 5745 2964 5807; x_wconf 86' lang='lat' dir='ltr'><strong>legit,</strong></span> <span class='ocrx_word' id='word_1_1076' title='bbox 2979 5741 3024 5796; x_wconf 69' lang='lat' dir='ltr'><strong>et</strong></span> <span class='ocrx_word' id='word_1_1077' title='bbox 3039 5741 3358 5798; x_wconf 69' lang='lat' dir='ltr'><strong>orthodoxam</strong></span> <span class='ocrx_word' id='word_1_1078' title='bbox 3373 5741 3618 5800; x_wconf 76' lang='lat' dir='ltr'><strong>clamabas</strong></span> <span class='ocrx_word' id='word_1_1079' title='bbox 3641 5752 3767 5802; x_wconf 77' lang='lat' dir='ltr'><strong>den-</strong></span> 
     </span>
    </p>
   </div>
   <div class='ocr_carea' id='block_1_137' title="bbox 2207 5802 3316 5866">
    <p class='ocr_par' dir='ltr' id='par_1_137' title="bbox 2207 5802 3316 5866">
     <span class='ocr_line' id='line_1_143' title="bbox 2207 5802 3316 5866; baseline 0.006 -15"><span class='ocrx_word' id='word_1_1080' title='bbox 2207 5802 2382 5861; x_wconf 79' lang='lat' dir='ltr'><strong>ttendo,</strong></span> <span class='ocrx_word' id='word_1_1081' title='bbox 2406 5805 2531 5864; x_wconf 84' lang='lat' dir='ltr'><strong>quod</strong></span> <span class='ocrx_word' id='word_1_1082' title='bbox 2556 5804 2838 5865; x_wconf 86' lang='lat' dir='ltr'><strong>glossatoris</strong></span> <span class='ocrx_word' id='word_1_1083' title='bbox 2860 5802 3009 5866; x_wconf 69' lang='lat' dir='ltr'><strong>inepti</strong></span> <span class='ocrx_word' id='word_1_1084' title='bbox 3037 5817 3112 5858; x_wconf 82' lang='lat' dir='ltr'><strong>cst</strong></span> <span class='ocrx_word' id='word_1_1085' title='bbox 3135 5809 3316 5858; x_wconf 82' lang='lat' dir='ltr'><strong>vitium.</strong></span> 
     </span>
    </p>
   </div>
  </div>
