4056 6184
319 317 426 374 605

321 453 467 493 mttm
493 437 773 496 cerebrum
798 444 948 493 tuum
971 436 1195 492 sentina:
1218 435 1442 508 putredo
1470 436 1736 505 pervenit,
1759 443 1887 489 tunc

323 546 421 586 nos
447 530 725 586 haereticos
749 528 1054 586 recordatus
1086 543 1166 585 es.
1205 527 1343 596 Quid
1378 527 1472 582 tibi
1502 526 1730 581 faciam?
1757 525 1889 582 Cre-

323 622 428 676 didi
456 621 624 677 sancti
652 620 953 692 Presbyteri
978 620 1187 676 Paulini
1213 619 1471 690 epistolis,
1495 627 1548 673 et
1568 617 1708 672 illius
1728 630 1890 687 super

321 711 536 766 nomine
560 720 649 766 tuo
673 725 780 765 non
809 711 990 781 putavi
1021 725 1202 766 errare
1221 709 1498 779 judicium.
1542 709 1610 762 Et
1635 707 1757 763 licet
1781 716 1890 764 sta-
1937 752 1946 778 τ

320 805 410 860 tim
437 814 653 876 accepta
681 805 906 875 epistola
935 808 1267 877 ἆσυμάρτητον
1302 804 1377 875 (a)
1405 817 1710 860 sermonem
1739 810 1888 857 tuum

318 897 667 968 intelligerem
709 914 722 951 :
769 905 948 952 tamen
1000 897 1350 952 rusticitatem
1397 904 1454 951 et
1498 894 1888 964 simplicitatem
1940 947 1945 950 _

317 987 482 1056 magis
508 987 561 1042 in
587 996 640 1042 te
669 985 966 1042 arbitrabar
984 1027 1000 1054 ,
1031 1002 1186 1057 quam
1216 985 1541 1042 vecordiam.
1572 984 1680 1040 Nec
1706 998 1890 1054 repre-

316 1079 492 1135 hendo
509 1089 751 1135 sanctum
772 1081 976 1146 virum;
1005 1080 1350 1136 maluitenim
1372 1079 1512 1151 apud
1529 1095 1613 1134 me
1641 1079 1891 1134 dissimu-

317 1170 427 1226 lare
464 1171 605 1240 quod
632 1181 870 1236 noverat,
894 1187 1052 1240 quam
1092 1172 1402 1241 portitorem
1435 1171 1747 1227 clientulum
1775 1172 1887 1227 suis

315 1261 508 1317 litteris
533 1277 808 1319 accusare.
828 1262 932 1319 Sed
957 1266 1329 1334 memetipsum
1354 1280 1538 1335 arguo,
1558 1265 1646 1334 qui
1669 1264 1889 1318 alterius

315 1353 492 1421 potius
521 1353 796 1423 acquievi,
835 1368 996 1425 quam
1025 1370 1146 1410 meo
1165 1354 1368 1425 judicio
1401 1372 1415 1408 :
1447 1364 1502 1410 et
1535 1355 1704 1410 oculis
1742 1353 1888 1410 aliud
1931 1398 1976 1406 --

312 1444 679 1513 cernentibus,
715 1445 858 1500 aliud
897 1445 1164 1501 schedula:
1199 1446 1400 1502 credidi
1429 1461 1586 1517 quam
1618 1446 1882 1502 videbam.
1935 1440 1956 1451 ’

381 1533 436 1588 AI.
454 1531 628 1603 Carpit
644 1535 807 1604 lepide
819 1536 1118 1605 imperitiam
1141 1535 1430 1607 Vigilantii.
1443 1566 1514 1578 ——
1530 1537 1887 1604 Quamobrem

310 1623 498 1680 desine
539 1639 628 1681 me
673 1626 976 1693 lacessere,
1021 1636 1074 1684 et
1114 1628 1471 1684 voluminibus
1504 1629 1606 1685 tuis
1632 1630 1882 1685 obruere.

311 1713 478 1769 Parce
503 1714 691 1769 saltem
721 1716 948 1770 nummis
978 1717 1104 1783 tuis,
1136 1718 1326 1785 quibus
1349 1720 1585 1772 notarios
1612 1719 1887 1794 librarios-

311 1820 414 1874 que
441 1804 767 1868 conducens,
794 1806 998 1862 eisdem
1033 1817 1088 1861 et
1120 1807 1468 1877 scriptoribus
1497 1809 1659 1863 uteris
1685 1819 1738 1863 et
1765 1809 1884 1863 fau-

313 1895 515 1950 toribus
547 1913 561 1949 :
594 1895 683 1965 qui
721 1903 774 1950 te
816 1895 936 1951 ideo
982 1895 1204 1951 forsitan
1246 1897 1481 1963 laudant,
1509 1906 1565 1952 ut
1591 1897 1798 1952 lucrum
1827 1897 1883 1954 in

311 1985 594 2041 scribendo
634 1984 726 2057 [αι.
756 1985 1050 2058 scribendis]
1096 1987 1310 2042 faciant.
1357 1989 1412 2043 Si
1461 1987 1591 2043 libet
1631 2003 1884 2045 exercere

312 2077 604 2148 ingenium,
647 2077 796 2133 trade
837 2088 888 2134 te
930 2080 1300 2135 Grammaticis
1340 2090 1498 2151 atque
1537 2080 1881 2152 Rbetoribus,

311 2166 459 2222 disce
489 2167 825 2222 Dialecticam
845 2209 861 2234 ,
899 2170 1060 2224 sectis
1090 2171 1355 2226 instruere
1385 2171 1833 2242 Philosophorum
1864 2190 1880 2228 :

312 2265 375 2310 ut
399 2272 516 2312 cum
538 2257 712 2312 omnia
760 2258 1033 2326 didiceris,
1080 2262 1267 2315 saltem
1296 2270 1422 2316 tunc
1442 2271 1616 2316 tacere
1637 2263 1880 2332 incipias.

311 2347 622 2418 Quanquam
650 2351 810 2406 stulte
861 2351 1071 2416 faciam,
1101 2353 1354 2421 magistro
1377 2362 1688 2406 cunctorum
1721 2353 1886 2422 magi~

308 2446 450 2494 stros
491 2454 762 2508 quaerere,
791 2441 921 2496 etei
957 2442 1172 2495 modum
1213 2441 1486 2510 imponere
1519 2439 1611 2512 [aL
1644 2440 1880 2514 ponere],

309 2527 402 2597 qui
431 2528 570 2598 loqui
593 2530 779 2595 nescit,
805 2539 857 2585 et
881 2539 1056 2585 tacere
1079 2546 1184 2585 non
1212 2539 1402 2600 potest.
1431 2531 1624 2586 Verum
1649 2541 1732 2586 est
1755 2532 1883 2587 illud

306 2617 450 2688 apud
499 2621 713 2676 Grtecos
744 2621 1080 2690 proverbium
1105 2663 1118 2685 ,
1154 2621 1228 2690 (b)
1267 2629 1354 2691 δνῳ
1377 2627 1512 2691 λύρα.
1542 2621 1653 2691 Ego
1723 2621 1880 2694 351

305 2724 452 2778 reor,
470 2721 523 2767 et
543 2727 736 2768 nomen
767 2713 858 2768 tibi
879 2714 982 2768 κατ’
1000 2717 1269 2786 ἀντὶρραςιν
1282 2714 1608 2782 impositum.
1622 2713 1753 2768 Nam
1775 2723 1883 2768 tota

306 2810 489 2856 mente
509 2801 785 2871 dormitas,
805 2812 860 2858 et
877 2805 1287 2872 profundissimo
1307 2819 1411 2858 non
1429 2814 1534 2858 tam
1548 2819 1736 2860 somno
1754 2814 1884 2860 ster-

307 2893 402 2958 tis,
423 2909 578 2964 quam
600 2895 862 2966 lethargo.
886 2896 1028 2951 Inter
1046 2907 1267 2953 caeteras
1285 2897 1480 2967 quippe
1502 2897 1880 2968 blasphemias,

306 2999 440 3054 quas
466 3001 560 3041 ore
587 2987 850 3057 sacrilego
883 2989 1146 3057 protulisti
1173 3030 1188 3055 ,
1216 3003 1377 3043 ausus
1403 3003 1461 3044 es
1489 2989 1668 3044 dicere
1688 3029 1704 3055 ,
1734 2989 1882 3043 Illon-

305 3083 415 3132 tem
447 3077 514 3133 de
547 3095 651 3149 quo
681 3080 948 3134 abscissus
989 3091 1071 3136 est
1111 3082 1161 3134 in
1210 3082 1280 3150 (c)
1326 3080 1538 3136 Daniele
1590 3081 1722 3150 lapis
1766 3084 1883 3137 sine

305 3167 551 3222 manibus
587 3168 827 3237 (Daniel.
880 3169 970 3239 2),
1019 3185 1141 3225 esse
1187 3170 1487 3234 diabolum;
1543 3182 1596 3226 et
1651 3171 1881 3242 lapidem

303 3254 601 3324 Christum,
636 3259 726 3328 qui
753 3260 872 3328 quia
911 3261 1199 3330 assumpsit
1241 3275 1434 3331 corpus
1462 3276 1528 3316 ex
1567 3261 1759 3327 Adam,
1791 3265 1881 3332 qui

305 3347 519 3404 diabolo
563 3359 688 3406 ante
732 3365 829 3422 per
868 3353 996 3407 vitia
1043 3353 1374 3422 cohaeserat,
1427 3364 1607 3410 natum
1651 3372 1769 3412 esse
1815 3357 1882 3414 de

306 3439 525 3512 Virgine
564 3459 578 3496 :
621 3453 678 3499 ut
715 3459 746 3500 a
791 3453 1003 3512 monte,
1053 3447 1154 3502 hoc
1200 3455 1320 3515 est,
1368 3463 1398 3503 a
1445 3447 1657 3504 diabolo
1703 3448 1881 3506 homi-

303 3547 428 3589 nem
458 3544 749 3604 separaret.
775 3533 821 3591 ο
848 3536 1238 3606 praecidendum
1269 3538 1523 3608 linguam,
1546 3554 1608 3594 ae
1639 3555 1736 3610 per
1759 3555 1881 3610 par-

304 3633 386 3679 tes
433 3633 487 3680 et
532 3625 696 3681 frusta
753 3627 1111 3683 lacerandam.
1169 3627 1458 3700 Quisquam
1503 3645 1571 3686 ne
1616 3629 1880 3686 Christia-

304 3733 406 3771 nus
437 3718 601 3774 Deum
647 3719 859 3776 Patrem
897 3724 1318 3793 omnipotentem
1345 3723 1396 3778 in
1427 3738 1652 3794 persona
1678 3725 1880 3781 diaboli

305 3809 706 3879 interpretatur,
738 3822 792 3868 et
819 3822 966 3869 tanto
990 3816 1200 3885 piaculo
1227 3817 1389 3871 totius
1416 3817 1561 3872 orbis
1584 3832 1741 3872 aures
1768 3833 1882 3872 ma-

304 3905 484 3958 culat?
513 3903 570 3959 Si
590 3905 1078 3974 interpretationem
1103 3917 1244 3962 tuam
1270 3907 1361 3980 [aL
1381 3908 1572 3980 istam],
1598 3911 1878 3980 quisquam

306 4011 411 4050 non
438 3996 606 4050 dicam
629 3995 1043 4066 Catholicorum,
1063 3999 1155 4054 sed
1180 4001 1577 4066 hmreticorum,
1604 4003 1713 4056 sive
1739 4001 1880 4057 Gen-

307 4087 476 4140 tilium
517 4103 744 4158 unquam
793 4092 1027 4159 recepit,
1069 4091 1214 4160 pium
1247 4093 1314 4146 sit
1355 4093 1497 4162 quod
1546 4093 1754 4146 locutus
1797 4109 1876 4148 es.

303 4176 398 4234 Sin
444 4187 623 4235 autem
672 4189 874 4236 tantum
940 4181 1088 4236 nefas
1139 4197 1408 4252 nunquam
1447 4183 1648 4237 audivit
1683 4183 1880 4238 Christi

304 4271 539 4327 Ecclesia
571 4289 586 4326 ε
615 4280 669 4328 et
694 4287 792 4342 per
819 4281 964 4327 tuum
1005 4271 1230 4342 primum
1269 4288 1363 4342 os,
1397 4273 1509 4342 ipse
1543 4287 1601 4328 se
1642 4283 1878 4330 montem

305 4365 686 4435 interpretatus
711 4375 822 4432 est,
854 4366 942 4436 qui
973 4366 1181 4421 dixerat
1211 4383 1224 4419 :
1259 4384 1278 4417 ι
1311 4365 1417 4420 Ero
1443 4366 1628 4421 similis
1665 4366 1879 4420 Altissi-

303 4473 458 4524 mo;i
492 4473 590 4528 age
621 4457 990 4527 pmnitentiam
1012 4498 1027 4524 ,
1059 4459 1113 4512 in
1141 4472 1300 4513 sacco
1329 4471 1548 4512 versare
1572 4467 1625 4513 et
1649 4457 1828 4513 cinere
1861 4475 1876 4512 :

303 4559 357 4607 et
385 4560 584 4605 tantum
606 4551 780 4606 scelus
815 4550 1029 4621 jugibus
1051 4551 1298 4621 absterge
1334 4551 1582 4622 lacrymis
1603 4569 1616 4604 :
1636 4551 1682 4604 si
1703 4560 1878 4606 tamen

304 4640 394 4713 [aL
425 4640 650 4713 tandem]
697 4639 790 4696 tibi
835 4641 1132 4697 dimittatur
1171 4640 1288 4696 haec
1332 4641 1610 4712 impietas;
1639 4651 1694 4698 et
1726 4641 1878 4712 juxta

303 4748 539 4789 errorem
584 4735 828 4804 Origenis
865 4744 988 4790 tunc
1014 4734 1224 4790 veniam
1250 4735 1599 4805 consequaris
1619 4775 1634 4799 ,
1663 4735 1876 4805 quando

304 4835 691 4880 consecuturus
733 4834 816 4881 est
858 4836 913 4882 et
952 4826 1235 4892 diabolus,
1284 4827 1375 4897 qui
1441 4838 1710 4896 nunquam
1759 4827 1877 4895 plus

305 4929 462 4982 quam
484 4931 578 4984 per
593 4931 654 4971 os
669 4925 812 4970 tuum
834 4917 1248 4988 deprehenditur
1270 4916 1684 4987 blasphemasse.
1705 4917 1874 4972 Meam

308 5002 555 5073 injuriam
577 5008 833 5074 patienter
851 5009 964 5064 tuli.
987 5009 1318 5080 lmpietatem
1339 5017 1524 5064 contra
1553 5009 1716 5064 Deum
1735 5007 1876 5064 ferre

374 5259 438 5329 (a)
476 5259 726 5329 Veronen.
748 5266 801 5312 et
812 5260 1080 5329 Bononien.
1100 5262 1214 5329 Mss.
1240 5276 1296 5313 ac
1319 5269 1469 5329 vetus
1486 5261 1602 5311 edit.
1623 5259 1804 5310 addunt
1822 5261 1876 5310 id

301 5322 706 5394 est—inconditum,
732 5324 860 5386 quod
1091 5327 1289 5386 probat:
1313 5325 1508 5394 proprie
1531 5329 1693 5394 autem
1715 5335 1876 5394 ἀφαιρ-

300 5411 409 5447 ητος
433 5381 764 5447 incongruum,
790 5398 882 5434 seu
906 5381 1107 5447 minime
1125 5381 1500 5435 convenientem
1521 5381 1776 5444 signiﬁcat.

368 5447 430 5514 (b)
470 5446 826 5514 Cliniam
859 5459 976 5514 iam
1006 5446 1178 5514 eodem
1200 5460 1376 5506 sensu;
1403 5458 1496 5495 nec
1531 5451 1640 5494 erat
1659 5456 1744 5492 cur
1767 5455 1875 5494 eam

298 5506 562 5575 lcetibnem
589 5506 894 5575 Martianaeus
909 5506 1136 5575 falsitatis
1160 5508 1422 5575 incusaret.
1465 5567 1475 5575 _
1695 5565 1704 5575 .
1845 5565 1856 5575 .

279 5597 282 5600 ~
329 5631 340 5638 _
363 5568 426 5635 (ε)
465 5569 745 5638 Gennadius
766 5569 963 5638 quidem
979 5582 1032 5638 ο..
1047 5569 1123 5616 55.
1152 5581 1298 5638 prauo
1316 5567 1510 5638 ingenio
1520 5565 1785 5638 secundum
1809 5565 1877 5616 vi-

295 5628 478 5682 sionem
520 5628 732 5680 Dmiciis
755 5628 1068 5690 a'Vigilantio
1103 5628 1385 5690 expositam'
1411 5630 1582 5687 tradit,
1619 5629 1732 5676 heic
1757 5641 1876 5690 vero

295 5644 478 5682 nonem
520 5644 732 5680 vomens
755 5644 784 5678 a
813 5644 862 5677 v1
899 5644 1068 5679 ttantto
1103 5644 1368 5690 exposuam
1411 5644 1582 5687 tradit,
1619 5644 1732 5676 netc
1757 5644 1874 5676 vero

295 5695 447 5755 prima
467 5693 706 5755 inlinitur,
722 5704 834 5753 quae
923 5691 1082 5755 capite
1104 5689 1296 5755 Daniel.
1321 5691 1603 5751 exhibetur,
1619 5691 1708 5738 nisi
1729 5690 1770 5739 si
1789 5689 1874 5741 ille

294 5751 565 5806 aemulum
586 5760 729 5815 caput
742 5751 840 5816 pro
861 5751 1074 5803 secunda
1095 5751 1280 5802 visione
1303 5759 1504 5814 accepit.

1659 307 1986 371 EPISTOLA
2023 307 2187 371 LXII.

1934 452 1951 473 ι»
1993 448 2100 487 non
2122 433 2287 502 potui.
2307 431 2460 489 Unde
2475 440 2528 491 et
2549 434 2785 504 (d)visus
2797 449 2914 492 sum
2929 439 3232 500 mordacius
3253 443 3307 500 in
3324 456 3566 507 extremo
3651 513 3660 520 _

3455 329 3563 393 606

1992 539 2149 594 quam
2174 526 2534 595 postepistolae
2555 528 2810 594 scribere,
2833 545 2990 600 quam
3012 537 3360 601 promiseram
3385 557 3400 594 :
3422 558 3564 612 quan

1940 667 1946 673 _
1993 615 2225 684 priorem
2265 617 2661 686 paenitentiam,
2695 634 2798 689 qua
2823 634 2855 674 a
2881 635 2968 677 me
2995 624 3206 679 veniam
3247 628 3563 700 deprecatus

1991 719 2072 770 es,
2106 705 2294 760 iterum
2325 709 2658 764 commisisse
2681 710 2822 765 unde
2843 725 2968 782 agas
2997 715 3384 785 paenitentiam,
3411 724 3563 780 stoli-

1991 793 2267 850 dissimum
2293 796 2378 851 sit.
2406 797 2626 852 Tribuat
2653 799 2747 855 tibi
2770 799 3016 857 Christus
3033 844 3050 871 ,
3075 814 3135 859 ut
3158 805 3344 864 audias
3363 849 3378 878 ,
3409 821 3462 867 et
3489 824 3563 867 ta-

1990 899 2114 941 ceas
2140 903 2154 939 :
2183 895 2240 941 ut
2263 886 2547 958 intelligas,
2575 896 2630 944 et
2655 889 2733 945 sic
2759 890 3015 960 loquaris.

2463 1000 2787 1058 EPISTULA
2826 1003 2964 1060 LXII
2994 1005 3089 1078 (ε).

2467 1089 2535 1160 (ι’)
2563 1108 2630 1146 an
2657 1106 3100 1155 TBANQUILLINUI.

1938 1263 1944 1268 η
1989 1199 2398 1273 Tranquillinum
2435 1207 2651 1260 amicum
2684 1207 2849 1274 docet,
2888 1219 3136 1278 quatenus
3162 1215 3560 1286 amplectendus,

2435 1313 2493 1350 ac
2513 1297 2752 1368 legendus
2781 1297 3022 1370 Origenes
3039 1302 3125 1356 sit.

2060 1411 2114 1464 1.
2144 1409 2342 1480 Majora
2370 1411 2589 1482 spiritus
2611 1414 2820 1468 vincula
2847 1428 2966 1470 esse
2993 1431 3150 1486 quam
3182 1432 3483 1489 corporum,
3511 1421 3560 1477 si

1988 1501 2115 1557 olim
2132 1503 2554 1574 ambigebamus,
2583 1520 2724 1561 nunc
2761 1506 2922 1578 352
2961 1509 3336 1578 probavimus:
3357 1511 3478 1566 dum
3506 1521 3563 1568 et

1986 1591 2119 1646 mihi
2165 1593 2419 1647 sanctitas
2447 1602 2532 1647 tua
2564 1593 2731 1650 hzeret
2777 1597 2983 1662 animo,
3023 1606 3079 1654 et
3106 1614 3204 1669 ego
3243 1600 3336 1655 tibi
3360 1601 3560 1657 Christi

1985 1694 2169 1735 amore
2216 1683 2526 1752 conjungor.
2557 1682 2695 1738 Vere
2739 1683 2882 1738 enim
2925 1693 2981 1740 et
3021 1687 3335 1756 simpliciter
3380 1689 3561 1745 candi-

1985 1767 2206 1822 dissimo
2220 1771 2419 1837 pectori
2442 1771 2872 1842 tuoloquor,lipsa
2888 1774 3136 1829 schedula
3153 1786 3208 1830 et
3228 1780 3358 1832 muti
3377 1780 3557 1849 apices

1985 1855 2283 1911 litterarum
2312 1857 2571 1928 inspirant
2600 1859 2655 1912 in
2682 1874 2781 1914 nos
2811 1869 2914 1916 tua:
2934 1865 3128 1919 mentis
3155 1864 3422 1920 affectum.

2052 1948 2108 2002 2.
2143 1947 2372 2003 Oceanus
2404 1949 2700 2020 Origenistis
2747 1953 3077 2024 repugnabat.
3097 1985 3169 1996 ——
3198 1956 3350 2024 Quod
3388 1959 3556 2027 dicis,

1983 2039 2226 2112 Origenis
2253 2042 2450 2096 multos
2479 2058 2664 2098 errore
2689 2043 2976 2114 deceptos,
3017 2058 3072 2102 et
3115 2058 3358 2104 sanctum
3390 2050 3557 2107 Iilittm

1985 2148 2164 2188 meum
2190 2132 2463 2188 Oceanum
2493 2133 2707 2188 illorum
2735 2135 2955 2190 insaniae
2979 2152 3298 2209 repugnare,
3320 2149 3375 2195 et
3401 2141 3558 2197 doleo

1983 2224 2140 2280 simul
2161 2235 2214 2282 et
2233 2227 2436 2296 gaudeo
2457 2246 2468 2280 :
2493 2227 2619 2282 dum
2645 2240 2735 2283 aut
2759 2231 3080 2299 supplantati
3106 2241 3230 2286 sunt
3250 2234 3518 2302 simplices
3539 2251 3556 2290 :

1985 2324 2076 2369 aut
2092 2316 2158 2370 ab
2177 2317 2386 2372 erudito
2401 2319 2514 2372 viro
2531 2320 2830 2374 errantibus
2850 2321 3178 2376 subvenitur.
3203 2323 3402 2392 thuia
3423 2340 3557 2380 mea:

1985 2407 2261 2474 parvitatis
2290 2409 2484 2477 quazris
2525 2411 2844 2464 sententiam
2875 2427 2890 2463 :
2923 2419 3099 2466 utrum
3129 2413 3419 2468 secundum
3447 2415 3556 2468 fra-

1987 2505 2121 2552 trem
2150 2499 2457 2554 Faustinum
2478 2501 2686 2570 penitus
2705 2503 3034 2568 respuendus
3059 2504 3148 2569 sit,
3167 2519 3234 2558 an
3261 2507 3554 2562 secundum

1987 2589 2243 2658 quosdam
2287 2591 2539 2659 legendus
2579 2607 2643 2646 ex
2681 2600 2829 2662 parte
2859 2611 2872 2648 :
2899 2609 2999 2664 ego
3031 2593 3312 2666 Origenem
3343 2607 3559 2668 propter

1987 2678 2340 2734 eruditionem
2383 2683 2460 2735 sic
2502 2681 2766 2736 interdum
2815 2683 3098 2753 legendum
3136 2686 3389 2752 arbitror,
3419 2703 3552 2757 quo-

1983 2771 2143 2825 modo
2169 2771 2573 2838 'I‘crtullianum,
2606 2774 2682 2844 (l)
2714 2773 2974 2830 Novatum
2997 2817 3013 2843 ,
3042 2778 3356 2844 Arnobium,
3387 2779 3558 2848 Apol-

1984 2860 2252 2927 linarium,
2279 2874 2332 2919 et
2356 2865 2640 2919 nonnullos
2666 2865 3068 2921 Ecclesiasticos
3091 2865 3388 2937 Scriptores
3407 2869 3557 2927 Cra:-

1982 2967 2077 3008 cos
2124 2955 2320 3023 pariter
2362 2963 2416 3009 et
2460 2955 2716 3008 Latinos:
2750 2965 2806 3008 ut
2849 2957 2988 3010 bona
3032 2971 3216 3011 eorum
3261 2958 3554 3028 eligamus,

1983 3047 2318 3116 vitemusque
2361 3047 2649 3113 contraria,
2689 3047 2838 3116 juxta
2888 3048 3199 3117 Apostolum
3242 3050 3502 3106 dicentem
3539 3071 3553 3108 :

1989 3135 2206 3192 «Omnia
2223 3136 2460 3206 probate,
2474 3135 2559 3207 (9)
2572 3136 2711 3206 quod
2729 3137 2924 3192 bonum
2944 3147 3045 3202 est,
3065 3147 3268 3194 tenetes
3295 3140 3340 3209 (I
3355 3178 3367 3194 .
3380 3139 3554 3197 Thess.

1983 3225 2082 3296 5).
2113 3225 2378 3280 Caeterum
2406 3226 2494 3295 qui
2521 3225 2604 3279 vel
2628 3225 2678 3278 in
2702 3240 2938 3281 amorem
2969 3226 3086 3295 ejus
3113 3228 3356 3295 nimium,
3383 3230 3468 3284 vel
3501 3231 3556 3287 in

1983 3319 2162 3374 odium
2185 3319 2447 3374 stomachi
2469 3318 2548 3371 sui
2573 3317 2829 3386 pravitate
2849 3318 3131 3385 ducuntur,
3153 3319 3400 3376 videntur
3421 3323 3553 3377 mihi

1983 3411 2059 3465 illi
2105 3410 2388 3466 maledicto
2431 3409 2754 3478 Prophetico
2799 3409 3076 3479 subjacere
3106 3428 3119 3465 :
3153 3428 3172 3462 ‹
3201 3411 3288 3466 Va:
3329 3412 3434 3479 his,
3465 3414 3558 3484 qui

1984 3501 2168 3557 dicunt
2191 3501 2390 3556 bonum
2415 3499 2637 3566 malum,
2667 3508 2721 3555 et
2746 3499 2944 3554 malum
2975 3499 3169 3556 bonum
3198 3521 3212 3557 :
3238 3502 3327 3573 qui
3359 3502 3558 3560 faciunt

1981 3607 2221 3647 amarum
2249 3591 2426 3657 dulce,
2455 3600 2508 3645 et
2532 3589 2688 3645 dulce
2715 3604 2958 3644 amarum
2984 3589 3139 3660 (Isai.
3171 3591 3248 3661 5).
3276 3591 3385 3648 Nec
3413 3595 3556 3650 enim

1981 3690 2199 3754 propter
2225 3679 2518 3735 doctrinam
2549 3680 2686 3749 ejus,
2717 3677 2876 3748 pratia
2918 3680 3252 3749 suscipienda
3295 3691 3419 3737 sunt
3455 3683 3555 3739 do-

1980 3784 2157 3846 gmata
2185 3791 2200 3828 :
2224 3788 2325 3828 nec
2371 3780 2588 3842 propter
2630 3771 2936 3840 dogmatum
2983 3771 3317 3838 pravitatem,
3345 3774 3390 3828 si
3421 3790 3554 3844 quos

1980 3863 2404 3919 Commentarios
2424 3862 2480 3914 in
2501 3861 2801 3928 Scripturas
2827 3868 3039 3914 sanctas
3065 3862 3222 3915 utiles
3246 3863 3432 3931 edidit,
3463 3882 3558 3936 pc-

1982 3957 2126 4012 ttitus
2151 3951 2435 4023 respuendi
2465 3959 2611 4006 sunt.
2651 3950 2802 4018 Quod
2838 3951 2882 4005 si
2912 3950 3308 4006 contentiosum
3335 3955 3471 4010 inter
3495 3973 3555 4014 se

1982 4054 2248 4100 amatores
2263 4044 2379 4112 ejus
2395 4041 2844 4098 etobtrectatores
2865 4040 3044 4095 funem
3061 4039 3311 4097 duxerint
3327 4062 3337 4096 :
3353 4053 3410 4098 ut
3425 4046 3556 4103 nihil

1981 4137 2216 4194 medium
2234 4142 2508 4206 appetant,
2539 4147 2639 4189 nec
2665 4141 2880 4188 servent
2907 4132 3123 4188 modum
3143 4151 3156 4188 :
3173 4134 3266 4190 sed
3279 4144 3445 4192 totum
3463 4149 3556 4197 aut

1983 4229 2230 4300 probent,
2249 4237 2338 4281 aut
2374 4225 2711 4296 improbent;
2739 4225 2988 4280 libentius
3020 4227 3160 4296 piam
3181 4229 3552 4299 rusticitatem,

1983 4335 2142 4391 quam
2183 4318 2394 4373 doctam
2450 4314 2835 4386 blasphemiam
2881 4315 3092 4386 eligam.
3125 4317 3353 4376 Sanctus
3389 4321 3552 4380 frater

1983 4413 2236 4470 Tatianus
2265 4413 2347 4486 (It)
2381 4412 2644 4467 Diaconus
2670 4419 2721 4467 te
2751 4411 3018 4482 impendio
3044 4413 3313 4470 resalutat.

2051 4525 2120 4639 Si)
2157 4527 2342 4578 Veron.
2366 4527 2481 4578 Mss.
2508 4533 2553 4578 et
2575 4540 2720 4580 ausus
2734 4541 2840 4579 sum
2859 4529 3133 4582 mordacius
3154 4530 3204 4582 in
3223 4537 3440 4584 extrema
3452 4532 3554 4597 epi-

2051 4608 2054 4628 ι
2107 4629 2120 4639 .
2149 4597 2266 4639 etc..
2291 4602 2400 4639 aute
2422 4591 2702 4639 concinnior
2726 4589 2871 4639 lectio
2894 4592 3129 4639 videatur.

1981 4589 2120 4650 stola;
2149 4597 2266 4647 etc..
2291 4602 2400 4650 qute
2422 4591 2702 4640 concinnior
2726 4589 2871 4640 lectio
2894 4592 3129 4642 videatur.

2065 4652 2117 4716 e)_
2149 4649 2538 4716 A_liasg7._$c_ript_.
2564 4664 2645 4716 an.
2664 4651 2773 4701 596.
2801 4652 2873 4702 vel
2889 4655 3117 4716 sequenti.

2163 4712 2492 4776 Cassiodorius
2516 4712 2727 4776 Institut.
2751 4725 2856 4776 cap.
2884 4714 2930 4763 1.
2953 4712 3284 4776 Ὶταηηιιίιιιση
3305 4720 3463 4766 vocat.

2073 4773 2140 4838 gl,
2158 4774 2467 4824 Vetustiores
2489 4774 2604 4822 editi
2620 4785 2766 4838 ,_gua:
2925 4780 3034 4838 sunt
3057 4773 3280 4833 retinete,
3298 4780 3552 4838 renuenti-

1979 4834 2210 4887 bus'Mss.
2237 4844 2290 4884 et
2309 4848 2446 4885 sacro
2465 4835 2758 4895 textu.g’l‘um
2781 4835 2920 4895 codd.
2945 4834 3260 4884 Veronenses
3280 4836 3393 4895 duo,
3413 4846 3551 4890 Certe

1981 4897 2064 4961 qui
2087 4898 2135 4961 in
2159 4908 2371 4946 amorem
2392 4895 2498 4956 ejus
2517 4893 2737 4956 nimium,
2761 4894 2834 4945 vel
2853 4895 3092 4946 modicam
3113 4896 3342 4946 stomachi
3380 4893 3545 4960 pravi-

1981 4960 2076 5008 tate
2099 4960 2359 5030 ducuntur,
2381 4965 2476 5005 etc.

2049 5018 2115 5085 (Ιι)
2154 5019 2356 5085 Diaeom
2375 5017 2660 5085 dignitatem
2675 5017 2890 5085 reticent
2903 5015 3217 5085 Yeronenses
3233 5019 3549 5084 membranae,

1979 5075 2112 5143 apud
2127 5093 2249 5143 quas
2270 5079 2388 5143 item
2413 5075 2490 5127 e'st
2510 5075 2793 5143 salutatpro
2814 5075 3060 5128 resalutat.

2050 5139 2114 5206 (l)
2146 5137 2235 5189 'Sic
2255 5139 2457 5206 quidem
2476 5138 2594 5206 editi
2619 5145 2671 5185 et
2693 5137 2806 5206 Mss.
2831 5151 2929 5187 uno
2950 5152 3128 5206 omnes
3151 5152 3391 5206 consensu
3424 5156 3550 5204 prae.

1981 5198 2172 5260 ferunt;
2208 5198 2358 5262 quare
2382 5199 2521 5247 nobis
2558 5199 2811 5262 immutare
2845 5212 2961 5262 non”
2972 5198 3172 5262 placuit.
3199 5198 3450 5251 Mallemus
3481 5211 3550 5252 ta-

1981 5275 2096 5311 men
2121 5257 2426 5310 Novatianum
2460 5271 2546 5320 pro
2569 5267 2744 5307 novato
2767 5257 2896 5320 legi,
2932 5257 3017 5310 ille
3050 5263 3182 5310 enim
3215 5271 3290 5311 est
3322 5262 3548 5314 Romana:

1984 5275 2096 5311 men
2121 5274 2426 5310 ivovauanum
2460 5274 2546 5320 pro
2569 5274 2744 5307 novato
2767 5274 2814 5308 te
2853 5274 2896 5317 ι,
2932 5274 3017 5310 nte
3050 5275 3182 5310 enim
3215 5274 3290 5311 est
3322 5274 3548 5314 uomens:

1984 5321 2209 5372 ecclesia:
2234 5321 2521 5381 Presbyter,
2547 5320 2686 5380 cujus
2709 5274 2985 5369 erudgttione
3008 5322 3226 5372 nonnihil
3248 5323 3384 5374 Hier.
3410 5324 3550 5375 dele-

1981 5383 2216 5455 dabatur,
2231 5382 2438 5455 ejusque
2455 5392 2601 5455 opera
2620 5388 2848 5455 recenset
2869 5381 3148 5455 ἱηρξωξρε.
3167 5383 3547 5455 ωρηιχξηθμε.

1985 5441 2229 5512 epistuX.’
2240 5441 2297 5490 ad
2322 5441 2524 5512 Paulum
2547 5455 2596 5489 n.
2616 5443 2669 5512 .5:
2695 5441 2757 5489 ab
2771 5455 2847 5512 eo.
2872 5443 2996 5512 mitti
3030 5441 3127 5512 sibi
3155 5441 3294 5508 rogat
3317 5441 3550 5512 Epistolas

1982 5501 2306 5563 Novatiani...,
2331 5509 2382 5551 ut
2404 5502 2522 5552 dum
2555 5501 2847 5552 schismatici
2867 5503 3069 5554 hominis
3100 5501 3278 5557 venena
3299 5501 3544 5563 caenosa-

1981 5580 2087 5616 mus
2111 5565 2398 5626 libentius}.
2417 5563 2640 5626 Martyris
2661 5563 2892 5626 cypriani
2913 5565 3126 5618 bibamus
3146 5563 3428 5620 antidotn'm.
3453 5569 3552 5619 No-

1981 5636 2120 5693 vatus
2139 5635 2305 5693 autem
2321 5625 2737 5693 Carthaginiensis
2745 5633 2820 5675 est
2835 5627 3098 5693 Presbyter
3113 5629 3175 5678 de
3193 5643 3290 5680 non
3307 5633 3550 5693 recipien-

1979 5689 2055 5739 dis
2073 5688 2234 5751 lapsis,
2264 5689 2562 5753 bigamisque
2593 5696 2776 5753 auctor,
2798 5689 2876 5753 cui
2900 5688 3006 5750 ipse
3027 5691 3318 5742 Novatianus
3334 5688 3547 5753 dogmatt

1978 5750 2732 5814 propugttaudojunctusest,sed
2766 5750 2870 5813 ejus
2891 5753 3066 5814 scripta
3101 5767 3193 5804 non
3219 5750 3548 5816 proferuntur.
