4056 6184
274 266 382 332 ⁸09

276 384 451 456 magis
477 390 651 441 sonat.
675 378 757 437 Bx
799 392 907 452 quo
948 364 1297 451 intelligimus
1342 374 1489 446 juxta
1516 376 1646 431 illud
1686 376 1852 431 Mala-

279 476 419 532 chiae
451 494 467 532 :
500 494 527 528 ι
557 474 719 532 Labia
767 472 1062 529 sacerdotis
1101 469 1414 527 custodiunt
1453 469 1731 526 scientiam
1752 509 1769 536 ,
1795 477 1852 524 et

277 569 456 640 legem
490 568 767 637 requirunt
790 579 857 620 ex
884 577 979 620 ore
1003 562 1122 633 ejus
1156 581 1178 615 ι
1211 561 1466 635 (κώδια.
1493 563 1546 617 1.
1570 559 1635 632 7)
1664 577 1680 615 :
1708 574 1851 631 prte-

279 660 490 726 cipuam
527 656 721 711 debere
746 669 871 711 esse
894 654 950 710 in
977 652 1342 709 sacerdotibus
1386 651 1520 722 legis
1561 650 1851 706 doctrinae-

276 765 383 820 que
432 748 673 804 notitiam
722 765 737 803 :
773 754 830 803 et
877 746 1242 802 additamento
1285 744 1470 815 gratiae
1523 742 1849 814 spiritualis,

277 840 439 895 talem
468 839 641 894 virum
664 839 867 915 institui
892 879 908 904 ,
939 838 1030 907 qui
1061 837 1229 906 possit
1254 832 1739 907 contradicentibus
1766 846 1852 887 re—

276 931 466 987 sistere
487 927 614 1003 (Til.
642 928 754 1001 l.),
784 937 841 984 et
868 927 1004 982 nihil
1029 928 1082 982 in
1109 941 1167 982 se
1196 925 1400 982 sinistri
1426 924 1622 981 habere
1649 922 1850 993 operis,

274 1023 418 1094 quod
460 1023 621 1078 ducat
644 1021 712 1076 ad
750 1029 1006 1076 tartarum
1040 1036 1055 1073 :
1098 1020 1190 1075 sed
1215 1019 1460 1074 dextrum
1494 1016 1769 1072 brachium
1798 1021 1855 1070 et

274 1123 607 1189 separatum,
633 1129 703 1169 ur
730 1127 899 1169 OPEBA
930 1110 1226 1167 sacerdotis
1263 1108 1661 1178 comparatione
1683 1106 1854 1161 virtu-

275 1215 389 1263 tum
437 1206 591 1277 ejus,
628 1219 659 1259 a
695 1205 903 1258 cunctis
938 1200 1243 1257 hominibus
1276 1207 1521 1270 separata
1563 1199 1690 1253 sint.
1728 1197 1854 1252 Hac

274 1297 344 1353 dc
369 1296 604 1352 victimis
629 1335 645 1361 ,
677 1302 731 1349 et
757 1294 825 1348 de
853 1293 937 1346 his
965 1305 1086 1361 qua:
1128 1289 1423 1345 offeruntur
1452 1289 1517 1342 in
1559 1287 1714 1342 altari
1758 1303 1770 1340 :
1798 1293 1856 1341 et

274 1403 397 1457 qua:
420 1384 788 1441 sacerdotibus
829 1382 1022 1437 dantur
1054 1396 1086 1435 a
1112 1380 1356 1435 Domino.

345 1480 402 1533 2.
433 1478 698 1535 Caeterum
729 1487 784 1532 et
811 1477 914 1531 alia
944 1477 1040 1531 tria
1060 1517 1075 1542 ,
1105 1475 1343 1543 exceptis
1376 1473 1624 1545 primitiis
1655 1473 1853 1527 hostia-

273 1584 398 1625 rum
417 1610 433 1634 ,
464 1578 521 1623 et
548 1566 616 1622 de
646 1567 886 1637 privato,
913 1575 966 1621 et
988 1565 1056 1621 de
1095 1565 1322 1620 macello
1357 1563 1605 1633 publico,
1631 1563 1719 1617 ubi
1746 1576 1853 1617 non

273 1657 486 1728 religio,
513 1658 607 1713 sed
636 1658 807 1713 victus
832 1656 1125 1713 necessitas
1156 1666 1261 1721 est,
1291 1654 1657 1710 sacerdotibus
1680 1666 1853 1708 mem-

276 1748 373 1804 bra
403 1747 724 1813 tribuuntur,
754 1746 1060 1811 brachium,
1092 1744 1329 1811 maxilla,
1359 1744 1438 1815 (a)
1475 1752 1531 1799 et
1551 1752 1754 1797 venter.
1780 1742 1855 1795 De

274 1839 497 1896 brachio
521 1840 630 1908 jam
662 1838 917 1894 diximus.
943 1837 1151 1892 Maxilla
1182 1836 1522 1906 eloquentem
1561 1833 1854 1889 eruditum-

276 1946 384 2003 que
409 1931 691 2002 significat,
723 1940 780 1984 ut
812 1927 954 1999 quod
983 1936 1202 1999 pectore
1228 1925 1581 1995 concipimus,
1612 1938 1706 1979 ore
1732 1937 1853 1992 pro-

276 2036 507 2078 mamus.
537 2020 737 2076 Venter
784 2019 1175 2091 receptaculum
1238 2017 1481 2074 ciborum
1509 2058 1524 2083 ,
1578 2017 1631 2070 in
1676 2021 1855 2069 scorto

277 2110 617 2167 Hadianitide
638 2109 952 2166 sacerdotali
982 2110 1210 2179 pugione
1234 2106 1515 2162 confossus
1545 2102 1851 2178 (Νκηι.25),

280 2204 560 2258 universos
616 2202 778 2275 356
829 2200 1106 2255 hominum
1134 2199 1377 2266 labores,
1401 2205 1457 2253 et
1482 2204 1855 2251 momentanea

278 2294 643 2351 blandimenta
670 2295 828 2365 gulae,
847 2294 1100 2349 stercoris
1120 2291 1226 2347 fine
1242 2290 1593 2347 condemnat:
1608 2296 1858 2344 et'oSten-

279 2386 359 2443 dit
381 2387 645 2442 mentibus
662 2387 989 2443 consecratis
1001 2384 1135 2452 Deo,
1154 2393 1322 2439 totum
1339 2384 1479 2455 quod
1495 2398 1764 2450 curamus,
1783 2381 1858 2454 (b)

278 2478 426 2550 quod
453 2492 718 2545 voramus,
753 2479 806 2532 in
836 2492 1106 2533 secessum
1128 2476 1336 2548 projici.
1364 2474 1518 2531 Unde
1538 2482 1592 2529 et
1624 2475 1856 2543 Aposto-

279 2569 367 2625 lus
397 2586 413 2622 :
442 2587 463 2622 σ
500 2569 634 2625 Esca
658 2610 671 2633 ,
700 2568 890 2638 inquit,
927 2568 1099 2624 ventri
1123 2608 1140 2635 ,
1180 2576 1237 2622 et
1277 2574 1464 2621 venter
1502 2565 1642 2620 escis
1672 2582 1686 2618 :
1720 2565 1859 2619 Deus

278 2670 458 2717 autem
499 2670 554 2716 et
597 2662 738 2716 hunc
767 2669 820 2715 et
846 2660 965 2715 illas
986 2659 1226 2715 destruet
1254 2678 1273 2711 ι
1306 2658 1381 2730 (1.
1407 2658 1527 2712 Cor.
1550 2658 1605 2713 6.
1634 2657 1723 2727 15)
1753 2656 1859 2711 :Et

278 2768 314 2810 ε
343 2752 614 2808 contrario
632 2752 697 2807 de
720 2751 1006 2806 luxuriosis
1034 2769 1048 2806 :
1080 2770 1098 2802 ι
1122 2750 1356 2819 Quorum
1376 2750 1514 2804 Deus
1526 2761 1714 2803 venter
1734 2757 1816 2802 est
1839 2766 1853 2802 :

278 2853 337 2900 et
362 2844 528 2915 gloria
557 2844 609 2899 in
644 2844 959 2900 confusione
979 2857 1167 2899 eorum
1197 2862 1216 2895 ι
1247 2840 1468 2914 (Philip.
1494 2842 1546 2896 3.
1572 2839 1859 2912 l9).Vitu|i

278 2937 556 3009 pulverem
596 2952 756 3007 quem
813 2936 1132 2991 adoraverat
1161 2934 1358 2998 Israel,
1390 2934 1444 2989 in
1489 2940 1856 3002 contemptum

279 3027 681 3098 superstitionis
722 3027 777 3081 in
812 3037 995 3096 potum
1036 3027 1242 3095 accepit
1280 3024 1539 3095 populus,
1588 3033 1646 3078 ut
1689 3023 1861 3078 discat

278 3127 637 3175 contemnere
667 3116 810 3187 quod
849 3118 902 3170 in
928 3130 1202 3172 secessum
1253 3114 1438 3184 projici
1464 3113 1691 3169 viderat.
1715 3113 1861 3168 Prte-

278 3209 480 3279 cipitur
531 3206 939 3271 sacerdotibus,
995 3220 1064 3261 ne
1113 3205 1465 3260 ministraturi
1513 3206 1566 3259 in
1616 3205 1855 3275 templo,

279 3299 467 3353 vinum
489 3306 542 3352 et
569 3298 795 3353 siceram
823 3296 1028 3365 bibant,
1076 3311 1146 3352 ne
1172 3297 1432 3352 ebrietate
1459 3306 1513 3351 et
1536 3297 1773 3367 crapula,
1804 3305 1861 3352 et

280 3388 431 3445 curis
480 3387 638 3458 hujus
678 3388 801 3442 vita:
847 3392 1249 3458 praegraventur
1293 3386 1453 3441 corda
1498 3401 1683 3442 eorum
1717 3405 1730 3441 :
1760 3402 1858 3443 nec

236 3494 241 3501 '
281 3490 489 3553 partem
515 3479 749 3536 habeant
775 3479 826 3535 in
858 3489 1018 3547 terra,
1037 3481 1140 3536 nisi
1153 3481 1323 3536 solum
1350 3480 1517 3536 Deum
1540 3480 1853 3552 (Levit.l0);

279 3580 344 3626 ut
371 3570 512 3626 nulla
540 3570 816 3627 debilitate
837 3570 1158 3644 (c)insignes
1183 3572 1289 3627 sint
1320 3588 1334 3625 :
1367 3588 1435 3629 ne
1467 3574 1671 3628 truncis
1716 3576 1858 3627 auri-

282 3663 417 3733 bus,
447 3665 575 3720 laeso
601 3666 790 3733 oculo,
821 3665 971 3721 simis
1008 3666 1225 3721 naribus
1244 3707 1258 3731 ,
1291 3667 1481 3721 claudo
1504 3666 1639 3737 pede
1662 3706 1676 3731 ,
1720 3666 1863 3720 cutis

276 3756 464 3812 colore
509 3763 751 3822 mutato,
797 3770 917 3825 quae
961 3756 1138 3810 omnia
1184 3754 1493 3811 referuntur
1537 3756 1605 3810 ad
1656 3756 1851 3810 animae

277 3847 434 3903 vitia.
465 3847 752 3902 Vomitus
770 3862 897 3901 BNII
918 3845 971 3899 in
998 3845 1236 3912 homine,
1267 3860 1374 3900 non
1415 3854 1599 3899 natura
1631 3846 1855 3901 damna-

277 3947 392 3995 tur.
421 3937 477 3992 Si
506 3938 625 4006 quis
652 3951 684 3991 e
712 3936 1082 3991 sacerdotibus
1103 3937 1307 3990 semine
1332 3936 1574 4001 ﬂuxerit,
1598 3936 1664 3989 ad
1689 3952 1859 3991 sacer-

279 4028 519 4086 dotalem
547 4041 787 4083 mensam
807 4028 1121 4096 prohibetur
1142 4028 1400 4083 accedere
1424 4045 1439 4092 ;
1468 4038 1522 4083 et
1539 4042 1570 4082 e
1589 4030 1858 4084 contrario

280 4120 465 4183 vidua,
488 4118 640 4189 cujus
667 4133 786 4173 cum
809 4118 937 4173 Sara
971 4118 1285 4173 defecerunt
1311 4118 1613 4185 muliebria,
1640 4129 1858 4188 propter

275 4211 664 4268 continentiam
696 4216 753 4265 et
796 4209 1092 4264 castitatem
1121 4209 1376 4278 recipitur
1419 4209 1472 4263 in
1513 4209 1728 4264 domum
1760 4225 1857 4279 pa-

278 4304 416 4361 tris:
446 4311 501 4359 et
527 4303 595 4358 de
621 4302 803 4374 templi
821 4302 1012 4357 :erario
1041 4301 1218 4356 alitur.
1248 4300 1399 4367 Quod
1423 4302 1468 4355 si
1488 4300 1630 4356 ﬁlios
1660 4302 1860 4357 habue-

276 4396 385 4464 rit,
414 4395 655 4451 redditur
681 4393 850 4449 soboli
881 4407 993 4447 sua:
1013 4434 1026 4460 ,
1062 4401 1121 4447 ut
1144 4392 1293 4462 juxta
1321 4393 1631 4462 Apostolnm
1659 4393 1723 4448 iis
1752 4395 1855 4448 mi-

281 4493 558 4557 nistretur,
579 4509 598 4542 t
628 4506 747 4560 quas
788 4504 915 4544 vere
943 4487 1118 4543 vidua:
1161 4495 1314 4542 sunt»
1341 4488 1415 4559 (1.
1444 4487 1575 4541 Tim.
1596 4488 1650 4543 5.
1676 4488 1729 4559 5)
1760 4505 1774 4542 :
1801 4498 1856 4544 et

278 4593 340 4638 ut
367 4598 487 4653 qua:
530 4581 595 4637 de
631 4580 1057 4637 sacerdotalibus
1098 4588 1427 4635 sustentatur
1456 4580 1590 4636 cibis
1612 4623 1625 4643 ,
1658 4581 1853 4639 nullius

279 4675 501 4729 alterius
520 4688 703 4728 amore
740 4680 1004 4727 teneatur.
1043 4670 1260 4726 Vicinus
1287 4678 1341 4729 et
1364 4671 1730 4727 mercenarius
1754 4686 1853 4728 ex-

347 4784 411 4853 (a)
449 4785 506 4835 In
535 4785 911 4853 commentariis
930 4785 977 4853 i_n
1008 4782 1324 4853 Malachitee.
1349 4784 1397 4853 2.
1424 4783 1555 4853 addit
1579 4786 1725 4839 etiam
1762 4783 1852 4837 lin-

275 4844 442 4911 gnaris,
465 4848 591 4910 quod
608 4855 668 4911 _e_t
686 4847 841 4911 Iudici
863 4844 1151 4911 Babylonici
1190 4845 1558 4911 faciunt._lnfra
1598 4860 1685 4911 pro
1728 4861 1849 4900 voce

280 4906 729 4977 ronfossiisquidam
754 4909 901 4977 editi,
926 4906 1144 4977 etmanu
1164 4909 1348 4977 exarati
1372 4906 1479 4963 libri
1497 4906 1622 4971 apud
1647 4916 1849 4963 veteres

284 4966 700 5034 t~tlitoreShabet1_t
722 4967 958 5034 conﬁxus,
983 4968 1065 5017 alii
1091 4966 1323 5034 defossus.

352 5024 417 5136 (ὁ)
456 5026 637 5076 lterum
657 5024 855 5101 Erasnio
884 5024 1201 5083 consentiens
1224 5032 1382 5080 editor
1413 5029 1672 5103 Benedict.
1718 5032 1849 5105 addit

352 5104 375 5136 υ
415 5100 503 5136 oco
532 5088 659 5136 auod
684 5098 965 5136 satammus.
999 5106 1109 5136 01KB
1131 5092 1226 5136 dun
1251 5093 1398 5136 verba
1416 5127 1430 5136 .
1457 5099 1508 5136 ut
1546 5091 1659 5136 olim
1684 5094 1847 5136 Victo-

278 5089 375 5159 hpe
397 5088 503 5159 loco
532 5088 659 5150 quod
684 5091 966 5159 satagimus,
999 5106 1109 5159 qua;
1131 5092 1399 5159 du9_ver_ba
1416 5127 1430 5151 ,
1457 5099 1508 5142 ut
1546 5091 1660 5159 olim
1684 5094 1847 5159 Victo-

276 5150 412 5208 rius,
436 5151 508 5198 sic
536 5149 640 5215 nos
661 5149 863 5215 plurium
900 5149 1131 5215 bissftide
1154 5154 1344 5204 adducti
1371 5149 1713 5215 expunximus.
1738 5152 1846 5207 Non

266 5219 446 5278 xamen
471 5224 532 5262 eo
553 5211 963 5278 satisgousultum
994 5213 1083 5263 loci
1117 5215 1387 5278 integritati
1419 5211 1691 5278 credimus,
1716 5218 1845 5278 qubd

279 5274 413 5337 enim
436 5286 525 5324 nos
547 5286 655 5322 cum
680 5272 890 5337 Victorio
909 5287 1158 5335 curamus,
1183 5272 1263 5331 alii
1296 5275 1538 5329 currimus
1561 5272 1842 5337 ediderunt,

270 5324 396 5398 falso
418 5324 842 5398 utrumquegscribi
861 5369 876 5398 ,
901 5324 1580 5398 suspicamur,inisicurantus
1603 5324 1844 5388 referatur

273 5398 332 5445 ad
356 5395 818 5460 hominumilabores,
846 5397 910 5446 de
933 5395 1110 5460 quibus
1129 5400 1287 5460 modo.
1315 5400 1541 5450 Fortasse
1562 5407 1666 5447 erat
1688 5398 1845 5460 glutti-

270 5470 393 5517 mus,
419 5466 502 5527 aut
523 5457 639 5525 quid
659 5457 837 5521 simile,
856 5459 943 5509 sed
952 5457 1084 5509 ultra
1099 5459 1210 5509 Mss.
1225 5464 1560 5511 auctoritatem
1584 5474 1678 5509 non
1688 5457 1845 5511 aude-

268 5531 391 5570 IDUS.

334 5579 396 5653 ιε)
434 5575 703 5653 Ιξειιρὲταω
740 5592 850 5632 cum
885 5582 1635 5653 Erasmq__Bcn_edictina__editio
1677 5597 1841 5653 segnes

264 5643 357 5759 ΕΞ
371 5643 595 5755 insignes,
609 5656 755 5706 quam
773 5656 942 5694 vocem
965 5659 1027 5695 ex
1042 5646 1150 5695 aliis
1174 5646 1337 5707 editis,
1362 5653 1413 5697 et
1432 5645 1545 5697 Mss.
1568 5646 1674 5695 fere
1691 5643 1841 5696 omni-

378 5718 462 5756 res
487 5721 498 5754 ι
523 5718 685 5753 tumus

378 5714 685 5756 restituimus

1641 259 1970 323 EPISTULA
2007 258 2189 323 LXIV.

1960 374 2249 430 cluduntur
2281 390 2310 430 a
2337 375 2585 431 convivio
2609 376 2969 446 sacerdotum,
2995 382 3411 442 servisciborum
3442 358 3531 445 re-

1958 468 2139 538 liqnim
2164 467 2679 524 concedunturJam
2701 476 2828 524 tunc
2855 471 3237 540 rejiciebantur
3264 477 3532 550 Pbygclus

1959 566 2014 614 et
2038 558 2423 630 Hermogenes,
2449 568 2505 615 et
2530 560 2887 631 recipiebatur
2914 563 2993 634 (l)
3013 563 3394 636 Onesiphorus.
3420 571 3529 628 Pri-

1958 649 2125 705 mitiae
2151 650 2390 706 ciborum
2428 657 2484 705 et
2520 650 2756 706 omnium
2802 651 3010 722 frugum
3040 666 3198 724 atque
3248 674 3530 729 pomorum

1957 738 2254 795 oﬁ‘eruntur
2286 741 2524 797 Antistiti
2553 759 2567 795 :
2609 750 2668 797 ut
2693 741 2897 798 habens
2939 743 3134 800 victum
3183 756 3342 819 atque
3371 755 3533 809 vesti-

1960 836 2096 896 tum,
2129 830 2334 900 absque
2363 832 2474 887 ullo
2502 833 2890 902 impedimento
2917 848 3139 893 securus
3165 847 3219 894 et
3258 840 3394 897 liber
3419 859 3537 900 ser-

1957 920 2068 974 viat
2114 920 2362 976 Domino.
2404 922 2767 992 Primogenita
2839 925 3160 983 mundorum
3224 930 3535 991 animalium

1957 1009 2228 1079 accipiunt
2248 1012 2558 1068 sacerdotes
2582 1029 2597 1066 :
2622 1014 3016 1072 immundorum
3041 1021 3229 1088 pretia.
3245 1021 3532 1080 Hominum

1957 1113 2170 1169 quoque
2189 1102 2346 1170 primi
2373 1112 2556 1173 partus
2584 1104 2943 1175 redimuntur,
2961 1118 3016 1164 et
3034 1112 3156 1181 quia
3178 1114 3415 1169 conditio
3428 1131 3532 1172 una

1959 1194 2326 1258 nascendiest,
2352 1195 2430 1267 (ά)
2452 1199 2678 1265 pretium
2983 1205 3260 1274 aequaliter
3285 1204 3532 1276 oﬁ‘ertur,

1954 1280 2037 1336 sic
2057 1283 2391 1340 moderatum
2413 1297 2468 1342 et
2497 1288 2652 1344 leve:
2678 1280 2856 1347 utnec
2885 1293 3036 1349 dives
3060 1296 3399 1365 intumescat,
3432 1315 3534 1357 nec

1958 1374 2137 1428 tenuis
2180 1388 2557 1447 praegravetur.
2602 1380 2807 1437 ΛΕάίιυί
2852 1393 2906 1439 et
2958 1386 3220 1455 ianitores
3265 1392 3535 1461 accipiunt

1958 1465 2244 1524 decimas:
2288 1483 2342 1525 et
2387 1488 2598 1528 rursum
2650 1476 2884 1533 decimas
2929 1478 3254 1538 decimarum
3303 1486 3537 1543 oli'erunt

1960 1560 2329 1616 sacerdotibus
2358 1563 2544 1633 (Num.
2575 1567 2663 1621 l8.
2691 1579 2739 1622 et
2766 1570 2856 1641 55)
2876 1568 2895 1625 :
2923 1579 3073 1628 tanto
3120 1577 3223 1632 illis
3265 1579 3533 1648 minores,

1957 1659 2160 1719 quanto
2188 1652 2289 1720 ipsi
2335 1656 2566 1724 majores
2593 1660 2808 1727 populo.
2833 1662 3193 1732 Quadraginta
3239 1678 3361 1724 octo
3402 1654 3535 1726 civi-

1960 1746 2097 1794 tates
2133 1742 2200 1796 ad
2249 1744 2592 1802 habitandum
2630 1748 2829 1805 Levitis
2871 1762 2925 1807 et
2972 1748 3350 1815 Sacerdotibus
3376 1744 3550 1833 sepa-‘-

1958 1838 2145 1884 rantur
2192 1849 2204 1883 :
2253 1847 2344 1887 sex
2388 1836 2547 1891 urbes
2591 1836 2927 1908 fugitivorum
2968 1852 3113 1899 trans
3151 1845 3437 1904 Iordanem
3481 1860 3536 1907 et

1956 1919 2097 1974 intra
2125 1919 2411 1978 Iordanem
2442 1926 2712 1997 eliguntur
2744 1948 2757 1985 :
2786 1939 2841 1987 et
2867 1932 2989 1988 linis
3015 1935 3155 1990 exilii
3191 1918 3335 1992 mors
3356 1939 3538 1995 Ponti-

1959 2008 2076 2064 ticis
2113 2020 2213 2066 est.
2243 2013 2502 2071 Universa
2538 2033 2656 2087 quae
2691 2020 2917 2077 festinus
2971 2037 3153 2080 sermo
3202 2030 3534 2097 perstrinxit,

1959 2109 2016 2155 et
2052 2116 2280 2171 quorum
2327 2107 2530 2174 pulsavi
2564 2117 2789 2177 tantum,
2820 2127 2919 2167 nec
2959 2118 3139 2183 aperui
3178 2133 3534 2187 sacramenta,

1959 2192 2028 2246 ad
2076 2203 2296 2251 cunctos
2349 2199 2617 2266 pertinent
2660 2203 2967 2258 sacerdotes
3011 2222 3025 2258 :
3072 2205 3314 2264 Pontifex
3357 2219 3534 2268 autem

1960 2289 2174 2357 quantis
2217 2289 2414 2358 polleat
2445 2292 2768 2363 privilegiis,
2803 2295 2974 2352 dicam
2998 2296 3251 2355 breviter.
3532 2352 3535 2356 .

2032 2380 2085 2433 5.
2125 2378 2311 2451 Caput,
2342 2382 2531 2452 inquit,
2562 2401 2709 2439 suum
2728 2403 2828 2442 non
2855 2390 3184 2461 disc00periet
3213 2391 3397 2462 (Leuit.
3417 2394 3508 2468 Ql‘)

1963 2468 2133 2525 liabet
2152 2472 2392 2539 cidarim,
2420 2483 2474 2529 et
2494 2489 2684 2531 nomen
2712 2477 2804 2533 Dei
2832 2487 3008 2548 portat
3029 2481 3081 2535 in
3101 2481 3277 2539 fronte
3305 2500 3317 2536 :
3347 2484 3528 2542 diade-

1960 2569 2104 2615 mate
2132 2570 2350 2618 ornatus
2394 2566 2670 2635 estrrgio,
2700 2568 2764 2623 ad
2808 2571 3096 2639 perfectam
3141 2570 3339 2630 Christi
3385 2580 3536 2634 venit

1961 2658 2193 2719 aetatem,
2213 2667 2425 2724 semper
2444 2656 2560 2726 ejus
2583 2657 2750 2727 gloria
2776 2663 3130 2732 protegendus
3153 2676 3234 2721 est
3263 2684 3278 2722 :
3304 2678 3357 2723 et
3373 2671 3535 2726 vesti-

1960 2757 2140 2800 menta
2159 2762 2256 2803 sua
2285 2740 2390 2804 non
2421 2752 2651 2819 scindet,
2686 2755 2809 2824 quia
2856 2758 3082 2812 candida
3110 2770 3253 2828 sunt,
3287 2765 3409 2832 quia
3439 2765 3536 2820 im-

1962 2837 2191 2906 polluta,
2220 2841 2341 2910 quia
2368 2857 2563 2914 aguum
2594 2848 2869 2915 sequentia
2900 2863 2915 2900 :
2947 2859 3001 2904 et
3026 2850 3094 2905 de
3135 2862 3362 2909 attonsa:
3417 2858 3534 2913 ovis

1959 2929 2202 2987 confecta
2232 2934 2539 2990 velleribus.
2574 2936 2808 2993 Thamar
2850 2941 3045 2998 amissa
3072 2944 3345 3014 pudicitia,
3377 2949 3536 3007 scidit

1963 3023 2193 3078 tunicam
2225 3022 2377 3097 (Gen.
2401 3026 2513 3097 58).
2539 3028 2767 3099 Caiphas
2797 3032 3009 3100 perdito
3030 3035 3359 3104 sacerdotio,
3392 3041 3536 3110 rupit

1962 3113 2176 3183 publice
2199 3117 2521 3172 vestimenta
2576 3119 2789 3188 (Matth.
2820 3119 2936 3192 26).
2973 3122 3042 3192 (ε)
3076 3143 3093 3175 ι
3121 3124 3294 3196 Super
3320 3144 3536 3187 omnem

1961 3206 2212 3267 animam,
2232 3222 2350 3277 qua:
2371 3219 2574 3263 mortua
2593 3221 2692 3277 est,
2714 3226 2818 3267 non
2838 3196 3164 3283 ingredietur
3192 3237 3211 3271 ι
3242 3218 3423 3289 (Leuit.
3440 3220 3532 3279 2i.

1961 3297 2073 3366 11).
2133 3297 2464 3370 Ubicumque
2503 3310 2779 3373 peccatum
2829 3311 2933 3371 est,
2967 3314 3017 3360 et
3045 3306 3098 3360 in
3126 3321 3347 3377 peccato
3368 3327 3533 3381 mors,

1959 3390 2087 3446 illuc
2115 3390 2361 3449 Pontifex
2383 3409 2488 3448 non
2519 3395 2743 3450 accedit.
2780 3414 2800 3448 ι
2830 3395 3017 3452 Anima
3050 3415 3169 3470 quze
3196 3406 3534 3473 peccaverit,

1961 3480 2073 3550 ipsa
2097 3482 2355 3563 morietur
2375 3503 2395 3536 ι
2429 3484 2638 3557 (Ezech.
2675 3484 2783 3560 18).
2814 3487 3067 3556 Quamvis
3091 3492 3182 3547 ille
3220 3494 3290 3549 sit
3340 3495 3490 3554 dives
3514 3539 3531 3567 ,

1960 3574 2204 3640 quamvis
2233 3586 2443 3646 potens,
2478 3587 2532 3634 et
2550 3578 2944 3635 multitudinem
2965 3581 3531 3657 offeratvictimarum,

1959 3664 2003 3718 si
2036 3673 2278 3721 mortuus
2308 3675 2411 3735 est,
2446 3666 2515 3740 (f)
2548 3684 2653 3723 non
2684 3669 2921 3740 tangitur
2940 3685 2970 3725 a
2997 3670 3252 3731 Pontiﬁce
3272 3716 3287 3743 ,
3315 3693 3423 3732 non
3450 3679 3533 3735 vi-

1959 3755 2133 3811 detur.
2166 3757 2318 3822 Quod
2346 3759 2391 3812 si
2422 3759 2671 3828 resurgit,
2689 3766 2745 3814 et
2771 3759 2836 3813 ad
2865 3775 3049 3815 vocem
3068 3763 3362 3820 Salvatoris
3377 3782 3534 3838 egre-

1959 3846 2103 3903 ditur
2121 3847 2189 3901 de
2214 3848 2457 3917 sepulcro
2477 3889 2493 3914 ,
2524 3858 2579 3902 et
2607 3849 2788 3902 fasciis
2816 3860 3159 3917 peccatorum
3213 3855 3419 3911 solutus
3450 3860 3535 3913 in-

1959 3937 2102 3991 cedit
2133 3936 2311 4004 (Joan.
2342 3938 2431 3991 11.
2459 3937 2552 4006 12)
2576 3976 2592 4001 ,
2638 3934 2861 3992 intrabit
2903 3939 2971 3994 ad
3017 3954 3138 3995 eum
3167 3942 3448 4000 Pontifex:
3480 3958 3535 4005 et

1926 4018 2035 4081 'ibi
2083 4026 2240 4082 faciet
2286 4028 2659 4096 mansionem,
2688 4037 2891 4085 etcum
2944 4045 3258 4105 resurgente
3306 4039 3534 4109 prande-

1959 4116 2056 4171 bit.

2029 4208 2084 4301 ξ.
2133 4223 2153 4257 ι
2178 4205 2350 4277 Super
2380 4216 2531 4277 patre
2560 4223 2656 4264 suo
2679 4219 2734 4266 et
2762 4221 2931 4268 matre
2970 4226 3064 4269 sua
3100 4230 3205 4270 non
3239 4219 3535 4290 inquinabi-

1964 4297 2079 4352 tur'i
2107 4297 2287 4368 (Leuit
2316 4298 2406 4353 21.
2454 4298 2567 4372 11).
2603 4299 2761 4357 Multa
2793 4318 2890 4359 nos
2912 4302 3087 4360 facere
3115 4309 3530 4379 cogitaﬂ'ectus:

1961 4398 2014 4446 et
2042 4406 2149 4445 nun
2176 4406 2623 4455 PROPINQUITATEII
2650 4395 2961 4465 respicimus
2982 4413 3297 4472 corporum,
3327 4416 3381 4461 et
3410 4423 3532 4464 cor-

1959 4484 2106 4554 poris
2132 4494 2181 4538 et
2208 4486 2400 4539 animae
2428 4485 2746 4542 offendimus
2774 4488 3101 4549 Creatorem.
3133 4493 3234 4564 Qui
3264 4507 3406 4553 amat
3429 4514 3526 4570 pa-

1960 4584 2097 4631 trem
2124 4585 2215 4631 aut
2241 4588 2465 4633 matrem
2496 4594 2657 4648 super
2681 4578 2974 4649 Christum,
3009 4600 3111 4640 non
3143 4597 3224 4642 est
3243 4604 3308 4643 eo
3334 4590 3527 4660 dignus

1918 4696 1921 4701 ι
1957 4666 2111 4741 (Luc.
2136 4669 2214 4740 9).
2240 4670 2540 4742 Discipulus
2569 4671 2634 4726 ad
2668 4675 2999 4744 sepulturam
3023 4679 3187 4748 patris
3211 4680 3289 4736 ire
3313 4682 3528 4740 deside-

2016 4910 2094 4974 (d)
2131 4912 2255 4982 Male
2293 4915 2487 4976 quidam
2511 4915 2631 4982 editi
2657 4921 2709 4966 et
2732 4915 2843 4967 Mss.
2881 4935 2904 4969 ς
2938 4918 3053 4981 quia
3077 4920 3288 4972 conditio
3319 4924 3526 4982 humana

1951 4975 2180 5043 nascendi
2205 4984 2281 5024 est
2294 4975 2574 5043 communis,
2598 4991 2768 5043 omnes
2791 4975 2998 5039 pretium
3021 4982 3274 5043 aequaliter
3294 4975 3522 5041 offerunt:

2022 5033 2201 5111 (ejrSilc
2216 5043 2358 5111 vetns
2380 5033 2625 5106 interpres
2647 5050 2720 5111 ex.
2736 5033 2904 5111 Graiae
2927 5053 2984 5111 agt
3123 5056 3218 5111 ψηῆ
3237 5033 3505 5111 ,σάξέᾷξᾷ

1952 5090 2050 5165 etc":
2069 5090 2213 5165 'unde_
2233 5099 2387 5165 etiam
2403 5111 2490 5159 pro
2511 5090 2783 5165 "ingreditur
2798 5134 2811 5159 ,
2836 5108 2888 5149 ut
2909 5090 3522 5165 antea'éra—finvin‘s'tafii:

1950 5154 2161 5236 fecimus
2196 5149 2490 5236 ingredietur
2507 5192 2522 5216 ,
2548 5149 2834 5236 tio‘nenim',
2856 5156 2915 5232 ut
2937 5149 3523 5236 passim—

1950 5171 2158 5228 iecimus
2196 5171 2490 5267 ingredietur
2507 5192 2522 5216 ,
2548 5172 2797 5228 nonennn
2818 5191 2834 5218 ,
2856 5171 2912 5232 ut
2937 5171 3109 5222 passim
3147 5171 3347 5231 istbazc.
3372 5171 3523 5236 atque

1950 5215 2205 5338 ﬁllilaénfra
2278 5219 2562 5279 abebautur,
2600 5216 2883 5284 Hieronymi
2921 5225 3071 5283 verba
3099 5234 3230 5288 sunt,
3264 5232 3354 5280 sed
3391 5233 3523 5286 Scri-

1970 5291 2122 5324 lllll'iB.
3472 5315 3477 5319 .

2020 5335 2075 5413 (ﬁ
2104 5338 2318 5413 .Bneginae
2339 5339 2588 5413 exemplar
2606 5359 2675 5413 ζ,σι
2691 5355 2787 5393 non
2810 5348 3023 5413 tangitur
3040 5360 3068 5398 a
3090 5348 3354 5407 Sacerdote
3374 5390 3388 5413 ,
3411 5358 3517 5409 sive

1948 5412 1977 5449 a
1996 5398 2582 5487 Irpiitiii'cennounvidneiuf;
2606 5398 2994 5487 Eoslreviviﬁit
3019 5398 3359 5487 pndiéiiiigii'.
3375 5398 3483 5464 3"“

1971 5419 1977 5448 ι
1998 5419 2231 5449 ruminat:
2257 5419 2351 5450 nou
2376 5419 2579 5453 Vluctul'.
2608 5419 2994 5515 moxmrevtvtsclt
3019 5423 3108 5472 ριτο
3128 5419 3359 5487 resurgit.
3384 5433 3407 5464 ι
3458 5426 3483 5433 ”

1971 5460 2079 5539 ,ω
2118 5462 2339 5539 Publilii
2349 5476 2413 5512 ει
2437 5476 2690 5539 9903905.“.
2748 5480 2814 5539 $5-
2837 5476 2887 5519 ει
2908 5468 3202 5539 Moguntina
3226 5490 3392 5538 primae
3414 5480 3519 5532 edi-

1947 5525 2203 5604 }l‘Z‘lliﬂll:
2222 5525 2357 5604 ίὲἶρς
2372 5528 2589 5604 I999?“
2622 5528 2765 5591 ἱυινθι
2801 5525 3065 5604 0mm?“-
3106 5525 3520 5604 Ρνθξὶειέέἶςιῖιῖά
3554 5548 3559 5553 ‘

1946 5583 2206 5661 Onesimus
2247 5584 2546 5661 ﬂbilemouis
2588 5583 2763 5661 servus
2804 5602 2908 5643 erat
2950 5583 3514 5661 exVepistolaV—llauli—a‘d

1949 5647 2177 5727 enuntiem
2200 5662 2256 5727 ν..
2272 5650 2289 5698 1
2303 5650 2370 5727 ii,
2386 5658 2479 5727 etc.
2508 5652 2831 5717 Onesipltorus
2853 5668 2947 5711 non
2969 5647 3127 5723 item:
3275 5647 3517 5727 ἐξιξςέἦυῖιῖ

1949 5717 2001 5760 et
2033 5710 2210 5773 δυάς-(εδ
2228 5712 2461 5775 Αι-ωειυιε.
