4056 6184
583 321 687 388 611

587 457 744 512 rans,
768 440 1070 500 Salvatoris
1095 429 1410 504 prohibetur
1435 430 1679 500 imperio.
1729 430 1937 497 Quum
1984 430 2172 486 Mon-

601 547 818 590 ειιοιιωι
837 534 962 588 dum
983 523 1146 596 patris
1170 523 1463 591 matrisque
1476 522 1816 585 miserentur,
1831 535 1953 577 suas
1966 521 2174 575 animas

593 620 982 696 perdiderunt!
1017 616 1191 684 Super
1219 622 1372 684 patre
1397 623 1452 669 et
1477 622 1647 670 matre
1671 615 1837 685 pollui
1885 613 2038 668 nobis
2066 626 2174 668 non

595 715 741 774 licet.
758 719 959 780 quanto
974 705 1141 775 magis
1154 719 1315 776 super
1331 705 1515 771 fratre,
1538 705 1834 771 sororibus,
1857 705 2021 777 358
2039 718 2174 758 con-

591 800 846 864 sobrinis,
881 797 1100 863 familia,
1133 796 1401 852 servulis?
1427 795 1608 852 Genus
1637 796 1818 866 regale
1843 805 1897 850 et
1921 794 2175 850 sacerdo-

591 892 698 950 tale
717 905 921 946 sumus.
952 888 1113 944 ιιιωι
1139 903 1490 944 “manuus
1513 895 1740 958 patrem,
1770 887 1860 957 qui
1903 899 2173 955 nunquam

593 981 843 1045 moritur,
869 987 961 1033 aut
986 978 1075 1048 qui
1113 991 1210 1047 pro
1237 976 1393 1033 nobis
1433 977 1660 1032 moritur
1686 994 1700 1030 :
1730 985 1782 1030 et
1807 976 1898 1046 qui
1929 975 2054 1030 ideo
2081 974 2178 1028 vi-

528 1126 534 1131 .
593 1089 727 1129 vens
754 1081 997 1128 mortuus
1025 1077 1128 1133 est,
1158 1077 1218 1122 ut
1244 1083 1344 1122 nos
1366 1077 1608 1122 mortuos
1633 1067 1943 1122 viviticaret.
1978 1063 2176 1135 Siquid

596 1165 861 1222 habemus
908 1163 975 1219 de
1019 1161 1250 1233 IEgypto
1293 1161 1435 1231 quod
1485 1161 1733 1230 princeps
1780 1158 1964 1214 mundi
2016 1173 2175 1213 suum

597 1257 774 1326 possit
801 1268 1119 1326 agnoscere,
1149 1251 1348 1308 tenenti
1379 1250 1644 1322 Egyptize
1673 1266 1796 1306 cum
1827 1251 1991 1321 pallio
2014 1250 2180 1306 relin-

599 1361 828 1418 quamus
850 1344 1004 1415 (Gen.
1032 1342 1147 1414 59).
1177 1342 1414 1398 Sindone
1443 1350 1664 1411 opertus
1693 1340 2030 1405 adolescens,
2061 1339 2174 1394 vin-

595 1447 742 1492 ctum
772 1436 1056 1490 Dominum
1091 1433 1418 1503 sequebatur
1459 1430 1652 1505 (Marc.
1687 1433 1777 1502 14)
1806 1448 1822 1485 :
1857 1430 2177 1486 incurrisset

595 1527 650 1583 in
709 1527 962 1597 laqueos,
994 1525 1096 1580 nisi
1142 1523 1424 1595 expeditus
1451 1532 1504 1578 et
1541 1523 1713 1578 nudus
1742 1522 2177 1592 persequentium

595 1619 919 1676 declinasset
950 1618 1232 1688 impetum.
1265 1615 1576 1673 Reddamus
1604 1615 1914 1686 parentibus
1939 1631 2058 1686 qua:
2087 1630 2180 1686 pa-

597 1722 816 1768 rentum
835 1720 996 1766 sunt:
1026 1711 1072 1765 si
1104 1719 1283 1765 tamen
1313 1710 1535 1764 vivunt:
1564 1711 1609 1764 si
1637 1709 1930 1765 servientes
1954 1708 2180 1764 Domino

601 1803 742 1858 filios
781 1818 909 1858 suos
930 1799 1175 1871 praeferri
1206 1799 1308 1855 sibi
1331 1800 1647 1870 gloriantur.
1694 1818 1698 1826 ·

670 1895 724 1950 5.
761 1913 780 1946 ι
813 1893 882 1948 Ει
905 1893 974 1949 de
1003 1894 1201 1948 sanctis
1227 1908 1336 1948 non
1363 1893 1672 1959 egredietur
1703 1910 1716 1947 :
1751 1902 1806 1949 et
1843 1908 1948 1948 non
1978 1893 2183 1964 polluet

598 1985 1069 2043 sanctificationem
1103 1985 1195 2039 Dei
1227 1985 1312 2039 sui
1337 2003 1356 2037 ›
1390 1984 1582 2056 (Leuit.
1608 1985 1700 2039 21.
1726 1985 1838 2054 12).
1876 1985 1978 2039 Pro
2007 1987 2180 2040 otioso

598 2093 813 2148 quoque
856 2077 1020 2132 verbo
1068 2077 1332 2132 rationem
1377 2075 1638 2132 reddituri
1683 2090 1912 2131 sumus:
1944 2091 2012 2129 εἰ·
2038 2090 2178 2130 omne

599 2183 737 2231 ouon
767 2183 872 2222 non
900 2166 1128 2222 mdiﬁcat
1152 2167 1434 2223 audientes
1458 2209 1473 2230 ,
1501 2167 1554 2222 in
1608 2167 1903 2236 periculum
1953 2167 2182 2221 vertitur

597 2258 950 2329 loquentium.
981 2259 1097 2329 Ego
1120 2259 1164 2313 si
1189 2258 1387 2321 fecero,
1413 2259 1458 2312 si
1483 2258 1670 2313 dixero
1700 2257 1994 2328 quippiam,
2038 2256 2178 2327 quod

599 2350 1022 2420 reprehensione
1063 2349 1279 2418 dignum
1311 2359 1394 2404 cst
1421 2367 1433 2401 :
1463 2349 1531 2404 de
1574 2349 1772 2404 sanctis
1801 2349 2079 2418 egredior,
2127 2354 2182 2403 et

599 2440 783 2510 polluo
838 2440 1156 2495 vocabulum
1205 2441 1440 2506 ChriSIi,
1491 2441 1544 2495 in
1583 2456 1688 2510 quo
1734 2441 1864 2495 mihi
1893 2440 2176 2495 blandior:

597 2539 798 2602 quanto
827 2531 996 2600 magis
1021 2529 1271 2585 Pontifex
1300 2539 1356 2585 et
1397 2531 1690 2600 Episcopus
1717 2571 1732 2596 ,
1784 2546 1937 2600 quem
1968 2537 2181 2599 Oportet

596 2637 720 2680 esse
746 2624 863 2678 sine
889 2621 1115 2677 crimine
1162 2621 1289 2692 (Tit.
1325 2621 1381 2692 1)
1412 2640 1424 2675 :
1460 2631 1835 2692 tantarumque
1885 2623 2139 2677 virtutum
2160 2661 2176 2689 ,

596 2723 655 2772 ut
681 2729 895 2785 semper
923 2722 1164 2770 moretur
1189 2714 1241 2768 in
1272 2713 1483 2770 Sanctis
1519 2732 1535 2769 :
1573 2723 1627 2769 et
1671 2724 1885 2783 paratus
1927 2714 1998 2768 sit
2020 2713 2181 2768 victi-

596 2821 714 2863 mas
760 2806 955 2862 offerre
985 2822 1081 2874 pro
1113 2806 1311 2876 populo
1334 2846 1349 2872 ,
1392 2805 1470 2875 (1)
1502 2814 1782 2875 sequester
1824 2804 2095 2860 hominum
2124 2814 2180 2859 et

598 2899 717 2966 Dei,
745 2907 799 2954 et
820 2912 1013 2953 carnes
1039 2898 1158 2968 agni
1183 2912 1339 2952 sacro
1360 2913 1455 2952 ore
1475 2899 1766 2953 conficiens
1791 2915 1805 2952 :
1840 2917 1859 2950 ε
1888 2898 2020 2966 Quia
2049 2913 2178 2954 san-

597 3000 743 3046 ctum
770 2990 946 3044 oleum
974 2986 1052 3060 (a)
1080 2988 1278 3044 Christi
1313 2989 1403 3044 Dei
1428 2989 1510 3044 sui
1536 3004 1698 3059 super
1723 3004 1847 3044 eum
1873 2997 1972 3044 est.
2010 3007 2029 3041 ι
2061 2987 2176 3043 Νοη

598 3081 907 3152 egredietur
933 3081 1000 3136 de
1027 3091 1234 3149 sancto,
1288 3097 1356 3137 ne
1384 3082 1763 3137 vestimentum
1811 3097 1919 3151 quo
1961 3080 2178 3136 indutus

595 3179 701 3238 est,
728 3171 950 3241 polluat.
978 3171 1251 3243 Quotquot
1287 3172 1429 3227 enim
1461 3173 1513 3227 in
1546 3173 1761 3229 Christo
1787 3171 2040 3242 baptizati
2090 3187 2178 3228 su-

594 3277 739 3330 mus,
767 3261 1042 3318 Christum
1071 3263 1342 3317 induimus
1363 3261 1508 3330 (Gal.
1527 3262 1606 3334 5).
1633 3262 1921 3319 Servemus
1945 3263 2176 3318 tunicam

593 3367 755 3424 quam
781 3354 1104 3423 accepimus,
1126 3361 1363 3408 sanctam
1383 3352 1746 3408 custodiamus
1781 3353 1836 3408 in
1853 3364 2059 3409 sancto.
2081 3353 2178 3409 Ille

597 3451 886 3498 montanus
912 3442 1180 3497 habitator
1203 3482 1218 3508 ,
1256 3443 1346 3512 qui
1377 3441 1444 3498 de
1469 3442 1764 3499 Jerusalem
1814 3444 2178 3501 descendebat

597 3533 656 3588 in
679 3531 918 3602 Jerieho,
943 3546 1050 3587 non
1081 3531 1230 3602 prius
1253 3532 1567 3588 vulneratus
1593 3545 1696 3602 est,
1729 3550 1891 3605 quam
1921 3537 2172 3592 nudatus.

600 3622 905 3679 lnfunditur
928 3623 979 3678 ei
1008 3621 1187 3678 oleum
1212 3622 1661 3680 medicamentum
1690 3625 1828 3694 lene,
1860 3635 1913 3682 et
1963 3627 2176 3683 miseri-

599 3715 784 3772 cordia
825 3724 1177 3786 temperatum
1209 3733 1224 3771 :
1256 3726 1312 3772 et
1335 3717 1459 3788 quia
1481 3716 1667 3773 debuit
1692 3719 2026 3790 negligentiae
2055 3734 2178 3776 sen-

597 3811 699 3868 tire
747 3811 1040 3866 cruciatum
1065 3849 1082 3878 ,
1113 3810 1220 3865 vini
1247 3811 1560 3866 austeritate
1587 3812 1864 3868 mordetur
1889 3812 2037 3884 (Luc.
2061 3813 2172 3884 10):

593 3910 654 3958 nt
703 3917 802 3974 per
823 3903 1000 3960 oleum
1020 3902 1088 3958 ad
1119 3903 1484 3974 paenitentiam
1508 3915 1851 3975 provocetur,
1871 3920 1966 3977 per
1995 3907 2174 3962 vinum

593 3997 933 4052 severitatem
961 3995 1158 4050 sentiat
1183 3995 1497 4065 judicantis.

665 4085 722 4140 6.
768 4103 786 4136 ι
824 4083 1060 4141 Uxorem
1086 4085 1350 4154 virginem
1377 4086 1627 4156 accipiet,
1654 4085 1869 4144 viduam
1900 4098 2078 4145 autem
2119 4096 2177 4145 et

594 4175 824 4245 ejectam
862 4185 917 4230 et
946 4175 1286 4232 meretricem
1336 4192 1445 4233 non
1477 4179 1739 4248 accipiet,
1773 4179 1868 4236 sed
1915 4181 2177 4252 virginem

596 4264 665 4320 de
691 4277 888 4334 genere
913 4277 1032 4331 suo,
1062 4273 1116 4319 et
1141 4280 1247 4321 non
1280 4265 1664 4323 contaminabit
1706 4284 1889 4326 semen
1914 4285 2067 4326 suum
2121 4271 2174 4328 in

597 4352 814 4425 populo.
837 4352 953 4424 Ego
970 4353 1223 4410 Dominus
1240 4358 1329 4426 qui
1355 4357 1631 4412 sanctifico
1649 4373 1770 4412 eum
1798 4377 1817 4411 ι
1853 4361 1873 4432 (
1896 4359 2058 4416 Leuit.
2081 4363 2172 4418 2i.

597 4444 725 4515 14).
771 4443 895 4500 Scio
934 4443 1262 4514 pontificem,
1319 4448 1404 4500 cui
1457 4458 1721 4518 praecepta
1751 4465 1894 4506 nunc
1921 4451 2118 4508 dantur
2144 4469 2176 4509 a

599 4535 871 4607 plerisque
896 4534 1167 4590 Christum
1241 4536 1404 4608 359
1478 4538 1698 4610 intelligi
1726 4555 1740 4592 :
1771 4549 1827 4596 et
1849 4541 1902 4596 id
1929 4544 2070 4613 quod
2095 4544 2178 4600 di-

593 4637 739 4683 ctum
757 4637 862 4695 est,
879 4645 900 4679 ‹
927 4640 1088 4696 super
1105 4636 1256 4697 patre
1276 4637 1330 4684 et
1345 4638 1518 4686 matre
1536 4631 2038 4703 noninquinahitur,
2066 4654 2085 4689 ι
2109 4637 2178 4694 de

595 4717 839 4791 virginali
862 4717 1044 4774 Maria:
1071 4728 1226 4790 partu
1255 4719 1478 4776 edisseri
1514 4738 1527 4774 :
1561 4722 1837 4794 multoque
1863 4726 2068 4784 facilior
2093 4738 2178 4785 est

591 4825 757 4886 super
777 4812 1004 4868 Domino
1029 4813 1421 4883 interpretatio,
1441 4813 1532 4884 qui
1549 4814 1695 4870 audit
1712 4816 1765 4872 in
1782 4817 1996 4876 Psalmo
2020 4838 2034 4876 :
2055 4821 2174 4892 ciTu

596 4919 658 4962 es
685 4906 936 4964 sacerdos
961 4907 1013 4962 in
1037 4916 1319 4975 aeternum,
1351 4905 1646 4964 secundum
1668 4909 1909 4968 ordinem
1953 4912 2175 4970 Melchi-

654 5103 730 5174 (η)
747 5101 826 5174 *ξι
1034 5115 1093 5158 ὅτι
1107 5117 1263 5169 sei-por
1283 5117 1403 5158 αιιον
1429 5118 1475 5174 τὸ
1503 5121 1750 5174 ξρωτόεερῠ
1771 5123 1862 5161 Θιοῦ
1885 5122 1941 5160 ις’
1957 5122 2085 5163 αὖτου.
2110 5111 2176 5163 Et

595 5163 777 5234 ghristi
796 5165 994 5234 quidem
1016 5163 1204 5234 nomen
1219 5183 1247 5217 a
1271 5163 1619 5234 vetustioribus
1637 5170 2043 5234 ,Hieronymianis
2065 5173 2174 5223 edi-

592 5227 1047 5297 tipnibus’aberat,
1068 5229 1118 5278 in
1155 5229 1270 5297 Mss.
1294 5232 1762 5297 auteminvenitur;
1786 5227 1874 5297 scil
1910 5232 2052 5284 facile
2089 5240 2175 5287 aut

592 5286 825 5355 chyiqmg,
847 5297 930 5355 aut
940 5286 1114 5355 verius
1135 5290 1408 5355 Christum;
1433 5295 1541 5354 ejus
1564 5291 1672 5355 loco
1693 5286 1956 5355 legendum
1981 5303 2075 5345 est.

660 5347 901 5418 (l)_.Paria
930 5351 1090 5418 habet
1128 5355 1187 5418 in
1217 5347 1477 5418 Malachjze'
1502 5353 1698 5418 cap.__2.
1740 5347 1885 5418 Eique
1929 5355 2175 5418 Origenes

593 5409 774 5461 Boniil.
797 5410 842 5459 2.
870 5413 918 5460 in
930 5411 1134 5462 Levitic.
1153 5413 1362 5464 Basilius
1380 5409 1582 5466 Constit'.
1609 5409 1821 5466 Monast.’
1839 5430 1944 5469 can.
1970 5409 2047 5468 22'.
2073 5419 2176 5469 alli-

591 5485 690 5532 que
699 5472 1299 5536 veteresadstipulautur.
1317 5477 1682 5536 S.Augustinus
1704 5484 1864 5527 tamen
1889 5472 1972 5528 lib.
1987 5481 2034 5528 2.
2060 5493 2176 5529 cou-

591 5539 666 5582 ιη
698 5533 1074 5602 ξ’θηιιξηξαῑιιωὶ
1095 5548 1203 5596 cap.
1228 5537 1302 5602 8.__
1321 5537 1448 5602 hunc
1461 5533 1772 5602 Donatistam
1800 5541 2170 5602 reprehendit,

591 5594 722 5660 quod
747 5589 1066 5660 mediatorqm
1105 5589 1217 5644 esse
1256 5596 1463 5660 dixisset
1485 5597 1773 5660 Episcopum
1798 5589 1926 5650 intcr
1951 5589 2176 5652 homines

590 5651 643 5703 et
667 5653 862 5705 Deum,
896 5651 1022 5719 qpqd
1062 5665 1186 5720 unus
1206 5658 1442 5720 mediator
1466 5651 1773 5709 sit-Christus
1807 5660 1971 5710 Jesus.
2009 5651 2173 5720 Quare

591 5728 652 5764 eo
673 5722 830 5784 sen_su_
844 5712 1155 5784 aegipiendus
1170 5721 1248 5762 est
1260 5717 1371 5784 ipse
1388 5718 1594 5784 Hieron.
1613 5727 1666 5767 ut
1689 5721 1945 5770 ministerii
1964 5712 2172 5784 tantum,

589 5784 739 5833 atque
764 5774 1136 5823 intercessionis
1157 5777 1474 5830 mediatorem
1499 5780 1778 5844 episcopum
1802 5795 1915 5833 esse
1936 5783 2078 5837 velit.

1896 315 2142 376 SANCTI
2181 310 2558 373 HIERONYMI

3758 310 3875 374 612

2278 430 2439 486 sedec
2465 447 2486 483 ι
2511 427 2684 499 (Psal.
2715 426 2837 484 109.
2880 425 2994 496 14).
3041 427 3108 483 Et
3135 427 3188 483 in
3217 426 3515 485 Zacharia:
3549 448 3573 485 ι
3597 431 3736 488 Audi
3769 433 3870 492 Je~

2277 535 2340 576 su
2361 519 2611 576 sacerdos
2636 535 2826 589 magne
2852 537 2871 571 ι
2901 519 3086 588 (ΖασΙι.
3105 521 3159 574 5.
3176 521 3270 590 8):
3305 530 3359 576 et
3383 522 3469 575 cui
3497 522 3713 578 sordida
3734 540 3861 594 pec-

2277 620 2519 665 catorum
2548 619 2854 666 nostrorum
2873 613 3188 666 vestimenta
3206 612 3489 680 tolluntur,
3513 623 3570 668 ut
3601 616 3868 685 recipiant

2278 702 2502 773 gloriam
2533 718 2693 774 quam
2725 701 2911 759 habuit
2938 703 3079 774 apud
3105 713 3311 774 patrem
3340 704 3487 773 prius
3514 720 3674 775 quam
3703 722 3864 761 mun-

2278 793 2378 850 dus
2405 803 2564 850 esset.

2351 885 2405 940 7.
2445 884 2553 941 Sed
2579 901 2647 942 ne
2682 886 2804 956 quis
2824 901 2910 942 me
2939 886 3044 941 vim
3073 884 3251 942 facere
3279 885 3572 955 Scripturae
3610 896 3780 958 putet,
3814 901 3860 940 (νε

2280 975 2360 1031 sic
2385 991 2566 1031 amare
2591 977 2864 1032 Christum
2886 1017 2902 1043 ,
2928 986 2986 1032 ut
3025 977 3263 1032 historia:
3285 976 3523 1033 auferam
3555 979 3835 1034 veritatem

2281 1067 2673 1138 interpretabor
2704 1069 2756 1122 in
2786 1069 3063 1134 membris,
3093 1068 3236 1138 quod
3267 1068 3534 1124 referatur
3580 1070 3656 1140 (ὁ)
3685 1073 3748 1123 ad
3782 1087 3861 1123 cn-

2281 1165 2376 1228 put
2405 1176 2419 1212 :
2452 1159 2742 1228 intelligam
2767 1159 2834 1214 de
2851 1159 3042 1225 servis,
3071 1159 3211 1230 quod
3238 1161 3520 1230 impleatur
3538 1160 3588 1214 in
3611 1161 3855 1214 Domino.

2280 1247 2596 1320 Quanquam
2624 1251 2794 1320 gloria
2840 1250 3072 1315 Domini,
3118 1251 3289 1320 gloria
3323 1250 3642 1306 famulorum
3674 1254 3762 1306 sit.
3793 1251 3860 1305 Et

2281 1339 2602 1411 ubicumque
2629 1342 3000 1410 opportunitas
3042 1341 3146 1395 loci
3185 1342 3401 1411 tulerit,
3429 1343 3507 1398 sic
3527 1343 3594 1399 de
3621 1358 3750 1398 vero
3775 1344 3860 1397 lu-

2279 1433 2426 1488 mine
2461 1433 2765 1502 disputabo,
2792 1442 2851 1487 ut
2875 1433 3146 1488 derivetur
3162 1433 3228 1487 ad
3249 1447 3366 1500 eos,
3394 1434 3586 1504 quibus
3613 1434 3862 1489 Christus

2280 1523 2518 1592 donavit,
2557 1535 2616 1579 ut
2645 1525 2824 1579 lumen
2871 1527 2998 1579 sint.
3038 1525 3280 1579 Pontifex
3330 1525 3448 1592 iste,
3476 1542 3632 1596 quem
3662 1526 3862 1581 Mosai-

2280 1629 2376 1670 cus
2401 1631 2580 1672 sermo
2603 1616 2857 1671 describit
2883 1659 2897 1683 ,
2925 1615 3136 1670 viduam
3173 1617 3398 1686 ejectam
3429 1629 3480 1673 et
3517 1620 3859 1673 meretricem

2282 1721 2388 1761 non
2419 1707 2561 1762 ducit
2596 1722 2837 1762 uxorem.
2856 1705 3021 1761 Vidua
3041 1716 3143 1774 est,
3173 1707 3324 1778 cujus
3354 1709 3570 1763 maritus
3600 1719 3684 1764 est
3711 1723 3864 1762 mor-

2284 1807 2427 1854 tuus.
2464 1800 2665 1868 Ejecta,
2696 1815 2816 1869 qua:
2841 1814 2870 1851 a
2904 1800 3096 1853 marito
3127 1803 3337 1856 vivente
3356 1801 3653 1870 projicitur.
3682 1800 3861 1856 Mere-

2283 1892 2409 1957 trix,
2433 1906 2550 1960 qua:
2569 1889 2854 1944 multorum
2876 1891 3080 1945 libidini
3102 1899 3266 1960 patet.
3284 1891 3390 1946 Sed
3407 1892 3635 1962 accipiet,
3665 1892 3856 1961 inquit,

2282 1999 2493 2038 uxorem
2517 1983 2761 2053 virginem
2786 1992 2831 2035 et
2863 1981 2924 2035 de
2950 1998 3130 2052 genere
3155 1999 3265 2047 suo,
3321 1998 3429 2037 non
3476 1983 3854 2052 alienigenam,

2283 2089 2351 2128 ne
2396 2075 2449 2127 in
2478 2074 2614 2128 mala
2647 2082 2787 2127 terra
2817 2072 3075 2126 nobilium
3103 2073 3369 2128 seminmn
3407 2073 3671 2127 frumenta
3698 2073 3860 2142 dege-

2283 2174 2455 2220 neret.
2485 2164 2600 2218 Non
2631 2163 2989 2229 meretricem,
3020 2179 3139 2234 qua:
3166 2165 3345 2218 multis
3365 2164 3603 2232 exposita
3619 2173 3859 2220 estama-

2285 2256 2507 2310 toribus.
2537 2253 2650 2308 Non
2678 2254 2926 2322 ejectam,
2947 2269 3066 2323 qua:
3087 2254 3245 2308 etiam
3271 2253 3432 2322 priori
3455 2254 3702 2323 conjugio
3719 2254 3854 2307 indi-

2281 2363 2380 2418 gna
2427 2347 2542 2402 fuit.
2579 2347 2692 2401 Non
2741 2347 2956 2421 viduam
2985 2386 3000 2412 ,
3055 2361 3124 2400 ne
3166 2347 3510 2421 pristinarum
3558 2345 3855 2400 meminerit

2282 2439 2613 2509 voluptatum
2640 2456 2654 2493 :
2686 2438 2780 2493 sed
2812 2439 2956 2493 illam
2987 2439 3242 2504 animam,
3273 2454 3393 2508 qua:
3431 2453 3538 2493 non
3566 2438 3723 2493 habet
3747 2453 3857 2492 ma-

2280 2531 2476 2598 culam,
2505 2546 2678 2601 neque
2706 2547 2917 2601 rugam,
2947 2545 3064 2601 qua:
3090 2546 3210 2585 cum
3233 2531 3446 2586 Christo
3473 2540 3678 2595 renata,
3701 2532 3852 2586 inno-

2281 2630 2433 2676 vatur
2460 2621 2528 2676 de
2557 2620 2645 2677 die
2691 2622 2743 2675 in
2791 2622 2932 2678 diem
2958 2662 2973 2687 ,
3027 2621 3095 2676 de
3122 2636 3221 2690 qua
3265 2622 3552 2690 Apostolus
3583 2622 3850 2690 loquitur:

2281 2709 2544 2780 Despondi
2561 2712 2692 2765 enim
2719 2728 2804 2766 vos
2830 2713 2918 2766 uni
2944 2713 3051 2766 viro
3071 2753 3086 2777 ,
3116 2713 3358 2784 virginem
3396 2722 3586 2767 castam
3629 2712 3856 2766 exhibere

2280 2803 2478 2857 Christo
2509 2803 2593 2874 (1.
2625 2801 2744 2858 Cor.
2775 2805 2864 2858 11.
2894 2802 2992 2876 2).
3036 2804 3170 2859 Nolo
3209 2804 3520 2872 discipulam
3575 2804 3852 2874 conjugem

2279 2896 2551 2952 Pontificis
2581 2897 2867 2967 quidquam
2894 2896 3078 2952 haberi
3109 2897 3175 2952 de
3195 2896 3362 2952 veteri
3390 2895 3624 2952 homine.
3649 2897 3704 2951 Si
3724 2911 3854 2952 cou-

2278 2989 2611 3044 surreximus
2637 3004 2757 3043 cum
2778 2988 3012 3054 Christo,
3033 3005 3095 3045 ea
3117 3006 3236 3060 qua:
3259 3005 3469 3044 sursum
3492 2999 3616 3044 sunt
3634 3031 3650 3056 ,
3681 2989 3854 3058 sapia-

2279 3096 2416 3137 mus.
2459 3081 2859 3136 Pmteritorum
2899 3081 3095 3148 obliti,
3133 3081 3430 3136 futurorum
3459 3080 3621 3136 avidi.
3667 3081 3852 3135 Infelix

2279 3171 2484 3239 Simon,
2516 3173 2639 3243 quia
2669 3182 2790 3243 post
2816 3173 3138 3242 baptismum
3169 3173 3236 3230 de
3263 3175 3481 3244 antiquo
3510 3175 3852 3230 matrimonio

2278 3263 2568 3335 cogitabat,
2597 3278 2696 3320 nec
2723 3264 2790 3319 ad
2819 3265 3138 3336 virginalem
3159 3275 3377 3322 venerat
3405 3266 3690 3336 puritatem
3712 3308 3730 3336 ,
3755 3266 3851 3322 Pe-

2278 3358 2346 3414 tri
2366 3359 2637 3413 consortio
2665 3357 2911 3429 indignus
2932 3358 3050 3414 fuit.

2351 3449 2406 3506 8.
2446 3447 2763 3521 Compulisti
2801 3465 2921 3518 me,
2967 3449 3185 3514 Fabiola
3209 3491 3224 3516 ,
3267 3450 3460 3508 litteris
3487 3451 3632 3519 tuis,
3684 3460 3742 3508 ut
3785 3453 3850 3513 de

2280 3540 2457 3596 Aaron
2503 3541 2576 3612 (ο)
2630 3541 2725 3597 tibi
2753 3542 3055 3600 sacerdotio
3090 3543 3382 3600 scriberem
3408 3553 3463 3600 et
3499 3545 3850 3604 vestimentis.

2281 3631 2391 3703 Ego
2420 3631 2540 3702 plus
2564 3633 2754 3701 obtuli,
2781 3643 2841 3689 ut
2865 3633 2932 3690 de
2960 3634 3096 3690 cibis
3122 3643 3176 3690 et
3203 3635 3456 3705 primitiis
3490 3636 3848 3706 sacerdotum,

2277 3731 2331 3778 et
2345 3723 2412 3778 de
2427 3724 2800 3781 observatione
2810 3727 3080 3784 Pontificis
3091 3727 3551 3785 Praefatiunculam
3568 3740 3849 3788 struerem.

2278 3813 2508 3884 Egressa
2535 3818 2603 3871 de
2631 3815 2900 3885 Sodomis,
2944 3827 2998 3873 et
3025 3818 3091 3873 ad
3120 3829 3369 3874 montana
3415 3821 3694 3890 festinans,
3747 3839 3850 3878 non

2276 3905 2358 3960 vis
2380 3906 2621 3965 habitare
2637 3908 2688 3962 in
2704 3923 2867 3977 parva
2882 3909 3014 3966 urbe
3027 3911 3216 3980 Segor.
3242 3911 3650 3968 Transcendens
3683 3914 3852 3986 360

2278 4000 2599 4072 proselytos,
2643 4003 2886 4071 prmteris
2927 4002 3216 4067 Israelitas,
3247 4004 3522 4062 dimittens
3557 4006 3850 4063 Leviticunt

2276 4089 2522 4160 gradum,
2569 4101 2624 4148 et
2659 4101 2892 4162 pratpete
2921 4109 3094 4164 penna
3139 4097 3474 4153 transvolans
3521 4098 3849 4165 sacerdotes,

2276 4181 2343 4237 ad
2369 4182 2680 4240 Pontificem
2703 4186 2869 4240 venis.
2892 4185 3001 4242 Sed
3025 4186 3149 4243 dum
3173 4197 3352 4245 vestes
3371 4189 3486 4260 ejus
3501 4200 3556 4246 et
3577 4191 3852 4246 Rationale

2279 4274 2510 4342 pectoris
2557 4273 2841 4345 diligenter
2884 4275 3146 4347 inquiris,
3192 4287 3374 4334 nostra
3404 4279 3498 4335 tibi
3534 4281 3854 4352 displicuere

2277 4365 2568 4419 consortia.
2597 4365 2664 4419 Et
2691 4374 2744 4420 tu
2761 4365 2975 4436 quidem
2997 4375 3180 4438 optato
3225 4367 3420 4424 frueris
3445 4373 3557 4426 otio
3587 4390 3600 4426 :
3631 4381 3685 4428 et
3704 4372 3853 4442 juxta

2278 4451 2606 4526 Babylonem
2674 4455 3075 4514 Bethleemit-ica
3137 4457 3360 4515 forsitan
3421 4476 3548 4516 rura
3596 4464 3852 4535 su5piras.

2276 4541 2386 4598 Nos
2415 4543 2469 4599 in
2502 4544 2753 4615 Ephrata,
2783 4547 2994 4604 tandem
3027 4563 3156 4620 pace
3184 4551 3412 4619 reddita,
3443 4553 3742 4624 vagientem
3787 4555 3856 4610 de

2278 4638 2508 4707 priesepi
2556 4638 2802 4694 audimus
2836 4639 3131 4698 infantem:
3163 4652 3220 4698 et
3244 4647 3609 4714 querimonias
3635 4646 3752 4717 ejus
3793 4661 3858 4702 ac

2277 4730 2496 4785 voculas
2516 4730 2583 4785 ad
2609 4740 2725 4788 tuas
2753 4747 2912 4790 aures
2937 4736 3180 4806 cupimus
3206 4739 3508 4808 pervenire.

2349 4821 2402 4878 9.
2443 4821 2694 4894 Legimus
2741 4824 2793 4879 in
2844 4825 3052 4893 Exodo,
3107 4827 3528 4899 tabernaculum,
3584 4844 3854 4898 mensam,

2276 4913 2653 4971 candelabrum
2679 4957 2694 4983 ,
2742 4917 2930 4986 altare,
2967 4919 3244 4976 columnas
3266 4963 3281 4987 ,
3313 4921 3556 4992 tentoria,
3606 4935 3855 4993 coccum,

2276 5007 2517 5080 byssum,
2543 5009 3207 5084 hiacynthum,purpuram
3230 5033 3295 5072 ex
3316 5009 3468 5084 auro,
3487 5025 3728 5090 argento,
3749 5032 3858 5074 iere

2277 5115 2404 5155 vasa
2431 5099 2664 5170 diversa,
2695 5104 3095 5161 tabernaculum
3125 5107 3359 5164 divisum
3397 5112 3450 5165 in
3497 5111 3619 5178 tria,
3650 5109 3854 5166 duode-

2277 5193 2381 5248 cim
2403 5207 2569 5264 panes
2588 5207 2683 5264 per
2703 5194 2938 5266 singulas
2958 5196 3318 5254 hebdomadas
3334 5215 3536 5256 mensa:
3555 5201 3853 5272 impositos,

2278 5283 2335 5340 in
2354 5285 2676 5343 candelabro
2715 5299 2919 5360 septem
2948 5289 3196 5348 lucernas
3218 5334 3234 5360 ,
3264 5291 3434 5350 altare
3483 5293 3675 5351 hostiis
3702 5294 3847 5350 holoo

2346 5483 2427 5560 ib),
2447 5485 2633 5560 Ψυρθο
2643 5487 2842 5560 habent
2861 5490 2958 5560 duo
2988 5491 3127 5542 codd.
3151 5492 3356 5560 Regina:
3375 5497 3442 5544 ad
3464 5508 3641 5559 corpus
3662 5509 3752 5560 pro
3773 5509 3844 5548 ca-

2394 5546 2535 5612 :lnfra
2560 5547 2741 5612 leviora
2764 5553 2983 5612 quaedam
3012 5546 3341 5606 emendamus.
3511 5575 3520 5582 ·

2347 5605 2409 5682 ις)
2435 5607 2604 5682 Veteri
2624 5605 2922 5682 editioni_an.
2942 5615 3074 5663 1196.
3093 5605 3546 5682 consentiensalter
3569 5618 3840 5682 Reg.liber

2278 5673 2328 5715 ut
2351 5669 2428 5742 de.
2449 5670 2713 5742 wronntibi
2733 5673 2993 5742 scriberem
3034 5677 3336 5734 vestimentis,
3376 5680 3562 5742 absque
3601 5669 3852 5732 sa'Eerdoté

2279 5729 2529 5806 riientione
2553 5729 2686 5806 ulla;
2720 5729 2832 5806 quae
2873 5735 3074 5785 fortasse
3106 5741 3269 5806 verius
3307 5729 3573 5806 omittitur,
3601 5729 3707 5806 ejus
3732 5729 3848 5798 eniti

2280 5789 2528 5851 dignitatis
2549 5789 2850 5847 sacramenta
2873 5811 2969 5846 nou
3010 5797 3235 5849 explicat.
