4056 6184
96 327 211 383 61⁸1

95 438 258 509 gulis
303 437 582 510 lapidibus
621 436 909 494 secundum
938 443 1122 491 :etates
1147 433 1430 491 duodecim
1461 435 1704 490 tribuum

97 531 347 599 sculpta
374 538 500 586 sunt
525 528 760 583 nomina.
790 527 898 581 llos
929 525 1132 596 lapides
1157 526 1210 580 in
1235 525 1537 580 diademate
1566 524 1712 594 prin-

96 621 257 689 cipis
282 618 447 689 'l'yri,
471 628 523 673 et
572 619 624 672 in
648 616 966 686 Apocalypsi
991 615 1212 670 Joannis
1235 615 1483 684 legimus,
1506 613 1573 668 de
1594 613 1711 684 qui-

94 709 214 764 bus
258 709 542 763 extruitur
565 707 799 763 caelestis
838 707 1134 762 Jerusalem
1164 707 1375 776 (Ezech.
1403 705 1512 770 38;
1545 707 1704 774 Apoc.

94 799 200 869 21)
232 817 247 852 :
277 808 342 853 et
390 801 490 853 sub
535 797 723 852 horum
766 797 1072 852 nominibus
1105 807 1160 852 et
1199 797 1384 864 specie
1405 837 1422 862 ,
1457 796 1710 849 virtutum

94 889 188 943 vel
215 887 392 952 ordo,
418 887 504 943 vel
528 887 814 944 diversitas
840 887 1122 942 indicatur.
1153 887 1254 942 Per
1277 896 1502 956 quatuor
1526 885 1712 939 Ratio-

96 981 247 1035 nalis
291 979 530 1049 angulos
550 1020 567 1044 ,
608 990 840 1050 quatuor
866 979 1048 1034 annuli
1079 989 1203 1033 sunt
1231 979 1418 1044 aurei,
1452 969 1708 1032 habentes

94 1077 304 1123 cvmtra
351 1083 421 1126 se
454 1071 506 1124 in
545 1068 980 1138 Superbumerali
1008 1069 1142 1123 alios
1196 1077 1462 1138 quatuor,
1489 1075 1548 1121 ut
1587 1080 1708 1120 cum

94 1161 428 1228 appositum
459 1159 623 1214 fuerit
648 1168 802 1224 λόγιον
830 1159 881 1213 iu
912 1159 1054 1222 loco,
1085 1174 1241 1229 quem
1269 1159 1321 1212 in
1348 1156 1536 1226 prod
1562 1156 1706 1211 dixi-

93 1263 222 1302 mus
255 1249 598 1304 derelietum
619 1287 636 1315 ,
665 1250 895 1304 annulus
917 1249 1098 1303 veniat
1120 1257 1303 1303 contra
1331 1249 1587 1302 annulum
1607 1288 1623 1313 ,
1656 1255 1708 1302 et
1759 1322 1762 1326 .

93 1348 303 1393 mutuo
350 1339 457 1394 sibi
485 1339 634 1394 vittis
655 1340 976 1409 copulentur
1013 1339 1396 1410 hiacyntbiuis.
1438 1338 1606 1392 Porro
1641 1350 1708 1391 ne

91 1428 442 1498 magnitudo
463 1438 517 1484 et
542 1428 750 1498 pondus
770 1428 1004 1496 lapidum
1027 1437 1274 1482 contexta
1304 1426 1534 1481 stamina
1563 1441 1708 1479 rum-

93 1527 260 1586 pet-et
281 1558 298 1581 ,
333 1532 477 1571 auro
517 1518 667 1586 ligati
707 1527 834 1572 sunt
874 1527 1035 1587 atque
1061 1516 1299 1572 conclusi
1329 1533 1342 1568 :
1370 1529 1471 1570 nec
1499 1515 1708 1570 sull'ecit

94 1606 203 1660 hoc
254 1605 332 1659 ad
386 1605 730 1670 ﬁrmitatem,
765 1606 866 1659 nisi
894 1615 949 1660 et
973 1614 1178 1660 catenae
1203 1621 1270 1660 ex
1301 1619 1434 1659 auro
1477 1604 1703 1667 ﬁerent,

96 1711 222 1766 qua:
269 1695 351 1750 ob
403 1693 859 1764 pulchritudinem
909 1694 1105 1750 ﬁstulis
1149 1693 1327 1748 aureis
1374 1702 1702 1762 tegerentur,

98 1789 493 1855 baberentque
516 1792 574 1840 et
601 1784 655 1838 in
686 1783 953 1838 Rationali
983 1798 1144 1853 supra
1171 1782 1306 1836 duos
1338 1782 1571 1850 majores
1606 1796 1701 1834 an-

39 1934 50 1945 ,
97 1877 300 1942 nulos,
333 1875 434 1945 qui
466 1873 677 1927 uncinis
704 1871 1172 1941 Superbumeralis
1209 1870 1387 1924 aureis
1419 1879 1703 1951 necteren-

99 1981 216 2035 tur,
251 1978 311 2023 et
336 1967 595 2022 deorsum
621 1964 757 2018 alios
781 1963 917 2017 duos
940 1980 954 2016 :
982 1977 1104 2016 nam
1139 1971 1257 2030 post
1285 1973 1491 2031 tergum
1520 1961 1572 2014 in
1599 1961 1702 2014 Su-

97 2056 486 2130 perhumerali
501 2063 687 2110 contra
714 2065 902 2125 pectus
931 2062 988 2108 et
1011 2053 1367 2119 stomaelnnn,
1385 2068 1450 2106 ex
1477 2061 1703 2119 utroque

100 2149 277 2205 latere
299 2155 465 2211 erant
492 2146 672 2200 annuli
697 2145 868 2211 aurei,
901 2143 994 2214 qui
1020 2144 1224 2199 catenis
1249 2158 1371 2196 cum
1407 2141 1704 2196 llationalis

98 2237 474 2294 inferioribus
494 2235 706 2290 annalis
722 2234 1085 2304 jungebantur
1107 2250 1122 2286 :
1147 2242 1308 2302 atque
1339 2233 1409 2286 ita
1439 2233 1617 2298 ﬁebat,
1649 2240 1705 2284 ut

101 2329 516 2396 astringeretur
542 2333 598 2380 et
627 2325 907 2402 llatiouale
931 2323 1392 2394 Superbumerali,
1425 2333 1479 2377 et
1506 2321 1705 2390 Super-

101 2418 394 2474 bumerale
413 2416 712 2484 Rationali,
735 2424 798 2470 ut
822 2431 928 2470 una
956 2426 1165 2471 textura
1191 2423 1378 2470 contra
1398 2413 1703 2468 videntibus

103 2521 409 2582 putaretur.

172 2602 265 2656 18.
288 2597 503 2655 Octava
530 2607 615 2654 est
642 2597 840 2653 lamina
868 2611 1031 2653 aurea
1051 2635 1068 2664 ,
1094 2595 1146 2650 id
1164 2603 1266 2658 est,
1284 2594 1386 2652 SlS
1409 2595 1612 2661 ZAAB,
1647 2595 1699 2649 in

104 2708 208 2760 qua
224 2692 497 2761 scriptum
519 2699 815 2746 estnomen
857 2689 1023 2760 366
1079 2688 1171 2744 Dei
1189 2687 1704 2757 llebraicisquatuor

104 2780 298 2836 litteris
312 2781 470 2846 JOD,
497 2779 610 2845 ΠΕ,
643 2779 800 2846 VAV,
825 2779 936 2843 HE,
959 2777 1102 2848 quod
1122 2778 1260 2846 apud
1293 2779 1414 2832 illos
1439 2777 1702 2832 ineﬁ‘abile

105 2881 478 2941 nuncupatur.
501 2871 628 2926 llaec
645 2884 807 2940 super
827 2869 1083 2940 pileolum
1111 2869 1309 2924 lineum
1337 2879 1390 2924 et
1415 2884 1701 2924 commune

105 2962 349 3016 omnium
381 2959 768 3024 Sacerdotium,
801 2960 854 3013 in
881 2959 1136 3014 Pontil‘ice
1165 2960 1284 3028 plus
1311 2958 1544 3024 additur,
1568 2969 1623 3014 ut
1645 2959 1700 3014 in

107 3051 285 3108 fronte
305 3052 422 3107 vita
451 3050 794 3122 biacyntbina
821 3051 1240 3120 constringatur,
1259 3067 1547 3116 'ronuous
1569 3051 1701 3106 Pon-

107 3145 264 3201 tiﬁcis
287 3143 776 3216 pulchritudinem,
801 3142 894 3196 Dei
916 3142 1233 3196 vocabulum
1255 3153 1480 3220 coronet
1498 3152 1552 3198 et
1580 3157 1700 3213 pro-

107 3245 271 3306 tegat.

174 3328 271 3382 l9.
321 3324 622 3381 Didicimus
641 3364 657 3390 ,
684 3339 804 3395 qum
830 3324 914 3379 vel
951 3325 1252 3380 communia
1283 3339 1404 3380 cum
1433 3323 1700 3382 Sacerdo-

108 3418 250 3474 tibus
271 3458 288 3482 ,
321 3417 412 3472 vel
458 3431 578 3486 qua:
617 3417 871 3486 specialia
912 3417 1183 3472 Pontiﬁcis
1210 3419 1528 3475 vestimenta
1554 3420 1696 3474 sint:

110 3519 164 3564 et
204 3510 249 3564 si
295 3518 448 3564 tanta
474 3508 765 3564 difﬁcultas
795 3508 894 3564 fuit
922 3511 972 3564 in
1000 3511 1142 3566 vasis
1171 3510 1459 3578 ﬁctilibus,
1499 3523 1697 3583 quanta

111 3601 372 3669 majestas
397 3600 506 3656 erit
536 3603 586 3653 in
618 3602 898 3666 thesauro,
933 3605 1023 3673 qui
1056 3604 1380 3661 intrinsecus
1410 3605 1574 3661 latet?
1602 3606 1694 3660 Dio

112 3704 296 3744 cautus
337 3689 502 3759 igitur
547 3689 694 3759 prius
719 3694 861 3761 quod
887 3692 956 3746 ab
987 3692 1228 3748 Hebrzeis
1261 3695 1567 3762 accepimus
1596 3712 1610 3749 :
1643 3705 1698 3752 et

112 3777 253 3846 juxta
283 3793 496 3834 morem
530 3789 770 3834 nostrum
790 3815 807 3846 ,
842 3781 1132 3850 spiritualis
1174 3793 1356 3851 postea
1387 3784 1695 3855 intelligen-

113 3869 198 3922 tia:
223 3869 344 3924 vela
379 3869 698 3938 pandamus.
736 3870 978 3935 Quatuor
1004 3872 1216 3926 colores
1243 3881 1297 3927 et
1321 3883 1552 3943 quatuor
1582 3875 1696 3930 ele-

109 3967 291 4013 menta
338 3957 682 4021 referuntur,
729 3974 796 4013 ex
840 3961 1033 4029 quibus
1083 3963 1330 4016 universa
1375 3965 1694 4020 subsistunt.

111 4047 316 4119 Byssus
345 4057 508 4102 terra:
533 4049 838 4117 deputatur,
866 4050 989 4119 quia
1016 4066 1079 4106 ex
1111 4061 1250 4106 terra
1277 4055 1531 4123 gignitur.
1567 4056 1696 4111 Pur-

114 4151 242 4204 pura
262 4137 429 4201 mari,
448 4138 570 4206 quia
586 4153 652 4192 ex
663 4137 780 4206 ejus
799 4139 1090 4194 cochleolis
1111 4142 1347 4210 tingitur.
1365 4143 1696 4215 Hiacynthns

117 4229 190 4300 (ιι)
219 4231 334 4284 aeri
363 4270 380 4292 ,
411 4237 633 4298 propter
657 4229 856 4285 coloris
885 4231 1309 4288 similitudinem.
1357 4234 1562 4290 Caecus
1589 4239 1696 4307 igni

121 4329 169 4373 et
190 4320 403 4385 aetheri,
427 4321 520 4390 qui
544 4320 804 4377 llebraice
824 4336 941 4377 sm
969 4323 1269 4391 appellatur
1295 4345 1307 4380 :
1336 4326 1475 4394 quod
1504 4329 1696 4397 Aquila

122 4413 365 4482 διάφορον,
397 4411 760 4483 Symmachus
795 4418 1000 4486 δίραρον
1036 4415 1418 4484 interpretatus
1455 4429 1556 4474 est.
1593 4420 1697 4475 Pro

119 4511 274 4554 cocco
300 4501 455 4571 juxta
485 4502 733 4558 Latinum
759 4504 1036 4574 eloquium
1055 4546 1070 4568 ,
1096 4506 1237 4576 apud
1273 4507 1528 4564 Hebraios
1557 4526 1696 4576 rno-

124 4601 257 4643 ιΑτιι
278 4633 292 4655 ,
325 4593 376 4646 id
402 4603 520 4658 est,
553 4595 880 4649 vermiculus
917 4596 1204 4650 scribitur:
1234 4607 1290 4652 et
1327 4599 1530 4666 justum
1571 4617 1694 4658 esse

123 4690 558 4748 eonnncmorant,
592 4695 646 4738 ut
672 4684 914 4740 Pontifex
941 4685 1015 4757 (ὁ)
1057 4685 1328 4742 Creatoris
1371 4705 1478 4744 uou
1517 4693 1690 4747 solum

180 4810 252 4888 (ᾳ)
284 4815 518 4888 Plerique
540 4817 654 4870 Mss.
679 4825 726 4870 et
746 4821 868 4872 aeri.
894 4821 997 4888 Sed
1015 4820 1264 4888 Iosephus
1305 4824 1390 4874 lib.
1414 4827 1464 4882 3.
1499 4839 1606 4888 cap.
1642 4827 1689 4876 7.

121 4875 248 4944 lmde
287 4877 392 4944 lucc
434 4875 755 4944 Hieronymus
779 4884 1048 4936 transtulit.
1071 4875 1315 4943 et'l’bilo,
1342 4875 1570 4936 neutram
1587 4875 1693 4939 Sive

118 4939 375 5011 aeris-sive
392 4939 588 5011 aetheris
607 4939 1010 5011 comparationem
1032 4958 1176 5011 cocco
1191 4939 1425 5011 tribuunt.
1452 4947 1695 5011 Origenes

122 5003 318 5068 quoque
352 4998 400 5068 ip
429 4998 643 5049 Exodum
673 4998 792 5068 haec
834 5005 987 5068 veluti
1032 5007 1180 5068 vulgo
1203 5009 1452 5057 notissima
1481 4998 1688 5060 recitat:

129 5051 471 5131 illiacvnthus
492 5072 610 5131 ergo
632 5063 689 5110 ad
709 5051 1146 5131 aeigan'réieridéﬁ’
1156 5051 1262 5117 in?

123 5114 352 5193 color
366 5118 528 5188 {sicut
541 5114 712 5193 Soccus
726 5124 785 5170 ad
795 5114 964 5193 ignem
1004 5114 1548 5193 llorﬁu'éée'aﬁiiié'iéﬁét
1573 5114 1695 5193 ligu-

126 5181 244 5254 [ιξᾞν
261 5178 408 5254 Quasi
440 5191 555 5254 qua:
598 5180 663 5230 de
689 5178 847 5254 aquis
869 5178 1069 5248 accipiat
1098 5178 1314 5254 'fucumf
1335 5178 1691 5254 liiyssusitei-er,

160 5241 415 5316 titaugritu‘r
429 5253 491 5316 ent
507 5249 662 5316 terra.
689 5241 785 5292 Pro
802 5241 984 5316 δέρης
1003 5251 1129 5316 quod
1143 5251 1263 5300 infra
1276 5241 1548 5316 ᾧειᾷςιάρανον
1571 5241 1695 5316 legit

173 5271 232 5280 -η-
257 5271 400 5306 γιιιυι
429 5271 491 5288 van
517 5271 662 5290 ιυιια.
690 5271 710 5291 ι
731 5271 785 5292 ιυ
802 5271 908 5307 σωφο
951 5275 984 5304 ν,
1003 5271 1129 5310 quuu
1143 5271 1263 5300 mu‘a
1276 5271 1442 5308 (381.νόιὰ
1571 5271 1693 5316 leg“

171 5307 348 5376 ςιιδιιιιετ
373 5308 520 5376 atque
545 5303 800 5376 editiones.
819 5271 980 5376 ‘pﬁ.
1008 5308 1217 5376 llomana
1239 5277 1562 5376 aqunim,
1587 5315 1693 5362 alii-

131 5357 544 5438 fere'pnines
567 5377 629 5412 ex
647 5366 800 5438 editis
819 5357 1217 5438 Hieronymianis
1231 5357 1695 5438 Edu_i;i‘6tii'{:€t“.'.}b

133 5412 390 5529 ﬁmﬁgcm
428 5412 578 5488 δεκέτιν
611 5412 841 5491 plerique
846 5412 1695 5501 resarsurum}:Tatii;

191 5536 277 5618 ibi
290 5539 428 5618 Emis
447 5545 650 5618 Πεὲίῼε
673 5551 830 5601 codex
843 5586 858 5612 ,
880 5559 933 5604 ut
976 5555 1199 5618 Pontifex
1219 5559 1457 5610 creaturis
1479 5558 1694 5609 euntibus

137 5594 382 5681 εέξξιξᾳξμιτ
403 5594 698 5681 ῃφίεῖᾶιῖηζ
705 5594 1399 5681 ἓῖέξ-,ξιιῖῷ-ὦῆπδίδεὲξιῖδιῖἔ
1415 5594 1692 5681 ’ἷιῖέῖὀῖᾌῖἱί

137 5657 219 5742 ξιξ
235 5662 383 5742 ills]?
403 5657 694 5742 Hieronymi
732 5657 872 5742 nobisl
892 5675 1085 5726 referre
1418 5657 1692 5730 iﬁrﬁfﬁni...

139 5711 222 5766 hoc
235 5711 381 5775 sensu
404 5711 665 5792 'i'jtisl'a’di;
671 5711 870 5796 3.3311“:
874 5711 1000 5796 ἑτΞό
1004 5711 1537 5802 ’ἑιῖειιζ’ἒῖεῗιῖ’ἐῖιὶ)ιηέ’ἔῖ
1553 5711 1692 5801 Silii;

1475 320 1801 378 EPISTOLA
1846 321 2024 378 LXIV.

3292 334 3395 392 6l8

1821 448 1916 502 pro
1945 433 2131 500 lsrael,
2165 434 2258 490 sed
2289 443 2344 491 et
2369 449 2468 506 pro
2493 435 2742 493 universo
2772 441 2970 497 mundo
2997 454 3182 514 roget:
3207 445 3252 501 si
3273 451 3396 517 qui-

1818 523 1940 578 dem
1981 537 2047 580 ex
2090 533 2230 579 terra
2271 533 2321 580 et
2361 537 2496 597 aqua
2534 535 2589 582 et
2618 541 2744 582 aere
2774 537 2829 583 et
2868 531 2986 599 igne
3026 535 3255 590 mundus
3295 537 3396 592 iste

1816 614 2064 669 coosistit
2092 632 2104 670 :
2134 624 2189 670 et
2219 616 2332 670 haec
2357 616 2623 671 elementa
2653 619 2762 672 sint
2788 623 3048 677 omnium.
3084 623 3235 680 Unde
3283 632 3392 697 pri-

1817 718 1960 755 mum
1991 705 2368 758 vestimentum
2403 705 2624 773 lincunt,
2658 718 2855 774 terram
2881 712 3145 780 significat
3170 731 3181 764 :
3207 731 3396 772 serun-

1816 792 1941 845 dmn
1977 792 2404 864 hiacyntbiuum,
2437 813 2614 852 aerem
2649 800 2700 851 in
2729 801 2910 856 colore
2937 803 3269 861 demonstrat
3299 812 3392 875 (al.

1817 882 2202 950 demonstrans)
2232 903 2244 938 :
2269 887 2389 956 quia
2421 887 2487 942 de
2519 891 2749 944 terrenis
2779 892 3034 962 paulatim
3077 895 3143 950 ad
3182 900 3394 953 excelsa

1817 969 1888 1042 (ἐ)
1940 973 2390 1030 sustollimurzet
2430 976 2544 1047 ipsa
2586 979 2750 1033 vestis
2791 981 3136 1054 hiacyntbina
3165 1003 3194 1041 a
3225 991 3399 1059 capite

1817 1076 1984 1130 uSque
2010 1063 2076 1117 ad
2110 1065 2244 1119 talos
2268 1066 2509 1132 veniens,
2534 1069 2730 1124 indicat
2759 1085 2937 1127 aerem
2965 1074 3032 1128 de
3057 1077 3207 1132 caelis
3231 1095 3397 1149 usque

1816 1151 1882 1205 ad
1912 1161 2107 1208 terram
2135 1154 2331 1210 fusum.
2361 1157 2493 1212 Mala
2521 1170 2698 1215 autem
2732 1163 2921 1232 punica
2953 1175 3006 1219 et
3037 1168 3392 1225 tintinnabula

1815 1241 1867 1296 in
1913 1243 2255 1301 inferioribus
2296 1249 2464 1317 posita
2490 1291 2504 1314 ,
2539 1249 2746 1321 fulgura
2790 1253 3126 1326 tonitruaque
3164 1258 3392 1314 demon-

1813 1340 1986 1386 strant
2011 1351 2027 1388 :
2052 1335 2165 1391 sive
2193 1344 2389 1392 terram
2418 1348 2474 1394 et
2499 1356 2718 1410 aquam,
2750 1353 2804 1398 et
2825 1347 3060 1402 omnium
3091 1349 3393 1406 elemento-

1814 1436 1932 1475 rum
1953 1422 2160 1480 intcrse
2175 1431 2575 1485 conSonantiam
2600 1443 2685 1487 :ct
2701 1435 2777 1488 sic
2796 1435 2895 1488 sibi
2917 1439 3160 1494 universa
3183 1445 3365 1512 purple
3381 1477 3395 1488 ο

1812 1526 1900 1576 xa,
1925 1522 1982 1566 ut
2010 1515 2061 1568 in
2089 1516 2310 1586 singulis
2339 1519 2499 1591 367
2529 1523 2707 1577 omnia
2737 1528 3091 1595 reperiantur.
3119 1532 3268 1600 Quod
3297 1551 3394 1589 au-

1814 1608 1917 1654 tem
1945 1604 2236 1671 supradicti
2260 1607 2474 1662 Colores
2495 1626 2626 1666 auro
2660 1613 2846 1669 intexﬁ
2869 1620 3087 1674 sunt:id
3105 1623 3389 1692 signiﬁcari

1812 1690 2012 1756 volunt,
2042 1694 2186 1761 quod
2219 1697 2393 1750 vitalis
2419 1699 2585 1767 calor,
2619 1712 2674 1757 et
2699 1705 2862 1759 divini
2887 1724 3077 1764 sensus
3108 1690 3392 1780 provideat-

1812 1779 1880 1832 tia
1905 1783 2150 1836 universa
2177 1796 2437 1852 penetret.
2462 1789 2914 1859 Superlmmeralc
2936 1809 2989 1852 et
3009 1779 3144 1855 duos
3163 1803 3385 1873 lapides,

1810 1867 1892 1921 vel
1924 1871 2318 1940 smaragdiuos,
2341 1876 2425 1930 vel
2449 1879 2768 1948 onychinos,
2791 1884 2882 1953 qui
2908 1885 3143 1958 desuper
3166 1867 3307 1958 sunt,
3335 1867 3390 1950 et

1810 1969 2094 2032 utrumque
2117 1962 2400 2021 humerum
2429 1968 2609 2038 tegunt
2631 2013 2646 2037 ,
2681 1972 2788 2028 duo
2821 1974 3194 2049 bemispltzeria
3226 1986 3389 2040 inter-

1809 2063 2122 2122 pretantur:
2162 2073 2392 2126 quorum
2436 2062 2581 2116 aliud
2628 2080 2790 2134 super
2831 2077 3028 2125 terram
3054 2114 3067 2136 ,
3101 2074 3241 2129 aliud
3288 2082 3388 2134 sub

1811 2151 1948 2196 terra
1975 2144 2073 2209 sit;
2102 2146 2213 2200 sive
2237 2148 2406 2202 solem
2433 2160 2486 2203 ct
2510 2151 2713 2216 lunam,
2746 2171 2863 2225 quae
2891 2159 3119 2230 desuper
3147 2166 3384 2221 rutilant.

1807 2231 2004 2289 Zonam
2035 2235 2198 2300 illam,
2223 2253 2326 2308 qua
2347 2241 2645 2301 sacerdotis
2674 2256 2860 2314 pectus
2885 2260 3144 2321 arctatur,
3173 2269 3225 2310 et
3248 2259 3384 2314 linea

1809 2325 2006 2392 tunica,
2036 2325 2116 2397 (ά)
2143 2327 2192 2381 id
2216 2337 2298 2383 est
2328 2340 2490 2398 terra,
2517 2336 2939 2406 constringitur:
2966 2339 3387 2412 interpretantur

1807 2430 2082 2471 oceanum.
2117 2418 2395 2476 Rationale
2421 2421 2472 2476 in
2505 2423 2688 2482 medio
2716 2429 2945 2498 positum
2976 2443 3169 2488 terram
3193 2439 3388 2496 etiissec

1807 2515 1931 2560 runt
1956 2525 1969 2562 :
1993 2524 2111 2578 quae
2158 2509 2328 2565 instar
2371 2517 2588 2582 puncti,
2624 2517 2747 2573 licet
2770 2520 2950 2574 ontnia
2984 2522 3036 2576 in
3065 2539 3124 2579 se
3154 2526 3344 2583 habent
3367 2571 3381 2595 ,

1809 2605 1981 2650 tamen
2000 2612 2026 2648 a
2049 2601 2254 2654 cunctis
2275 2601 2501 2658 vallatur
2518 2605 2822 2664 elementis.
2847 2609 3132 2668 Duodecim
3156 2617 3383 2687 lapides.

1807 2686 1888 2740 vel
1917 2686 2194 2744 zodiacum
2223 2689 2646 2762 interpretantur
2673 2698 2930 2755 circulum
2950 2744 2965 2768 ,
2991 2705 3072 2760 vcl
3101 2686 3384 2768 duodecim

1805 2789 2043 2841 menses,
2067 2788 2120 2830 et
2150 2779 2371 2850 singulis
2403 2786 2679 2840 versiculis
2707 2788 2912 2859 singula
2944 2795 3218 2864 assignant
3247 2810 3385 2855 tem-

1805 2877 1954 2932 pora,
1987 2877 2042 2920 et
2072 2866 2155 2921 his
2185 2879 2366 2925 ternos
2391 2872 2648 2943 deputant
2679 2893 2914 2934 menses.
2949 2882 3055 2937 Nec
3081 2885 3238 2942 alicui
3260 2903 3384 2958 gou-

1806 2956 1914 3011 tilis
1938 2958 2181 3014 videatur
2202 2964 2486 3032 expositio.
2518 2966 2631 3020 Nox
2663 2985 2788 3023 sum
2817 2985 2862 3025 Si
2894 2987 3171 3030 cmwsna
3202 2956 3388 3036 ctVDri'

1804 3045 2241 3117 dispesitionem,
2278 3053 2540 3110 idolorum
2572 3073 2604 3110 n
2629 3059 2877 3115 munibus
2907 3061 3230 3121 infamarunt
3251 3111 3264 3133 ,
3300 3071 3350 3123 id
3363 3103 3381 3112 -

1803 3138 1946 3193 circo
1989 3139 2083 3194 Dei
2131 3152 2213 3195 est
2255 3147 2496 3213 neganda
2545 3147 2912 3217 providentia,
2949 3168 3066 3222 qua:
3093 3167 3237 3210 certa
3269 3160 3385 3230 lege

1803 3231 1970 3286 currit
1995 3240 2049 3286 et
2074 3231 2280 3298 fertur,
2312 3245 2368 3290 et
2396 3237 2530 3306 regit
2557 3239 2756 3291 omnia.
2799 3239 2930 3294 Nam
2963 3253 3014 3297 ct
3047 3245 3096 3298 in
3124 3246 3246 3315 Job,
3280 3250 3385 3305 Ar-

1804 3329 2013 3375 cturum
2044 3330 2099 3377 et
2124 3321 2403 3390 Orionem,
2434 3335 2486 3379 et
2520 3327 2592 3397 (e)
2620 3342 2926 3394 nszunorn,
2961 3331 3060 3387 hoc
3082 3345 3184 3404 est,
3214 3340 3385 3393 ludia-

1803 3425 1925 3464 cum
1969 3412 2224 3466 circulum
2270 3423 2323 3469 et
2363 3423 2557 3470 caetera
2598 3426 2864 3474 astrorum
2899 3425 3112 3479 numina
3150 3426 3381 3496 legimus

1803 3500 1945 3570 (Job.
1973 3501 2025 3557 9.
2052 3513 2098 3556 et
2122 3502 2235 3574 39).
2261 3503 2378 3560 Non
2405 3507 2545 3575 quod
2568 3508 2754 3564 eadem
2779 3511 2916 3580 apud
2947 3513 3199 3570 Hebraeos
3225 3531 3386 3572 voea-

1802 3589 1925 3645 bula
1969 3593 2099 3658 sint,
2128 3592 2222 3648 sed
2253 3597 2372 3664 quia
2402 3611 2499 3651 nos
2526 3613 2630 3652 non
2660 3614 2942 3669 possumus
2966 3619 3084 3674 qum
3107 3605 3382 3675 dicuntur,

1802 3682 1904 3736 nisi
1929 3685 2200 3740 consuetis
2228 3687 2449 3742 vocibus
2478 3689 2794 3760 intelligere.
2823 3692 3049 3750 Pulchre
3075 3707 3252 3753 autem
3285 3699 3404 3753 hoc"

1802 3769 1974 3840 ipsum
2002 3774 2143 3843 quod
2176 3775 2228 3829 in
2261 3777 2439 3831 medio
2465 3787 2580 3843 est,
2610 3782 2909 3848 appellatur
2950 3782 3265 3853 Rationale;
3303 3807 3388 3842 ra-

1803 3862 1946 3915 tione
1969 3864 2112 3917 enir‘n
2137 3875 2324 3918 cuncta
2357 3875 2482 3919 sunt
2507 3867 2684 3935 plena,
2713 3877 2767 3922 et
2797 3880 3009 3924 terrena
3043 3876 3246 3931 luerent
3272 3894 3384 3933 eo:-

1803 3949 2028 4005 lestibus
2051 3969 2064 4004 :
2088 3951 2197 4005 imo
2228 3953 2364 4006 ratio
2421 3963 2754 4010 terrenorum
2787 3967 2842 4012 et
2900 3968 3224 4030 temporum,
3249 3970 3388 4021 calo-

1802 4039 1878 4092 ris
1904 4048 1957 4093 et
1985 4039 2219 4109 frigoris,
2251 4050 2306 4096 et
2333 4041 2526 4112 duplex
2560 4044 2701 4099 inter
2733 4055 2959 4118 utraque
2989 4055 3293 4123 temperies,
3318 4060 3385 4114 de

1802 4129 1925 4182 coeli
1964 4143 2125 4183 cursu
2166 4138 2220 4184 et
2256 4132 2462 4188 ratione
2490 4132 2787 4191 descendit.
2817 4136 2969 4194 Unde
3009 4151 3062 4198 et
3102 4143 3386 4205 [latiOuale

1803 4231 1923 4270 cum
1954 4217 2140 4288 Ephod
2171 4217 2364 4275 fortius
2393 4223 2693 4292 Stringitur.
2735 4226 2904 4282 Porro
2939 4233 3078 4300 quod
3104 4234 3298 4293 dicitur
3329 4242 3382 4296 in

1804 4305 1921 4375 ipso
1946 4306 2212 4362 Rationali
2241 4313 2439 4373 δήλωσις
2469 4327 2589 4368 esse
2615 4322 2671 4369 et
2702 4317 2934 4385 ἀλήθεια,
2961 4320 3010 4375 id
3034 4333 3137 4392 est,
3169 4332 3385 4398 manife-

1802 4396 1972 4463 statio,
2007 4406 2167 4468 atque
2189 4399 2454 4469 doctrina,
2482 4403 2566 4459 vel
2597 4405 2804 4474 veritas,
2833 4406 2936 4464 boc
2966 4409 3140 4480 ipsum
3172 4396 3380 4489 signiti-

1801 4495 1888 4540 cat
1911 4524 1927 4553 ,
1955 4487 2096 4557 quod
2129 4505 2401 4560 nunquam
2443 4492 2496 4548 in
2545 4493 2643 4550 Dei
2671 4497 2881 4554 ratione
2908 4487 3244 4563 mendacium
3273 4515 3376 4578 sit;

1800 4605 2035 4687 diximus,
2058 4611 2476 4687 utl’ontifexhlki
2504 4625 2834 4687 creaturarum
2852 4625 3065 4687 animum
3091 4632 3254 4686 typum
3278 4639 3398 4687 por-

1802 4676 2250 4746 t'ansiuvestibns,
2300 4676 2539 4728 indicaret
2577 4689 2750 4730 cuncta
2795 4682 3019 4746 indigere
3059 4676 3389 4738 misericordia

1807 4727 1928 4792 Dei,
1955 4739 2055 4782 etc.

1853 4792 1936 4868 χε)
1962 4792 2206 4868 Victorius
2226 4796 2352 4861 legit
2383 4798 2665 4868 ,ςιιξιοιιὶιιιν2
2712 4801 2899 4854 scilicet
2923 4819 3031 4866 aer,
3059 4818 3266 4868 earumque
3314 4808 3389 4855 le-

1800 4857 2098 4930 ctionetnrex
2127 4857 2544 4930 subset'plentibus
2567 4857 2754 4924 probat,
2783 4874 2928 4930 atque
2955 4857 3238 4930 impressam
3275 4869 3381 4920 falsa

1802 4916 2110 4985 arguit.‘_1\'os
2133 4916 2307 4985 nostra
2320 4916 2582 4985 gqnimurj
2602 4916 2920 4985 exemplaria.

1862 4973 2301 5056 gitiltitiiaceusis
2324 4973 2421 5050 Ms:
2439 4983 2740 5056 Apud_M.arti
2757 4973 3019 5056 inalrcgio,
3046 5001 3102 5039 eo
3123 4992 3251 5056 quod
3285 4999 3386 5056 ter-

1795 5048 1905 5116 ram
1924 5038 2237 5116 constringat,
2266 5038 2652 5103 prcssius'textui
2675 5044 2879 5108 Joseplu'
2919 5038 3087 5116 arti-eo
3109 5038 3384 5116 respondet,

1796 5107 1894 5156 Ζῦνη
1917 5123 1958 5148 τι
1981 5110 2252 5178 πιριοδσὺσξςιι
2273 5117 2337 5152 τὸν
2378 5107 2801 5178 ὡπνόἶάιοσημιὶγξιέ
2821 5121 2886 5158 ui
3011 5115 3120 5170 σῦτας
3141 5107 3385 5178 ips-repulit“;

1794 5171 1844 5207 τὰ
1865 5173 2022 5225 ,τείνει
2044 5175 2152 5222 qua:
2175 5163 2496 5225 Hieronymus
2519 5167 2624 5214 fere
2648 5163 2813 5215 vertit.
3109 5163 3119 5170 '

1863 5217 1928 5297 (εξ
1943 5217 2646 5297 ἔφηἶιῃκιεινειριιὸιύηιχξῐίρ,
2673 5236 2725 5276 ut
2747 5228 2966 5297 Martian.
3010 5242 3166 5297 putat,
3191 5239 3280 5287 sed
3309 5252 3373 5288 ex

1792 5277 2010 5350 ﬁguram
2035 5277 2245 5332 tei'tuvt.
2274 5277 2396 5346 Reg.
2424 5299 2467 5333 c.
2492 5287 2571 5335 ‘23.
2600 5277 2824 5349 legerant
2849 5277 3382 5350 Erasm'fc'tlil‘e‘t'o-rt‘uus

1791 5327 2245 5423 mammas»:
2269 5327 2467 5408 {area
2495 5327 2824 5408 missis;
2849 5327 3368 5423 3;.27.;".;;.'.:.‘i‘;{;‘:f

1793 5420 2292 5506 22:31:39.3]?1192-
2307 5420 2916 5506 θιαξειῖρυε,ῖιεξιεμὲν
3108 5443 3376 5506 ﬂammis

1789 5483 2196 5568 assererem
2220 5487 2332 5568 tu:
2350 5483 2618 5568 autem?
2644 5492 2818 5568 “tW
2856 5483 3065 5568 ιγειπίίςί
3093 5483 3375 5568 Mitt".

1789 5543 2130 5628 :I'beodorolus
2150 5548 2196 5621 in
2222 5543 2334 5628 eum
2359 5548 2515 5628 locum
2533 5543 2617 5602 ἴτὸ
2640 5543 3061 5628 ιιιιιζουρὼοςἱιιᾷιιίι-ἱ

1789 5615 1902 5665 ὃνθμα
1928 5613 2035 5684 ἄναξ,
2058 5621 2119 5659 καὶ
2140 5620 2288 5684 retritis
2306 5625 2369 5684 κᾷν
2405 5616 2479 5672 tu;
2503 5626 2720 5684 eofpvcﬁtu;
2753 5613 2969 5684 ἐνριιξάσοαζ.
3013 5613 3264 5678 ΒῘΠΖ-αξὸῇι

1933 5677 2045 5731 puto
2087 5682 2192 5722 esse
2230 5672 2404 5741 stella:=
2451 5672 2751 5741 coitjicioqtte
2791 5672 3373 5747 L'uciferumwsievitor-ni-

1854 5745 1875 5776 ι·
1901 5770 1909 5778 .
2626 5749 2630 5752 ’

1854 5745 1909 5783 1⁸1,
2626 5749 2630 5752 ’
