4056 6184
666 290 774 348 619

666 412 763 466 sed
789 419 844 467 et
870 410 981 478 ipsa
1011 404 1208 458 veritas
1235 397 1417 453 multis
1440 397 1608 468 signis
1633 405 1688 451 et
1711 397 2043 465 argumentis
2088 409 2240 448 mon-

670 509 871 556 stretur
889 492 1211 554 hominibus,
1231 499 1286 544 et
1312 503 1480 559 usque
1503 489 1568 542 ad
1597 489 1849 541 mortales
1869 485 2065 540 veniat.
2085 483 2240 540 Unde

665 593 858 646 factum
885 593 987 649 εει,
1017 591 1075 635 ut
1103 581 1366 635 rationem
1393 579 1523 632 solis
1548 587 1602 631 ει
1630 576 1769 629 lun:e
1790 584 1846 630 ει
1869 574 1993 628 anni
2015 583 2072 629 et
2093 589 2243 626 men-

663 683 800 734 sium
826 686 880 731 et
908 684 1207 743 temporum
1259 667 1424 740 368
1469 678 1523 722 et
1545 669 1820 733 horarum,
1848 673 2224 734 tempestatum

661 780 890 839 quoque,
909 761 1214 819 serenitatis
1230 770 1389 828 atque
1411 769 1714 822 ventorum,
1734 765 1788 810 et
1809 770 1988 810 rerum
2005 761 2242 807 omnium

661 869 1027 917 nesceremus,
1047 862 1386 906 ACCIPIEN‘IIS
1413 863 1621 903 INSITAII
1642 863 1670 899 a
1694 847 1802 900 Deo
1827 843 2168 914 sapientiam,
2191 849 2245 895 ει

658 947 775 1014 ipso
806 943 1107 998 habitatore
1136 951 1298 1007 a'que
1324 937 1570 999 doctore,
1600 933 1857 989 domicilii
1888 934 1968 987 sui
1998 932 2151 986 nobis
2189 940 2244 984 et

658 1034 874 1090 fabrica:
899 1030 1180 1087 scientiam
1202 1029 1620 1082 dcmonstrantc
1651 1023 1826 1094 Super
1846 1024 2025 1077 omnia
2049 1021 2244 1076 cidaris

658 1136 715 1181 et
737 1125 875 1180 vitta
904 1120 1243 1193 hiacynthina
1271 1117 1466 1174 emtum
1490 1125 1753 1170 monstrat
1777 1133 1791 1168 :
1821 1122 1876 1169 ει
1903 1112 2018 1166 auri
2037 1112 2241 1165 iamina

656 1230 778 1286 quae
815 1215 868 1269 in
905 1211 1084 1268 fronte
1126 1209 1398 1265 Pontiﬁcis
1425 1204 2001 1296 est,'inscriptnmque
2042 1216 2242 1296 nomen

660 1307 755 1362 Dei
778 1347 795 1371 ,
824 1305 1072 1360 universa
1098 1301 1178 1372 (α)
1201 1315 1321 1371 quae
1347 1298 1532 1354 subter
1557 1305 1684 1352 sunt
1704 1337 1720 1359 ,
1757 1293 1851 1349 Dei
1889 1293 2111 1348 arbitrio
2146 1308 2243 1362 gu-

659 1397 892 1452 bernari.
913 1392 1161 1464 'ldipsuin
1202 1405 1303 1461 ego
1344 1398 1472 1459 puto
1485 1386 1596 1442 sub
1623 1384 1743 1440 aliis
1770 1382 2077 1439 nominibus
2103 1391 2156 1435 et
2188 1382 2240 1435 in

657 1486 946 1544 Cherubim
972 1494 1028 1539 et
1053 1490 1284 1553 quatuor
1309 1477 1631 1533 animalibus
1662 1477 1940 1563 liguratum
1963 1513 1979 1539 ,
2007 1486 2127 1563 qua:
2169 1470 2242 1524 ita

658 1578 760 1633 sibi
803 1575 1062 1646 permixta
1091 1580 1216 1627 sunt
1240 1581 1296 1625 et
1323 1569 1542 1623 luerent
1561 1609 1576 1631 ,
1606 1575 1663 1620 ut
1688 1566 1741 1618 in
1769 1579 1878 1618 uno
1907 1561 2244 1615 inveniantur

658 1677 715 1724 et
735 1677 927 1721 exetera
953 1682 968 1718 :
989 1671 1045 1718 et
1067 1658 1513 1731 quod-instanter,
1529 1668 1583 1710 et
1607 1665 1730 1710 ante
1749 1671 1808 1709 se
1833 1653 2042 1718 vadunt,
2064 1662 2240 1704 etnon

660 1763 1016 1812 revertantur.
1065 1751 1341 1806 Labantur
1385 1744 1527 1802 enim
1562 1755 1851 1813 tempora,
1875 1752 1931 1798 et
1975 1743 2242 1812 praeterita

659 1843 1038 1915 relinquentia,
1061 1839 1128 1895 ad
1153 1840 1327 1893 iuhtra
1355 1837 1626 1892 festinant.
1649 1833 1803 1901 Quod
1823 1843 2002 1888 autem
2030 1847 2242 1900 semper

660 1937 712 1991 in
757 1943 909 1990 motu
947 1942 1107 1998 sunt,
1140 1927 1271 1984 illud
1298 1927 1600 1998 signiﬁcant
1628 1925 1768 1996 quod
1792 1967 1807 1990 ,
1841 1936 1890 1979 et
1938 1922 2241 1994 philosophi

657 2025 1012 2096 suspicantur,
1037 2035 1257 2077 currere
1284 2017 1540 2072 mundum
1565 2033 1662 2071 suo
1687 2015 1899 2080 ordine,
1922 2026 1976 2070 et
2006 2016 2242 2070 incessa-

656 2113 838 2168 biliter
868 2111 1011 2165 velut
1036 2120 1207 2164 rotam
1241 2109 1292 2162 in
1320 2121 1420 2161 suo
1448 2121 1548 2161 axe
1576 2105 1809 2174 torqueri
1839 2123 1853 2158 :
1882 2105 2020 2160 unde
2043 2115 2098 2159 et
2126 2116 2238 2157 rota

652 2205 708 2259 iu
739 2211 853 2258 rota
879 2208 993 2268 est,
1037 2200 1088 2254 id
1128 2210 1210 2254 est
1230 2239 1246 2264 ,
1277 2208 1486 2266 tempus
1512 2196 1564 2250 in
1594 2203 1870 2264 tempore,
1904 2205 1954 2249 et
1987 2208 2159 2247 annus
2181 2193 2237 2247 in

652 2292 997 2360 semetipsum
1041 2287 1449 2343 revolviturzet
1493 2284 1622 2354 ipsa:
1670 2291 1803 2338 rota:
1847 2285 2129 2338 elevantur
2171 2283 2237 2336 ad

653 2383 870 2446 cretum,
896 2389 951 2436 et
977 2393 1138 2448 super
1164 2377 1471 2448 crysullum
1502 2375 1726 2429 thronus
1752 2390 1818 2429 ex
1848 2375 2102 2443 sapphiro
2130 2382 2235 2437 est,

655 2483 711 2528 et
732 2485 894 2542 super
921 2471 1172 2525 thronum
1195 2464 1492 2521 similitudo
1510 2464 1750 2519 sedentis
1775 2480 1789 2518 :
1813 2465 1966 2531 cujus
1987 2462 2238 2517 inferiora

657 2565 811 2632 ignea
849 2567 1010 2624 sunt,
1038 2554 1315 2627 superiora
1345 2554 1602 2610 elearina
1627 2570 1641 2606 :
1670 2562 1729 2607 ut
1766 2552 2098 2607 demonstret
2121 2568 2240 2621 quze

657 2650 913 2708 inferiora
939 2647 1081 2712 sunt,
1113 2649 1233 2718 igne
1259 2655 1311 2700 et
1337 2644 1653 2715 purgatione
1679 2642 1917 2712 indigere
1942 2663 1955 2697 :
1978 2659 2096 2712 quae
2119 2656 2239 2696 sur-

655 2758 798 2808 sum,
832 2742 883 2796 in
914 2737 1236 2796 conditionis
1265 2751 1374 2792 sua:
1405 2735 1632 2806 puritate
1662 2731 1974 2804 persistere.
2011 2733 2076 2786 Et
2103 2749 2240 2803 quo-

656 2835 818 2892 modo
843 2834 934 2888 hic
954 2830 1016 2887 in
1047 2831 1227 2885 habitu
1259 2825 1574 2890 sacerdotis,
1603 2825 1720 2880 auri
1748 2824 1942 2878 lamina
1971 2833 2053 2878 est
2078 2824 2236 2878 desu-

656 2944 788 3000 per:
817 2926 890 2982 ita
915 2925 968 2980 in
994 2918 1276 2979 Ezechiele
1301 2919 1558 2974 elcCtrum
1585 2918 1637 2972 in
1667 2924 1882 2986 pectore
1902 2956 1918 2981 ,
1945 2923 2000 2970 et
2035 2915 2087 2970 in
2116 2930 2238 2970 ver-

655 3021 760 3075 tice
786 3017 1077 3074 collocatur
1100 3011 1315 3084 (Eseclt.
1341 3010 1394 3064 l.
1419 3009 1501 3079 8).
1528 3007 1740 3063 Iustum
1771 3019 1905 3076 ergo
1932 3016 2048 3060 erat
2075 3007 2239 3076 (sicut

653 3125 816 3181 supra
840 3123 906 3164 ex
928 3113 1084 3177 parte
1111 3099 1367 3174 diximus)
1391 3111 1445 3154 ut
1469 3097 1715 3154 Pontifex
1744 3095 1856 3161 Dei,
1872 3106 2238 3153 creaturarum

655 3201 894 3257 omnium
925 3208 1106 3270 typum
1151 3203 1372 3264 portans
1411 3191 1468 3245 in
1509 3189 1747 3246 vestibus
1789 3189 1932 3253 suis,
1955 3201 2239 3243 inntcsnsr

654 3307 862 3348 cuxcrs
890 3288 1127 3356 indigere
1150 3281 1515 3338 misericordia
1544 3279 1636 3334 Dei
1662 3297 1676 3333 :
1700 3286 1757 3333 et
1809 3292 1931 3333 cum
1974 3279 2242 3332 sacriﬁca-

659 3389 740 3436 ret
765 3380 850 3444 ei,
880 3381 1186 3446 expiaretur
1231 3370 1546 3425 universalis
1581 3368 1858 3435 conditio,
1889 3379 1948 3422 ut
1989 3383 2097 3423 non
2142 3384 2239 3438 pro

659 3470 843 3526 liberis
880 3482 943 3522 ac
985 3464 1292 3535 pereuntibus
1319 3470 1376 3516 et
1416 3459 1764 3530 propinquis;
1793 3458 1891 3514 sed
1919 3474 2018 3530 pro
2047 3470 2238 3516 cuncta

659 3569 927 3624 creatura,
956 3565 1012 3612 ct
1036 3569 1165 3609 voce
1193 3563 1248 3607 et
1275 3549 1461 3604 habitu
1489 3557 1820 3620 precaretur.

729 3652 821 3708 20.
861 3646 1158 3718 Tetigimus
1186 3641 1583 3712 expositionem
1611 3637 1950 3706 ﬂebraicam,
1977 3648 2032 3696 et
2061 3640 2239 3696 inlini-

661 3757 767 3800 tam
790 3753 1043 3797 sensuum
1064 3735 1268 3808 sylvam
1293 3731 1447 3787 alteri
1471 3731 1699 3802 tempori
1727 3741 2085 3797 reservantes,
2104 3749 2242 3803 qua:-

658 3838 780 3892 dant
809 3833 1000 3888 futuras
1027 3828 1218 3882 domus
1242 3822 1530 3878 stravimus
1561 3821 1920 3876 fundamenta.
1968 3821 2043 3877 De
2083 3822 2238 3878 fetui-

661 3926 874 3982 nalibus
912 3920 1067 3977 lineis
1109 3917 1211 3971 hoc
1253 3913 1430 3970 solent
1467 3913 1682 3978 dicere,
1715 3911 1870 3966 Ratio
1895 3912 2160 3968 seminum
2187 3923 2241 3968 ct

658 4012 1020 4089 generationis
1044 4008 1110 4061 ad
1137 4021 1350 4061 carnem
1384 4005 1678 4073 pertinens.
1703 4011 1860 4057 terra:
1892 4002 1970 4072 (ὁ)
2001 4019 2096 4073 per
2120 4018 2238 4058 eant

661 4111 964 4175 deputatur.
989 4097 1152 4172 369
1195 4095 1344 4152 Unde
1378 4102 1434 4150 et
1477 4093 1543 4148 ad
1581 4093 1750 4148 Adam
1793 4094 2026 4164 loquitur
2054 4095 2193 4150 Deus
2222 4113 2238 4152 :

664 4199 827 4255 Terra
877 4209 952 4261 es,
979 4203 1026 4248 et
1053 4193 1108 4246 in
1133 4201 1319 4244 terram
1347 4188 1441 4243 ibis
1486 4186 1653 4262 (Gen.
1682 4189 1738 4243 5.
1774 4187 1899 4259 19).
1935 4188 2242 4258 Causasque

671 4293 832 4359 hujus
857 4289 955 4353 rei,
982 4282 1250 4355 quomodo
1271 4281 1339 4337 de
1366 4279 1589 4353 parvulo
1615 4280 1820 4335 semine
1844 4289 1900 4336 et
1929 4281 2241 4336 foedissimis

671 4382 836 4440 initiis
857 4387 1002 4434 tanta
1031 4375 1114 4430 vel
1140 4374 1414 4428 hominum
1446 4371 1530 4427 vel
1557 4371 1888 4426 diversarum
1920 4387 2097 4427 rerum
2125 4373 2240 4443 pul-

667 4470 915 4532 chritudo
955 4473 1226 4530 nascatur,
1263 4477 1384 4518 esse
1407 4461 1705 4526 obvolutas,
1723 4472 1778 4517 et
1804 4461 2049 4517 humanis
2074 4465 2241 4518 oculis

665 4581 772 4624 non
786 4573 987 4635 patere.
1021 4557 1269 4627 Legimus
1291 4553 1345 4608 in
1371 4552 1606 4608 Levitico
1627 4552 1806 4621 (Lavit.
1826 4555 1906 4623 8),
1924 4553 2073 4623 juxta
2099 4570 2240 4625 pra:-

665 4669 879 4731 ceptum
911 4652 1028 4718 Dei,
1048 4649 1265 4720 Moysen
1295 4645 1486 4700 lavisse
1510 4645 1687 4699 Aaron
1709 4644 1917 4699 etlilios
1944 4645 2060 4715 ejus
2087 4663 2101 4700 ;
2129 4648 2240 4717 jam

663 4762 790 4806 tunc
821 4742 1183 4818 purgationem
1210 4735 1414 4803 mundi,
1438 4744 1492 4791 et
1519 4750 1700 4790 rerum
1724 4735 1959 4790 omnium
1987 4738 2244 4794 sanctita-

664 4854 770 4898 tem
803 4832 1058 4908 liaptisnti
1085 4835 1418 4887 sacramenta
1463 4825 1766 4897 signabant.
1812 4826 1930 4882 Non
1975 4831 2243 4899 accipiunt

662 4942 862 4996 vestes,
892 4927 993 4984 nisi
1024 4924 1147 4980 lotis
1175 4921 1320 4994 prius
1345 4919 1610 4984 sordibus,
1646 4933 1746 4975 nec
1770 4930 2030 4975 ornantur
2057 4921 2123 4976 ad
2151 4938 2240 4976 sa-

655 5042 775 5093 cra,
799 5023 900 5081 nisi
924 5023 976 5077 in
995 5017 1212 5076 Christo
1233 5015 1361 5070 novi
1389 5013 1634 5070 homines
1658 5022 2026 5069 renascantur.
2053 5015 2239 5070 Vinum

658 5117 808 5174 enim
835 5125 1035 5168 novum
1065 5109 1118 5162 in
1151 5105 1302 5161 novis
1327 5105 1532 5161 utribus
1564 5103 1805 5160 mittitur.
1861 5104 2014 5173 Quod
2060 5117 2237 5163 autem

720 5271 794 5333 (ο)
827 5265 1052 5333 Mitte.
1074 5271 1174 5324 quo
1197 5259 1434 5323 inprimis
1452 5260 1634 5312 utimur
1657 5259 1776 5312 Mss.
1801 5259 1942 5322 liber,
1966 5273 2077 5326 quia
2095 5276 2242 5327 σιφω-

655 5331 843 5388 terram
863 5331 992 5382 ενα.

723 5391 796 5453 (ιν)
830 5384 1063 5453 lasciuae
1100 5393 1316 5453 ωτειοωε

1087 5452 1279 5502 manu
1290 5478 1305 5502 ν

1405 5395 1432 5431 r
1454 5394 1599 5446 quam
1619 5391 1769 5446 terrae
1806 5382 2099 5446 deputatur.
2117 5385 2242 5446 Mar-

658 5443 1021 5508 talitaeuslegit'
1050 5443 1305 5508 praebita,
1579 5452 1633 5494 et
1674 5443 1853 5495 Victor.
1876 5443 1978 5508 iper
1999 5458 2075 5508 ea.
2089 5443 2242 5508 Nobis

659 5510 805 5568 sequi
830 5501 1004 5568 placvit
1043 5501 1383 5568 Cluniacean
1405 5502 1518 5568 κε,
1553 5516 1702 5565 quem
1726 5501 1926 5568 respuit
1957 5505 2113 5556 editor
2143 5506 2240 5556 Be-

659 5525 687 5559 δ
753 5524 805 5559 ω
830 5524 1004 5568 μειιῚΙι
1043 5524 1383 5570 υυιιιῑυςῖιιδιδ
1405 5524 1518 5563 Ιιδσ,
1553 5524 1702 5565 quem
1727 5524 1916 5566 τεψιιιι
1957 5524 2113 5556 υωιοι·
2145 5524 2240 5556 ne-

659 5524 970 5634 nmictiuus,
991 5566 1092 5634 tum
1115 5560 1314 5634 alterius
1335 5563 1559 5634 Reginae,
1586 5573 1637 5614 et
1663 5565 2024 5634 vetustissima
2069 5569 2240 5634 editio-

661 5631 737 5678 nis
757 5624 1113 5675 summitatem,
1154 5631 1250 5678 qua
1271 5624 1581 5684 verissimus,
1629 5631 1681 5674 et
1705 5628 1989 5686 perspicuus
2014 5630 2237 5679 exeritur

657 5701 851 5744 60M”-

1974 277 2216 335 SANCTI
2259 273 2642 332 IIIERONYMI

3831 285 3928 345 θξο

2349 390 2558 461 Moyses
2594 391 2770 455 lavat,
2803 389 2933 460 legis
2973 390 3228 446 indicium
3269 403 3374 448 est.
3409 392 3616 450 Habent
3646 394 3858 468 ﬂagrat
3885 416 3930 458 et

2348 480 2656 550 Propheta,
2687 481 2824 549 ipsos
2851 481 3085 534 audiant.
3119 481 3185 536 Et
3206 481 3281 536 Ab
3302 483 3466 538 Adam
3498 501 3659 556 usque
3683 489 3754 540 ad
3784 489 3924 561 Mog-

2347 588 2435 625 seu
2460 587 2633 624 omnes
2660 581 3010 640 peccaverunt.
3040 571 3331 641 Praeceptis
3360 573 3450 627 Dei
3480 574 3694 631 lavandi
3717 593 3922 646 sumus,

2347 670 2403 715 et
2450 676 2570 714 cum
2625 661 2792 730 parati
2819 661 2884 715 ad
2914 661 3286 717 indumentum
3316 663 3549 732 Christi,
3581 670 3786 725 tunicas
3817 673 3923 741 pel-

2349 751 2512 806 liceas
2557 751 3004 820 deposuerimus,
3037 761 3164 808 tunc
3212 755 3499 811 induemur
3548 769 3701 815 veste
3748 761 3920 829 linea,

2348 840 2480 895 nihil
2509 842 2560 895 in
2591 856 2712 896 sese
2740 844 2928 896 mortis
2959 842 3210 908 habente,
3239 845 3336 899 sed
3363 855 3471 900 tota
3497 849 3724 905 candida
3745 872 3759 908 :
3782 862 3838 907 ut
3862 855 3922 909 de

2349 933 2610 1002 baptismo
2629 943 3036 1003 consurgentes,
3061 935 3339 1004 cingamus
3363 936 3575 994 lumbos
3595 941 3656 996 in
3683 944 3914 1010 veritate,

2345 1034 2400 1076 et
2445 1034 2552 1077 tota
2596 1023 2939 1091 pristinorum
2986 1034 3329 1094 peccatorum
3377 1032 3656 1098 turpitudo
3701 1035 3919 1091 celetur.

2349 1113 2497 1169 Unde
2518 1124 2573 1168 et
2600 1115 2762 1169 David
2787 1132 2800 1168 :
2825 1114 2970 1169 Beati
2998 1132 3217 1185 quorum
3241 1119 3468 1175 remissa
3485 1134 3604 1176 sunt
3623 1125 3923 1196 iniquitates,

2344 1212 2391 1256 et
2415 1219 2630 1270 quorum
2659 1213 2789 1258 tecta
2819 1214 2938 1258 sunt
2966 1215 3172 1274 peccata
3195 1206 3319 1276 (Ps.
3347 1210 3439 1264 3|.
3469 1211 3549 1282 Ι).
3796 1269 3804 1275 .

2406 1294 2505 1348 τι.
2552 1295 2678 1349 Post
2707 1295 2974 1350 feminalia
3020 1307 3075 1353 et
3129 1298 3328 1354 lineam
3377 1303 3609 1360 tunicam
3664 1306 3924 1364 induimur

2345 1383 2692 1455 hiacyntbino
2735 1387 3054 1442 vestimento
3073 1428 3090 1451 ,
3120 1398 3174 1443 et
3211 1389 3495 1459 incipimus
3518 1393 3586 1450 de
3611 1399 3832 1453 terrenis
3859 1400 3921 1453 ad

2343 1475 2448 1528 alta
2481 1476 2863 1532 conscendere.
2888 1476 3011 1532 Haec
3032 1479 3148 1548 ipsa
3173 1479 3513 1552 hiacynthina
3543 1487 3739 1553 tunica,
3768 1504 3798 1543 a
3823 1487 3920 1545 Se-

2345 1567 2613 1634 ptuaginta
2650 1564 2723 1637 (c)
2760 1567 3014 1633 ὒποδὺτης,
3061 1568 3116 1622 id
3146 1580 3262 1636 est,
3291 1573 3532 1626 subucula
3581 1579 3922 1645 nominatur,

2343 1664 2393 1706 et
2421 1655 2634 1723 proprie
2685 1655 2958 1712 Pontiﬁcis
2998 1667 3116 1724 est,
3157 1659 3515 1732 signiﬁcatque
3544 1665 3804 1721 rationem
3828 1681 3923 1721 su-

2343 1741 2583 1797 blimium
2611 1759 2716 1797 non
2750 1754 2933 1814 patere
2975 1746 3260 1815 omnibus,
3299 1749 3399 1804 sed
3447 1751 3736 1820 majoribus
3763 1764 3920 1825 atque

2344 1833 2610 1900 perfectis.
2655 1833 2804 1888 Hanc
2829 1834 3129 1890 habuerunt
3154 1836 3454 1909 Moyses-et
3481 1841 3657 1896 Aaron
3712 1852 3768 1898 et
3792 1844 3921 1899 Pro-

2345 1926 2516 1992 pheta:
2536 1964 2551 1989 ,
2579 1933 2633 1979 et
2652 1938 2840 1979 omnes
2867 1927 3058 1995 quibus
3083 1926 3278 1982 dicitur
3304 1945 3320 1983 :
3344 1927 3411 1982 In
3432 1940 3654 1985 merrtem
3678 1935 3921 1988 meiat-nt

2341 2017 2554 2070 ascende
2599 2027 2674 2084 tu,
2731 2018 2821 2088 qui
2862 2019 3176 2089 evangelizas
3206 2019 3336 2074 Sion
3383 2020 3550 2094 (Isai.
3582 2023 3670 2078 ‘0.
3702 2023 3793 2094 9).
3817 2026 3921 2081 Nec

2343 2105 2494 2158 nobis
2529 2106 2724 2159 sul'licit
2769 2106 3004 2177 priorum
3034 2109 3238 2163 ablutio
3280 2120 3640 2179 peccatorum,
3680 2113 3917 2183 baptismi

2339 2197 2530 2264 gratia,
2553 2196 2793 2251 doctrina
2824 2199 3103 2262 secretior,
3140 2200 3240 2253 nisi
3283 2200 3624 2256 habuerimus
3651 2213 3707 2258 et
3743 2219 3916 2274 opera.

2344 2285 2492 2340 Unde
2514 2287 2754 2354 jungitur
2773 2287 3058 2356 et‘Ep‘hod,
3089 2289 3140 2343 id
3166 2299 3269 2355 est,
3295 2290 3763 2360 Superlrumeraie,
3785 2295 3920 2364 quod

2342 2375 2602 2430 Rationali
2638 2377 2920 2447 copulatur
2950 2396 2966 2434 :
2991 2389 3055 2433 ut
3081 2397 3184 2434 non
3212 2383 3281 2436 sit
3321 2382 3522 2449 laxum,
3553 2399 3726 2456 neque
3748 2386 3920 2442 disso~

2342 2469 2529 2534 lutum,
2579 2468 2672 2524 sed
2725 2469 2964 2525 intereant
3011 2472 3111 2526 sibi
3157 2474 3409 2542 invicem,
3463 2486 3520 2532 et
3556 2478 3758 2534 auxilio
3793 2481 3918 2538 sint.

2341 2558 2498 2610 ltatio
2526 2560 2668 2613 enim
2694 2559 2980 2628 operibus,
3021 2569 3075 2616 et
3112 2577 3275 2631 opera
3323 2566 3535 2622 ratione
3557 2568 3795 2638 indigent
3824 2589 3837 2624 :
3867 2584 3922 2627 ut

2339 2646 2480 2716 quod
2509 2659 2686 2703 mente
2710 2651 3032 2719 percipimus
3063 2666 3227 2721 apere
3271 2664 3662 2724 perpetretnus.
3711 2659 3922 2732 Dnoque

2342 2739 2545 2807 lapides
2572 2741 2624 2794 in
2639 2739 3107 2810 Superbumerali,
3132 2746 3217 2800 vei
3238 2747 3505 2802 Christum
3537 2749 3830 2820 signiﬁcant
3874 2765 3924 2809 et

2341 2829 2958 2898 Ecclesiam,duodecim
2989 2837 3566 2913 Apostolorum,3'70
3589 2845 3679 2912 qui
3707 2845 3773 2900 ad
3795 2863 3924 2915 prte-

2339 2920 2656 2976 dicationent
2685 2924 2834 2978 missi
2889 2935 3037 2990 sunt,
3081 2930 3296 2982 nomina
3325 2932 3663 2989 continentes
3693 2952 3706 2988 :
3731 2936 3814 2991 vel
3839 2939 3922 2990 lit-

2343 3023 2506 3066 teram
2529 3023 2582 3067 et
2602 3008 2870 3083 spiritum,
2889 3016 2943 3070 in
2957 3016 3148 3086 quibus
3171 3019 3512 3076 continentur
3530 3023 3661 3093 legis
3681 3025 3922 3081 universa

2340 3103 2613 3172 mysteria.
2648 3103 2703 3157 In
2731 3103 2920 3159 dextra
2947 3107 3184 3176 spiritus,
3220 3109 3273 3162 in
3310 3109 3441 3164 heva
3473 3111 3648 3168 littera
3675 3125 3780 3169 est.
3827 3117 3925 3172 Per

2339 3191 2547 3246 litteras
2568 3196 2635 3247 ad
2665 3193 2826 3248 verba
2854 3194 3252 3262 descendimus,
3275 3213 3369 3267 per
3386 3200 3543 3256 verba
3574 3203 3820 3260 venimus
3860 3206 3924 3260 ad

2339 3297 2575 3336 sensum.
2607 3282 2779 3350 Quam
2807 3284 3028 3354 pulcher
3047 3286 3200 3350 ordo,
3227 3298 3283 3342 et
3307 3305 3371 3344 ex
3401 3291 3516 3360 ipso
3537 3292 3718 3350 habitu
3745 3311 3923 3351 sacra-

2339 3381 2516 3427 menta
2543 3371 2939 3429 demonstrans.
2970 3375 3024 3429 In
3047 3375 3283 3432 humeris
3300 3393 3459 3448 opera
3480 3393 3623 3448 sunt,
3640 3384 3692 3438 in
3714 3397 3926 3454 pectore

2340 3465 2494 3518 ratio.
2517 3463 2668 3518 Unde
2687 3474 2742 3519 et
2768 3467 3132 3534 pectusculnm
3150 3468 3441 3523 comedunt
3460 3473 3789 3529 sacerdotes.
3819 3476 3924 3531 Hoc

2341 3561 2514 3607 autem
2540 3553 2824 3610 Rationale
2843 3556 3036 3626 duplex
3060 3567 3167 3624 est,
3194 3570 3436 3628 apertum
3459 3571 3510 3616 et
3528 3563 3922 3630 absconditum,

2339 3644 2566 3713 simplex
2594 3652 2649 3699 et
2673 3646 2975 3716 mysticum,
3001 3647 3284 3704 duodecim
3311 3652 3364 3705 in
3393 3667 3452 3705 se
3471 3652 3674 3721 lapides
3703 3655 3922 3720 habens,

2340 3747 2392 3790 et
2412 3746 2640 3806 quatuor
2663 3737 2895 3803 ordines,
2923 3754 3057 3808 quos
3081 3751 3308 3810 quatuor
3332 3751 3461 3811 puto
3510 3758 3631 3799 esse
3674 3747 3921 3808 virtutes.

2341 3827 2702 3893 Prudentiam,
2731 3827 3138 3895 Fortitudinem,
3181 3829 3466 3897 Justitiam,
3499 3843 3553 3889 et
3593 3835 3928 3907 Temperan~

2343 3919 2488 3980 tiam,
2519 3933 2640 3988 qua:
2668 3918 2768 3973 sibi
2801 3919 3006 3974 luerent
3044 3921 3267 3977 invicem
3295 3939 3311 3977 :
3337 3933 3392 3978 et
3419 3923 3546 3979 dum
3584 3938 3774 3982 mutuo
3802 3931 3930 3983 niis-

2340 4017 2548 4073 centur,
2584 4007 2968 4064 duodenarium
3011 4009 3252 4065 efficiunt
3287 4029 3566 4070 numerum
3601 4034 3614 4070 :
3645 4017 3728 4072 vel
3794 4035 3930 4089 qua-

2343 4107 2462 4152 tuor
2491 4097 2572 4169 (d)
2606 4099 2905 4167 Evangelia,
2937 4115 3058 4169 quae
3087 4101 3138 4156 in
3180 4103 3498 4175 Apocalypsi
3548 4105 3933 4163 describuntur

2343 4187 2495 4256 plena
2525 4188 2692 4242 oculis
2719 4187 2913 4260 (Apoc.
2947 4190 3034 4244 14.
3067 4190 3175 4261 6),
3198 4202 3254 4247 ει
3284 4193 3492 4249 Domini
3523 4196 3641 4252 luce
3666 4197 3930 4253 radiantia

2342 4275 2595 4330 mundum
2626 4276 2943 4332 illuminant.
2972 4277 3028 4333 In
3065 4295 3171 4334 uno
3197 4291 3468 4349 quattuor,
3499 4295 3555 4340 et
3596 4286 3648 4340 in
3670 4296 3934 4356 quattuor

2341 4369 2566 4438 singula.
2597 4367 2750 4423 Unde
2773 4373 2989 4436 δήλωσις,
3021 4382 3075 4425 ει
3101 4374 3317 4436 ἀλήθεια.
3356 4373 3408 4428 id
3437 4385 3522 4430 est
3555 4378 3631 4446 (ε)
3655 4380 3898 4432 doctrina
3917 4421 3932 4441 .

2341 4468 2397 4516 ει
2423 4461 2605 4516 veritas
2630 4461 2682 4516 in
2701 4473 2916 4532 pectore
2934 4463 3238 4522 Sacerdotis
3275 4476 3378 4522 est.
3423 4465 3556 4524 Cum
3594 4471 3736 4525 enim
3772 4471 3938 4526 indu-

2371 4660 2476 4770 ἣδε)
2500 4659 2613 4732 νίιιἶ
2635 4659 2857 4734 Levit.§.
2882 4663 2930 4712 7.
2954 4665 3036 4713 ubi
3054 4665 3388 4740 tamenAlex.
3413 4666 3501 4716 Ms.
3526 4675 3718 4728 ιιινευτην
3741 4668 3938 4742 habet;

2465 4727 2518 4770 et
2554 4720 2928 4770 Hieronvuuana
2966 4727 3262 4770 exemthrta
3309 4741 3479 4770 mirum
3509 4737 3742 4770 nuantum
3799 4741 3938 4770 mim-

2341 4720 2432 4770 sed
2465 4720 2928 4789 et_Hieronytni_ana
2966 4727 3262 4789 exemplaria
3309 4729 3479 4776 mirum
3509 4720 3743 4789 quantum
3799 4720 3940 4780 inter

2342 4794 2401 4855 se
2445 4784 2649 4832 varient.
2693 4783 2922 4842 quaedam
2952 4783 3184 4848 ιιοδιιηὲς.
3217 4789 3312 4838 alia
3353 4783 3549 4837 notante
3574 4788 3808 4855 Martiae.
3839 4803 3941 4842 διὸ-

2343 4849 2469 4893 ουτω.

2407 4903 2482 4972 (d)
2519 4902 2784 4972 Erasm._et
2808 4905 3054 4972 Victorius
3095 4909 3346 4971 animalia,
3381 4922 3520 4972 quam
3543 4921 3714 4972 vocem
3738 4909 3816 4960 de
3843 4927 3945 4961 suo

2343 4967 2636 5026 subrbgasse
2651 4967 2940 5033 arbitramur
2954 4967 3594 5033 Hiermiymiano'contextui
3610 4985 3624 5029 ;
3646 4969 3767 5033 Mss.
3795 4977 3943 5022 enim

2345 5034 2692 5095 omnestutna
2733 5029 2875 5076 nobis
2895 5042 3004 5095 eum
3027 5043 3053 5078 a
3091 5029 3413 5095 Benedictino
3455 5032 3679 5095 inspecti,
3705 5035 3836 5095 quin
3885 5043 3942 5084 et

2345 5093 2553 5166 vetusta:
2576 5087 2818 5136 editiones
2829 5091 3054 5166 retinent
3076 5091 3346 5166 ιιξραειμειὲα.
3372 5092 3474 5166 ﬁet:
3497 5087 3818 5166 ineleganter:
3842 5110 3939 5166 μοτ

2345 5148 2439 5218 luit
2458 5149 2594 5198 Hier.
2610 5167 2782 5218 τριρευισς
2792 5162 2912 5218 qua;
2924 5153 3155 5218 symbolis
3169 5148 3547 5218 Evangeliorum
3564 5154 3612 5203 in
3631 5148 3940 5218 Kpocaly'psl

2345 5209 2640 5277 tribuuntur,
2664 5209 3084 5277 Evangeliis'ipsis
3099 5209 3379 5264 adscribe're
3393 5228 3599 5277 ;_eoque
3631 5209 3793 5276 magis
3815 5209 3939 5264 £13m

2348 5271 2496 5338 verba
2517 5269 2593 5338 in“
2611 5282 2704 5338 uno
2723 5269 2954 5338 quatuor,
2977 5269 3040 5338 ἱξι⁸
3065 5274 3116 5324 in
3151 5282 3352 5338 quatuor
3387 5269 3576 5338 iingfla
3617 5269 3823 5338 proprie
3866 5278 3940 5324 de

2345 5328 2622 5397 Evangeliis
2643 5328 2878 5381 dicantur.
2898 5328 2998 5382 Nisi
3020 5334 3142 5397 forte
3164 5328 3424 5397 scripserat
3533 5328 3719 5385 Doctor:
3735 5346 3942 5386 utrum-

2380 5404 2461 5469 με,
2490 5391 2573 5441 ἥσει
2609 5399 2812 5469 quatuor
2835 5394 3106 5469 Evangelia,
3132 5403 3178 5445 et
3209 5391 3413 5469 quatuor
3435 5396 3687 5469 qnimatiq,
3713 5411 3942 5469 φης-ειμι

2342 5455 2549 5501 alterum
2593 5455 2856 5503 verborum
2901 5455 3182 5505 eoi'nmdem
3222 5455 3428 5505 occursu
3455 5455 3782 5508 interciderit.
3815 5459 3940 5506 Mox

2343 5525 2431 5574 pro
2478 5513 2666 5579 [mmini
2688 5514 2793 5564 luce
2834 5516 3109 5575 radfantt'a,
3135 5518 3328 5578 quidam
3369 5518 3585 5579 codices,
3619 5519 3820 5568 taurini
3860 5519 3944 5567 lu-

2341 5586 2501 5623 cerna:
2521 5576 2760 5624 ardentes.

2403 5635 2608 5703 (ε)ῌίιὶ
2633 5648 2803 5703 omnes
2830 5645 3006 5698 pra-ter
3045 5638 3262 5687 Martian.
3285 5637 3462 5687 addunt
3482 5639 3815 5703 mnm'festatio
3845 5640 3943 5697 ret,

2344 5707 2436 5743 nec
2456 5697 2558 5744 scio
2582 5709 2639 5744 an
2666 5697 2842 5748 verius.
