  <div class='ocr_page' id='page_1' title='image "/cluster/home/n/w/nwhite01/storage/ocr_20150623/22/uva.x000826587/386.png"; bbox 0 0 4056 6184; ppageno 0'>
   <div class='ocr_carea' id='block_1_1' title="bbox 249 287 358 346">
    <p class='ocr_par' dir='ltr' id='par_1_1' title="bbox 249 287 358 346">
     <span class='ocr_line' id='line_1_1' title="bbox 249 287 358 346; baseline 0 -1"><span class='ocrx_word' id='word_1_1' title='bbox 249 287 358 346; x_wconf 73' lang='grc'><strong>625</strong></span> 
     </span>
    </p>
   </div>
   <div class='ocr_carea' id='block_1_2' title="bbox 251 372 1827 456">
    <p class='ocr_par' dir='ltr' id='par_1_2' title="bbox 251 372 1827 456">
     <span class='ocr_line' id='line_1_2' title="bbox 251 372 1827 456; baseline -0.014 0"><span class='ocrx_word' id='word_1_2' title='bbox 251 404 439 456; x_wconf 83' lang='lat' dir='ltr'><strong>tionem</strong></span> <span class='ocrx_word' id='word_1_3' title='bbox 475 407 533 454; x_wconf 86' lang='lat' dir='ltr'><strong>et</strong></span> <span class='ocrx_word' id='word_1_4' title='bbox 576 395 914 450; x_wconf 76' lang='lat' dir='ltr'><strong>doctissimum</strong></span> <span class='ocrx_word' id='word_1_5' title='bbox 954 372 1107 444; x_wconf 86' lang='lat' dir='ltr'><strong>sonat</strong></span> <span class='ocrx_word' id='word_1_6' title='bbox 1138 406 1152 441; x_wconf 72' lang='grc' dir='ltr'>ε</span> <span class='ocrx_word' id='word_1_7' title='bbox 1181 402 1295 452; x_wconf 82' lang='lat' dir='ltr'><strong>sm,</strong></span> <span class='ocrx_word' id='word_1_8' title='bbox 1345 383 1594 439; x_wconf 82' lang='lat' dir='ltr'><strong>canticum</strong></span> <span class='ocrx_word' id='word_1_9' title='bbox 1624 400 1638 435; x_wconf 88' lang='lat'><strong>:</strong></span> <span class='ocrx_word' id='word_1_10' title='bbox 1666 397 1827 436; x_wconf 73' lang='lat' dir='ltr'><strong>IDIDIA</strong></span> 
     </span>
    </p>
   </div>
   <div class='ocr_carea' id='block_1_3' title="bbox 252 477 1829 564">
    <p class='ocr_par' dir='ltr' id='par_1_3' title="bbox 252 477 1829 564">
     <span class='ocr_line' id='line_1_3' title="bbox 252 477 1829 564; baseline -0.017 -14"><span class='ocrx_word' id='word_1_11' title='bbox 252 496 532 564; x_wconf 72' lang='lat' dir='ltr'><strong>arrtiquum</strong></span> <span class='ocrx_word' id='word_1_12' title='bbox 574 487 873 545; x_wconf 88' lang='lat' dir='ltr'><strong>Salomonis</strong></span> <span class='ocrx_word' id='word_1_13' title='bbox 896 493 978 539; x_wconf 88' lang='lat' dir='ltr'><strong>est</strong></span> <span class='ocrx_word' id='word_1_14' title='bbox 1009 498 1225 546; x_wconf 89' lang='lat' dir='ltr'><strong>nomen,</strong></span> <span class='ocrx_word' id='word_1_15' title='bbox 1252 479 1373 548; x_wconf 97' lang='lat' dir='ltr'><strong>quia</strong></span> <span class='ocrx_word' id='word_1_16' title='bbox 1410 477 1516 531; x_wconf 90' lang='lat' dir='ltr'><strong>alio</strong></span> <span class='ocrx_word' id='word_1_17' title='bbox 1544 489 1704 529; x_wconf 89' lang='lat' dir='ltr'><strong>sensu</strong></span> <span class='ocrx_word' id='word_1_18' title='bbox 1734 489 1829 543; x_wconf 84' lang='lat' dir='ltr'><strong>pa-</strong></span> 
     </span>
    </p>
   </div>
   <div class='ocr_carea' id='block_1_4' title="bbox 253 565 1832 655">
    <p class='ocr_par' dir='ltr' id='par_1_4' title="bbox 253 565 1832 655">
     <span class='ocr_line' id='line_1_4' title="bbox 253 565 1832 655; baseline -0.015 -17"><span class='ocrx_word' id='word_1_19' title='bbox 253 586 433 655; x_wconf 75' lang='lat' dir='ltr'><strong>ciﬁcus</strong></span> <span class='ocrx_word' id='word_1_20' title='bbox 457 579 772 652; x_wconf 72' lang='lat' dir='ltr'><strong>appellatur.</strong></span> <span class='ocrx_word' id='word_1_21' title='bbox 799 576 1037 643; x_wconf 84' lang='lat' dir='ltr'><strong>Quatuor</strong></span> <span class='ocrx_word' id='word_1_22' title='bbox 1061 583 1235 626; x_wconf 89' lang='lat' dir='ltr'><strong>autem</strong></span> <span class='ocrx_word' id='word_1_23' title='bbox 1263 567 1482 632; x_wconf 88' lang='lat' dir='ltr'><strong>Psalmi,</strong></span> <span class='ocrx_word' id='word_1_24' title='bbox 1508 567 1630 621; x_wconf 89' lang='lat' dir='ltr'><strong>licet</strong></span> <span class='ocrx_word' id='word_1_25' title='bbox 1655 565 1706 618; x_wconf 90' lang='lat' dir='ltr'><strong>in</strong></span> 
     </span>
    </p>
   </div>
   <div class='ocr_carea' id='block_1_5' title="bbox 253 653 1832 735">
    <p class='ocr_par' dir='ltr' id='par_1_5' title="bbox 253 653 1832 735">
     <span class='ocr_line' id='line_1_5' title="bbox 253 653 1832 735; baseline -0.015 -6"><span class='ocrx_word' id='word_1_26' title='bbox 253 653 469 730; x_wconf 78' lang='lat' dir='ltr'><strong>steriori</strong></span> <span class='ocrx_word' id='word_1_27' title='bbox 516 670 786 724; x_wconf 89' lang='lat' dir='ltr'><strong>titulormn</strong></span> <span class='ocrx_word' id='word_1_28' title='bbox 838 675 986 735; x_wconf 88' lang='lat' dir='ltr'><strong>parte</strong></span> <span class='ocrx_word' id='word_1_29' title='bbox 1029 662 1378 724; x_wconf 74' lang='lat' dir='ltr'><strong>dissentiant,</strong></span> <span class='ocrx_word' id='word_1_30' title='bbox 1425 657 1527 712; x_wconf 88' lang='lat' dir='ltr'><strong>hoc</strong></span> <span class='ocrx_word' id='word_1_31' title='bbox 1572 653 1832 725; x_wconf 87' lang='lat' dir='ltr'><strong>principio</strong></span> 
     </span>
    </p>
   </div>
   <div class='ocr_carea' id='block_1_6' title="bbox 259 744 1830 834">
    <p class='ocr_par' dir='ltr' id='par_1_6' title="bbox 259 744 1830 834">
     <span class='ocr_line' id='line_1_6' title="bbox 259 744 1830 834; baseline -0.013 -17"><span class='ocrx_word' id='word_1_32' title='bbox 259 771 664 834; x_wconf 78' lang='lat' dir='ltr'><strong>pra-notantur,</strong></span> <span class='ocrx_word' id='word_1_33' title='bbox 693 755 1133 826; x_wconf 71' lang='lat' dir='ltr'><strong>quadragesimus</strong></span> <span class='ocrx_word' id='word_1_34' title='bbox 1175 761 1416 821; x_wconf 87' lang='lat' dir='ltr'><strong>quartus,</strong></span> <span class='ocrx_word' id='word_1_35' title='bbox 1460 744 1830 818; x_wconf 84' lang='lat' dir='ltr'><strong>quinquagesi-</strong></span> 
     </span>
    </p>
   </div>
   <div class='ocr_carea' id='block_1_7' title="bbox 255 837 1834 916">
    <p class='ocr_par' dir='ltr' id='par_1_7' title="bbox 255 837 1834 916">
     <span class='ocr_line' id='line_1_7' title="bbox 255 837 1834 916; baseline -0.016 -7"><span class='ocrx_word' id='word_1_36' title='bbox 255 869 375 909; x_wconf 88' lang='lat' dir='ltr'><strong>mus</strong></span> <span class='ocrx_word' id='word_1_37' title='bbox 397 866 588 913; x_wconf 82' lang='lat' dir='ltr'><strong>nonus,</strong></span> <span class='ocrx_word' id='word_1_38' title='bbox 621 846 988 916; x_wconf 61' lang='lat' dir='ltr'><strong>sexagesimus</strong></span> <span class='ocrx_word' id='word_1_39' title='bbox 1019 853 1262 906; x_wconf 64' lang='lat' dir='ltr'><strong>octavus,</strong></span> <span class='ocrx_word' id='word_1_40' title='bbox 1289 837 1709 908; x_wconf 78' lang='lat' dir='ltr'><strong>septuagesimus</strong></span> <span class='ocrx_word' id='word_1_41' title='bbox 1738 849 1834 886; x_wconf 86' lang='lat' dir='ltr'><strong>no-</strong></span> 
     </span>
    </p>
   </div>
   <div class='ocr_carea' id='block_1_8' title="bbox 253 925 1834 1011">
    <p class='ocr_par' dir='ltr' id='par_1_8' title="bbox 253 925 1834 1011">
     <span class='ocr_line' id='line_1_8' title="bbox 253 925 1834 1011; baseline -0.014 -14"><span class='ocrx_word' id='word_1_42' title='bbox 253 960 354 998; x_wconf 88' lang='lat' dir='ltr'><strong>nus</strong></span> <span class='ocrx_word' id='word_1_43' title='bbox 379 963 392 997; x_wconf 91' lang='lat'>:</span> <span class='ocrx_word' id='word_1_44' title='bbox 416 960 446 997; x_wconf 90' lang='lat' dir='ltr'><strong>e</strong></span> <span class='ocrx_word' id='word_1_45' title='bbox 472 941 668 1011; x_wconf 85' lang='lat' dir='ltr'><strong>quibus</strong></span> <span class='ocrx_word' id='word_1_46' title='bbox 688 940 792 992; x_wconf 90' lang='lat' dir='ltr'><strong>duo</strong></span> <span class='ocrx_word' id='word_1_47' title='bbox 815 937 972 990; x_wconf 86' lang='lat' dir='ltr'><strong>medii</strong></span> <span class='ocrx_word' id='word_1_48' title='bbox 993 935 1373 994; x_wconf 89' lang='lat' dir='ltr'><strong>inscribuntur,</strong></span> <span class='ocrx_word' id='word_1_49' title='bbox 1402 928 1600 989; x_wconf 75' lang='lat' dir='ltr'><strong>David;</strong></span> <span class='ocrx_word' id='word_1_50' title='bbox 1632 925 1834 994; x_wconf 88' lang='lat' dir='ltr'><strong>primus</strong></span> 
     </span>
    </p>
   </div>
   <div class='ocr_carea' id='block_1_9' title="bbox 250 1015 1834 1096">
    <p class='ocr_par' dir='ltr' id='par_1_9' title="bbox 250 1015 1834 1096">
     <span class='ocr_line' id='line_1_9' title="bbox 250 1015 1834 1096; baseline -0.015 -5"><span class='ocrx_word' id='word_1_51' title='bbox 250 1048 302 1091; x_wconf 89' lang='lat' dir='ltr'><strong>et</strong></span> <span class='ocrx_word' id='word_1_52' title='bbox 334 1034 676 1096; x_wconf 78' lang='lat' dir='ltr'><strong>novissimus,</strong></span> <span class='ocrx_word' id='word_1_53' title='bbox 725 1028 973 1082; x_wconf 77' lang='lat' dir='ltr'><strong>Filiorum</strong></span> <span class='ocrx_word' id='word_1_54' title='bbox 1017 1024 1148 1081; x_wconf 71' lang='lat' dir='ltr'><strong>Core</strong></span> <span class='ocrx_word' id='word_1_55' title='bbox 1189 1033 1233 1076; x_wconf 82' lang='lat' dir='ltr'><strong>et</strong></span> <span class='ocrx_word' id='word_1_56' title='bbox 1280 1021 1470 1090; x_wconf 84' lang='lat' dir='ltr'><strong>Asaph.</strong></span> <span class='ocrx_word' id='word_1_57' title='bbox 1514 1019 1588 1073; x_wconf 92' lang='lat' dir='ltr'><strong>De</strong></span> <span class='ocrx_word' id='word_1_58' title='bbox 1629 1015 1834 1070; x_wconf 85' lang='lat' dir='ltr'><strong>cunctis</strong></span> 
     </span>
    </p>
   </div>
   <div class='ocr_carea' id='block_1_10' title="bbox 250 1107 1836 1191">
    <p class='ocr_par' dir='ltr' id='par_1_10' title="bbox 250 1107 1836 1191">
     <span class='ocr_line' id='line_1_10' title="bbox 250 1107 1836 1191; baseline -0.014 -10"><span class='ocrx_word' id='word_1_59' title='bbox 250 1129 430 1182; x_wconf 86' lang='lat' dir='ltr'><strong>dicere</strong></span> <span class='ocrx_word' id='word_1_60' title='bbox 458 1142 562 1181; x_wconf 93' lang='lat' dir='ltr'><strong>non</strong></span> <span class='ocrx_word' id='word_1_61' title='bbox 590 1135 673 1178; x_wconf 91' lang='lat' dir='ltr'><strong>est</strong></span> <span class='ocrx_word' id='word_1_62' title='bbox 696 1122 855 1191; x_wconf 90' lang='lat' dir='ltr'><strong>hujus</strong></span> <span class='ocrx_word' id='word_1_63' title='bbox 883 1118 1160 1188; x_wconf 89' lang='lat' dir='ltr'><strong>temporis,</strong></span> <span class='ocrx_word' id='word_1_64' title='bbox 1182 1130 1339 1186; x_wconf 89' lang='lat' dir='ltr'><strong>quem</strong></span> <span class='ocrx_word' id='word_1_65' title='bbox 1363 1113 1643 1181; x_wconf 74' lang='lat' dir='ltr'><strong>cmpimus,</strong></span> <span class='ocrx_word' id='word_1_66' title='bbox 1667 1107 1836 1177; x_wconf 89' lang='lat' dir='ltr'><strong>expli-</strong></span> 
     </span>
    </p>
   </div>
   <div class='ocr_carea' id='block_1_11' title="bbox 247 1233 459 1272">
    <p class='ocr_par' dir='ltr' id='par_1_11' title="bbox 247 1233 459 1272">
     <span class='ocr_line' id='line_1_11' title="bbox 247 1233 459 1272; baseline -0.009 0"><span class='ocrx_word' id='word_1_67' title='bbox 247 1233 459 1272; x_wconf 78' lang='lat' dir='ltr'><strong>ceruus.</strong></span> 
     </span>
    </p>
   </div>
   <div class='ocr_carea' id='block_1_12' title="bbox 326 1312 1828 1394">
    <p class='ocr_par' dir='ltr' id='par_1_12' title="bbox 326 1312 1828 1394">
     <span class='ocr_line' id='line_1_12' title="bbox 326 1312 1828 1394; baseline -0.011 -12"><span class='ocrx_word' id='word_1_68' title='bbox 326 1334 379 1382; x_wconf 79' lang='grc'><strong>4.</strong></span> <span class='ocrx_word' id='word_1_69' title='bbox 414 1327 602 1390; x_wconf 79' lang='lat' dir='ltr'><strong>Recte,</strong></span> <span class='ocrx_word' id='word_1_70' title='bbox 634 1325 723 1394; x_wconf 89' lang='lat' dir='ltr'><strong>qui</strong></span> <span class='ocrx_word' id='word_1_71' title='bbox 751 1324 802 1377; x_wconf 90' lang='lat' dir='ltr'><strong>in</strong></span> <span class='ocrx_word' id='word_1_72' title='bbox 845 1321 1164 1376; x_wconf 69' lang='lat' dir='ltr'><strong>smeulorum</strong></span> <span class='ocrx_word' id='word_1_73' title='bbox 1195 1319 1299 1372; x_wconf 85' lang='lat' dir='ltr'><strong>line</strong></span> <span class='ocrx_word' id='word_1_74' title='bbox 1327 1315 1563 1371; x_wconf 81' lang='lat' dir='ltr'><strong>mutandi</strong></span> <span class='ocrx_word' id='word_1_75' title='bbox 1590 1320 1734 1378; x_wconf 90' lang='lat' dir='ltr'><strong>sunt,</strong></span> <span class='ocrx_word' id='word_1_76' title='bbox 1761 1312 1828 1366; x_wconf 88' lang='lat' dir='ltr'><strong>de</strong></span> 
     </span>
    </p>
   </div>
   <div class='ocr_carea' id='block_1_13' title="bbox 250 1402 1836 1488">
    <p class='ocr_par' dir='ltr' id='par_1_13' title="bbox 250 1402 1836 1488">
     <span class='ocr_line' id='line_1_13' title="bbox 250 1402 1836 1488; baseline -0.009 -17"><span class='ocrx_word' id='word_1_77' title='bbox 250 1420 450 1488; x_wconf 83' lang='lat' dir='ltr'><strong>quibus</strong></span> <span class='ocrx_word' id='word_1_78' title='bbox 495 1419 782 1484; x_wconf 78' lang='lat' dir='ltr'><strong>Apostolus</strong></span> <span class='ocrx_word' id='word_1_79' title='bbox 830 1413 1108 1484; x_wconf 90' lang='lat' dir='ltr'><strong>loquitur:</strong></span> <span class='ocrx_word' id='word_1_80' title='bbox 1142 1411 1328 1464; x_wconf 81' lang='lat' dir='ltr'><strong>Omnes</strong></span> <span class='ocrx_word' id='word_1_81' title='bbox 1369 1409 1706 1470; x_wconf 82' lang='lat' dir='ltr'><strong>dormientus,</strong></span> <span class='ocrx_word' id='word_1_82' title='bbox 1749 1402 1836 1457; x_wconf 79' lang='lat' dir='ltr'><strong>sed</strong></span> 
     </span>
    </p>
   </div>
   <div class='ocr_carea' id='block_1_14' title="bbox 250 1494 1836 1574">
    <p class='ocr_par' dir='ltr' id='par_1_14' title="bbox 250 1494 1836 1574">
     <span class='ocr_line' id='line_1_14' title="bbox 250 1494 1836 1574; baseline -0.009 -12"><span class='ocrx_word' id='word_1_83' title='bbox 250 1526 356 1562; x_wconf 84' lang='lat' dir='ltr'><strong>non</strong></span> <span class='ocrx_word' id='word_1_84' title='bbox 378 1525 550 1562; x_wconf 88' lang='lat' dir='ltr'><strong>onmes</strong></span> <span class='ocrx_word' id='word_1_85' title='bbox 579 1505 959 1560; x_wconf 81' lang='lat' dir='ltr'><strong>immutabimnr</strong></span> <span class='ocrx_word' id='word_1_86' title='bbox 979 1504 1029 1574; x_wconf 93' lang='grc' dir='ltr'>(Ι</span> <span class='ocrx_word' id='word_1_87' title='bbox 1047 1502 1279 1558; x_wconf 87' lang='lat' dir='ltr'><strong>.Cor.l5.</strong></span> <span class='ocrx_word' id='word_1_88' title='bbox 1309 1498 1422 1572; x_wconf 75' lang='lat' dir='ltr'><strong>bl),</strong></span> <span class='ocrx_word' id='word_1_89' title='bbox 1452 1499 1754 1555; x_wconf 86' lang='lat' dir='ltr'><strong>referuntur</strong></span> <span class='ocrx_word' id='word_1_90' title='bbox 1769 1494 1836 1548; x_wconf 87' lang='lat' dir='ltr'><strong>ad</strong></span> 
     </span>
    </p>
   </div>
   <div class='ocr_carea' id='block_1_15' title="bbox 252 1585 1834 1665">
    <p class='ocr_par' dir='ltr' id='par_1_15' title="bbox 252 1585 1834 1665">
     <span class='ocr_line' id='line_1_15' title="bbox 252 1585 1834 1665; baseline -0.006 -16"><span class='ocrx_word' id='word_1_91' title='bbox 252 1600 434 1650; x_wconf 90' lang='lat' dir='ltr'><strong>linem.</strong></span> <span class='ocrx_word' id='word_1_92' title='bbox 457 1596 521 1650; x_wconf 82' lang='lat' dir='ltr'><strong>Et</strong></span> <span class='ocrx_word' id='word_1_93' title='bbox 540 1597 643 1649; x_wconf 91' lang='lat' dir='ltr'><strong>hoc</strong></span> <span class='ocrx_word' id='word_1_94' title='bbox 671 1597 840 1664; x_wconf 82' lang='lat' dir='ltr'><strong>ipsum</strong></span> <span class='ocrx_word' id='word_1_95' title='bbox 869 1595 1178 1665; x_wconf 75' lang='lat' dir='ltr'><strong>mysterium</strong></span> <span class='ocrx_word' id='word_1_96' title='bbox 1209 1593 1462 1646; x_wconf 89' lang='lat' dir='ltr'><strong>lectorem</strong></span> <span class='ocrx_word' id='word_1_97' title='bbox 1485 1585 1834 1659; x_wconf 68' lang='lat' dir='ltr'><strong>pnrparatsd</strong></span> 
     </span>
    </p>
   </div>
   <div class='ocr_carea' id='block_1_16' title="bbox 251 1681 1834 1757">
    <p class='ocr_par' dir='ltr' id='par_1_16' title="bbox 251 1681 1834 1757">
     <span class='ocr_line' id='line_1_16' title="bbox 251 1681 1834 1757; baseline -0.008 -13"><span class='ocrx_word' id='word_1_98' title='bbox 251 1689 656 1757; x_wconf 69' lang='lat' dir='ltr'><strong>intelligentiam</strong></span> <span class='ocrx_word' id='word_1_99' title='bbox 686 1687 1000 1756; x_wconf 76' lang='lat' dir='ltr'><strong>spiritalem.</strong></span> <span class='ocrx_word' id='word_1_100' title='bbox 1027 1685 1126 1741; x_wconf 86' lang='lat' dir='ltr'><strong>Ubi</strong></span> <span class='ocrx_word' id='word_1_101' title='bbox 1157 1685 1297 1739; x_wconf 87' lang='lat' dir='ltr'><strong>enim</strong></span> <span class='ocrx_word' id='word_1_102' title='bbox 1327 1683 1490 1754; x_wconf 77' lang='lat'><strong>376</strong></span> <span class='ocrx_word' id='word_1_103' title='bbox 1531 1681 1753 1748; x_wconf 88' lang='lat' dir='ltr'><strong>simplex</strong></span> <span class='ocrx_word' id='word_1_104' title='bbox 1781 1686 1834 1732; x_wconf 88' lang='lat' dir='ltr'><strong>et</strong></span> 
     </span>
    </p>
   </div>
   <div class='ocr_carea' id='block_1_17' title="bbox 253 1769 1835 1847">
    <p class='ocr_par' dir='ltr' id='par_1_17' title="bbox 253 1769 1835 1847">
     <span class='ocr_line' id='line_1_17' title="bbox 253 1769 1835 1847; baseline -0.008 -14"><span class='ocrx_word' id='word_1_105' title='bbox 253 1790 475 1847; x_wconf 87' lang='lat' dir='ltr'><strong>apertus</strong></span> <span class='ocrx_word' id='word_1_106' title='bbox 503 1786 586 1832; x_wconf 89' lang='lat' dir='ltr'><strong>est</strong></span> <span class='ocrx_word' id='word_1_107' title='bbox 629 1791 820 1832; x_wconf 87' lang='lat' dir='ltr'><strong>sensus</strong></span> <span class='ocrx_word' id='word_1_108' title='bbox 842 1817 856 1839; x_wconf 90' lang='lat'><strong>,</strong></span> <span class='ocrx_word' id='word_1_109' title='bbox 886 1774 1011 1844; x_wconf 89' lang='lat' dir='ltr'><strong>quid</strong></span> <span class='ocrx_word' id='word_1_110' title='bbox 1044 1787 1264 1828; x_wconf 90' lang='lat' dir='ltr'><strong>necesse</strong></span> <span class='ocrx_word' id='word_1_111' title='bbox 1293 1783 1375 1826; x_wconf 92' lang='lat' dir='ltr'><strong>est</strong></span> <span class='ocrx_word' id='word_1_112' title='bbox 1412 1771 1716 1824; x_wconf 86' lang='lat' dir='ltr'><strong>audientem</strong></span> <span class='ocrx_word' id='word_1_113' title='bbox 1749 1769 1835 1820; x_wconf 90' lang='lat' dir='ltr'><strong>in-</strong></span> 
     </span>
    </p>
   </div>
   <div class='ocr_carea' id='block_1_18' title="bbox 256 1858 1835 1942">
    <p class='ocr_par' dir='ltr' id='par_1_18' title="bbox 256 1858 1835 1942">
     <span class='ocr_line' id='line_1_18' title="bbox 256 1858 1835 1942; baseline -0.009 -16"><span class='ocrx_word' id='word_1_114' title='bbox 256 1871 564 1942; x_wconf 60' lang='lat' dir='ltr'><strong>telligentiae</strong></span> <span class='ocrx_word' id='word_1_115' title='bbox 613 1867 956 1938; x_wconf 72' lang='lat' dir='ltr'><strong>prmmoneri,</strong></span> <span class='ocrx_word' id='word_1_116' title='bbox 1003 1875 1056 1920; x_wconf 88' lang='lat' dir='ltr'><strong>et</strong></span> <span class='ocrx_word' id='word_1_117' title='bbox 1105 1864 1207 1919; x_wconf 89' lang='lat' dir='ltr'><strong>dici</strong></span> <span class='ocrx_word' id='word_1_118' title='bbox 1247 1863 1313 1917; x_wconf 87' lang='lat' dir='ltr'><strong>ad</strong></span> <span class='ocrx_word' id='word_1_119' title='bbox 1361 1878 1513 1927; x_wconf 88' lang='lat' dir='ltr'><strong>eum,</strong></span> <span class='ocrx_word' id='word_1_120' title='bbox 1548 1861 1648 1926; x_wconf 78' lang='lat' dir='ltr'><strong>Qui</strong></span> <span class='ocrx_word' id='word_1_121' title='bbox 1689 1858 1835 1913; x_wconf 84' lang='lat' dir='ltr'><strong>habet</strong></span> 
     </span>
    </p>
   </div>
   <div class='ocr_carea' id='block_1_19' title="bbox 250 1953 1836 2025">
    <p class='ocr_par' dir='ltr' id='par_1_19' title="bbox 250 1953 1836 2025">
     <span class='ocr_line' id='line_1_19' title="bbox 250 1953 1836 2025; baseline -0.008 -8"><span class='ocrx_word' id='word_1_122' title='bbox 250 1980 401 2018; x_wconf 84' lang='lat' dir='ltr'><strong>aures</strong></span> <span class='ocrx_word' id='word_1_123' title='bbox 425 1961 684 2025; x_wconf 81' lang='lat' dir='ltr'><strong>audiendi,</strong></span> <span class='ocrx_word' id='word_1_124' title='bbox 706 1960 880 2013; x_wconf 77' lang='lat' dir='ltr'><strong>audiat</strong></span> <span class='ocrx_word' id='word_1_125' title='bbox 901 1959 924 2012; x_wconf 81' lang='lat'><strong>?</strong></span> <span class='ocrx_word' id='word_1_126' title='bbox 949 1957 1165 2025; x_wconf 77' lang='lat' dir='ltr'><strong>(Matth.</strong></span> <span class='ocrx_word' id='word_1_127' title='bbox 1198 1957 1286 2022; x_wconf 79' lang='lat' dir='ltr'><strong>l5)</strong></span> <span class='ocrx_word' id='word_1_128' title='bbox 1321 1953 1600 2008; x_wconf 82' lang='lat' dir='ltr'><strong>Canticum</strong></span> <span class='ocrx_word' id='word_1_129' title='bbox 1625 1965 1836 2020; x_wconf 88' lang='lat' dir='ltr'><strong>quoque</strong></span> 
     </span>
    </p>
   </div>
   <div class='ocr_carea' id='block_1_20' title="bbox 251 2045 1833 2121">
    <p class='ocr_par' dir='ltr' id='par_1_20' title="bbox 251 2045 1833 2121">
     <span class='ocr_line' id='line_1_20' title="bbox 251 2045 1833 2121; baseline -0.008 -11"><span class='ocrx_word' id='word_1_130' title='bbox 251 2056 462 2110; x_wconf 90' lang='lat' dir='ltr'><strong>canitur</strong></span> <span class='ocrx_word' id='word_1_131' title='bbox 501 2054 781 2109; x_wconf 82' lang='lat' dir='ltr'><strong>carissimo</strong></span> <span class='ocrx_word' id='word_1_132' title='bbox 823 2060 983 2121; x_wconf 87' lang='lat' dir='ltr'><strong>atque</strong></span> <span class='ocrx_word' id='word_1_133' title='bbox 1011 2049 1209 2104; x_wconf 90' lang='lat' dir='ltr'><strong>dilecto</strong></span> <span class='ocrx_word' id='word_1_134' title='bbox 1229 2091 1245 2115; x_wconf 96' lang='lat'><strong>,</strong></span> <span class='ocrx_word' id='word_1_135' title='bbox 1277 2048 1398 2118; x_wconf 87' lang='lat' dir='ltr'><strong>quia</strong></span> <span class='ocrx_word' id='word_1_136' title='bbox 1427 2055 1642 2117; x_wconf 76' lang='lat' dir='ltr'><strong>propter</strong></span> <span class='ocrx_word' id='word_1_137' title='bbox 1685 2045 1833 2098; x_wconf 89' lang='lat' dir='ltr'><strong>illum</strong></span> 
     </span>
    </p>
   </div>
   <div class='ocr_carea' id='block_1_21' title="bbox 251 2136 1834 2212">
    <p class='ocr_par' dir='ltr' id='par_1_21' title="bbox 251 2136 1834 2212">
     <span class='ocr_line' id='line_1_21' title="bbox 251 2136 1834 2212; baseline -0.008 -12"><span class='ocrx_word' id='word_1_138' title='bbox 251 2147 432 2201; x_wconf 86' lang='lat' dir='ltr'><strong>veniet</strong></span> <span class='ocrx_word' id='word_1_139' title='bbox 470 2145 670 2200; x_wconf 84' lang='lat' dir='ltr'><strong>sanctis</strong></span> <span class='ocrx_word' id='word_1_140' title='bbox 717 2142 977 2212; x_wconf 86' lang='lat' dir='ltr'><strong>promissa</strong></span> <span class='ocrx_word' id='word_1_141' title='bbox 1022 2141 1266 2194; x_wconf 74' lang='lat' dir='ltr'><strong>mutatio.</strong></span> <span class='ocrx_word' id='word_1_142' title='bbox 1300 2139 1429 2204; x_wconf 70' lang='lat' dir='ltr'><strong>Qua:</strong></span> <span class='ocrx_word' id='word_1_143' title='bbox 1460 2137 1671 2205; x_wconf 85' lang='lat' dir='ltr'><strong>quidem</strong></span> <span class='ocrx_word' id='word_1_144' title='bbox 1698 2144 1753 2189; x_wconf 90' lang='lat' dir='ltr'><strong>et</strong></span> <span class='ocrx_word' id='word_1_145' title='bbox 1781 2136 1834 2188; x_wconf 90' lang='lat' dir='ltr'><strong>in</strong></span> 
     </span>
    </p>
   </div>
   <div class='ocr_carea' id='block_1_22' title="bbox 256 2225 1836 2304">
    <p class='ocr_par' dir='ltr' id='par_1_22' title="bbox 256 2225 1836 2304">
     <span class='ocr_line' id='line_1_22' title="bbox 256 2225 1836 2304; baseline -0.007 -15"><span class='ocrx_word' id='word_1_146' title='bbox 256 2236 360 2290; x_wconf 90' lang='lat' dir='ltr'><strong>hac</strong></span> <span class='ocrx_word' id='word_1_147' title='bbox 391 2235 489 2289; x_wconf 85' lang='lat' dir='ltr'><strong>vita</strong></span> <span class='ocrx_word' id='word_1_148' title='bbox 518 2234 739 2304; x_wconf 82' lang='lat' dir='ltr'><strong>intelligi</strong></span> <span class='ocrx_word' id='word_1_149' title='bbox 787 2239 984 2301; x_wconf 84' lang='lat' dir='ltr'><strong>potest,</strong></span> <span class='ocrx_word' id='word_1_150' title='bbox 1013 2229 1228 2300; x_wconf 85' lang='lat' dir='ltr'><strong>quando</strong></span> <span class='ocrx_word' id='word_1_151' title='bbox 1257 2227 1505 2284; x_wconf 73' lang='lat' dir='ltr'><strong>exurimur</strong></span> <span class='ocrx_word' id='word_1_152' title='bbox 1539 2226 1705 2280; x_wconf 84' lang='lat' dir='ltr'><strong>veteri</strong></span> <span class='ocrx_word' id='word_1_153' title='bbox 1736 2225 1836 2279; x_wconf 83' lang='lat' dir='ltr'><strong>lto-</strong></span> 
     </span>
    </p>
   </div>
   <div class='ocr_carea' id='block_1_23' title="bbox 256 2317 1838 2389">
    <p class='ocr_par' dir='ltr' id='par_1_23' title="bbox 256 2317 1838 2389">
     <span class='ocr_line' id='line_1_23' title="bbox 256 2317 1838 2389; baseline -0.005 -11"><span class='ocrx_word' id='word_1_154' title='bbox 256 2326 423 2387; x_wconf 86' lang='lat' dir='ltr'><strong>mine,</strong></span> <span class='ocrx_word' id='word_1_155' title='bbox 451 2336 504 2379; x_wconf 90' lang='lat' dir='ltr'><strong>et</strong></span> <span class='ocrx_word' id='word_1_156' title='bbox 532 2324 802 2377; x_wconf 82' lang='lat' dir='ltr'><strong>induimur</strong></span> <span class='ocrx_word' id='word_1_157' title='bbox 829 2335 992 2385; x_wconf 91' lang='lat' dir='ltr'><strong>novo,</strong></span> <span class='ocrx_word' id='word_1_158' title='bbox 1020 2321 1107 2389; x_wconf 91' lang='lat' dir='ltr'><strong>qui</strong></span> <span class='ocrx_word' id='word_1_159' title='bbox 1140 2327 1432 2374; x_wconf 82' lang='lat' dir='ltr'><strong>renovatur</strong></span> <span class='ocrx_word' id='word_1_160' title='bbox 1453 2318 1505 2370; x_wconf 91' lang='lat' dir='ltr'><strong>in</strong></span> <span class='ocrx_word' id='word_1_161' title='bbox 1533 2317 1838 2387; x_wconf 74' lang='lat' dir='ltr'><strong>cognitione</strong></span> 
     </span>
    </p>
   </div>
   <div class='ocr_carea' id='block_1_24' title="bbox 252 2406 1837 2484">
    <p class='ocr_par' dir='ltr' id='par_1_24' title="bbox 252 2406 1837 2484">
     <span class='ocr_line' id='line_1_24' title="bbox 252 2406 1837 2484; baseline -0.005 -15"><span class='ocrx_word' id='word_1_162' title='bbox 252 2415 547 2469; x_wconf 86' lang='lat' dir='ltr'><strong>secundum</strong></span> <span class='ocrx_word' id='word_1_163' title='bbox 590 2414 876 2484; x_wconf 74' lang='lat' dir='ltr'><strong>imaginem</strong></span> <span class='ocrx_word' id='word_1_164' title='bbox 925 2412 1234 2475; x_wconf 80' lang='lat' dir='ltr'><strong>Creatoris,</strong></span> <span class='ocrx_word' id='word_1_165' title='bbox 1273 2420 1328 2464; x_wconf 90' lang='lat' dir='ltr'><strong>et</strong></span> <span class='ocrx_word' id='word_1_166' title='bbox 1373 2409 1596 2479; x_wconf 77' lang='lat' dir='ltr'><strong>gloriam</strong></span> <span class='ocrx_word' id='word_1_167' title='bbox 1631 2406 1837 2461; x_wconf 88' lang='lat' dir='ltr'><strong>Domini</strong></span> 
     </span>
    </p>
   </div>
   <div class='ocr_carea' id='block_1_25' title="bbox 256 2502 1839 2574">
    <p class='ocr_par' dir='ltr' id='par_1_25' title="bbox 256 2502 1839 2574">
     <span class='ocr_line' id='line_1_25' title="bbox 256 2502 1839 2574; baseline -0.005 -14"><span class='ocrx_word' id='word_1_168' title='bbox 256 2505 712 2574; x_wconf 77' lang='lat' dir='ltr'><strong>contemplantes,</strong></span> <span class='ocrx_word' id='word_1_169' title='bbox 742 2505 808 2557; x_wconf 77' lang='grc' dir='ltr'><strong>ἰιι⁴</strong></span> <span class='ocrx_word' id='word_1_170' title='bbox 821 2502 1065 2558; x_wconf 88' lang='lat' dir='ltr'><strong>eamdem</strong></span> <span class='ocrx_word' id='word_1_171' title='bbox 1091 2503 1374 2571; x_wconf 79' lang='lat' dir='ltr'><strong>imaginem</strong></span> <span class='ocrx_word' id='word_1_172' title='bbox 1399 2502 1839 2554; x_wconf 74' lang='lat' dir='ltr'><strong>transformamur</strong></span> 
     </span>
    </p>
   </div>
   <div class='ocr_carea' id='block_1_26' title="bbox 252 2593 1838 2668">
    <p class='ocr_par' dir='ltr' id='par_1_26' title="bbox 252 2593 1838 2668">
     <span class='ocr_line' id='line_1_26' title="bbox 252 2593 1838 2668; baseline -0.004 -18"><span class='ocrx_word' id='word_1_173' title='bbox 252 2599 406 2668; x_wconf 88' lang='lat' dir='ltr'><strong>quasi</strong></span> <span class='ocrx_word' id='word_1_174' title='bbox 436 2613 463 2650; x_wconf 88' lang='lat' dir='ltr'><strong>a</strong></span> <span class='ocrx_word' id='word_1_175' title='bbox 491 2597 656 2666; x_wconf 76' lang='lat' dir='ltr'><strong>gloria</strong></span> <span class='ocrx_word' id='word_1_176' title='bbox 691 2598 742 2650; x_wconf 93' lang='lat' dir='ltr'><strong>iu</strong></span> <span class='ocrx_word' id='word_1_177' title='bbox 774 2597 1021 2666; x_wconf 81' lang='lat' dir='ltr'><strong>gloriam.</strong></span> <span class='ocrx_word' id='word_1_178' title='bbox 1051 2594 1158 2649; x_wconf 87' lang='lat' dir='ltr'><strong>Nec</strong></span> <span class='ocrx_word' id='word_1_179' title='bbox 1184 2604 1266 2648; x_wconf 90' lang='lat' dir='ltr'><strong>est</strong></span> <span class='ocrx_word' id='word_1_180' title='bbox 1294 2605 1500 2663; x_wconf 85' lang='lat' dir='ltr'><strong>tempus</strong></span> <span class='ocrx_word' id='word_1_181' title='bbox 1540 2593 1703 2646; x_wconf 89' lang='lat' dir='ltr'><strong>ullum</strong></span> <span class='ocrx_word' id='word_1_182' title='bbox 1731 2607 1838 2660; x_wconf 88' lang='lat' dir='ltr'><strong>quo</strong></span> 
     </span>
    </p>
   </div>
   <div class='ocr_carea' id='block_1_27' title="bbox 255 2683 1835 2756">
    <p class='ocr_par' dir='ltr' id='par_1_27' title="bbox 255 2683 1835 2756">
     <span class='ocr_line' id='line_1_27' title="bbox 255 2683 1835 2756; baseline -0.003 -16"><span class='ocrx_word' id='word_1_183' title='bbox 255 2701 364 2741; x_wconf 89' lang='lat' dir='ltr'><strong>non</strong></span> <span class='ocrx_word' id='word_1_184' title='bbox 394 2696 628 2741; x_wconf 89' lang='lat' dir='ltr'><strong>mutetur</strong></span> <span class='ocrx_word' id='word_1_185' title='bbox 654 2687 904 2751; x_wconf 89' lang='lat' dir='ltr'><strong>Sanctus,</strong></span> <span class='ocrx_word' id='word_1_186' title='bbox 935 2685 1329 2756; x_wconf 70' lang='lat' dir='ltr'><strong>prmteritorum</strong></span> <span class='ocrx_word' id='word_1_187' title='bbox 1357 2684 1679 2738; x_wconf 85' lang='lat' dir='ltr'><strong>obliviscens</strong></span> <span class='ocrx_word' id='word_1_188' title='bbox 1705 2691 1757 2736; x_wconf 90' lang='lat' dir='ltr'><strong>et</strong></span> <span class='ocrx_word' id='word_1_189' title='bbox 1784 2683 1835 2737; x_wconf 92' lang='lat' dir='ltr'><strong>in</strong></span> 
     </span>
    </p>
   </div>
   <div class='ocr_carea' id='block_1_28' title="bbox 255 2773 1839 2840">
    <p class='ocr_par' dir='ltr' id='par_1_28' title="bbox 255 2773 1839 2840">
     <span class='ocr_line' id='line_1_28' title="bbox 255 2773 1839 2840; baseline -0.003 -8"><span class='ocrx_word' id='word_1_190' title='bbox 255 2778 489 2832; x_wconf 91' lang='lat' dir='ltr'><strong>futurum</strong></span> <span class='ocrx_word' id='word_1_191' title='bbox 531 2793 590 2832; x_wconf 91' lang='lat' dir='ltr'><strong>se</strong></span> <span class='ocrx_word' id='word_1_192' title='bbox 634 2775 966 2840; x_wconf 86' lang='lat' dir='ltr'><strong>extendens,</strong></span> <span class='ocrx_word' id='word_1_193' title='bbox 1016 2791 1136 2830; x_wconf 88' lang='lat' dir='ltr'><strong>cum</strong></span> <span class='ocrx_word' id='word_1_194' title='bbox 1183 2775 1409 2830; x_wconf 89' lang='lat' dir='ltr'><strong>interior</strong></span> <span class='ocrx_word' id='word_1_195' title='bbox 1454 2783 1636 2828; x_wconf 81' lang='lat' dir='ltr'><strong>noster</strong></span> <span class='ocrx_word' id='word_1_196' title='bbox 1678 2773 1839 2828; x_wconf 90' lang='lat' dir='ltr'><strong>homo</strong></span> 
     </span>
    </p>
   </div>
   <div class='ocr_carea' id='block_1_29' title="bbox 261 2865 1838 2936">
    <p class='ocr_par' dir='ltr' id='par_1_29' title="bbox 261 2865 1838 2936">
     <span class='ocr_line' id='line_1_29' title="bbox 261 2865 1838 2936; baseline 0 -16"><span class='ocrx_word' id='word_1_197' title='bbox 261 2878 550 2922; x_wconf 89' lang='lat' dir='ltr'><strong>renovetur</strong></span> <span class='ocrx_word' id='word_1_198' title='bbox 578 2866 644 2921; x_wconf 91' lang='lat' dir='ltr'><strong>de</strong></span> <span class='ocrx_word' id='word_1_199' title='bbox 674 2867 760 2922; x_wconf 91' lang='lat' dir='ltr'><strong>die</strong></span> <span class='ocrx_word' id='word_1_200' title='bbox 803 2868 854 2921; x_wconf 92' lang='lat' dir='ltr'><strong>in</strong></span> <span class='ocrx_word' id='word_1_201' title='bbox 899 2867 1060 2932; x_wconf 88' lang='lat' dir='ltr'><strong>diem,</strong></span> <span class='ocrx_word' id='word_1_202' title='bbox 1092 2877 1146 2922; x_wconf 88' lang='lat' dir='ltr'><strong>et</strong></span> <span class='ocrx_word' id='word_1_203' title='bbox 1189 2867 1536 2920; x_wconf 87' lang='lat' dir='ltr'><strong>immutabilis</strong></span> <span class='ocrx_word' id='word_1_204' title='bbox 1566 2867 1707 2921; x_wconf 88' lang='lat' dir='ltr'><strong>Deus</strong></span> <span class='ocrx_word' id='word_1_205' title='bbox 1746 2865 1838 2936; x_wconf 89' lang='lat' dir='ltr'><strong>qui</strong></span> 
     </span>
    </p>
   </div>
   <div class='ocr_carea' id='block_1_30' title="bbox 256 2956 1839 3030">
    <p class='ocr_par' dir='ltr' id='par_1_30' title="bbox 256 2956 1839 3030">
     <span class='ocr_line' id='line_1_30' title="bbox 256 2956 1839 3030; baseline -0.003 -16"><span class='ocrx_word' id='word_1_206' title='bbox 256 2959 495 3029; x_wconf 90' lang='lat' dir='ltr'><strong>loquitur</strong></span> <span class='ocrx_word' id='word_1_207' title='bbox 540 2975 636 3030; x_wconf 90' lang='lat' dir='ltr'><strong>per</strong></span> <span class='ocrx_word' id='word_1_208' title='bbox 685 2958 999 3029; x_wconf 85' lang='lat' dir='ltr'><strong>prOpbetam</strong></span> <span class='ocrx_word' id='word_1_209' title='bbox 1043 2975 1058 3012; x_wconf 86' lang='lat'><strong>:</strong></span> <span class='ocrx_word' id='word_1_210' title='bbox 1099 2956 1214 3030; x_wconf 82' lang='lat' dir='ltr'><strong>Ego</strong></span> <span class='ocrx_word' id='word_1_211' title='bbox 1253 2957 1410 3023; x_wconf 88' lang='lat' dir='ltr'><strong>Deus,</strong></span> <span class='ocrx_word' id='word_1_212' title='bbox 1453 2967 1499 3012; x_wconf 88' lang='lat' dir='ltr'><strong>et</strong></span> <span class='ocrx_word' id='word_1_213' title='bbox 1543 2974 1642 3012; x_wconf 88' lang='lat' dir='ltr'><strong>non</strong></span> <span class='ocrx_word' id='word_1_214' title='bbox 1671 2970 1839 3010; x_wconf 86' lang='lat' dir='ltr'><strong>mutor</strong></span> 
     </span>
    </p>
   </div>
   <div class='ocr_carea' id='block_1_31' title="bbox 255 3049 1836 3120">
    <p class='ocr_par' dir='ltr' id='par_1_31' title="bbox 255 3049 1836 3120">
     <span class='ocr_line' id='line_1_31' title="bbox 255 3049 1836 3120; baseline 0 -18"><span class='ocrx_word' id='word_1_215' title='bbox 255 3049 516 3120; x_wconf 81' lang='lat' dir='ltr'><strong>(.‘lialach.</strong></span> <span class='ocrx_word' id='word_1_216' title='bbox 553 3051 606 3104; x_wconf 84' lang='grc'><strong>5.</strong></span> <span class='ocrx_word' id='word_1_217' title='bbox 637 3050 716 3116; x_wconf 88' lang='lat'><strong>6),</strong></span> <span class='ocrx_word' id='word_1_218' title='bbox 749 3058 966 3118; x_wconf 86' lang='lat' dir='ltr'><strong>propter</strong></span> <span class='ocrx_word' id='word_1_219' title='bbox 995 3063 1092 3102; x_wconf 91' lang='lat' dir='ltr'><strong>nos</strong></span> <span class='ocrx_word' id='word_1_220' title='bbox 1119 3050 1402 3104; x_wconf 87' lang='lat' dir='ltr'><strong>mutaverit</strong></span> <span class='ocrx_word' id='word_1_221' title='bbox 1429 3049 1615 3103; x_wconf 79' lang='lat' dir='ltr'><strong>faciem</strong></span> <span class='ocrx_word' id='word_1_222' title='bbox 1645 3063 1795 3102; x_wconf 90' lang='lat' dir='ltr'><strong>suam</strong></span> <span class='ocrx_word' id='word_1_223' title='bbox 1819 3088 1836 3113; x_wconf 92' lang='lat'><strong>,</strong></span> 
     </span>
    </p>
   </div>
   <div class='ocr_carea' id='block_1_32' title="bbox 254 3137 1839 3208">
    <p class='ocr_par' dir='ltr' id='par_1_32' title="bbox 254 3137 1839 3208">
     <span class='ocr_line' id='line_1_32' title="bbox 254 3137 1839 3208; baseline 0.001 -16"><span class='ocrx_word' id='word_1_224' title='bbox 254 3141 591 3208; x_wconf 89' lang='lat' dir='ltr'><strong>formamque</strong></span> <span class='ocrx_word' id='word_1_225' title='bbox 618 3139 758 3192; x_wconf 87' lang='lat' dir='ltr'><strong>servi</strong></span> <span class='ocrx_word' id='word_1_226' title='bbox 784 3139 1077 3206; x_wconf 87' lang='lat' dir='ltr'><strong>acceperit,</strong></span> <span class='ocrx_word' id='word_1_227' title='bbox 1095 3147 1149 3192; x_wconf 90' lang='lat' dir='ltr'><strong>et</strong></span> <span class='ocrx_word' id='word_1_228' title='bbox 1169 3138 1236 3192; x_wconf 90' lang='lat' dir='ltr'><strong>de</strong></span> <span class='ocrx_word' id='word_1_229' title='bbox 1253 3137 1434 3192; x_wconf 75' lang='lat' dir='ltr'><strong>Judtca</strong></span> <span class='ocrx_word' id='word_1_230' title='bbox 1458 3140 1839 3208; x_wconf 79' lang='lat' dir='ltr'><strong>transmigrans</strong></span> 
     </span>
    </p>
   </div>
   <div class='ocr_carea' id='block_1_33' title="bbox 252 3229 1839 3297">
    <p class='ocr_par' dir='ltr' id='par_1_33' title="bbox 252 3229 1839 3297">
     <span class='ocr_line' id='line_1_33' title="bbox 252 3229 1839 3297; baseline 0.001 -16"><span class='ocrx_word' id='word_1_231' title='bbox 252 3229 323 3282; x_wconf 88' lang='lat' dir='ltr'><strong>ad</strong></span> <span class='ocrx_word' id='word_1_232' title='bbox 373 3229 692 3294; x_wconf 81' lang='lat' dir='ltr'><strong>Philistiim,</strong></span> <span class='ocrx_word' id='word_1_233' title='bbox 744 3229 832 3296; x_wconf 89' lang='lat' dir='ltr'><strong>qui</strong></span> <span class='ocrx_word' id='word_1_234' title='bbox 882 3229 1297 3296; x_wconf 85' lang='lat' dir='ltr'><strong>interpretantur</strong></span> <span class='ocrx_word' id='word_1_235' title='bbox 1338 3229 1516 3297; x_wconf 81' lang='lat' dir='ltr'><strong>poculo</strong></span> <span class='ocrx_word' id='word_1_236' title='bbox 1553 3239 1839 3284; x_wconf 79' lang='lat' dir='ltr'><strong>carmentes</strong></span> 
     </span>
    </p>
   </div>
   <div class='ocr_carea' id='block_1_34' title="bbox 254 3315 1839 3388">
    <p class='ocr_par' dir='ltr' id='par_1_34' title="bbox 254 3315 1839 3388">
     <span class='ocr_line' id='line_1_34' title="bbox 254 3315 1839 3388; baseline 0.003 -19"><span class='ocrx_word' id='word_1_237' title='bbox 254 3316 534 3387; x_wconf 87' lang='lat' dir='ltr'><strong>(inebriati</strong></span> <span class='ocrx_word' id='word_1_238' title='bbox 565 3318 707 3371; x_wconf 89' lang='lat' dir='ltr'><strong>enim</strong></span> <span class='ocrx_word' id='word_1_239' title='bbox 751 3315 964 3372; x_wconf 83' lang='lat' dir='ltr'><strong>fuerant</strong></span> <span class='ocrx_word' id='word_1_240' title='bbox 993 3331 1158 3370; x_wconf 90' lang='lat' dir='ltr'><strong>aureo</strong></span> <span class='ocrx_word' id='word_1_241' title='bbox 1195 3317 1360 3371; x_wconf 89' lang='lat' dir='ltr'><strong>calice</strong></span> <span class='ocrx_word' id='word_1_242' title='bbox 1401 3317 1706 3388; x_wconf 81' lang='lat' dir='ltr'><strong>Babylonis)</strong></span> <span class='ocrx_word' id='word_1_243' title='bbox 1735 3319 1839 3387; x_wconf 82' lang='lat' dir='ltr'><strong>pri-</strong></span> 
     </span>
    </p>
   </div>
   <div class='ocr_carea' id='block_1_35' title="bbox 255 3408 1839 3478">
    <p class='ocr_par' dir='ltr' id='par_1_35' title="bbox 255 3408 1839 3478">
     <span class='ocr_line' id='line_1_35' title="bbox 255 3408 1839 3478; baseline 0.002 -16"><span class='ocrx_word' id='word_1_244' title='bbox 255 3424 405 3462; x_wconf 78' lang='lat' dir='ltr'><strong>mimi</strong></span> <span class='ocrx_word' id='word_1_245' title='bbox 451 3409 660 3463; x_wconf 89' lang='lat' dir='ltr'><strong>derisus</strong></span> <span class='ocrx_word' id='word_1_246' title='bbox 699 3409 770 3463; x_wconf 87' lang='lat' dir='ltr'><strong>sit</strong></span> <span class='ocrx_word' id='word_1_247' title='bbox 818 3417 1039 3478; x_wconf 88' lang='lat' dir='ltr'><strong>propter</strong></span> <span class='ocrx_word' id='word_1_248' title='bbox 1083 3408 1361 3463; x_wconf 86' lang='lat' dir='ltr'><strong>stultitiam</strong></span> <span class='ocrx_word' id='word_1_249' title='bbox 1407 3411 1602 3475; x_wconf 89' lang='lat' dir='ltr'><strong>crucis,</strong></span> <span class='ocrx_word' id='word_1_250' title='bbox 1645 3411 1839 3466; x_wconf 89' lang='lat' dir='ltr'><strong>deinde</strong></span> 
     </span>
    </p>
   </div>
   <div class='ocr_carea' id='block_1_36' title="bbox 255 3502 1840 3573">
    <p class='ocr_par' dir='ltr' id='par_1_36' title="bbox 255 3502 1840 3573">
     <span class='ocr_line' id='line_1_36' title="bbox 255 3502 1840 3573; baseline 0.001 -15"><span class='ocrx_word' id='word_1_251' title='bbox 255 3513 542 3573; x_wconf 86' lang='lat' dir='ltr'><strong>susceptus</strong></span> <span class='ocrx_word' id='word_1_252' title='bbox 573 3513 790 3572; x_wconf 87' lang='lat' dir='ltr'><strong>propter</strong></span> <span class='ocrx_word' id='word_1_253' title='bbox 822 3502 1048 3572; x_wconf 83' lang='lat' dir='ltr'><strong>gloriam</strong></span> <span class='ocrx_word' id='word_1_254' title='bbox 1083 3502 1488 3570; x_wconf 89' lang='lat' dir='ltr'><strong>triumphorum.</strong></span> <span class='ocrx_word' id='word_1_255' title='bbox 1519 3502 1840 3560; x_wconf 83' lang='lat' dir='ltr'><strong>Carissimus</strong></span> 
     </span>
    </p>
   </div>
   <div class='ocr_carea' id='block_1_37' title="bbox 255 3591 1839 3662">
    <p class='ocr_par' dir='ltr' id='par_1_37' title="bbox 255 3591 1839 3662">
     <span class='ocr_line' id='line_1_37' title="bbox 255 3591 1839 3662; baseline 0 -15"><span class='ocrx_word' id='word_1_256' title='bbox 255 3604 434 3648; x_wconf 90' lang='lat' dir='ltr'><strong>autem</strong></span> <span class='ocrx_word' id='word_1_257' title='bbox 465 3594 556 3649; x_wconf 90' lang='lat' dir='ltr'><strong>ille</strong></span> <span class='ocrx_word' id='word_1_258' title='bbox 578 3603 678 3656; x_wconf 89' lang='lat' dir='ltr'><strong>cst,</strong></span> <span class='ocrx_word' id='word_1_259' title='bbox 707 3594 775 3647; x_wconf 90' lang='lat' dir='ltr'><strong>de</strong></span> <span class='ocrx_word' id='word_1_260' title='bbox 801 3608 908 3662; x_wconf 89' lang='lat' dir='ltr'><strong>quo</strong></span> <span class='ocrx_word' id='word_1_261' title='bbox 930 3591 1092 3647; x_wconf 89' lang='lat' dir='ltr'><strong>Isaias</strong></span> <span class='ocrx_word' id='word_1_262' title='bbox 1118 3593 1261 3648; x_wconf 88' lang='lat' dir='ltr'><strong>canit</strong></span> <span class='ocrx_word' id='word_1_263' title='bbox 1293 3612 1304 3646; x_wconf 91' lang='lat'><strong>:</strong></span> <span class='ocrx_word' id='word_1_264' title='bbox 1333 3593 1554 3648; x_wconf 79' lang='lat' dir='ltr'><strong>Cantabu</strong></span> <span class='ocrx_word' id='word_1_265' title='bbox 1577 3591 1839 3648; x_wconf 82' lang='lat' dir='ltr'><strong>Canticum</strong></span> 
     </span>
    </p>
   </div>
   <div class='ocr_carea' id='block_1_38' title="bbox 254 3683 1840 3757">
    <p class='ocr_par' dir='ltr' id='par_1_38' title="bbox 254 3683 1840 3757">
     <span class='ocr_line' id='line_1_38' title="bbox 254 3683 1840 3757; baseline -0.001 -18"><span class='ocrx_word' id='word_1_266' title='bbox 254 3687 437 3740; x_wconf 81' lang='lat' dir='ltr'><strong>dilecto</strong></span> <span class='ocrx_word' id='word_1_267' title='bbox 467 3688 621 3740; x_wconf 75' lang='lat' dir='ltr'><strong>vinea:</strong></span> <span class='ocrx_word' id='word_1_268' title='bbox 657 3702 780 3740; x_wconf 73' lang='lat' dir='ltr'><strong>metu</strong></span> <span class='ocrx_word' id='word_1_269' title='bbox 806 3688 823 3757; x_wconf 95' lang='lat'><strong>(</strong></span> <span class='ocrx_word' id='word_1_270' title='bbox 846 3685 974 3738; x_wconf 83' lang='lat' dir='ltr'><strong>lsai.</strong></span> <span class='ocrx_word' id='word_1_271' title='bbox 1016 3686 1068 3740; x_wconf 84' lang='lat'><strong>5.</strong></span> <span class='ocrx_word' id='word_1_272' title='bbox 1101 3687 1120 3739; x_wconf 90' lang='grc'><strong>1</strong></span> <span class='ocrx_word' id='word_1_273' title='bbox 1148 3686 1206 3755; x_wconf 91' lang='grc'><strong>);</strong></span> <span class='ocrx_word' id='word_1_274' title='bbox 1238 3695 1290 3738; x_wconf 91' lang='lat' dir='ltr'><strong>et</strong></span> <span class='ocrx_word' id='word_1_275' title='bbox 1323 3685 1664 3755; x_wconf 78' lang='lat' dir='ltr'><strong>EVaugelium</strong></span> <span class='ocrx_word' id='word_1_276' title='bbox 1694 3703 1707 3738; x_wconf 90' lang='lat'>:</span> <span class='ocrx_word' id='word_1_277' title='bbox 1742 3683 1840 3738; x_wconf 77' lang='lat' dir='ltr'><strong>llic</strong></span> 
     </span>
    </p>
   </div>
   <div class='ocr_carea' id='block_1_39' title="bbox 255 3774 1834 3845">
    <p class='ocr_par' dir='ltr' id='par_1_39' title="bbox 255 3774 1834 3845">
     <span class='ocr_line' id='line_1_39' title="bbox 255 3774 1834 3845; baseline -0.001 -15"><span class='ocrx_word' id='word_1_278' title='bbox 255 3787 330 3830; x_wconf 86' lang='lat' dir='ltr'><strong>cst</strong></span> <span class='ocrx_word' id='word_1_279' title='bbox 358 3774 523 3830; x_wconf 79' lang='lat' dir='ltr'><strong>Filius</strong></span> <span class='ocrx_word' id='word_1_280' title='bbox 554 3793 692 3830; x_wconf 83' lang='lat' dir='ltr'><strong>meus</strong></span> <span class='ocrx_word' id='word_1_281' title='bbox 721 3777 954 3840; x_wconf 81' lang='lat' dir='ltr'><strong>dilectus,</strong></span> <span class='ocrx_word' id='word_1_282' title='bbox 990 3776 1040 3828; x_wconf 86' lang='lat' dir='ltr'><strong>in</strong></span> <span class='ocrx_word' id='word_1_283' title='bbox 1075 3793 1172 3843; x_wconf 81' lang='lat' dir='ltr'><strong>quo</strong></span> <span class='ocrx_word' id='word_1_284' title='bbox 1202 3775 1323 3828; x_wconf 87' lang='lat' dir='ltr'><strong>mihi</strong></span> <span class='ocrx_word' id='word_1_285' title='bbox 1361 3776 1482 3830; x_wconf 84' lang='lat' dir='ltr'><strong>bene</strong></span> <span class='ocrx_word' id='word_1_286' title='bbox 1517 3776 1802 3845; x_wconf 64' lang='lat' dir='ltr'><strong>cornplacni</strong></span> <span class='ocrx_word' id='word_1_287' title='bbox 1819 3816 1834 3839; x_wconf 98' lang='lat'><strong>,</strong></span> 
     </span>
    </p>
   </div>
   <div class='ocr_carea' id='block_1_40' title="bbox 256 3865 1837 3938">
    <p class='ocr_par' dir='ltr' id='par_1_40' title="bbox 256 3865 1837 3938">
     <span class='ocr_line' id='line_1_40' title="bbox 256 3865 1837 3938; baseline -0.002 -16"><span class='ocrx_word' id='word_1_288' title='bbox 256 3869 393 3922; x_wconf 85' lang='lat' dir='ltr'><strong>hunc</strong></span> <span class='ocrx_word' id='word_1_289' title='bbox 422 3869 595 3920; x_wconf 85' lang='lat' dir='ltr'><strong>audite</strong></span> <span class='ocrx_word' id='word_1_290' title='bbox 629 3866 843 3938; x_wconf 79' lang='lat' dir='ltr'><strong>(Matth.</strong></span> <span class='ocrx_word' id='word_1_291' title='bbox 872 3868 960 3921; x_wconf 83' lang='grc'><strong>17.</strong></span> <span class='ocrx_word' id='word_1_292' title='bbox 993 3865 1071 3936; x_wconf 81' lang='lat'><strong>5).</strong></span> <span class='ocrx_word' id='word_1_293' title='bbox 1103 3866 1199 3919; x_wconf 68' lang='lat' dir='ltr'><strong>(lui</strong></span> <span class='ocrx_word' id='word_1_294' title='bbox 1231 3883 1336 3919; x_wconf 90' lang='lat' dir='ltr'><strong>non</strong></span> <span class='ocrx_word' id='word_1_295' title='bbox 1365 3882 1504 3921; x_wconf 89' lang='lat' dir='ltr'><strong>unus</strong></span> <span class='ocrx_word' id='word_1_296' title='bbox 1535 3867 1797 3936; x_wconf 79' lang='lat' dir='ltr'><strong>Propheta</strong></span> <span class='ocrx_word' id='word_1_297' title='bbox 1821 3907 1837 3931; x_wconf 93' lang='lat'><strong>,</strong></span> 
     </span>
    </p>
   </div>
   <div class='ocr_carea' id='block_1_41' title="bbox 255 3956 1838 4014">
    <p class='ocr_par' dir='ltr' id='par_1_41' title="bbox 255 3956 1838 4014">
     <span class='ocr_line' id='line_1_41' title="bbox 255 3956 1838 4014; baseline -0.003 -1"><span class='ocrx_word' id='word_1_298' title='bbox 255 3959 354 4014; x_wconf 86' lang='lat' dir='ltr'><strong>sed</strong></span> <span class='ocrx_word' id='word_1_299' title='bbox 401 3958 577 4012; x_wconf 88' lang='lat' dir='ltr'><strong>omnis</strong></span> <span class='ocrx_word' id='word_1_300' title='bbox 623 3957 822 4010; x_wconf 85' lang='lat' dir='ltr'><strong>chorus</strong></span> <span class='ocrx_word' id='word_1_301' title='bbox 865 3957 1097 4009; x_wconf 84' lang='lat' dir='ltr'><strong>filiorum</strong></span> <span class='ocrx_word' id='word_1_302' title='bbox 1125 3956 1262 4010; x_wconf 86' lang='lat' dir='ltr'><strong>Core</strong></span> <span class='ocrx_word' id='word_1_303' title='bbox 1293 3972 1433 4009; x_wconf 89' lang='lat' dir='ltr'><strong>nunc</strong></span> <span class='ocrx_word' id='word_1_304' title='bbox 1465 3957 1650 4010; x_wconf 90' lang='lat' dir='ltr'><strong>laudes</strong></span> <span class='ocrx_word' id='word_1_305' title='bbox 1678 3957 1838 4010; x_wconf 87' lang='lat' dir='ltr'><strong>canit.</strong></span> 
     </span>
    </p>
   </div>
   <div class='ocr_carea' id='block_1_42' title="bbox 256 4044 1842 4113">
    <p class='ocr_par' dir='ltr' id='par_1_42' title="bbox 256 4044 1842 4113">
     <span class='ocr_line' id='line_1_42' title="bbox 256 4044 1842 4113; baseline -0.001 -13"><span class='ocrx_word' id='word_1_306' title='bbox 256 4049 360 4113; x_wconf 83' lang='lat' dir='ltr'><strong>Qui</strong></span> <span class='ocrx_word' id='word_1_307' title='bbox 393 4047 498 4100; x_wconf 89' lang='lat' dir='ltr'><strong>sint</strong></span> <span class='ocrx_word' id='word_1_308' title='bbox 521 4057 698 4098; x_wconf 89' lang='lat' dir='ltr'><strong>autem</strong></span> <span class='ocrx_word' id='word_1_309' title='bbox 731 4047 822 4098; x_wconf 89' lang='lat' dir='ltr'><strong>lilii</strong></span> <span class='ocrx_word' id='word_1_310' title='bbox 845 4046 1004 4110; x_wconf 86' lang='lat' dir='ltr'><strong>Core,</strong></span> <span class='ocrx_word' id='word_1_311' title='bbox 1035 4046 1086 4099; x_wconf 87' lang='lat' dir='ltr'><strong>id</strong></span> <span class='ocrx_word' id='word_1_312' title='bbox 1114 4054 1216 4107; x_wconf 89' lang='lat' dir='ltr'><strong>est,</strong></span> <span class='ocrx_word' id='word_1_313' title='bbox 1243 4044 1511 4110; x_wconf 71' lang='lat' dir='ltr'><strong>Calcat-ite,</strong></span> <span class='ocrx_word' id='word_1_314' title='bbox 1538 4047 1588 4096; x_wconf 93' lang='lat' dir='ltr'><strong>in</strong></span> <span class='ocrx_word' id='word_1_315' title='bbox 1615 4045 1842 4113; x_wconf 86' lang='lat' dir='ltr'><strong>quadra-</strong></span> 
     </span>
    </p>
   </div>
   <div class='ocr_carea' id='block_1_43' title="bbox 255 4136 1843 4212">
    <p class='ocr_par' dir='ltr' id='par_1_43' title="bbox 255 4136 1843 4212">
     <span class='ocr_line' id='line_1_43' title="bbox 255 4136 1843 4212; baseline -0.001 -18"><span class='ocrx_word' id='word_1_316' title='bbox 255 4140 470 4212; x_wconf 80' lang='lat' dir='ltr'><strong>gesimo</strong></span> <span class='ocrx_word' id='word_1_317' title='bbox 517 4141 691 4210; x_wconf 89' lang='lat' dir='ltr'><strong>primo</strong></span> <span class='ocrx_word' id='word_1_318' title='bbox 732 4140 947 4195; x_wconf 81' lang='lat' dir='ltr'><strong>Psalmo</strong></span> <span class='ocrx_word' id='word_1_319' title='bbox 978 4139 1055 4209; x_wconf 92' lang='lat' dir='ltr'><strong>(a)</strong></span> <span class='ocrx_word' id='word_1_320' title='bbox 1087 4137 1477 4206; x_wconf 85' lang='lat' dir='ltr'><strong>competentius</strong></span> <span class='ocrx_word' id='word_1_321' title='bbox 1523 4136 1843 4205; x_wconf 82' lang='lat' dir='ltr'><strong>diSputatnr.</strong></span> 
     </span>
    </p>
   </div>
   <div class='ocr_carea' id='block_1_44' title="bbox 260 4228 1844 4293">
    <p class='ocr_par' dir='ltr' id='par_1_44' title="bbox 260 4228 1844 4293">
     <span class='ocr_line' id='line_1_44' title="bbox 260 4228 1844 4293; baseline -0.003 -5"><span class='ocrx_word' id='word_1_322' title='bbox 260 4235 330 4288; x_wconf 82' lang='lat' dir='ltr'><strong>Et</strong></span> <span class='ocrx_word' id='word_1_323' title='bbox 371 4241 428 4285; x_wconf 89' lang='lat' dir='ltr'><strong>ut</strong></span> <span class='ocrx_word' id='word_1_324' title='bbox 458 4231 691 4285; x_wconf 90' lang='lat' dir='ltr'><strong>sciamus</strong></span> <span class='ocrx_word' id='word_1_325' title='bbox 719 4241 919 4286; x_wconf 81' lang='lat' dir='ltr'><strong>textum</strong></span> <span class='ocrx_word' id='word_1_326' title='bbox 951 4229 1156 4283; x_wconf 90' lang='lat' dir='ltr'><strong>Cantici</strong></span> <span class='ocrx_word' id='word_1_327' title='bbox 1189 4228 1342 4283; x_wconf 89' lang='lat' dir='ltr'><strong>titulo</strong></span> <span class='ocrx_word' id='word_1_328' title='bbox 1371 4229 1676 4293; x_wconf 88' lang='lat' dir='ltr'><strong>convenire,</strong></span> <span class='ocrx_word' id='word_1_329' title='bbox 1724 4244 1844 4283; x_wconf 80' lang='lat' dir='ltr'><strong>Iun-</strong></span> 
     </span>
    </p>
   </div>
   <div class='ocr_carea' id='block_1_45' title="bbox 257 4319 1842 4389">
    <p class='ocr_par' dir='ltr' id='par_1_45' title="bbox 257 4319 1842 4389">
     <span class='ocr_line' id='line_1_45' title="bbox 257 4319 1842 4389; baseline -0.004 -8"><span class='ocrx_word' id='word_1_330' title='bbox 257 4328 515 4381; x_wconf 87' lang='lat' dir='ltr'><strong>tationem</strong></span> <span class='ocrx_word' id='word_1_331' title='bbox 538 4323 606 4378; x_wconf 91' lang='lat' dir='ltr'><strong>de</strong></span> <span class='ocrx_word' id='word_1_332' title='bbox 630 4325 736 4377; x_wconf 89' lang='lat' dir='ltr'><strong>alio</strong></span> <span class='ocrx_word' id='word_1_333' title='bbox 758 4324 823 4377; x_wconf 87' lang='lat' dir='ltr'><strong>ad</strong></span> <span class='ocrx_word' id='word_1_334' title='bbox 849 4322 990 4376; x_wconf 91' lang='lat' dir='ltr'><strong>aliud</strong></span> <span class='ocrx_word' id='word_1_335' title='bbox 1017 4321 1168 4386; x_wconf 90' lang='lat' dir='ltr'><strong>dicit,</strong></span> <span class='ocrx_word' id='word_1_336' title='bbox 1189 4329 1246 4375; x_wconf 92' lang='lat' dir='ltr'><strong>ut</strong></span> <span class='ocrx_word' id='word_1_337' title='bbox 1274 4319 1378 4373; x_wconf 86' lang='lat' dir='ltr'><strong>lilia</strong></span> <span class='ocrx_word' id='word_1_338' title='bbox 1403 4319 1488 4375; x_wconf 93' lang='lat' dir='ltr'><strong>cui</strong></span> <span class='ocrx_word' id='word_1_339' title='bbox 1518 4319 1842 4389; x_wconf 73' lang='lat' dir='ltr'><strong>przccipitur,</strong></span> 
     </span>
    </p>
   </div>
   <div class='ocr_carea' id='block_1_46' title="bbox 261 4413 1846 4489">
    <p class='ocr_par' dir='ltr' id='par_1_46' title="bbox 261 4413 1846 4489">
     <span class='ocr_line' id='line_1_46' title="bbox 261 4413 1846 4489; baseline -0.003 -14"><span class='ocrx_word' id='word_1_340' title='bbox 261 4431 320 4475; x_wconf 87' lang='grc' dir='ltr'><strong>ιιι</strong></span> <span class='ocrx_word' id='word_1_341' title='bbox 351 4422 555 4489; x_wconf 88' lang='lat' dir='ltr'><strong>antiqui</strong></span> <span class='ocrx_word' id='word_1_342' title='bbox 590 4419 826 4488; x_wconf 87' lang='lat' dir='ltr'><strong>parentis</strong></span> <span class='ocrx_word' id='word_1_343' title='bbox 851 4418 1218 4482; x_wconf 85' lang='lat' dir='ltr'><strong>obliviscatur,</strong></span> <span class='ocrx_word' id='word_1_344' title='bbox 1252 4416 1394 4486; x_wconf 79' lang='lat' dir='ltr'><strong>regis</strong></span> <span class='ocrx_word' id='word_1_345' title='bbox 1423 4429 1483 4470; x_wconf 88' lang='lat' dir='ltr'><strong>se</strong></span> <span class='ocrx_word' id='word_1_346' title='bbox 1513 4413 1846 4483; x_wconf 76' lang='lat' dir='ltr'><strong>amplexibus</strong></span> 
     </span>
    </p>
   </div>
   <div class='ocr_carea' id='block_1_47' title="bbox 258 4503 1843 4583">
    <p class='ocr_par' dir='ltr' id='par_1_47' title="bbox 258 4503 1843 4583">
     <span class='ocr_line' id='line_1_47' title="bbox 258 4503 1843 4583; baseline -0.004 -17"><span class='ocrx_word' id='word_1_347' title='bbox 258 4523 432 4583; x_wconf 89' lang='lat' dir='ltr'><strong>paret.</strong></span> <span class='ocrx_word' id='word_1_348' title='bbox 467 4511 736 4567; x_wconf 79' lang='lat' dir='ltr'><strong>Victorem</strong></span> <span class='ocrx_word' id='word_1_349' title='bbox 763 4520 940 4563; x_wconf 90' lang='lat' dir='ltr'><strong>autem</strong></span> <span class='ocrx_word' id='word_1_350' title='bbox 964 4523 1084 4562; x_wconf 91' lang='lat' dir='ltr'><strong>eum</strong></span> <span class='ocrx_word' id='word_1_351' title='bbox 1108 4523 1228 4562; x_wconf 88' lang='lat' dir='ltr'><strong>esse</strong></span> <span class='ocrx_word' id='word_1_352' title='bbox 1255 4507 1344 4576; x_wconf 91' lang='lat' dir='ltr'><strong>qui</strong></span> <span class='ocrx_word' id='word_1_353' title='bbox 1369 4506 1498 4560; x_wconf 81' lang='lat' dir='ltr'><strong>dicit</strong></span> <span class='ocrx_word' id='word_1_354' title='bbox 1527 4524 1540 4560; x_wconf 90' lang='lat'>:</span> <span class='ocrx_word' id='word_1_355' title='bbox 1573 4503 1843 4572; x_wconf 70' lang='lat' dir='ltr'><strong>Con/idin,</strong></span> 
     </span>
    </p>
   </div>
   <div class='ocr_carea' id='block_1_48' title="bbox 260 4597 1843 4675">
    <p class='ocr_par' dir='ltr' id='par_1_48' title="bbox 260 4597 1843 4675">
     <span class='ocr_line' id='line_1_48' title="bbox 260 4597 1843 4675; baseline -0.005 -17"><span class='ocrx_word' id='word_1_356' title='bbox 260 4621 353 4675; x_wconf 73' lang='lat' dir='ltr'><strong>ego</strong></span> <span class='ocrx_word' id='word_1_357' title='bbox 382 4605 476 4657; x_wconf 80' lang='lat' dir='ltr'><strong>aici</strong></span> <span class='ocrx_word' id='word_1_358' title='bbox 502 4602 743 4656; x_wconf 87' lang='lat' dir='ltr'><strong>nmndmn</strong></span> <span class='ocrx_word' id='word_1_359' title='bbox 773 4599 951 4673; x_wconf 83' lang='lat' dir='ltr'><strong>(Joan.</strong></span> <span class='ocrx_word' id='word_1_360' title='bbox 994 4600 1085 4654; x_wconf 84' lang='grc'><strong>16.</strong></span> <span class='ocrx_word' id='word_1_361' title='bbox 1114 4599 1204 4669; x_wconf 76' lang='lat'><strong>33)</strong></span> <span class='ocrx_word' id='word_1_362' title='bbox 1231 4615 1245 4663; x_wconf 88' lang='lat'>;</span> <span class='ocrx_word' id='word_1_363' title='bbox 1274 4607 1330 4653; x_wconf 89' lang='lat' dir='ltr'><strong>et</strong></span> <span class='ocrx_word' id='word_1_364' title='bbox 1365 4599 1431 4652; x_wconf 90' lang='lat' dir='ltr'><strong>ad</strong></span> <span class='ocrx_word' id='word_1_365' title='bbox 1459 4613 1614 4668; x_wconf 91' lang='lat' dir='ltr'><strong>quem</strong></span> <span class='ocrx_word' id='word_1_366' title='bbox 1647 4598 1744 4651; x_wconf 86' lang='lat' dir='ltr'><strong>ista</strong></span> <span class='ocrx_word' id='word_1_367' title='bbox 1768 4597 1843 4666; x_wconf 73' lang='grc' dir='ltr'><strong>(ὁ)</strong></span> 
     </span>
    </p>
   </div>
   <div class='ocr_carea' id='block_1_49' title="bbox 257 4690 1844 4760">
    <p class='ocr_par' dir='ltr' id='par_1_49' title="bbox 257 4690 1844 4760">
     <span class='ocr_line' id='line_1_49' title="bbox 257 4690 1844 4760; baseline -0.004 -12"><span class='ocrx_word' id='word_1_368' title='bbox 257 4695 618 4749; x_wconf 83' lang='lat' dir='ltr'><strong>adolescentis</strong></span> <span class='ocrx_word' id='word_1_369' title='bbox 645 4693 816 4746; x_wconf 88' lang='lat' dir='ltr'><strong>oratio</strong></span> <span class='ocrx_word' id='word_1_370' title='bbox 843 4700 924 4745; x_wconf 88' lang='lat' dir='ltr'><strong>est</strong></span> <span class='ocrx_word' id='word_1_371' title='bbox 956 4708 970 4745; x_wconf 93' lang='lat'><strong>:</strong></span> <span class='ocrx_word' id='word_1_372' title='bbox 1003 4693 1043 4743; x_wconf 79' lang='grc' dir='ltr'><strong><em>Α</em></strong></span> <span class='ocrx_word' id='word_1_373' title='bbox 1075 4701 1122 4744; x_wconf 87' lang='lat' dir='ltr'><strong>te</strong></span> <span class='ocrx_word' id='word_1_374' title='bbox 1151 4692 1378 4755; x_wconf 74' lang='lat' dir='ltr'><strong>uictoria,</strong></span> <span class='ocrx_word' id='word_1_375' title='bbox 1411 4700 1458 4744; x_wconf 89' lang='lat' dir='ltr'><strong>et</strong></span> <span class='ocrx_word' id='word_1_376' title='bbox 1494 4690 1764 4760; x_wconf 77' lang='lat' dir='ltr'><strong>sapientia,</strong></span> <span class='ocrx_word' id='word_1_377' title='bbox 1797 4699 1844 4742; x_wconf 83' lang='lat' dir='ltr'><strong>et</strong></span> 
     </span>
    </p>
   </div>
   <div class='ocr_carea' id='block_1_50' title="bbox 259 4780 1846 4856">
    <p class='ocr_par' dir='ltr' id='par_1_50' title="bbox 259 4780 1846 4856">
     <span class='ocr_line' id='line_1_50' title="bbox 259 4780 1846 4856; baseline -0.001 -21"><span class='ocrx_word' id='word_1_378' title='bbox 259 4785 448 4856; x_wconf 81' lang='lat' dir='ltr'><strong>gloria,</strong></span> <span class='ocrx_word' id='word_1_379' title='bbox 480 4793 526 4838; x_wconf 91' lang='lat' dir='ltr'><strong>et</strong></span> <span class='ocrx_word' id='word_1_380' title='bbox 545 4800 634 4855; x_wconf 86' lang='lat' dir='ltr'><strong>ego</strong></span> <span class='ocrx_word' id='word_1_381' title='bbox 665 4793 777 4837; x_wconf 86' lang='lat' dir='ltr'><strong>tuus</strong></span> <span class='ocrx_word' id='word_1_382' title='bbox 802 4799 973 4836; x_wconf 72' lang='lat' dir='ltr'><strong>serens</strong></span> <span class='ocrx_word' id='word_1_383' title='bbox 995 4781 1070 4855; x_wconf 79' lang='lat'><strong>(5.</strong></span> <span class='ocrx_word' id='word_1_384' title='bbox 1105 4781 1230 4834; x_wconf 80' lang='lat' dir='ltr'><strong>Esd.</strong></span> <span class='ocrx_word' id='word_1_385' title='bbox 1262 4783 1318 4837; x_wconf 74' lang='grc'><strong>4.</strong></span> <span class='ocrx_word' id='word_1_386' title='bbox 1337 4781 1449 4850; x_wconf 82' lang='lat'><strong>59),</strong></span> <span class='ocrx_word' id='word_1_387' title='bbox 1480 4780 1718 4850; x_wconf 87' lang='lat' dir='ltr'><strong>profecto</strong></span> <span class='ocrx_word' id='word_1_388' title='bbox 1747 4794 1846 4834; x_wconf 90' lang='lat' dir='ltr'><strong>no-</strong></span> 
     </span>
    </p>
   </div>
   <div class='ocr_carea' id='block_1_51' title="bbox 262 4871 1843 4943">
    <p class='ocr_par' dir='ltr' id='par_1_51' title="bbox 262 4871 1843 4943">
     <span class='ocr_line' id='line_1_51' title="bbox 262 4871 1843 4943; baseline -0.003 -15"><span class='ocrx_word' id='word_1_389' title='bbox 262 4877 342 4928; x_wconf 87' lang='lat' dir='ltr'><strong>vit</strong></span> <span class='ocrx_word' id='word_1_390' title='bbox 372 4876 484 4943; x_wconf 89' lang='lat' dir='ltr'><strong>qui,</strong></span> <span class='ocrx_word' id='word_1_391' title='bbox 517 4875 742 4928; x_wconf 90' lang='lat' dir='ltr'><strong>Domino</strong></span> <span class='ocrx_word' id='word_1_392' title='bbox 767 4876 1037 4937; x_wconf 88' lang='lat' dir='ltr'><strong>vincente,</strong></span> <span class='ocrx_word' id='word_1_393' title='bbox 1067 4873 1358 4942; x_wconf 89' lang='lat' dir='ltr'><strong>superavit,</strong></span> <span class='ocrx_word' id='word_1_394' title='bbox 1385 4882 1438 4926; x_wconf 91' lang='lat' dir='ltr'><strong>et</strong></span> <span class='ocrx_word' id='word_1_395' title='bbox 1467 4881 1551 4926; x_wconf 88' lang='lat' dir='ltr'><strong>est</strong></span> <span class='ocrx_word' id='word_1_396' title='bbox 1579 4871 1843 4941; x_wconf 76' lang='lat' dir='ltr'><strong>particeps</strong></span> 
     </span>
    </p>
   </div>
   <div class='ocr_carea' id='block_1_52' title="bbox 267 4961 1842 5035">
    <p class='ocr_par' dir='ltr' id='par_1_52' title="bbox 267 4961 1842 5035">
     <span class='ocr_line' id='line_1_52' title="bbox 267 4961 1842 5035; baseline -0.002 -16"><span class='ocrx_word' id='word_1_397' title='bbox 267 4965 657 5034; x_wconf 87' lang='lat' dir='ltr'><strong>triumphorum</strong></span> <span class='ocrx_word' id='word_1_398' title='bbox 703 4965 840 5035; x_wconf 90' lang='lat' dir='ltr'><strong>ejus,</strong></span> <span class='ocrx_word' id='word_1_399' title='bbox 882 4974 934 5020; x_wconf 89' lang='lat' dir='ltr'><strong>et</strong></span> <span class='ocrx_word' id='word_1_400' title='bbox 981 4965 1072 5035; x_wconf 92' lang='lat' dir='ltr'><strong>qui</strong></span> <span class='ocrx_word' id='word_1_401' title='bbox 1117 4963 1612 5019; x_wconf 88' lang='lat' dir='ltr'><strong>immarcescihilem</strong></span> <span class='ocrx_word' id='word_1_402' title='bbox 1656 4961 1842 5032; x_wconf 69' lang='lat' dir='ltr'><strong>gloria:</strong></span> 
     </span>
    </p>
   </div>
   <div class='ocr_carea' id='block_1_53' title="bbox 351 5172 1842 5243">
    <p class='ocr_par' dir='ltr' id='par_1_53' title="bbox 351 5172 1842 5243">
     <span class='ocr_line' id='line_1_53' title="bbox 351 5172 1842 5243; baseline -0.007 -12"><span class='ocrx_word' id='word_1_403' title='bbox 351 5182 404 5243; x_wconf 92' lang='lat' dir='ltr'><strong>a)</strong></span> <span class='ocrx_word' id='word_1_404' title='bbox 432 5179 571 5243; x_wconf 18' lang='lat' dir='ltr'><strong>Cave,</strong></span> <span class='ocrx_word' id='word_1_405' title='bbox 589 5177 836 5243; x_wconf 63' lang='lat' dir='ltr'><strong>intelligas</strong></span> <span class='ocrx_word' id='word_1_406' title='bbox 856 5179 944 5228; x_wconf 66' lang='lat' dir='ltr'><strong>alis</strong></span> <span class='ocrx_word' id='word_1_407' title='bbox 984 5179 1280 5242; x_wconf 82' lang='lat' dir='ltr'><strong>Hieronymo</strong></span> <span class='ocrx_word' id='word_1_408' title='bbox 1302 5241 1311 5243; x_wconf 97' lang='lat'><em>_</em></span> <span class='ocrx_word' id='word_1_409' title='bbox 1319 5177 1636 5243; x_wconf 80' lang='lat' dir='ltr'><strong>disputatum,</strong></span> <span class='ocrx_word' id='word_1_410' title='bbox 1662 5172 1752 5222; x_wconf 88' lang='lat' dir='ltr'><strong>sed</strong></span> <span class='ocrx_word' id='word_1_411' title='bbox 1779 5185 1842 5222; x_wconf 89' lang='lat' dir='ltr'><strong>eo</strong></span> 
     </span>
    </p>
   </div>
   <div class='ocr_carea' id='block_1_54' title="bbox 261 5239 1393 5296">
    <p class='ocr_par' dir='ltr' id='par_1_54' title="bbox 261 5239 1393 5296">
     <span class='ocr_line' id='line_1_54' title="bbox 261 5239 1393 5296; baseline -0.006 -1"><span class='ocrx_word' id='word_1_412' title='bbox 261 5259 314 5296; x_wconf 85' lang='grc' dir='ltr'><strong>ιιι</strong></span> <span class='ocrx_word' id='word_1_413' title='bbox 335 5239 525 5293; x_wconf 78' lang='lat' dir='ltr'><strong>Psalmo</strong></span> <span class='ocrx_word' id='word_1_414' title='bbox 545 5242 609 5291; x_wconf 87' lang='lat' dir='ltr'><strong>de</strong></span> <span class='ocrx_word' id='word_1_415' title='bbox 634 5240 766 5290; x_wconf 84' lang='lat' dir='ltr'><strong>Filiis</strong></span> <span class='ocrx_word' id='word_1_416' title='bbox 781 5239 903 5290; x_wconf 73' lang='lat' dir='ltr'><strong>Core</strong></span> <span class='ocrx_word' id='word_1_417' title='bbox 923 5239 1274 5296; x_wconf 76' lang='lat' dir='ltr'><strong>competentius</strong></span> <span class='ocrx_word' id='word_1_418' title='bbox 1284 5241 1393 5288; x_wconf 89' lang='lat' dir='ltr'><strong>dici.</strong></span> 
     </span>
    </p>
   </div>
   <div class='ocr_carea' id='block_1_55' title="bbox 329 5294 1840 5373">
    <p class='ocr_par' dir='ltr' id='par_1_55' title="bbox 329 5294 1840 5373">
     <span class='ocr_line' id='line_1_55' title="bbox 329 5294 1840 5373; baseline 0 0"><span class='ocrx_word' id='word_1_419' title='bbox 329 5305 402 5373; x_wconf 73' lang='grc' dir='ltr'><strong><em>(ω</em></strong></span> <span class='ocrx_word' id='word_1_420' title='bbox 424 5304 615 5373; x_wconf 58' lang='lat' dir='ltr'><strong>Mirum</strong></span> <span class='ocrx_word' id='word_1_421' title='bbox 635 5315 698 5352; x_wconf 70' lang='grc' dir='ltr'>οκ</span> <span class='ocrx_word' id='word_1_422' title='bbox 737 5294 1191 5373; x_wconf 50' lang='lat' dir='ltr'><strong>armentalium</strong></span> <span class='ocrx_word' id='word_1_423' title='bbox 1237 5301 1359 5373; x_wconf 67' lang='lat' dir='ltr'><strong>libro</strong></span> <span class='ocrx_word' id='word_1_424' title='bbox 1383 5294 1840 5373; x_wconf 54' lang='lat' dir='ltr'><strong>testimoeiueeti:</strong></span> 
     </span>
    </p>
   </div>
   <div class='ocr_carea' id='block_1_56' title="bbox 257 5362 1842 5429">
    <p class='ocr_par' dir='ltr' id='par_1_56' title="bbox 257 5362 1842 5429">
     <span class='ocr_line' id='line_1_56' title="bbox 257 5362 1842 5429; baseline -0.008 -11"><span class='ocrx_word' id='word_1_425' title='bbox 257 5367 369 5418; x_wconf 89' lang='lat' dir='ltr'><strong>duci</strong></span> <span class='ocrx_word' id='word_1_426' title='bbox 383 5362 457 5417; x_wconf 63' lang='lat' dir='ltr'><strong>&#39;ab</strong></span> <span class='ocrx_word' id='word_1_427' title='bbox 478 5362 791 5429; x_wconf 66' lang='lat' dir='ltr'><strong>Hieronymo,</strong></span> <span class='ocrx_word' id='word_1_428' title='bbox 815 5362 899 5424; x_wconf 92' lang='lat' dir='ltr'><strong>qui</strong></span> <span class='ocrx_word' id='word_1_429' title='bbox 925 5362 1502 5429; x_wconf 27' lang='lat' dir='ltr'><strong>ab‘hujusmodihscriptis</strong></span> <span class='ocrx_word' id='word_1_430' title='bbox 1523 5369 1632 5408; x_wconf 87' lang='lat' dir='ltr'><strong>cum</strong></span> <span class='ocrx_word' id='word_1_431' title='bbox 1670 5362 1842 5429; x_wconf 74' lang='lat' dir='ltr'><strong>primis</strong></span> 
     </span>
    </p>
   </div>
   <div class='ocr_carea' id='block_1_57' title="bbox 257 5418 1838 5490">
    <p class='ocr_par' dir='ltr' id='par_1_57' title="bbox 257 5418 1838 5490">
     <span class='ocr_line' id='line_1_57' title="bbox 257 5418 1838 5490; baseline -0.009 -13"><span class='ocrx_word' id='word_1_432' title='bbox 257 5431 586 5490; x_wconf 86' lang='lat' dir='ltr'><strong>abhorrebat;</strong></span> <span class='ocrx_word' id='word_1_433' title='bbox 631 5418 855 5490; x_wconf 47' lang='lat' dir='ltr'><strong>unde&#39;ei.</strong></span> <span class='ocrx_word' id='word_1_434' title='bbox 897 5423 1008 5490; x_wconf 78' lang='lat' dir='ltr'><strong>alibi</strong></span> <span class='ocrx_word' id='word_1_435' title='bbox 1033 5418 1210 5490; x_wconf 63' lang='lat' dir='ltr'><strong>contra</strong></span> <span class='ocrx_word' id='word_1_436' title='bbox 1255 5418 1562 5490; x_wconf 69' lang='lat' dir='ltr'><strong>Vigilantiam</strong></span> <span class='ocrx_word' id='word_1_437' title='bbox 1597 5418 1838 5490; x_wconf 68' lang='lat' dir='ltr'><strong>scribens,</strong></span> 
     </span>
    </p>
   </div>
   <div class='ocr_carea' id='block_1_58' title="bbox 266 5478 1840 5552">
    <p class='ocr_par' dir='ltr' id='par_1_58' title="bbox 266 5478 1840 5552">
     <span class='ocr_line' id='line_1_58' title="bbox 266 5478 1840 5552; baseline -0.01 -13"><span class='ocrx_word' id='word_1_438' title='bbox 266 5478 614 5552; x_wconf 55' lang='grc' dir='ltr'><strong>ςΡιλορόιιίεξι</strong></span> <span class='ocrx_word' id='word_1_439' title='bbox 645 5489 815 5551; x_wconf 85' lang='lat' dir='ltr'><strong>inquit,</strong></span> <span class='ocrx_word' id='word_1_440' title='bbox 848 5503 870 5532; x_wconf 72' lang='grc' dir='ltr'><strong>α</strong></span> <span class='ocrx_word' id='word_1_441' title='bbox 893 5484 1205 5552; x_wconf 62' lang='lat' dir='ltr'><strong>mibililirum</strong></span> <span class='ocrx_word' id='word_1_442' title='bbox 1244 5478 1564 5552; x_wconf 45' lang='lat' dir='ltr'><strong>apo&#39;eryj&#39;ibum</strong></span> <span class='ocrx_word' id='word_1_443' title='bbox 1585 5518 1599 5542; x_wconf 92' lang='lat'><strong>,</strong></span> <span class='ocrx_word' id='word_1_444' title='bbox 1625 5479 1709 5552; x_wconf 85' lang='lat' dir='ltr'><strong>qui</strong></span> <span class='ocrx_word' id='word_1_445' title='bbox 1747 5478 1840 5552; x_wconf 68' lang='lat' dir='ltr'><strong>sub</strong></span> 
     </span>
    </p>
   </div>
   <div class='ocr_carea' id='block_1_59' title="bbox 256 5537 1838 5610">
    <p class='ocr_par' dir='ltr' id='par_1_59' title="bbox 256 5537 1838 5610">
     <span class='ocr_line' id='line_1_59' title="bbox 256 5537 1838 5610; baseline -0.011 -6"><span class='ocrx_word' id='word_1_446' title='bbox 256 5537 424 5604; x_wconf 63' lang='lat' dir='ltr'><strong>Esdra;</strong></span> <span class='ocrx_word' id='word_1_447' title='bbox 448 5537 654 5600; x_wconf 65' lang='lat' dir='ltr'><strong>nomine</strong></span> <span class='ocrx_word' id='word_1_448' title='bbox 690 5537 725 5598; x_wconf 66' lang='grc' dir='ltr'>εί</span> <span class='ocrx_word' id='word_1_449' title='bbox 759 5537 814 5597; x_wconf 74' lang='grc' dir='ltr'><strong>ω’</strong></span> <span class='ocrx_word' id='word_1_450' title='bbox 845 5555 895 5597; x_wconf 89' lang='lat' dir='ltr'><strong>et</strong></span> <span class='ocrx_word' id='word_1_451' title='bbox 929 5546 1166 5596; x_wconf 89' lang='lat' dir='ltr'><strong>similibus</strong></span> <span class='ocrx_word' id='word_1_452' title='bbox 1201 5537 1300 5594; x_wconf 78' lang='lat' dir='ltr'><strong>tuis</strong></span> <span class='ocrx_word' id='word_1_453' title='bbox 1338 5537 1535 5607; x_wconf 55' lang='lat' dir='ltr'><strong>legitur,</strong></span> <span class='ocrx_word' id='word_1_454' title='bbox 1561 5537 1595 5610; x_wconf 50' lang='grc' dir='ltr'><strong>»ξ</strong></span> <span class='ocrx_word' id='word_1_455' title='bbox 1617 5537 1669 5610; x_wconf 54' lang='lat' dir='ltr'><strong>tit</strong></span> <span class='ocrx_word' id='word_1_456' title='bbox 1693 5537 1838 5610; x_wconf 68' lang='lat' dir='ltr'><strong>paulo</strong></span> 
     </span>
    </p>
   </div>
   <div class='ocr_carea' id='block_1_60' title="bbox 259 5599 1836 5674">
    <p class='ocr_par' dir='ltr' id='par_1_60' title="bbox 259 5599 1836 5674">
     <span class='ocr_line' id='line_1_60' title="bbox 259 5599 1836 5674; baseline -0.008 -10"><span class='ocrx_word' id='word_1_457' title='bbox 259 5599 440 5674; x_wconf 56' lang='grc' dir='ltr'><strong>ῐιόέι..</strong></span> <span class='ocrx_word' id='word_1_458' title='bbox 462 5599 584 5674; x_wconf 61' lang='lat' dir='ltr'><strong>Quid</strong></span> <span class='ocrx_word' id='word_1_459' title='bbox 625 5623 832 5661; x_wconf 84' lang='lat' dir='ltr'><strong>necesse</strong></span> <span class='ocrx_word' id='word_1_460' title='bbox 870 5617 946 5659; x_wconf 87' lang='lat' dir='ltr'><strong>est</strong></span> <span class='ocrx_word' id='word_1_461' title='bbox 969 5612 1016 5656; x_wconf 88' lang='lat' dir='ltr'><strong>in</strong></span> <span class='ocrx_word' id='word_1_462' title='bbox 1041 5620 1212 5655; x_wconf 86' lang='lat' dir='ltr'><strong>manus</strong></span> <span class='ocrx_word' id='word_1_463' title='bbox 1234 5599 1431 5655; x_wconf 56' lang='lat' dir='ltr'><strong>sumer&#39;e</strong></span> <span class='ocrx_word' id='word_1_464' title='bbox 1467 5599 1595 5667; x_wconf 82' lang='lat' dir='ltr'><strong>quod</strong></span> <span class='ocrx_word' id='word_1_465' title='bbox 1619 5599 1836 5653; x_wconf 78' lang='lat' dir='ltr'><strong>Ecclesia</strong></span> 
     </span>
    </p>
   </div>
   <div class='ocr_carea' id='block_1_61' title="bbox 257 5673 622 5735">
    <p class='ocr_par' dir='ltr' id='par_1_61' title="bbox 257 5673 622 5735">
     <span class='ocr_line' id='line_1_61' title="bbox 257 5673 622 5735; baseline -0.014 -12"><span class='ocrx_word' id='word_1_466' title='bbox 257 5673 350 5724; x_wconf 83' lang='lat' dir='ltr'><strong>non</strong></span> <span class='ocrx_word' id='word_1_467' title='bbox 375 5677 548 5735; x_wconf 86' lang='lat' dir='ltr'><strong>recipit</strong></span> <span class='ocrx_word' id='word_1_468' title='bbox 570 5673 622 5722; x_wconf 81' lang='lat' dir='ltr'><strong>?s</strong></span> 
     </span>
    </p>
   </div>
   <div class='ocr_carea' id='block_1_62' title="bbox 1573 263 2101 324">
    <p class='ocr_par' dir='ltr' id='par_1_62' title="bbox 1573 263 2101 324">
     <span class='ocr_line' id='line_1_62' title="bbox 1573 263 2101 324; baseline -0.015 0"><span class='ocrx_word' id='word_1_469' title='bbox 1573 265 1903 324; x_wconf 64' lang='lat' dir='ltr'><strong>EPISTOLA</strong></span> <span class='ocrx_word' id='word_1_470' title='bbox 1943 263 2101 319; x_wconf 73' lang='lat' dir='ltr'><strong>LXV.</strong></span> 
     </span>
    </p>
   </div>
   <div class='ocr_carea' id='block_1_63' title="bbox 3393 256 3498 314">
    <p class='ocr_par' dir='ltr' id='par_1_63' title="bbox 3393 256 3498 314">
     <span class='ocr_line' id='line_1_63' title="bbox 3393 256 3498 314; baseline 0.038 -4"><span class='ocrx_word' id='word_1_471' title='bbox 3393 256 3498 314; x_wconf 69' lang='lat'><strong>6&#39;26</strong></span> 
     </span>
    </p>
   </div>
   <div class='ocr_carea' id='block_1_64' title="bbox 1932 375 3512 447">
    <p class='ocr_par' dir='ltr' id='par_1_64' title="bbox 1932 375 3512 447">
     <span class='ocr_line' id='line_1_64' title="bbox 1932 375 3512 447; baseline 0.001 -17"><span class='ocrx_word' id='word_1_472' title='bbox 1932 390 2206 439; x_wconf 86' lang='lat' dir='ltr'><strong>coronam,</strong></span> <span class='ocrx_word' id='word_1_473' title='bbox 2237 376 2306 430; x_wconf 92' lang='lat' dir='ltr'><strong>de</strong></span> <span class='ocrx_word' id='word_1_474' title='bbox 2347 375 2580 430; x_wconf 87' lang='lat' dir='ltr'><strong>candore</strong></span> <span class='ocrx_word' id='word_1_475' title='bbox 2619 375 2878 430; x_wconf 88' lang='lat' dir='ltr'><strong>bonorum</strong></span> <span class='ocrx_word' id='word_1_476' title='bbox 2907 391 3126 447; x_wconf 88' lang='lat' dir='ltr'><strong>operum</strong></span> <span class='ocrx_word' id='word_1_477' title='bbox 3157 386 3212 436; x_wconf 88' lang='lat' dir='ltr'><strong>et</strong></span> <span class='ocrx_word' id='word_1_478' title='bbox 3240 375 3306 431; x_wconf 87' lang='lat' dir='ltr'><strong>de</strong></span> <span class='ocrx_word' id='word_1_479' title='bbox 3334 377 3512 432; x_wconf 87' lang='lat' dir='ltr'><strong>varie-</strong></span> 
     </span>
    </p>
   </div>
   <div class='ocr_carea' id='block_1_65' title="bbox 1937 466 2847 522">
    <p class='ocr_par' dir='ltr' id='par_1_65' title="bbox 1937 466 2847 522">
     <span class='ocr_line' id='line_1_65' title="bbox 1937 466 2847 522; baseline -0.004 0"><span class='ocrx_word' id='word_1_480' title='bbox 1937 479 2044 522; x_wconf 87' lang='lat' dir='ltr'><strong>tate</strong></span> <span class='ocrx_word' id='word_1_481' title='bbox 2069 468 2322 522; x_wconf 88' lang='lat' dir='ltr'><strong>virtutum</strong></span> <span class='ocrx_word' id='word_1_482' title='bbox 2365 467 2532 522; x_wconf 76' lang='lat' dir='ltr'><strong>texuit</strong></span> <span class='ocrx_word' id='word_1_483' title='bbox 2562 466 2847 522; x_wconf 88' lang='lat' dir='ltr'><strong>Salvatori.</strong></span> 
     </span>
    </p>
   </div>
   <div class='ocr_carea' id='block_1_66' title="bbox 2005 559 3514 636">
    <p class='ocr_par' dir='ltr' id='par_1_66' title="bbox 2005 559 3514 636">
     <span class='ocr_line' id='line_1_66' title="bbox 2005 559 3514 636; baseline 0.003 -21"><span class='ocrx_word' id='word_1_484' title='bbox 2005 560 2060 615; x_wconf 85' lang='lat'><strong>5.</strong></span> <span class='ocrx_word' id='word_1_485' title='bbox 2083 559 2440 614; x_wconf 80' lang='lat' dir='ltr'><strong>Eructavitcor</strong></span> <span class='ocrx_word' id='word_1_486' title='bbox 2460 576 2624 613; x_wconf 84' lang='lat' dir='ltr'><strong>meum</strong></span> <span class='ocrx_word' id='word_1_487' title='bbox 2650 559 2850 613; x_wconf 73' lang='lat' dir='ltr'><strong>uerbum</strong></span> <span class='ocrx_word' id='word_1_488' title='bbox 2867 560 3072 616; x_wconf 84' lang='lat' dir='ltr'><strong>bonum.</strong></span> <span class='ocrx_word' id='word_1_489' title='bbox 3099 563 3258 635; x_wconf 78' lang='grc'><strong>3⁷7</strong></span> <span class='ocrx_word' id='word_1_490' title='bbox 3278 565 3378 620; x_wconf 87' lang='lat' dir='ltr'><strong>Pro</strong></span> <span class='ocrx_word' id='word_1_491' title='bbox 3408 582 3514 636; x_wconf 90' lang='lat' dir='ltr'><strong>quo</strong></span> 
     </span>
    </p>
   </div>
   <div class='ocr_carea' id='block_1_67' title="bbox 1936 650 3514 724">
    <p class='ocr_par' dir='ltr' id='par_1_67' title="bbox 1936 650 3514 724">
     <span class='ocr_line' id='line_1_67' title="bbox 1936 650 3514 724; baseline 0.003 -18"><span class='ocrx_word' id='word_1_492' title='bbox 1936 652 2315 721; x_wconf 88' lang='lat' dir='ltr'><strong>interpretatus</strong></span> <span class='ocrx_word' id='word_1_493' title='bbox 2350 660 2430 705; x_wconf 90' lang='lat' dir='ltr'><strong>est</strong></span> <span class='ocrx_word' id='word_1_494' title='bbox 2459 650 2922 724; x_wconf 83' lang='lat' dir='ltr'><strong>Symmachus,(c)</strong></span> <span class='ocrx_word' id='word_1_495' title='bbox 2971 651 3283 709; x_wconf 85' lang='lat' dir='ltr'><strong>Commotum</strong></span> <span class='ocrx_word' id='word_1_496' title='bbox 3311 668 3381 710; x_wconf 87' lang='lat' dir='ltr'><strong>est</strong></span> <span class='ocrx_word' id='word_1_497' title='bbox 3425 674 3514 711; x_wconf 85' lang='lat' dir='ltr'><strong>cor</strong></span> 
     </span>
    </p>
   </div>
   <div class='ocr_carea' id='block_1_68' title="bbox 1935 743 3517 804">
    <p class='ocr_par' dir='ltr' id='par_1_68' title="bbox 1935 743 3517 804">
     <span class='ocr_line' id='line_1_68' title="bbox 1935 743 3517 804; baseline 0.006 -8"><span class='ocrx_word' id='word_1_498' title='bbox 1935 760 2100 798; x_wconf 87' lang='lat' dir='ltr'><strong>meum</strong></span> <span class='ocrx_word' id='word_1_499' title='bbox 2126 746 2273 797; x_wconf 74' lang='lat' dir='ltr'><strong>verba</strong></span> <span class='ocrx_word' id='word_1_500' title='bbox 2293 745 2422 798; x_wconf 88' lang='lat' dir='ltr'><strong>bono</strong></span> <span class='ocrx_word' id='word_1_501' title='bbox 2447 758 2466 796; x_wconf 90' lang='lat'><strong><em>:</em></strong></span> <span class='ocrx_word' id='word_1_502' title='bbox 2487 744 2728 798; x_wconf 89' lang='lat' dir='ltr'><strong>indicans</strong></span> <span class='ocrx_word' id='word_1_503' title='bbox 2754 743 2820 797; x_wconf 89' lang='lat' dir='ltr'><strong>ad</strong></span> <span class='ocrx_word' id='word_1_504' title='bbox 2849 744 3066 798; x_wconf 81' lang='lat' dir='ltr'><strong>alterius</strong></span> <span class='ocrx_word' id='word_1_505' title='bbox 3096 761 3397 802; x_wconf 89' lang='lat' dir='ltr'><strong>sermonem</strong></span> <span class='ocrx_word' id='word_1_506' title='bbox 3420 765 3517 804; x_wconf 87' lang='lat' dir='ltr'><strong>cor</strong></span> 
     </span>
    </p>
   </div>
   <div class='ocr_carea' id='block_1_69' title="bbox 1934 832 3513 902">
    <p class='ocr_par' dir='ltr' id='par_1_69' title="bbox 1934 832 3513 902">
     <span class='ocr_line' id='line_1_69' title="bbox 1934 832 3513 902; baseline 0.004 -15"><span class='ocrx_word' id='word_1_507' title='bbox 1934 832 2162 888; x_wconf 88' lang='lat' dir='ltr'><strong>dicentis</strong></span> <span class='ocrx_word' id='word_1_508' title='bbox 2204 848 2329 888; x_wconf 87' lang='lat' dir='ltr'><strong>esse</strong></span> <span class='ocrx_word' id='word_1_509' title='bbox 2371 845 2722 896; x_wconf 89' lang='lat' dir='ltr'><strong>commotum,</strong></span> <span class='ocrx_word' id='word_1_510' title='bbox 2756 843 2809 887; x_wconf 83' lang='lat' dir='ltr'><strong>et</strong></span> <span class='ocrx_word' id='word_1_511' title='bbox 2855 834 3052 902; x_wconf 89' lang='lat' dir='ltr'><strong>Spiritu</strong></span> <span class='ocrx_word' id='word_1_512' title='bbox 3101 835 3297 890; x_wconf 88' lang='lat' dir='ltr'><strong>Sancto</strong></span> <span class='ocrx_word' id='word_1_513' title='bbox 3344 838 3513 893; x_wconf 87' lang='lat' dir='ltr'><strong>futura</strong></span> 
     </span>
    </p>
   </div>
   <div class='ocr_carea' id='block_1_70' title="bbox 1935 924 3511 998">
    <p class='ocr_par' dir='ltr' id='par_1_70' title="bbox 1935 924 3511 998">
     <span class='ocr_line' id='line_1_70' title="bbox 1935 924 3511 998; baseline 0.003 -19"><span class='ocrx_word' id='word_1_514' title='bbox 1935 925 2135 980; x_wconf 84' lang='lat' dir='ltr'><strong>Christi</strong></span> <span class='ocrx_word' id='word_1_515' title='bbox 2158 934 2493 979; x_wconf 88' lang='lat' dir='ltr'><strong>sacramenta</strong></span> <span class='ocrx_word' id='word_1_516' title='bbox 2519 927 2801 993; x_wconf 87' lang='lat' dir='ltr'><strong>pandente,</strong></span> <span class='ocrx_word' id='word_1_517' title='bbox 2821 925 2981 978; x_wconf 80' lang='lat' dir='ltr'><strong>etiam</strong></span> <span class='ocrx_word' id='word_1_518' title='bbox 3005 924 3147 980; x_wconf 89' lang='lat' dir='ltr'><strong>hunc</strong></span> <span class='ocrx_word' id='word_1_519' title='bbox 3174 928 3226 980; x_wconf 92' lang='lat' dir='ltr'><strong>in</strong></span> <span class='ocrx_word' id='word_1_520' title='bbox 3248 927 3511 998; x_wconf 86' lang='lat' dir='ltr'><strong>eloquium</strong></span> 
     </span>
    </p>
   </div>
   <div class='ocr_carea' id='block_1_71' title="bbox 1937 1016 3516 1090">
    <p class='ocr_par' dir='ltr' id='par_1_71' title="bbox 1937 1016 3516 1090">
     <span class='ocr_line' id='line_1_71' title="bbox 1937 1016 3516 1090; baseline 0.004 -21"><span class='ocrx_word' id='word_1_521' title='bbox 1937 1019 2246 1085; x_wconf 87' lang='lat' dir='ltr'><strong>prorupisse</strong></span> <span class='ocrx_word' id='word_1_522' title='bbox 2275 1034 2290 1068; x_wconf 91' lang='lat'><strong>:</strong></span> <span class='ocrx_word' id='word_1_523' title='bbox 2313 1025 2372 1070; x_wconf 90' lang='lat' dir='ltr'><strong>ut</strong></span> <span class='ocrx_word' id='word_1_524' title='bbox 2398 1016 2848 1084; x_wconf 88' lang='lat' dir='ltr'><strong>quemadmodum</strong></span> <span class='ocrx_word' id='word_1_525' title='bbox 2865 1018 3046 1072; x_wconf 69' lang='lat' dir='ltr'><strong>caeteri</strong></span> <span class='ocrx_word' id='word_1_526' title='bbox 3067 1017 3132 1072; x_wconf 93' lang='lat' dir='ltr'><strong>de</strong></span> <span class='ocrx_word' id='word_1_527' title='bbox 3152 1018 3382 1073; x_wconf 90' lang='lat' dir='ltr'><strong>adventu</strong></span> <span class='ocrx_word' id='word_1_528' title='bbox 3401 1022 3516 1090; x_wconf 83' lang='lat' dir='ltr'><strong>ejus</strong></span> 
     </span>
    </p>
   </div>
   <div class='ocr_carea' id='block_1_72' title="bbox 1939 1107 3516 1182">
    <p class='ocr_par' dir='ltr' id='par_1_72' title="bbox 1939 1107 3516 1182">
     <span class='ocr_line' id='line_1_72' title="bbox 1939 1107 3516 1182; baseline 0.003 -22"><span class='ocrx_word' id='word_1_529' title='bbox 1939 1107 2101 1160; x_wconf 90' lang='lat' dir='ltr'><strong>locuti</strong></span> <span class='ocrx_word' id='word_1_530' title='bbox 2131 1115 2277 1174; x_wconf 90' lang='lat' dir='ltr'><strong>sunt,</strong></span> <span class='ocrx_word' id='word_1_531' title='bbox 2324 1117 2379 1162; x_wconf 92' lang='lat' dir='ltr'><strong>et</strong></span> <span class='ocrx_word' id='word_1_532' title='bbox 2419 1109 2520 1163; x_wconf 90' lang='lat' dir='ltr'><strong>iste</strong></span> <span class='ocrx_word' id='word_1_533' title='bbox 2550 1108 2876 1177; x_wconf 87' lang='lat' dir='ltr'><strong>loqueretur.</strong></span> <span class='ocrx_word' id='word_1_534' title='bbox 2920 1108 3124 1164; x_wconf 77' lang='lat' dir='ltr'><strong>Raetus</strong></span> <span class='ocrx_word' id='word_1_535' title='bbox 3165 1120 3339 1165; x_wconf 89' lang='lat' dir='ltr'><strong>autem</strong></span> <span class='ocrx_word' id='word_1_536' title='bbox 3391 1129 3516 1182; x_wconf 82' lang='lat' dir='ltr'><strong>pro-</strong></span> 
     </span>
    </p>
   </div>
   <div class='ocr_carea' id='block_1_73' title="bbox 1939 1199 3513 1271">
    <p class='ocr_par' dir='ltr' id='par_1_73' title="bbox 1939 1199 3513 1271">
     <span class='ocr_line' id='line_1_73' title="bbox 1939 1199 3513 1271; baseline 0.004 -20"><span class='ocrx_word' id='word_1_537' title='bbox 1939 1199 2054 1268; x_wconf 91' lang='lat' dir='ltr'><strong>prie</strong></span> <span class='ocrx_word' id='word_1_538' title='bbox 2079 1199 2274 1254; x_wconf 88' lang='lat' dir='ltr'><strong>dicitur</strong></span> <span class='ocrx_word' id='word_1_539' title='bbox 2294 1199 2524 1271; x_wconf 75' lang='lat' dir='ltr'><strong>digestio</strong></span> <span class='ocrx_word' id='word_1_540' title='bbox 2551 1201 2678 1265; x_wconf 89' lang='lat' dir='ltr'><strong>cibi,</strong></span> <span class='ocrx_word' id='word_1_541' title='bbox 2710 1211 2764 1256; x_wconf 92' lang='lat' dir='ltr'><strong>ct</strong></span> <span class='ocrx_word' id='word_1_542' title='bbox 2787 1212 3162 1257; x_wconf 89' lang='lat' dir='ltr'><strong>concoctarum</strong></span> <span class='ocrx_word' id='word_1_543' title='bbox 3195 1219 3435 1260; x_wconf 86' lang='lat' dir='ltr'><strong>escarum</strong></span> <span class='ocrx_word' id='word_1_544' title='bbox 3461 1206 3513 1260; x_wconf 90' lang='lat' dir='ltr'><strong>in</strong></span> 
     </span>
    </p>
   </div>
   <div class='ocr_carea' id='block_1_74' title="bbox 1939 1289 3519 1362">
    <p class='ocr_par' dir='ltr' id='par_1_74' title="bbox 1939 1289 3519 1362">
     <span class='ocr_line' id='line_1_74' title="bbox 1939 1289 3519 1362; baseline 0.003 -18"><span class='ocrx_word' id='word_1_545' title='bbox 1939 1297 2156 1344; x_wconf 89' lang='lat' dir='ltr'><strong>ventum</strong></span> <span class='ocrx_word' id='word_1_546' title='bbox 2196 1289 2419 1345; x_wconf 80' lang='lat' dir='ltr'><strong>elllatio.</strong></span> <span class='ocrx_word' id='word_1_547' title='bbox 2451 1291 2730 1356; x_wconf 88' lang='lat' dir='ltr'><strong>Quomodo</strong></span> <span class='ocrx_word' id='word_1_548' title='bbox 2757 1291 2898 1346; x_wconf 87' lang='lat' dir='ltr'><strong>enim</strong></span> <span class='ocrx_word' id='word_1_549' title='bbox 2919 1293 3069 1361; x_wconf 87' lang='lat' dir='ltr'><strong>juxta</strong></span> <span class='ocrx_word' id='word_1_550' title='bbox 3101 1293 3410 1362; x_wconf 86' lang='lat' dir='ltr'><strong>qualitatem</strong></span> <span class='ocrx_word' id='word_1_551' title='bbox 3438 1297 3519 1349; x_wconf 82' lang='lat' dir='ltr'><strong>ci-</strong></span> 
     </span>
    </p>
   </div>
   <div class='ocr_carea' id='block_1_75' title="bbox 1939 1380 3518 1454">
    <p class='ocr_par' dir='ltr' id='par_1_75' title="bbox 1939 1380 3518 1454">
     <span class='ocr_line' id='line_1_75' title="bbox 1939 1380 3518 1454; baseline 0.003 -19"><span class='ocrx_word' id='word_1_552' title='bbox 1939 1381 2130 1435; x_wconf 91' lang='lat' dir='ltr'><strong>borum</strong></span> <span class='ocrx_word' id='word_1_553' title='bbox 2161 1380 2230 1435; x_wconf 88' lang='lat' dir='ltr'><strong>de</strong></span> <span class='ocrx_word' id='word_1_554' title='bbox 2256 1381 2538 1436; x_wconf 86' lang='lat' dir='ltr'><strong>stomacho</strong></span> <span class='ocrx_word' id='word_1_555' title='bbox 2569 1393 2750 1437; x_wconf 90' lang='lat' dir='ltr'><strong>ructus</strong></span> <span class='ocrx_word' id='word_1_556' title='bbox 2779 1385 3032 1454; x_wconf 89' lang='lat' dir='ltr'><strong>erumpit,</strong></span> <span class='ocrx_word' id='word_1_557' title='bbox 3055 1395 3110 1438; x_wconf 89' lang='lat' dir='ltr'><strong>et</strong></span> <span class='ocrx_word' id='word_1_558' title='bbox 3138 1385 3259 1439; x_wconf 89' lang='lat' dir='ltr'><strong>boni</strong></span> <span class='ocrx_word' id='word_1_559' title='bbox 3282 1386 3362 1440; x_wconf 89' lang='lat' dir='ltr'><strong>vel</strong></span> <span class='ocrx_word' id='word_1_560' title='bbox 3392 1387 3518 1440; x_wconf 90' lang='lat' dir='ltr'><strong>mali</strong></span> 
     </span>
    </p>
   </div>
   <div class='ocr_carea' id='block_1_76' title="bbox 1939 1469 3522 1530">
    <p class='ocr_par' dir='ltr' id='par_1_76' title="bbox 1939 1469 3522 1530">
     <span class='ocr_line' id='line_1_76' title="bbox 1939 1469 3522 1530; baseline 0.004 -6"><span class='ocrx_word' id='word_1_561' title='bbox 1939 1470 2124 1526; x_wconf 90' lang='lat' dir='ltr'><strong>odoris</strong></span> <span class='ocrx_word' id='word_1_562' title='bbox 2149 1469 2310 1526; x_wconf 83' lang='lat' dir='ltr'><strong>flatus</strong></span> <span class='ocrx_word' id='word_1_563' title='bbox 2340 1471 2592 1526; x_wconf 89' lang='lat' dir='ltr'><strong>indicium</strong></span> <span class='ocrx_word' id='word_1_564' title='bbox 2624 1482 2705 1526; x_wconf 90' lang='lat' dir='ltr'><strong>est</strong></span> <span class='ocrx_word' id='word_1_565' title='bbox 2735 1490 2750 1527; x_wconf 88' lang='lat'><strong>:</strong></span> <span class='ocrx_word' id='word_1_566' title='bbox 2782 1473 2849 1526; x_wconf 89' lang='lat' dir='ltr'><strong>ita</strong></span> <span class='ocrx_word' id='word_1_567' title='bbox 2873 1474 3142 1529; x_wconf 89' lang='lat' dir='ltr'><strong>interioris</strong></span> <span class='ocrx_word' id='word_1_568' title='bbox 3170 1475 3402 1530; x_wconf 83' lang='lat' dir='ltr'><strong>hominis</strong></span> <span class='ocrx_word' id='word_1_569' title='bbox 3429 1491 3522 1530; x_wconf 84' lang='lat' dir='ltr'><strong>co-</strong></span> 
     </span>
    </p>
   </div>
   <div class='ocr_carea' id='block_1_77' title="bbox 1939 1562 3521 1630">
    <p class='ocr_par' dir='ltr' id='par_1_77' title="bbox 1939 1562 3521 1630">
     <span class='ocr_line' id='line_1_77' title="bbox 1939 1562 3521 1630; baseline 0.006 -18"><span class='ocrx_word' id='word_1_570' title='bbox 1939 1562 2226 1629; x_wconf 83' lang='lat' dir='ltr'><strong>gitationes</strong></span> <span class='ocrx_word' id='word_1_571' title='bbox 2257 1562 2420 1616; x_wconf 88' lang='lat' dir='ltr'><strong>verba</strong></span> <span class='ocrx_word' id='word_1_572' title='bbox 2453 1564 2748 1630; x_wconf 75' lang='lat' dir='ltr'><strong>proferunt,</strong></span> <span class='ocrx_word' id='word_1_573' title='bbox 2778 1573 2831 1617; x_wconf 93' lang='lat' dir='ltr'><strong>et</strong></span> <span class='ocrx_word' id='word_1_574' title='bbox 2859 1580 2921 1618; x_wconf 77' lang='lat' dir='ltr'><strong>ea:</strong></span> <span class='ocrx_word' id='word_1_575' title='bbox 2937 1564 3249 1620; x_wconf 85' lang='lat' dir='ltr'><strong>abundantia</strong></span> <span class='ocrx_word' id='word_1_576' title='bbox 3273 1567 3438 1620; x_wconf 80' lang='lat' dir='ltr'><strong>cordis</strong></span> <span class='ocrx_word' id='word_1_577' title='bbox 3463 1584 3521 1622; x_wconf 90' lang='lat' dir='ltr'><strong>os</strong></span> 
     </span>
    </p>
   </div>
   <div class='ocr_carea' id='block_1_78' title="bbox 1939 1651 3517 1726">
    <p class='ocr_par' dir='ltr' id='par_1_78' title="bbox 1939 1651 3517 1726">
     <span class='ocr_line' id='line_1_78' title="bbox 1939 1651 3517 1726; baseline 0.006 -24"><span class='ocrx_word' id='word_1_578' title='bbox 1939 1651 2161 1719; x_wconf 86' lang='lat' dir='ltr'><strong>loquitur</strong></span> <span class='ocrx_word' id='word_1_579' title='bbox 2182 1651 2392 1720; x_wconf 77' lang='lat' dir='ltr'><strong>(Matth.</strong></span> <span class='ocrx_word' id='word_1_580' title='bbox 2428 1651 2540 1722; x_wconf 72' lang='grc'><strong>12).</strong></span> <span class='ocrx_word' id='word_1_581' title='bbox 2570 1653 2752 1706; x_wconf 79' lang='lat' dir='ltr'><strong>Justus</strong></span> <span class='ocrx_word' id='word_1_582' title='bbox 2779 1655 3069 1710; x_wconf 88' lang='lat' dir='ltr'><strong>eomedcns</strong></span> <span class='ocrx_word' id='word_1_583' title='bbox 3094 1659 3265 1726; x_wconf 78' lang='lat' dir='ltr'><strong>replet</strong></span> <span class='ocrx_word' id='word_1_584' title='bbox 3288 1659 3517 1712; x_wconf 85' lang='lat' dir='ltr'><strong>animam</strong></span> 
     </span>
    </p>
   </div>
   <div class='ocr_carea' id='block_1_79' title="bbox 1937 1743 3523 1811">
    <p class='ocr_par' dir='ltr' id='par_1_79' title="bbox 1937 1743 3523 1811">
     <span class='ocr_line' id='line_1_79' title="bbox 1937 1743 3523 1811; baseline 0.007 -19"><span class='ocrx_word' id='word_1_585' title='bbox 1937 1755 2127 1805; x_wconf 89' lang='lat' dir='ltr'><strong>suam,</strong></span> <span class='ocrx_word' id='word_1_586' title='bbox 2164 1757 2394 1810; x_wconf 89' lang='lat' dir='ltr'><strong>cumque</strong></span> <span class='ocrx_word' id='word_1_587' title='bbox 2439 1744 2607 1797; x_wconf 89' lang='lat' dir='ltr'><strong>sacris</strong></span> <span class='ocrx_word' id='word_1_588' title='bbox 2653 1743 2914 1799; x_wconf 88' lang='lat' dir='ltr'><strong>doctrinis</strong></span> <span class='ocrx_word' id='word_1_589' title='bbox 2962 1746 3120 1800; x_wconf 89' lang='lat' dir='ltr'><strong>fuerit</strong></span> <span class='ocrx_word' id='word_1_590' title='bbox 3160 1749 3408 1811; x_wconf 86' lang='lat' dir='ltr'><strong>satiatus,</strong></span> <span class='ocrx_word' id='word_1_591' title='bbox 3453 1749 3523 1803; x_wconf 89' lang='lat' dir='ltr'><strong>de</strong></span> 
     </span>
    </p>
   </div>
   <div class='ocr_carea' id='block_1_80' title="bbox 1937 1833 3525 1908">
    <p class='ocr_par' dir='ltr' id='par_1_80' title="bbox 1937 1833 3525 1908">
     <span class='ocr_line' id='line_1_80' title="bbox 1937 1833 3525 1908; baseline 0.007 -23"><span class='ocrx_word' id='word_1_592' title='bbox 1937 1833 2063 1886; x_wconf 85' lang='lat' dir='ltr'><strong>boni</strong></span> <span class='ocrx_word' id='word_1_593' title='bbox 2093 1834 2271 1888; x_wconf 90' lang='lat' dir='ltr'><strong>cordis</strong></span> <span class='ocrx_word' id='word_1_594' title='bbox 2315 1833 2566 1889; x_wconf 85' lang='lat' dir='ltr'><strong>thesauro</strong></span> <span class='ocrx_word' id='word_1_595' title='bbox 2611 1835 2813 1904; x_wconf 81' lang='lat' dir='ltr'><strong>profert</strong></span> <span class='ocrx_word' id='word_1_596' title='bbox 2856 1852 2919 1892; x_wconf 89' lang='lat' dir='ltr'><strong>ea</strong></span> <span class='ocrx_word' id='word_1_597' title='bbox 2949 1854 3071 1908; x_wconf 70' lang='lat' dir='ltr'><strong>qua:</strong></span> <span class='ocrx_word' id='word_1_598' title='bbox 3098 1839 3236 1893; x_wconf 86' lang='lat' dir='ltr'><strong>bona</strong></span> <span class='ocrx_word' id='word_1_599' title='bbox 3279 1849 3420 1905; x_wconf 87' lang='lat' dir='ltr'><strong>sunt,</strong></span> <span class='ocrx_word' id='word_1_600' title='bbox 3467 1850 3525 1896; x_wconf 84' lang='lat' dir='ltr'><strong>et</strong></span> 
     </span>
    </p>
   </div>
   <div class='ocr_carea' id='block_1_81' title="bbox 1937 1929 3522 2004">
    <p class='ocr_par' dir='ltr' id='par_1_81' title="bbox 1937 1929 3522 2004">
     <span class='ocr_line' id='line_1_81' title="bbox 1937 1929 3522 2004; baseline 0.004 -22"><span class='ocrx_word' id='word_1_601' title='bbox 1937 1944 2060 1982; x_wconf 88' lang='lat' dir='ltr'><strong>cum</strong></span> <span class='ocrx_word' id='word_1_602' title='bbox 2103 1929 2363 1998; x_wconf 76' lang='lat' dir='ltr'><strong>Apostolo</strong></span> <span class='ocrx_word' id='word_1_603' title='bbox 2412 1929 2650 2000; x_wconf 82' lang='lat' dir='ltr'><strong>loquitur</strong></span> <span class='ocrx_word' id='word_1_604' title='bbox 2683 1949 2697 1985; x_wconf 91' lang='lat'><strong>:</strong></span> <span class='ocrx_word' id='word_1_605' title='bbox 2729 1930 2809 1984; x_wconf 81' lang='lat' dir='ltr'><strong>An</strong></span> <span class='ocrx_word' id='word_1_606' title='bbox 2857 1933 3255 2001; x_wconf 77' lang='lat' dir='ltr'><strong>experimentum</strong></span> <span class='ocrx_word' id='word_1_607' title='bbox 3297 1936 3522 2004; x_wconf 73' lang='lat' dir='ltr'><strong>qna&#39;ritis</strong></span> 
     </span>
    </p>
   </div>
   <div class='ocr_carea' id='block_1_82' title="bbox 1937 2021 3524 2099">
    <p class='ocr_par' dir='ltr' id='par_1_82' title="bbox 1937 2021 3524 2099">
     <span class='ocr_line' id='line_1_82' title="bbox 1937 2021 3524 2099; baseline 0.003 -27"><span class='ocrx_word' id='word_1_608' title='bbox 1937 2021 2068 2088; x_wconf 87' lang='lat' dir='ltr'><strong>ejus,</strong></span> <span class='ocrx_word' id='word_1_609' title='bbox 2089 2021 2176 2090; x_wconf 86' lang='lat' dir='ltr'><strong>qui</strong></span> <span class='ocrx_word' id='word_1_610' title='bbox 2200 2021 2252 2074; x_wconf 90' lang='lat' dir='ltr'><strong>in</strong></span> <span class='ocrx_word' id='word_1_611' title='bbox 2269 2038 2349 2075; x_wconf 84' lang='lat' dir='ltr'><strong>nte</strong></span> <span class='ocrx_word' id='word_1_612' title='bbox 2367 2021 2587 2091; x_wconf 81' lang='lat' dir='ltr'><strong>loquitur</strong></span> <span class='ocrx_word' id='word_1_613' title='bbox 2600 2021 2829 2077; x_wconf 84' lang='lat' dir='ltr'><strong>Christus</strong></span> <span class='ocrx_word' id='word_1_614' title='bbox 2844 2023 2868 2077; x_wconf 88' lang='lat'><strong>?</strong></span> <span class='ocrx_word' id='word_1_615' title='bbox 2885 2024 2960 2095; x_wconf 73' lang='lat'><strong>(2.</strong></span> <span class='ocrx_word' id='word_1_616' title='bbox 2978 2024 3095 2080; x_wconf 84' lang='lat' dir='ltr'><strong>Cor.</strong></span> <span class='ocrx_word' id='word_1_617' title='bbox 3111 2025 3197 2080; x_wconf 78' lang='lat' dir='ltr'><strong>l3.</strong></span> <span class='ocrx_word' id='word_1_618' title='bbox 3217 2027 3269 2096; x_wconf 79' lang='lat'><strong>3)</strong></span> <span class='ocrx_word' id='word_1_619' title='bbox 3304 2027 3524 2099; x_wconf 82' lang='lat' dir='ltr'><strong>(I)Qui—</strong></span> 
     </span>
    </p>
   </div>
   <div class='ocr_carea' id='block_1_83' title="bbox 1940 2113 3521 2188">
    <p class='ocr_par' dir='ltr' id='par_1_83' title="bbox 1940 2113 3521 2188">
     <span class='ocr_line' id='line_1_83' title="bbox 1940 2113 3521 2188; baseline 0.004 -22"><span class='ocrx_word' id='word_1_620' title='bbox 1940 2113 2062 2166; x_wconf 90' lang='lat' dir='ltr'><strong>dam</strong></span> <span class='ocrx_word' id='word_1_621' title='bbox 2091 2128 2158 2166; x_wconf 90' lang='lat' dir='ltr'><strong>ex</strong></span> <span class='ocrx_word' id='word_1_622' title='bbox 2197 2129 2424 2183; x_wconf 87' lang='lat' dir='ltr'><strong>persona</strong></span> <span class='ocrx_word' id='word_1_623' title='bbox 2469 2114 2642 2169; x_wconf 81' lang='lat' dir='ltr'><strong>Patris</strong></span> <span class='ocrx_word' id='word_1_624' title='bbox 2667 2115 2867 2170; x_wconf 92' lang='lat' dir='ltr'><strong>dictum</strong></span> <span class='ocrx_word' id='word_1_625' title='bbox 2899 2117 3120 2186; x_wconf 76' lang='lat' dir='ltr'><strong>intelligi</strong></span> <span class='ocrx_word' id='word_1_626' title='bbox 3152 2117 3355 2182; x_wconf 81' lang='lat' dir='ltr'><strong>volunt,</strong></span> <span class='ocrx_word' id='word_1_627' title='bbox 3381 2120 3521 2188; x_wconf 86' lang='lat' dir='ltr'><strong>quod</strong></span> 
     </span>
    </p>
   </div>
   <div class='ocr_carea' id='block_1_84' title="bbox 1939 2204 3521 2274">
    <p class='ocr_par' dir='ltr' id='par_1_84' title="bbox 1939 2204 3521 2274">
     <span class='ocr_line' id='line_1_84' title="bbox 1939 2204 3521 2274; baseline 0.004 -16"><span class='ocrx_word' id='word_1_628' title='bbox 1939 2218 2004 2258; x_wconf 86' lang='lat' dir='ltr'><strong>ex</strong></span> <span class='ocrx_word' id='word_1_629' title='bbox 2039 2204 2160 2258; x_wconf 90' lang='lat' dir='ltr'><strong>imis</strong></span> <span class='ocrx_word' id='word_1_630' title='bbox 2199 2205 2448 2259; x_wconf 86' lang='lat' dir='ltr'><strong>vitalibus</strong></span> <span class='ocrx_word' id='word_1_631' title='bbox 2489 2215 2544 2260; x_wconf 91' lang='lat' dir='ltr'><strong>et</strong></span> <span class='ocrx_word' id='word_1_632' title='bbox 2589 2207 2770 2260; x_wconf 89' lang='lat' dir='ltr'><strong>cordis</strong></span> <span class='ocrx_word' id='word_1_633' title='bbox 2813 2208 3058 2274; x_wconf 90' lang='lat' dir='ltr'><strong>arcanis,</strong></span> <span class='ocrx_word' id='word_1_634' title='bbox 3090 2207 3321 2264; x_wconf 84' lang='lat' dir='ltr'><strong>Verbum</strong></span> <span class='ocrx_word' id='word_1_635' title='bbox 3367 2225 3521 2264; x_wconf 88' lang='lat' dir='ltr'><strong>suum</strong></span> 
     </span>
    </p>
   </div>
   <div class='ocr_carea' id='block_1_85' title="bbox 1939 2297 3525 2370">
    <p class='ocr_par' dir='ltr' id='par_1_85' title="bbox 1939 2297 3525 2370">
     <span class='ocr_line' id='line_1_85' title="bbox 1939 2297 3525 2370; baseline 0.006 -22"><span class='ocrx_word' id='word_1_636' title='bbox 1939 2297 2081 2365; x_wconf 91' lang='lat' dir='ltr'><strong>quod</strong></span> <span class='ocrx_word' id='word_1_637' title='bbox 2123 2297 2175 2350; x_wconf 92' lang='lat' dir='ltr'><strong>in</strong></span> <span class='ocrx_word' id='word_1_638' title='bbox 2222 2312 2282 2352; x_wconf 86' lang='lat' dir='ltr'><strong>se</strong></span> <span class='ocrx_word' id='word_1_639' title='bbox 2329 2307 2442 2352; x_wconf 89' lang='lat' dir='ltr'><strong>erat</strong></span> <span class='ocrx_word' id='word_1_640' title='bbox 2487 2313 2722 2366; x_wconf 86' lang='lat' dir='ltr'><strong>semper,</strong></span> <span class='ocrx_word' id='word_1_641' title='bbox 2773 2301 3072 2368; x_wconf 87' lang='lat' dir='ltr'><strong>protulerit,</strong></span> <span class='ocrx_word' id='word_1_642' title='bbox 3111 2302 3261 2370; x_wconf 87' lang='lat' dir='ltr'><strong>juxta</strong></span> <span class='ocrx_word' id='word_1_643' title='bbox 3303 2303 3525 2359; x_wconf 83' lang='lat' dir='ltr'><strong>alterius</strong></span> 
     </span>
    </p>
   </div>
   <div class='ocr_carea' id='block_1_86' title="bbox 1943 2385 3526 2464">
    <p class='ocr_par' dir='ltr' id='par_1_86' title="bbox 1943 2385 3526 2464">
     <span class='ocr_line' id='line_1_86' title="bbox 1943 2385 3526 2464; baseline 0.005 -24"><span class='ocrx_word' id='word_1_644' title='bbox 1943 2385 2139 2440; x_wconf 88' lang='lat' dir='ltr'><strong>Psalmi</strong></span> <span class='ocrx_word' id='word_1_645' title='bbox 2172 2386 2481 2442; x_wconf 86' lang='lat' dir='ltr'><strong>vaticinium</strong></span> <span class='ocrx_word' id='word_1_646' title='bbox 2517 2387 2642 2444; x_wconf 80' lang='lat' dir='ltr'><strong>:Ea:</strong></span> <span class='ocrx_word' id='word_1_647' title='bbox 2683 2400 2826 2444; x_wconf 87' lang='lat' dir='ltr'><strong>utero</strong></span> <span class='ocrx_word' id='word_1_648' title='bbox 2867 2401 2983 2445; x_wconf 83' lang='lat' dir='ltr'><strong>ante</strong></span> <span class='ocrx_word' id='word_1_649' title='bbox 3011 2392 3275 2463; x_wconf 75' lang='lat' dir='ltr'><strong>luciferum</strong></span> <span class='ocrx_word' id='word_1_650' title='bbox 3304 2395 3454 2464; x_wconf 89' lang='lat' dir='ltr'><strong>genui</strong></span> <span class='ocrx_word' id='word_1_651' title='bbox 3479 2405 3526 2448; x_wconf 79' lang='lat' dir='ltr'><strong>te</strong></span> 
     </span>
    </p>
   </div>
   <div class='ocr_carea' id='block_1_87' title="bbox 1942 2473 3523 2553">
    <p class='ocr_par' dir='ltr' id='par_1_87' title="bbox 1942 2473 3523 2553">
     <span class='ocr_line' id='line_1_87' title="bbox 1942 2473 3523 2553; baseline 0.008 -25"><span class='ocrx_word' id='word_1_652' title='bbox 1942 2473 2062 2544; x_wconf 87' lang='lat' dir='ltr'><strong>(Ps.</strong></span> <span class='ocrx_word' id='word_1_653' title='bbox 2085 2476 2208 2531; x_wconf 85' lang='lat' dir='ltr'><strong>l09.</strong></span> <span class='ocrx_word' id='word_1_654' title='bbox 2232 2477 2308 2546; x_wconf 80' lang='grc'><strong>5).</strong></span> <span class='ocrx_word' id='word_1_655' title='bbox 2329 2477 2400 2533; x_wconf 90' lang='lat' dir='ltr'><strong>Ut</strong></span> <span class='ocrx_word' id='word_1_656' title='bbox 2415 2477 2684 2546; x_wconf 88' lang='lat' dir='ltr'><strong>quomodo</strong></span> <span class='ocrx_word' id='word_1_657' title='bbox 2701 2489 2884 2535; x_wconf 85' lang='lat' dir='ltr'><strong>uterus</strong></span> <span class='ocrx_word' id='word_1_658' title='bbox 2905 2496 3010 2535; x_wconf 90' lang='lat' dir='ltr'><strong>non</strong></span> <span class='ocrx_word' id='word_1_659' title='bbox 3031 2481 3288 2553; x_wconf 80' lang='lat' dir='ltr'><strong>signiﬁcat</strong></span> <span class='ocrx_word' id='word_1_660' title='bbox 3314 2495 3523 2540; x_wconf 85' lang='lat' dir='ltr'><strong>utcrntu</strong></span> 
     </span>
    </p>
   </div>
   <div class='ocr_carea' id='block_1_88' title="bbox 1945 2569 3521 2645">
    <p class='ocr_par' dir='ltr' id='par_1_88' title="bbox 1945 2569 3521 2645">
     <span class='ocr_line' id='line_1_88' title="bbox 1945 2569 3521 2645; baseline 0.006 -22"><span class='ocrx_word' id='word_1_661' title='bbox 1945 2569 2143 2641; x_wconf 83' lang='lat' dir='ltr'><strong>(neque</strong></span> <span class='ocrx_word' id='word_1_662' title='bbox 2165 2571 2306 2625; x_wconf 90' lang='lat' dir='ltr'><strong>enim</strong></span> <span class='ocrx_word' id='word_1_663' title='bbox 2329 2571 2470 2626; x_wconf 87' lang='lat' dir='ltr'><strong>Deus</strong></span> <span class='ocrx_word' id='word_1_664' title='bbox 2497 2571 2754 2627; x_wconf 87' lang='lat' dir='ltr'><strong>dividitur</strong></span> <span class='ocrx_word' id='word_1_665' title='bbox 2781 2574 2834 2628; x_wconf 90' lang='lat' dir='ltr'><strong>in</strong></span> <span class='ocrx_word' id='word_1_666' title='bbox 2856 2575 3119 2645; x_wconf 87' lang='lat' dir='ltr'><strong>membra)</strong></span> <span class='ocrx_word' id='word_1_667' title='bbox 3151 2576 3246 2632; x_wconf 90' lang='lat' dir='ltr'><strong>sed</strong></span> <span class='ocrx_word' id='word_1_668' title='bbox 3277 2578 3521 2632; x_wconf 86' lang='lat' dir='ltr'><strong>eamdem</strong></span> 
     </span>
    </p>
   </div>
   <div class='ocr_carea' id='block_1_89' title="bbox 1941 2661 3526 2734">
    <p class='ocr_par' dir='ltr' id='par_1_89' title="bbox 1941 2661 3526 2734">
     <span class='ocr_line' id='line_1_89' title="bbox 1941 2661 3526 2734; baseline 0.005 -18"><span class='ocrx_word' id='word_1_669' title='bbox 1941 2661 2290 2716; x_wconf 88' lang='lat' dir='ltr'><strong>substantiam</strong></span> <span class='ocrx_word' id='word_1_670' title='bbox 2324 2662 2499 2718; x_wconf 87' lang='lat' dir='ltr'><strong>Patris</strong></span> <span class='ocrx_word' id='word_1_671' title='bbox 2528 2662 2759 2734; x_wconf 84' lang='lat' dir='ltr'><strong>Filiique</strong></span> <span class='ocrx_word' id='word_1_672' title='bbox 2804 2665 3179 2733; x_wconf 86' lang='lat' dir='ltr'><strong>demonstrat;</strong></span> <span class='ocrx_word' id='word_1_673' title='bbox 3217 2667 3296 2724; x_wconf 90' lang='lat' dir='ltr'><strong>sic</strong></span> <span class='ocrx_word' id='word_1_674' title='bbox 3343 2683 3438 2723; x_wconf 90' lang='lat' dir='ltr'><strong>cor</strong></span> <span class='ocrx_word' id='word_1_675' title='bbox 3471 2680 3526 2724; x_wconf 88' lang='lat' dir='ltr'><strong>et</strong></span> 
     </span>
    </p>
   </div>
   <div class='ocr_carea' id='block_1_90' title="bbox 1943 2753 3525 2825">
    <p class='ocr_par' dir='ltr' id='par_1_90' title="bbox 1943 2753 3525 2825">
     <span class='ocr_line' id='line_1_90' title="bbox 1943 2753 3525 2825; baseline 0.006 -18"><span class='ocrx_word' id='word_1_676' title='bbox 1943 2753 2166 2808; x_wconf 89' lang='lat' dir='ltr'><strong>verbum</strong></span> <span class='ocrx_word' id='word_1_677' title='bbox 2197 2754 2339 2824; x_wconf 88' lang='lat' dir='ltr'><strong>quod</strong></span> <span class='ocrx_word' id='word_1_678' title='bbox 2369 2755 2637 2825; x_wconf 87' lang='lat' dir='ltr'><strong>profertur</strong></span> <span class='ocrx_word' id='word_1_679' title='bbox 2661 2772 2728 2811; x_wconf 83' lang='lat' dir='ltr'><strong>ex</strong></span> <span class='ocrx_word' id='word_1_680' title='bbox 2755 2758 2936 2822; x_wconf 89' lang='lat' dir='ltr'><strong>corde,</strong></span> <span class='ocrx_word' id='word_1_681' title='bbox 2962 2759 3175 2815; x_wconf 87' lang='lat' dir='ltr'><strong>Patrem</strong></span> <span class='ocrx_word' id='word_1_682' title='bbox 3205 2761 3449 2817; x_wconf 87' lang='lat' dir='ltr'><strong>ostendat</strong></span> <span class='ocrx_word' id='word_1_683' title='bbox 3471 2773 3525 2818; x_wconf 90' lang='lat' dir='ltr'><strong>et</strong></span> 
     </span>
    </p>
   </div>
   <div class='ocr_carea' id='block_1_91' title="bbox 1942 2843 3522 2921">
    <p class='ocr_par' dir='ltr' id='par_1_91' title="bbox 1942 2843 3522 2921">
     <span class='ocr_line' id='line_1_91' title="bbox 1942 2843 3522 2921; baseline 0.005 -23"><span class='ocrx_word' id='word_1_684' title='bbox 1942 2843 2155 2898; x_wconf 84' lang='lat' dir='ltr'><strong>Filium.</strong></span> <span class='ocrx_word' id='word_1_685' title='bbox 2177 2845 2244 2898; x_wconf 86' lang='lat' dir='ltr'><strong>Et</strong></span> <span class='ocrx_word' id='word_1_686' title='bbox 2263 2845 2403 2913; x_wconf 88' lang='lat' dir='ltr'><strong>quod</strong></span> <span class='ocrx_word' id='word_1_687' title='bbox 2423 2847 2692 2914; x_wconf 90' lang='lat' dir='ltr'><strong>sequitur:</strong></span> <span class='ocrx_word' id='word_1_688' title='bbox 2714 2846 2836 2900; x_wconf 84' lang='lat' dir='ltr'><strong>Dira</strong></span> <span class='ocrx_word' id='word_1_689' title='bbox 2858 2864 2950 2916; x_wconf 79' lang='lat' dir='ltr'><strong>ego</strong></span> <span class='ocrx_word' id='word_1_690' title='bbox 2973 2865 3127 2918; x_wconf 83' lang='lat' dir='ltr'><strong>opera</strong></span> <span class='ocrx_word' id='word_1_691' title='bbox 3148 2866 3256 2904; x_wconf 84' lang='lat' dir='ltr'><strong>utea</strong></span> <span class='ocrx_word' id='word_1_692' title='bbox 3272 2851 3376 2921; x_wconf 81' lang='lat' dir='ltr'><strong>regi</strong></span> <span class='ocrx_word' id='word_1_693' title='bbox 3401 2851 3522 2921; x_wconf 87' lang='lat' dir='ltr'><strong>(Ps.</strong></span> 
     </span>
    </p>
   </div>
   <div class='ocr_carea' id='block_1_92' title="bbox 1941 2934 3516 3011">
    <p class='ocr_par' dir='ltr' id='par_1_92' title="bbox 1941 2934 3516 3011">
     <span class='ocr_line' id='line_1_92' title="bbox 1941 2934 3516 3011; baseline 0.003 -21"><span class='ocrx_word' id='word_1_694' title='bbox 1941 2934 2030 2990; x_wconf 73' lang='grc'><strong>52.</strong></span> <span class='ocrx_word' id='word_1_695' title='bbox 2055 2934 2133 3007; x_wconf 86' lang='lat'><strong>9),</strong></span> <span class='ocrx_word' id='word_1_696' title='bbox 2155 2937 2227 2990; x_wconf 91' lang='lat' dir='ltr'><strong>illi</strong></span> <span class='ocrx_word' id='word_1_697' title='bbox 2247 2945 2430 3004; x_wconf 85' lang='lat' dir='ltr'><strong>aptant</strong></span> <span class='ocrx_word' id='word_1_698' title='bbox 2458 2937 2820 3006; x_wconf 73' lang='lat' dir='ltr'><strong>intelligentia:</strong></span> <span class='ocrx_word' id='word_1_699' title='bbox 2842 2956 2854 2990; x_wconf 89' lang='lat'><strong>:</strong></span> <span class='ocrx_word' id='word_1_700' title='bbox 2877 2937 2998 3006; x_wconf 80' lang='lat' dir='ltr'><strong>Ipse</strong></span> <span class='ocrx_word' id='word_1_701' title='bbox 3017 2940 3351 3011; x_wconf 71' lang='lat' dir='ltr'><strong>dixitetfacta</strong></span> <span class='ocrx_word' id='word_1_702' title='bbox 3375 2952 3516 3005; x_wconf 84' lang='lat' dir='ltr'><strong>sunt,</strong></span> 
     </span>
    </p>
   </div>
   <div class='ocr_carea' id='block_1_93' title="bbox 1942 3025 3525 3099">
    <p class='ocr_par' dir='ltr' id='par_1_93' title="bbox 1942 3025 3525 3099">
     <span class='ocr_line' id='line_1_93' title="bbox 1942 3025 3525 3099; baseline 0.006 -21"><span class='ocrx_word' id='word_1_703' title='bbox 1942 3027 2050 3092; x_wconf 82' lang='lat' dir='ltr'><strong>ipse</strong></span> <span class='ocrx_word' id='word_1_704' title='bbox 2071 3025 2325 3078; x_wconf 85' lang='lat' dir='ltr'><strong>mandavit</strong></span> <span class='ocrx_word' id='word_1_705' title='bbox 2346 3035 2394 3078; x_wconf 86' lang='lat' dir='ltr'><strong>et</strong></span> <span class='ocrx_word' id='word_1_706' title='bbox 2423 3037 2592 3078; x_wconf 84' lang='lat' dir='ltr'><strong>creata</strong></span> <span class='ocrx_word' id='word_1_707' title='bbox 2617 3037 2732 3080; x_wconf 88' lang='lat' dir='ltr'><strong>sunt</strong></span> <span class='ocrx_word' id='word_1_708' title='bbox 2765 3027 2946 3094; x_wconf 83' lang='lat' dir='ltr'><strong>(Joan.</strong></span> <span class='ocrx_word' id='word_1_709' title='bbox 2977 3029 3068 3099; x_wconf 66' lang='grc'><strong>14)</strong></span> <span class='ocrx_word' id='word_1_710' title='bbox 3102 3047 3115 3084; x_wconf 86' lang='lat'><strong>:</strong></span> <span class='ocrx_word' id='word_1_711' title='bbox 3147 3030 3286 3099; x_wconf 90' lang='lat' dir='ltr'><strong>quod</strong></span> <span class='ocrx_word' id='word_1_712' title='bbox 3312 3031 3525 3088; x_wconf 77' lang='lat' dir='ltr'><strong>dicente</strong></span> 
     </span>
    </p>
   </div>
   <div class='ocr_carea' id='block_1_94' title="bbox 1943 3116 3524 3193">
    <p class='ocr_par' dir='ltr' id='par_1_94' title="bbox 1943 3116 3524 3193">
     <span class='ocr_line' id='line_1_94' title="bbox 1943 3116 3524 3193; baseline 0.006 -23"><span class='ocrx_word' id='word_1_713' title='bbox 1943 3116 2123 3181; x_wconf 81' lang='lat' dir='ltr'><strong>Patre,</strong></span> <span class='ocrx_word' id='word_1_714' title='bbox 2155 3127 2410 3186; x_wconf 85' lang='lat' dir='ltr'><strong>operatus</strong></span> <span class='ocrx_word' id='word_1_715' title='bbox 2449 3118 2517 3171; x_wconf 88' lang='lat' dir='ltr'><strong>sit</strong></span> <span class='ocrx_word' id='word_1_716' title='bbox 2547 3117 2738 3172; x_wconf 84' lang='lat' dir='ltr'><strong>Filius.</strong></span> <span class='ocrx_word' id='word_1_717' title='bbox 2769 3119 2956 3174; x_wconf 90' lang='lat' dir='ltr'><strong>Omnia</strong></span> <span class='ocrx_word' id='word_1_718' title='bbox 3000 3120 3142 3174; x_wconf 89' lang='lat' dir='ltr'><strong>enim</strong></span> <span class='ocrx_word' id='word_1_719' title='bbox 3174 3138 3524 3193; x_wconf 71' lang='lat' dir='ltr'><strong>qua&#39;cumqne</strong></span> 
     </span>
    </p>
   </div>
   <div class='ocr_carea' id='block_1_95' title="bbox 1943 3207 3522 3275">
    <p class='ocr_par' dir='ltr' id='par_1_95' title="bbox 1943 3207 3522 3275">
     <span class='ocr_line' id='line_1_95' title="bbox 1943 3207 3522 3275; baseline 0.005 -12"><span class='ocrx_word' id='word_1_720' title='bbox 1943 3209 2101 3263; x_wconf 81' lang='lat' dir='ltr'><strong>Pater</strong></span> <span class='ocrx_word' id='word_1_721' title='bbox 2129 3207 2278 3274; x_wconf 81' lang='lat' dir='ltr'><strong>facit,</strong></span> <span class='ocrx_word' id='word_1_722' title='bbox 2308 3208 2494 3263; x_wconf 86' lang='lat' dir='ltr'><strong>eadem</strong></span> <span class='ocrx_word' id='word_1_723' title='bbox 2526 3219 2579 3264; x_wconf 92' lang='lat' dir='ltr'><strong>et</strong></span> <span class='ocrx_word' id='word_1_724' title='bbox 2606 3209 2798 3264; x_wconf 85' lang='lat' dir='ltr'><strong>Filium</strong></span> <span class='ocrx_word' id='word_1_725' title='bbox 2831 3209 3008 3266; x_wconf 85' lang='lat' dir='ltr'><strong>facere</strong></span> <span class='ocrx_word' id='word_1_726' title='bbox 3033 3212 3305 3275; x_wconf 81' lang='lat' dir='ltr'><strong>similiter,</strong></span> <span class='ocrx_word' id='word_1_727' title='bbox 3337 3224 3391 3268; x_wconf 91' lang='lat' dir='ltr'><strong>et</strong></span> <span class='ocrx_word' id='word_1_728' title='bbox 3424 3215 3522 3270; x_wconf 79' lang='lat' dir='ltr'><strong>Pa-</strong></span> 
     </span>
    </p>
   </div>
   <div class='ocr_carea' id='block_1_96' title="bbox 1941 3301 3416 3372">
    <p class='ocr_par' dir='ltr' id='par_1_96' title="bbox 1941 3301 3416 3372">
     <span class='ocr_line' id='line_1_96' title="bbox 1941 3301 3416 3372; baseline 0.002 -17"><span class='ocrx_word' id='word_1_729' title='bbox 1941 3309 2078 3355; x_wconf 89' lang='lat' dir='ltr'><strong>trem</strong></span> <span class='ocrx_word' id='word_1_730' title='bbox 2107 3312 2413 3355; x_wconf 90' lang='lat' dir='ltr'><strong>manentem</strong></span> <span class='ocrx_word' id='word_1_731' title='bbox 2447 3301 2500 3354; x_wconf 89' lang='lat' dir='ltr'><strong>in</strong></span> <span class='ocrx_word' id='word_1_732' title='bbox 2527 3316 2594 3355; x_wconf 89' lang='lat' dir='ltr'><strong>eo</strong></span> <span class='ocrx_word' id='word_1_733' title='bbox 2621 3303 2831 3371; x_wconf 86' lang='lat' dir='ltr'><strong>operari</strong></span> <span class='ocrx_word' id='word_1_734' title='bbox 2859 3313 3046 3356; x_wconf 90' lang='lat' dir='ltr'><strong>cuncta</strong></span> <span class='ocrx_word' id='word_1_735' title='bbox 3079 3318 3175 3372; x_wconf 88' lang='lat' dir='ltr'><strong>per</strong></span> <span class='ocrx_word' id='word_1_736' title='bbox 3203 3303 3416 3359; x_wconf 87' lang='lat' dir='ltr'><strong>Filium.</strong></span> 
     </span>
    </p>
   </div>
   <div class='ocr_carea' id='block_1_97' title="bbox 2016 3394 3526 3465">
    <p class='ocr_par' dir='ltr' id='par_1_97' title="bbox 2016 3394 3526 3465">
     <span class='ocr_line' id='line_1_97' title="bbox 2016 3394 3526 3465; baseline 0.003 -16"><span class='ocrx_word' id='word_1_737' title='bbox 2016 3395 2069 3450; x_wconf 89' lang='lat'><strong>6.</strong></span> <span class='ocrx_word' id='word_1_738' title='bbox 2117 3413 2137 3448; x_wconf 81' lang='grc' dir='ltr'><strong>ι</strong></span> <span class='ocrx_word' id='word_1_739' title='bbox 2181 3395 2313 3448; x_wconf 90' lang='lat' dir='ltr'><strong>Dico</strong></span> <span class='ocrx_word' id='word_1_740' title='bbox 2338 3409 2438 3462; x_wconf 82' lang='lat' dir='ltr'><strong>ego</strong></span> <span class='ocrx_word' id='word_1_741' title='bbox 2467 3409 2630 3463; x_wconf 87' lang='lat' dir='ltr'><strong>opera</strong></span> <span class='ocrx_word' id='word_1_742' title='bbox 2660 3409 2774 3448; x_wconf 91' lang='lat' dir='ltr'><strong>mea</strong></span> <span class='ocrx_word' id='word_1_743' title='bbox 2807 3394 2938 3462; x_wconf 56' lang='lat' dir='ltr'><strong>regi.</strong></span> <span class='ocrx_word' id='word_1_744' title='bbox 2973 3413 2991 3446; x_wconf 76' lang='grc' dir='ltr'><strong>ι</strong></span> <span class='ocrx_word' id='word_1_745' title='bbox 3027 3395 3374 3465; x_wconf 73' lang='lat' dir='ltr'><strong>l‘rOpheticus</strong></span> <span class='ocrx_word' id='word_1_746' title='bbox 3398 3399 3526 3453; x_wconf 77' lang='lat' dir='ltr'><strong>clte-</strong></span> 
     </span>
    </p>
   </div>
   <div class='ocr_carea' id='block_1_98' title="bbox 1942 3486 3522 3554">
    <p class='ocr_par' dir='ltr' id='par_1_98' title="bbox 1942 3486 3522 3554">
     <span class='ocr_line' id='line_1_98' title="bbox 1942 3486 3522 3554; baseline 0.001 -12"><span class='ocrx_word' id='word_1_747' title='bbox 1942 3504 2032 3543; x_wconf 92' lang='lat' dir='ltr'><strong>rus</strong></span> <span class='ocrx_word' id='word_1_748' title='bbox 2057 3487 2253 3543; x_wconf 82' lang='lat' dir='ltr'><strong>Christi</strong></span> <span class='ocrx_word' id='word_1_749' title='bbox 2282 3496 2338 3541; x_wconf 90' lang='lat' dir='ltr'><strong>et</strong></span> <span class='ocrx_word' id='word_1_750' title='bbox 2369 3486 2626 3541; x_wconf 78' lang='lat' dir='ltr'><strong>Ecclesia:</strong></span> <span class='ocrx_word' id='word_1_751' title='bbox 2654 3496 2988 3541; x_wconf 80' lang='lat' dir='ltr'><strong>sacramenta</strong></span> <span class='ocrx_word' id='word_1_752' title='bbox 3025 3486 3288 3554; x_wconf 87' lang='lat' dir='ltr'><strong>dicturus,</strong></span> <span class='ocrx_word' id='word_1_753' title='bbox 3309 3505 3376 3542; x_wconf 87' lang='lat' dir='ltr'><strong>ne</strong></span> <span class='ocrx_word' id='word_1_754' title='bbox 3402 3503 3522 3543; x_wconf 84' lang='lat' dir='ltr'><strong>car-</strong></span> 
     </span>
    </p>
   </div>
   <div class='ocr_carea' id='block_1_99' title="bbox 1942 3577 3526 3647">
    <p class='ocr_par' dir='ltr' id='par_1_99' title="bbox 1942 3577 3526 3647">
     <span class='ocr_line' id='line_1_99' title="bbox 1942 3577 3526 3647; baseline 0 -13"><span class='ocrx_word' id='word_1_755' title='bbox 1942 3580 2084 3635; x_wconf 87' lang='lat' dir='ltr'><strong>mine</strong></span> <span class='ocrx_word' id='word_1_756' title='bbox 2112 3579 2355 3635; x_wconf 87' lang='lat' dir='ltr'><strong>videatur</strong></span> <span class='ocrx_word' id='word_1_757' title='bbox 2383 3577 2649 3647; x_wconf 78' lang='lat' dir='ltr'><strong>indignus,</strong></span> <span class='ocrx_word' id='word_1_758' title='bbox 2679 3587 2732 3631; x_wconf 92' lang='lat' dir='ltr'><strong>ct</strong></span> <span class='ocrx_word' id='word_1_759' title='bbox 2761 3577 2832 3631; x_wconf 88' lang='lat' dir='ltr'><strong>ob</strong></span> <span class='ocrx_word' id='word_1_760' title='bbox 2859 3579 3241 3633; x_wconf 87' lang='lat' dir='ltr'><strong>conscientiam</strong></span> <span class='ocrx_word' id='word_1_761' title='bbox 3282 3590 3526 3647; x_wconf 79' lang='lat' dir='ltr'><strong>peccato-</strong></span> 
     </span>
    </p>
   </div>
   <div class='ocr_carea' id='block_1_100' title="bbox 1941 3669 3522 3740">
    <p class='ocr_par' dir='ltr' id='par_1_100' title="bbox 1941 3669 3522 3740">
     <span class='ocr_line' id='line_1_100' title="bbox 1941 3669 3522 3740; baseline -0.003 -13"><span class='ocrx_word' id='word_1_762' title='bbox 1941 3689 2058 3728; x_wconf 90' lang='lat' dir='ltr'><strong>rum</strong></span> <span class='ocrx_word' id='word_1_763' title='bbox 2082 3672 2293 3727; x_wconf 87' lang='lat' dir='ltr'><strong>dieatur</strong></span> <span class='ocrx_word' id='word_1_764' title='bbox 2321 3671 2369 3726; x_wconf 89' lang='lat' dir='ltr'><strong>ei</strong></span> <span class='ocrx_word' id='word_1_765' title='bbox 2401 3688 2414 3725; x_wconf 90' lang='lat'><strong>:</strong></span> <span class='ocrx_word' id='word_1_766' title='bbox 2452 3689 2472 3722; x_wconf 85' lang='lat' dir='ltr'><strong>s</strong></span> <span class='ocrx_word' id='word_1_767' title='bbox 2510 3670 2575 3726; x_wconf 92' lang='lat' dir='ltr'><strong>Ut</strong></span> <span class='ocrx_word' id='word_1_768' title='bbox 2601 3669 2729 3740; x_wconf 85' lang='lat' dir='ltr'><strong>quid</strong></span> <span class='ocrx_word' id='word_1_769' title='bbox 2761 3678 2818 3724; x_wconf 89' lang='lat' dir='ltr'><strong>tu</strong></span> <span class='ocrx_word' id='word_1_770' title='bbox 2841 3684 3058 3725; x_wconf 81' lang='lat' dir='ltr'><strong>enarras</strong></span> <span class='ocrx_word' id='word_1_771' title='bbox 3095 3671 3328 3739; x_wconf 84' lang='lat' dir='ltr'><strong>jnstitias</strong></span> <span class='ocrx_word' id='word_1_772' title='bbox 3355 3687 3522 3734; x_wconf 84' lang='lat' dir='ltr'><strong>meas,</strong></span> 
     </span>
    </p>
   </div>
   <div class='ocr_carea' id='block_1_101' title="bbox 1943 3759 3523 3830">
    <p class='ocr_par' dir='ltr' id='par_1_101' title="bbox 1943 3759 3523 3830">
     <span class='ocr_line' id='line_1_101' title="bbox 1943 3759 3523 3830; baseline -0.003 -12"><span class='ocrx_word' id='word_1_773' title='bbox 1943 3764 2238 3818; x_wconf 88' lang='lat' dir='ltr'><strong>etassumis</strong></span> <span class='ocrx_word' id='word_1_774' title='bbox 2256 3769 2630 3817; x_wconf 86' lang='lat' dir='ltr'><strong>testamentum</strong></span> <span class='ocrx_word' id='word_1_775' title='bbox 2653 3775 2831 3814; x_wconf 90' lang='lat' dir='ltr'><strong>meum</strong></span> <span class='ocrx_word' id='word_1_776' title='bbox 2858 3775 2951 3826; x_wconf 88' lang='lat' dir='ltr'><strong>per</strong></span> <span class='ocrx_word' id='word_1_777' title='bbox 2969 3775 3031 3814; x_wconf 89' lang='lat' dir='ltr'><strong>os</strong></span> <span class='ocrx_word' id='word_1_778' title='bbox 3051 3769 3196 3812; x_wconf 87' lang='lat' dir='ltr'><strong>tuum</strong></span> <span class='ocrx_word' id='word_1_779' title='bbox 3221 3764 3284 3812; x_wconf 76' lang='lat' dir='ltr'><strong>“ts</strong></span> <span class='ocrx_word' id='word_1_780' title='bbox 3300 3759 3418 3830; x_wconf 83' lang='lat' dir='ltr'><strong>(Ps.</strong></span> <span class='ocrx_word' id='word_1_781' title='bbox 3434 3762 3523 3817; x_wconf 81' lang='grc'><strong>19.</strong></span> 
     </span>
    </p>
   </div>
   <div class='ocr_carea' id='block_1_102' title="bbox 1945 3850 3524 3922">
    <p class='ocr_par' dir='ltr' id='par_1_102' title="bbox 1945 3850 3524 3922">
     <span class='ocr_line' id='line_1_102' title="bbox 1945 3850 3524 3922; baseline -0.002 -13"><span class='ocrx_word' id='word_1_782' title='bbox 1945 3855 2060 3922; x_wconf 87' lang='grc'><strong>16.)</strong></span> <span class='ocrx_word' id='word_1_783' title='bbox 2084 3869 2246 3922; x_wconf 88' lang='lat' dir='ltr'><strong>opera</strong></span> <span class='ocrx_word' id='word_1_784' title='bbox 2286 3867 2382 3906; x_wconf 90' lang='lat' dir='ltr'><strong>sua</strong></span> <span class='ocrx_word' id='word_1_785' title='bbox 2426 3852 2538 3919; x_wconf 82' lang='lat' dir='ltr'><strong>regi</strong></span> <span class='ocrx_word' id='word_1_786' title='bbox 2569 3865 2727 3919; x_wconf 89' lang='lat' dir='ltr'><strong>quem</strong></span> <span class='ocrx_word' id='word_1_787' title='bbox 2762 3850 3072 3903; x_wconf 78' lang='lat' dir='ltr'><strong>laudaturos</strong></span> <span class='ocrx_word' id='word_1_788' title='bbox 3095 3861 3196 3913; x_wconf 84' lang='lat' dir='ltr'><strong>est,</strong></span> <span class='ocrx_word' id='word_1_789' title='bbox 3223 3852 3524 3918; x_wconf 81' lang='lat' dir='ltr'><strong>eonlitetnr,</strong></span> 
     </span>
    </p>
   </div>
   <div class='ocr_carea' id='block_1_103' title="bbox 1947 3937 3524 4009">
    <p class='ocr_par' dir='ltr' id='par_1_103' title="bbox 1947 3937 3524 4009">
     <span class='ocr_line' id='line_1_103' title="bbox 1947 3937 3524 4009; baseline -0.004 -9"><span class='ocrx_word' id='word_1_790' title='bbox 1947 3953 2004 4000; x_wconf 91' lang='lat' dir='ltr'><strong>ut</strong></span> <span class='ocrx_word' id='word_1_791' title='bbox 2029 3945 2112 3998; x_wconf 88' lang='lat' dir='ltr'><strong>vel</strong></span> <span class='ocrx_word' id='word_1_792' title='bbox 2140 3944 2184 3997; x_wconf 89' lang='lat' dir='ltr'><strong>si</strong></span> <span class='ocrx_word' id='word_1_793' title='bbox 2218 3943 2354 3997; x_wconf 90' lang='lat' dir='ltr'><strong>bona</strong></span> <span class='ocrx_word' id='word_1_794' title='bbox 2383 3949 2526 4006; x_wconf 88' lang='lat' dir='ltr'><strong>sunt,</strong></span> <span class='ocrx_word' id='word_1_795' title='bbox 2560 3941 2673 4009; x_wconf 89' lang='lat' dir='ltr'><strong>ipse</strong></span> <span class='ocrx_word' id='word_1_796' title='bbox 2701 3937 2975 4005; x_wconf 85' lang='lat' dir='ltr'><strong>suscipiat,</strong></span> <span class='ocrx_word' id='word_1_797' title='bbox 3013 3938 3114 4000; x_wconf 89' lang='lat' dir='ltr'><strong>vel,</strong></span> <span class='ocrx_word' id='word_1_798' title='bbox 3147 3939 3192 3992; x_wconf 88' lang='lat' dir='ltr'><strong>si</strong></span> <span class='ocrx_word' id='word_1_799' title='bbox 3218 3941 3349 3991; x_wconf 90' lang='lat' dir='ltr'><strong>mala</strong></span> <span class='ocrx_word' id='word_1_800' title='bbox 3381 3952 3524 4002; x_wconf 81' lang='lat' dir='ltr'><strong>sum.</strong></span> 
     </span>
    </p>
   </div>
   <div class='ocr_carea' id='block_1_104' title="bbox 1948 4027 3526 4100">
    <p class='ocr_par' dir='ltr' id='par_1_104' title="bbox 1948 4027 3526 4100">
     <span class='ocr_line' id='line_1_104' title="bbox 1948 4027 3526 4100; baseline -0.001 -14"><span class='ocrx_word' id='word_1_801' title='bbox 1948 4032 2206 4098; x_wconf 90' lang='lat' dir='ltr'><strong>mundct;</strong></span> <span class='ocrx_word' id='word_1_802' title='bbox 2250 4031 2482 4099; x_wconf 86' lang='lat' dir='ltr'><strong>facitque</strong></span> <span class='ocrx_word' id='word_1_803' title='bbox 2507 4029 2647 4100; x_wconf 86' lang='lat' dir='ltr'><strong>quod</strong></span> <span class='ocrx_word' id='word_1_804' title='bbox 2673 4028 2856 4098; x_wconf 88' lang='lat' dir='ltr'><strong>jussus</strong></span> <span class='ocrx_word' id='word_1_805' title='bbox 2884 4035 3004 4082; x_wconf 84' lang='lat' dir='ltr'><strong>est:</strong></span> <span class='ocrx_word' id='word_1_806' title='bbox 3035 4045 3055 4078; x_wconf 75' lang='grc' dir='ltr'><strong>ι</strong></span> <span class='ocrx_word' id='word_1_807' title='bbox 3096 4027 3187 4082; x_wconf 84' lang='lat' dir='ltr'><strong>Dic</strong></span> <span class='ocrx_word' id='word_1_808' title='bbox 3229 4038 3282 4082; x_wconf 92' lang='lat' dir='ltr'><strong>tu</strong></span> <span class='ocrx_word' id='word_1_809' title='bbox 3330 4030 3526 4098; x_wconf 86' lang='lat' dir='ltr'><strong>iniqui-</strong></span> 
     </span>
    </p>
   </div>
   <div class='ocr_carea' id='block_1_105' title="bbox 1949 4119 3528 4192">
    <p class='ocr_par' dir='ltr' id='par_1_105' title="bbox 1949 4119 3528 4192">
     <span class='ocr_line' id='line_1_105' title="bbox 1949 4119 3528 4192; baseline -0.002 -14"><span class='ocrx_word' id='word_1_810' title='bbox 1949 4133 2086 4178; x_wconf 90' lang='lat' dir='ltr'><strong>tates</strong></span> <span class='ocrx_word' id='word_1_811' title='bbox 2112 4135 2250 4186; x_wconf 87' lang='lat' dir='ltr'><strong>tuas,</strong></span> <span class='ocrx_word' id='word_1_812' title='bbox 2284 4132 2342 4178; x_wconf 91' lang='lat' dir='ltr'><strong>ut</strong></span> <span class='ocrx_word' id='word_1_813' title='bbox 2383 4121 2692 4192; x_wconf 86' lang='lat' dir='ltr'><strong>justiliceris</strong></span> <span class='ocrx_word' id='word_1_814' title='bbox 2731 4140 2750 4173; x_wconf 73' lang='grc' dir='ltr'><strong>ι</strong></span> <span class='ocrx_word' id='word_1_815' title='bbox 2784 4119 2940 4192; x_wconf 86' lang='lat' dir='ltr'><strong>(lsai.</strong></span> <span class='ocrx_word' id='word_1_816' title='bbox 2971 4120 3064 4175; x_wconf 72' lang='lat'><strong>4&#39;5.</strong></span> <span class='ocrx_word' id='word_1_817' title='bbox 3094 4120 3206 4190; x_wconf 73' lang='lat'><strong>26).</strong></span> <span class='ocrx_word' id='word_1_818' title='bbox 3261 4120 3347 4188; x_wconf 82' lang='lat' dir='ltr'><strong>Et,</strong></span> <span class='ocrx_word' id='word_1_819' title='bbox 3381 4139 3399 4170; x_wconf 78' lang='grc' dir='ltr'><strong>ι</strong></span> <span class='ocrx_word' id='word_1_820' title='bbox 3435 4121 3528 4175; x_wconf 84' lang='lat' dir='ltr'><strong>Ju-</strong></span> 
     </span>
    </p>
   </div>
   <div class='ocr_carea' id='block_1_106' title="bbox 1949 4210 3523 4283">
    <p class='ocr_par' dir='ltr' id='par_1_106' title="bbox 1949 4210 3523 4283">
     <span class='ocr_line' id='line_1_106' title="bbox 1949 4210 3523 4283; baseline -0.004 -12"><span class='ocrx_word' id='word_1_821' title='bbox 1949 4225 2066 4272; x_wconf 84' lang='lat' dir='ltr'><strong>stus</strong></span> <span class='ocrx_word' id='word_1_822' title='bbox 2089 4223 2370 4270; x_wconf 89' lang='lat' dir='ltr'><strong>aecusator</strong></span> <span class='ocrx_word' id='word_1_823' title='bbox 2396 4213 2478 4269; x_wconf 92' lang='lat' dir='ltr'><strong>sui</strong></span> <span class='ocrx_word' id='word_1_824' title='bbox 2504 4222 2587 4268; x_wconf 89' lang='lat' dir='ltr'><strong>est</strong></span> <span class='ocrx_word' id='word_1_825' title='bbox 2614 4215 2669 4268; x_wconf 88' lang='lat' dir='ltr'><strong>in</strong></span> <span class='ocrx_word' id='word_1_826' title='bbox 2696 4212 2954 4283; x_wconf 82' lang='lat' dir='ltr'><strong>principio</strong></span> <span class='ocrx_word' id='word_1_827' title='bbox 2981 4213 3247 4266; x_wconf 88' lang='lat' dir='ltr'><strong>sermonis</strong></span> <span class='ocrx_word' id='word_1_828' title='bbox 3284 4230 3304 4263; x_wconf 75' lang='grc' dir='ltr'><strong>ι</strong></span> <span class='ocrx_word' id='word_1_829' title='bbox 3340 4210 3523 4281; x_wconf 74' lang='lat' dir='ltr'><strong>(Prov.</strong></span> 
     </span>
    </p>
   </div>
   <div class='ocr_carea' id='block_1_107' title="bbox 1951 4303 3526 4375">
    <p class='ocr_par' dir='ltr' id='par_1_107' title="bbox 1951 4303 3526 4375">
     <span class='ocr_line' id='line_1_107' title="bbox 1951 4303 3526 4375; baseline -0.004 -13"><span class='ocrx_word' id='word_1_830' title='bbox 1951 4307 2037 4362; x_wconf 88' lang='grc'><strong>18.</strong></span> <span class='ocrx_word' id='word_1_831' title='bbox 2092 4307 2204 4375; x_wconf 81' lang='grc'><strong>17).</strong></span> <span class='ocrx_word' id='word_1_832' title='bbox 2271 4304 2470 4359; x_wconf 88' lang='lat' dir='ltr'><strong>ldioma</strong></span> <span class='ocrx_word' id='word_1_833' title='bbox 2512 4313 2688 4358; x_wconf 84' lang='lat' dir='ltr'><strong>autem</strong></span> <span class='ocrx_word' id='word_1_834' title='bbox 2730 4318 2836 4357; x_wconf 84' lang='lat' dir='ltr'><strong>non</strong></span> <span class='ocrx_word' id='word_1_835' title='bbox 2879 4303 3050 4356; x_wconf 88' lang='lat' dir='ltr'><strong>solum</strong></span> <span class='ocrx_word' id='word_1_836' title='bbox 3098 4303 3392 4368; x_wconf 78' lang='lat' dir='ltr'><strong>Hebraica&#39;,</strong></span> <span class='ocrx_word' id='word_1_837' title='bbox 3431 4304 3526 4358; x_wconf 82' lang='lat' dir='ltr'><strong>sed</strong></span> 
     </span>
    </p>
   </div>
   <div class='ocr_carea' id='block_1_108' title="bbox 1950 4393 3529 4464">
    <p class='ocr_par' dir='ltr' id='par_1_108' title="bbox 1950 4393 3529 4464">
     <span class='ocr_line' id='line_1_108' title="bbox 1950 4393 3529 4464; baseline -0.004 -12"><span class='ocrx_word' id='word_1_838' title='bbox 1950 4407 2004 4453; x_wconf 88' lang='lat' dir='ltr'><strong>et</strong></span> <span class='ocrx_word' id='word_1_839' title='bbox 2029 4397 2233 4452; x_wconf 58' lang='lat' dir='ltr'><strong>Latinas</strong></span> <span class='ocrx_word' id='word_1_840' title='bbox 2271 4396 2464 4464; x_wconf 78' lang='lat' dir='ltr'><strong>lingua:</strong></span> <span class='ocrx_word' id='word_1_841' title='bbox 2501 4403 2605 4460; x_wconf 86' lang='lat' dir='ltr'><strong>est,</strong></span> <span class='ocrx_word' id='word_1_842' title='bbox 2633 4409 2729 4463; x_wconf 86' lang='lat' dir='ltr'><strong>pro</strong></span> <span class='ocrx_word' id='word_1_843' title='bbox 2759 4393 3182 4464; x_wconf 82' lang='lat' dir='ltr'><strong>syntagmatibns</strong></span> <span class='ocrx_word' id='word_1_844' title='bbox 3217 4403 3272 4448; x_wconf 91' lang='lat' dir='ltr'><strong>et</strong></span> <span class='ocrx_word' id='word_1_845' title='bbox 3317 4393 3529 4461; x_wconf 84' lang='lat' dir='ltr'><strong>scriptis</strong></span> 
     </span>
    </p>
   </div>
   <div class='ocr_carea' id='block_1_109' title="bbox 1949 4482 3530 4558">
    <p class='ocr_par' dir='ltr' id='par_1_109' title="bbox 1949 4482 3530 4558">
     <span class='ocr_line' id='line_1_109' title="bbox 1949 4482 3530 4558; baseline -0.004 -17"><span class='ocrx_word' id='word_1_846' title='bbox 1949 4487 2204 4558; x_wconf 90' lang='lat' dir='ltr'><strong>opuscula</strong></span> <span class='ocrx_word' id='word_1_847' title='bbox 2225 4486 2422 4540; x_wconf 87' lang='lat' dir='ltr'><strong>dicere.</strong></span> <span class='ocrx_word' id='word_1_848' title='bbox 2440 4485 2578 4554; x_wconf 78' lang='lat' dir='ltr'><strong>Ergo</strong></span> <span class='ocrx_word' id='word_1_849' title='bbox 2593 4493 2645 4539; x_wconf 90' lang='lat' dir='ltr'><strong>et</strong></span> <span class='ocrx_word' id='word_1_850' title='bbox 2672 4485 2771 4537; x_wconf 86' lang='lat' dir='ltr'><strong>iste</strong></span> <span class='ocrx_word' id='word_1_851' title='bbox 2790 4483 2883 4554; x_wconf 88' lang='lat' dir='ltr'><strong>qui</strong></span> <span class='ocrx_word' id='word_1_852' title='bbox 2932 4483 3095 4556; x_wconf 72' lang='lat'><strong>378</strong></span> <span class='ocrx_word' id='word_1_853' title='bbox 3143 4482 3327 4538; x_wconf 88' lang='lat' dir='ltr'><strong>laudes</strong></span> <span class='ocrx_word' id='word_1_854' title='bbox 3347 4495 3530 4536; x_wconf 84' lang='lat' dir='ltr'><strong>canta-</strong></span> 
     </span>
    </p>
   </div>
   <div class='ocr_carea' id='block_1_110' title="bbox 1951 4575 3531 4644">
    <p class='ocr_par' dir='ltr' id='par_1_110' title="bbox 1951 4575 3531 4644">
     <span class='ocr_line' id='line_1_110' title="bbox 1951 4575 3531 4644; baseline -0.003 -10"><span class='ocrx_word' id='word_1_855' title='bbox 1951 4587 2098 4634; x_wconf 90' lang='lat' dir='ltr'><strong>turus</strong></span> <span class='ocrx_word' id='word_1_856' title='bbox 2119 4588 2203 4634; x_wconf 88' lang='lat' dir='ltr'><strong>est</strong></span> <span class='ocrx_word' id='word_1_857' title='bbox 2231 4579 2471 4642; x_wconf 90' lang='lat' dir='ltr'><strong>Domino,</strong></span> <span class='ocrx_word' id='word_1_858' title='bbox 2501 4592 2717 4632; x_wconf 84' lang='lat' dir='ltr'><strong>carmen</strong></span> <span class='ocrx_word' id='word_1_859' title='bbox 2745 4591 2898 4631; x_wconf 91' lang='lat' dir='ltr'><strong>suum</strong></span> <span class='ocrx_word' id='word_1_860' title='bbox 2921 4584 2975 4630; x_wconf 91' lang='lat' dir='ltr'><strong>et</strong></span> <span class='ocrx_word' id='word_1_861' title='bbox 2998 4575 3308 4644; x_wconf 87' lang='lat' dir='ltr'><strong>opusculum</strong></span> <span class='ocrx_word' id='word_1_862' title='bbox 3341 4590 3531 4630; x_wconf 82' lang='lat' dir='ltr'><strong>conso-</strong></span> 
     </span>
    </p>
   </div>
   <div class='ocr_carea' id='block_1_111' title="bbox 1946 4667 3526 4740">
    <p class='ocr_par' dir='ltr' id='par_1_111' title="bbox 1946 4667 3526 4740">
     <span class='ocr_line' id='line_1_111' title="bbox 1946 4667 3526 4740; baseline -0.004 -14"><span class='ocrx_word' id='word_1_863' title='bbox 1946 4681 2059 4726; x_wconf 69' lang='grc' dir='ltr'>(ξε-ιιι</span> <span class='ocrx_word' id='word_1_864' title='bbox 2089 4671 2159 4735; x_wconf 91' lang='lat' dir='ltr'><strong>ei,</strong></span> <span class='ocrx_word' id='word_1_865' title='bbox 2184 4680 2240 4725; x_wconf 84' lang='lat' dir='ltr'><strong>et</strong></span> <span class='ocrx_word' id='word_1_866' title='bbox 2285 4685 2380 4740; x_wconf 92' lang='lat' dir='ltr'><strong>pro</strong></span> <span class='ocrx_word' id='word_1_867' title='bbox 2421 4669 2583 4725; x_wconf 81' lang='lat' dir='ltr'><strong>Musis</strong></span> <span class='ocrx_word' id='word_1_868' title='bbox 2623 4668 2926 4738; x_wconf 75' lang='lat' dir='ltr'><strong>gentilium,</strong></span> <span class='ocrx_word' id='word_1_869' title='bbox 2970 4668 3178 4737; x_wconf 85' lang='lat' dir='ltr'><strong>ipsum,</strong></span> <span class='ocrx_word' id='word_1_870' title='bbox 3222 4669 3430 4720; x_wconf 87' lang='lat' dir='ltr'><strong>invocat</strong></span> <span class='ocrx_word' id='word_1_871' title='bbox 3475 4667 3526 4719; x_wconf 88' lang='lat' dir='ltr'><strong>in</strong></span> 
     </span>
    </p>
   </div>
   <div class='ocr_carea' id='block_1_112' title="bbox 1949 4761 2878 4834">
    <p class='ocr_par' dir='ltr' id='par_1_112' title="bbox 1949 4761 2878 4834">
     <span class='ocr_line' id='line_1_112' title="bbox 1949 4761 2878 4834; baseline -0.009 -14"><span class='ocrx_word' id='word_1_872' title='bbox 1949 4763 2230 4834; x_wconf 85' lang='lat' dir='ltr'><strong>principio,</strong></span> <span class='ocrx_word' id='word_1_873' title='bbox 2261 4777 2417 4832; x_wconf 88' lang='lat' dir='ltr'><strong>quem</strong></span> <span class='ocrx_word' id='word_1_874' title='bbox 2445 4761 2753 4817; x_wconf 76' lang='lat' dir='ltr'><strong>laudaturos</strong></span> <span class='ocrx_word' id='word_1_875' title='bbox 2774 4770 2878 4815; x_wconf 86' lang='lat' dir='ltr'><strong>est.</strong></span> 
     </span>
    </p>
   </div>
   <div class='ocr_carea' id='block_1_113' title="bbox 2020 4848 3531 4926">
    <p class='ocr_par' dir='ltr' id='par_1_113' title="bbox 2020 4848 3531 4926">
     <span class='ocr_line' id='line_1_113' title="bbox 2020 4848 3531 4926; baseline -0.007 -14"><span class='ocrx_word' id='word_1_876' title='bbox 2020 4859 2074 4912; x_wconf 89' lang='lat'><strong>7.</strong></span> <span class='ocrx_word' id='word_1_877' title='bbox 2122 4875 2143 4909; x_wconf 86' lang='grc'><strong>‹</strong></span> <span class='ocrx_word' id='word_1_878' title='bbox 2191 4856 2397 4926; x_wconf 80' lang='lat' dir='ltr'><strong>Lingua</strong></span> <span class='ocrx_word' id='word_1_879' title='bbox 2443 4869 2560 4908; x_wconf 90' lang='lat' dir='ltr'><strong>mea</strong></span> <span class='ocrx_word' id='word_1_880' title='bbox 2587 4854 2825 4908; x_wconf 81' lang='lat' dir='ltr'><strong>calamus</strong></span> <span class='ocrx_word' id='word_1_881' title='bbox 2862 4851 3071 4913; x_wconf 71' lang='lat' dir='ltr'><strong>scribto,</strong></span> <span class='ocrx_word' id='word_1_882' title='bbox 3101 4848 3359 4903; x_wconf 90' lang='lat' dir='ltr'><strong>velociter</strong></span> <span class='ocrx_word' id='word_1_883' title='bbox 3396 4849 3531 4902; x_wconf 83' lang='lat' dir='ltr'><strong>scri-</strong></span> 
     </span>
    </p>
   </div>
   <div class='ocr_carea' id='block_1_114' title="bbox 1949 4938 3527 5012">
    <p class='ocr_par' dir='ltr' id='par_1_114' title="bbox 1949 4938 3527 5012">
     <span class='ocr_line' id='line_1_114' title="bbox 1949 4938 3527 5012; baseline -0.008 -9"><span class='ocrx_word' id='word_1_884' title='bbox 1949 4948 2146 5004; x_wconf 88' lang='lat' dir='ltr'><strong>bentis.</strong></span> <span class='ocrx_word' id='word_1_885' title='bbox 2186 4964 2206 4999; x_wconf 77' lang='grc' dir='ltr'><strong>ι</strong></span> <span class='ocrx_word' id='word_1_886' title='bbox 2242 4945 2346 5000; x_wconf 87' lang='lat' dir='ltr'><strong>Pro</strong></span> <span class='ocrx_word' id='word_1_887' title='bbox 2374 4958 2478 5012; x_wconf 93' lang='lat' dir='ltr'><strong>quo</strong></span> <span class='ocrx_word' id='word_1_888' title='bbox 2500 4957 2597 4998; x_wconf 88' lang='lat' dir='ltr'><strong>nos</strong></span> <span class='ocrx_word' id='word_1_889' title='bbox 2637 4941 2970 5010; x_wconf 87' lang='lat' dir='ltr'><strong>interpretati</strong></span> <span class='ocrx_word' id='word_1_890' title='bbox 3016 4953 3221 4993; x_wconf 88' lang='lat' dir='ltr'><strong>smnus.</strong></span> <span class='ocrx_word' id='word_1_891' title='bbox 3258 4956 3276 4989; x_wconf 77' lang='grc' dir='ltr'><strong>ι</strong></span> <span class='ocrx_word' id='word_1_892' title='bbox 3327 4938 3527 5005; x_wconf 81' lang='lat' dir='ltr'><strong>Lingua</strong></span> 
     </span>
    </p>
   </div>
   <div class='ocr_carea' id='block_1_115' title="bbox 1948 5027 3524 5098">
    <p class='ocr_par' dir='ltr' id='par_1_115' title="bbox 1948 5027 3524 5098">
     <span class='ocr_line' id='line_1_115' title="bbox 1948 5027 3524 5098; baseline -0.009 -4"><span class='ocrx_word' id='word_1_893' title='bbox 1948 5054 2067 5094; x_wconf 89' lang='lat' dir='ltr'><strong>mea</strong></span> <span class='ocrx_word' id='word_1_894' title='bbox 2115 5037 2271 5090; x_wconf 89' lang='lat' dir='ltr'><strong>stilus</strong></span> <span class='ocrx_word' id='word_1_895' title='bbox 2307 5035 2496 5089; x_wconf 75' lang='lat' dir='ltr'><strong>scribto</strong></span> <span class='ocrx_word' id='word_1_896' title='bbox 2542 5032 2757 5086; x_wconf 84' lang='lat' dir='ltr'><strong>velocis.</strong></span> <span class='ocrx_word' id='word_1_897' title='bbox 2797 5048 2816 5081; x_wconf 78' lang='grc' dir='ltr'><strong>ι</strong></span> <span class='ocrx_word' id='word_1_898' title='bbox 2854 5030 3105 5082; x_wconf 85' lang='lat' dir='ltr'><strong>Extrema</strong></span> <span class='ocrx_word' id='word_1_899' title='bbox 3149 5042 3274 5098; x_wconf 88' lang='lat' dir='ltr'><strong>pars</strong></span> <span class='ocrx_word' id='word_1_900' title='bbox 3322 5027 3524 5097; x_wconf 78' lang='lat' dir='ltr'><strong>prologi</strong></span> 
     </span>
    </p>
   </div>
   <div class='ocr_carea' id='block_1_116' title="bbox 1948 5117 3526 5194">
    <p class='ocr_par' dir='ltr' id='par_1_116' title="bbox 1948 5117 3526 5194">
     <span class='ocr_line' id='line_1_116' title="bbox 1948 5117 3526 5194; baseline -0.01 -9"><span class='ocrx_word' id='word_1_901' title='bbox 1948 5138 2069 5194; x_wconf 88' lang='lat' dir='ltr'><strong>est;</strong></span> <span class='ocrx_word' id='word_1_902' title='bbox 2114 5138 2170 5182; x_wconf 91' lang='lat' dir='ltr'><strong>et</strong></span> <span class='ocrx_word' id='word_1_903' title='bbox 2217 5141 2339 5180; x_wconf 93' lang='lat' dir='ltr'><strong>cum</strong></span> <span class='ocrx_word' id='word_1_904' title='bbox 2390 5120 2809 5193; x_wconf 69' lang='lat' dir='ltr'><strong>prmecdentibns</strong></span> <span class='ocrx_word' id='word_1_905' title='bbox 2855 5119 3017 5188; x_wconf 81' lang='lat' dir='ltr'><strong>jnnge</strong></span> <span class='ocrx_word' id='word_1_906' title='bbox 3059 5117 3199 5188; x_wconf 90' lang='lat' dir='ltr'><strong>quod</strong></span> <span class='ocrx_word' id='word_1_907' title='bbox 3240 5117 3483 5188; x_wconf 86' lang='lat' dir='ltr'><strong>sequitur</strong></span> <span class='ocrx_word' id='word_1_908' title='bbox 3507 5134 3526 5169; x_wconf 91' lang='lat'><strong>:.</strong></span> 
     </span>
    </p>
   </div>
   <div class='ocr_carea' id='block_1_117' title="bbox 1951 5207 3524 5275">
    <p class='ocr_par' dir='ltr' id='par_1_117' title="bbox 1951 5207 3524 5275">
     <span class='ocr_line' id='line_1_117' title="bbox 1951 5207 3524 5275; baseline -0.01 0"><span class='ocrx_word' id='word_1_909' title='bbox 1951 5218 2226 5275; x_wconf 87' lang='lat' dir='ltr'><strong>Eructavit</strong></span> <span class='ocrx_word' id='word_1_910' title='bbox 2249 5231 2342 5270; x_wconf 91' lang='lat' dir='ltr'><strong>cor</strong></span> <span class='ocrx_word' id='word_1_911' title='bbox 2367 5227 2543 5268; x_wconf 88' lang='lat' dir='ltr'><strong>meum</strong></span> <span class='ocrx_word' id='word_1_912' title='bbox 2575 5213 2625 5263; x_wconf 93' lang='lat' dir='ltr'><strong>in</strong></span> <span class='ocrx_word' id='word_1_913' title='bbox 2655 5208 2839 5263; x_wconf 90' lang='lat' dir='ltr'><strong>laudes</strong></span> <span class='ocrx_word' id='word_1_914' title='bbox 2863 5208 2956 5262; x_wconf 89' lang='lat' dir='ltr'><strong>Dei</strong></span> <span class='ocrx_word' id='word_1_915' title='bbox 2999 5221 3298 5263; x_wconf 88' lang='lat' dir='ltr'><strong>sermonem</strong></span> <span class='ocrx_word' id='word_1_916' title='bbox 3326 5207 3524 5261; x_wconf 89' lang='lat' dir='ltr'><strong>bonum</strong></span> 
     </span>
    </p>
   </div>
   <div class='ocr_carea' id='block_1_118' title="bbox 2037 5342 3323 5407">
    <p class='ocr_par' dir='ltr' id='par_1_118' title="bbox 2037 5342 3323 5407">
     <span class='ocr_line' id='line_1_118' title="bbox 2037 5342 3323 5407; baseline -0.006 -7"><span class='ocrx_word' id='word_1_917' title='bbox 2037 5349 2080 5407; x_wconf 79' lang='lat' dir='ltr'><strong>cl</strong></span> <span class='ocrx_word' id='word_1_918' title='bbox 2118 5348 2290 5400; x_wconf 68' lang='lat' dir='ltr'><strong>Graece</strong></span> <span class='ocrx_word' id='word_1_919' title='bbox 2315 5347 2362 5397; x_wconf 87' lang='lat' dir='ltr'><strong>in</strong></span> <span class='ocrx_word' id='word_1_920' title='bbox 2384 5342 2621 5406; x_wconf 78' lang='lat' dir='ltr'><strong>Hexaplis</strong></span> <span class='ocrx_word' id='word_1_921' title='bbox 2642 5355 2780 5407; x_wconf 60' lang='grc' dir='ltr'>ιιινιςιη</span> <span class='ocrx_word' id='word_1_922' title='bbox 2801 5355 2826 5404; x_wconf 75' lang='grc' dir='ltr'><strong>ἠ</strong></span> <span class='ocrx_word' id='word_1_923' title='bbox 2847 5351 2978 5405; x_wconf 59' lang='grc' dir='ltr'><strong>καρδία</strong></span> <span class='ocrx_word' id='word_1_924' title='bbox 2999 5358 3068 5405; x_wconf 69' lang='grc' dir='ltr'><strong>μοι</strong></span> <span class='ocrx_word' id='word_1_925' title='bbox 3087 5354 3182 5406; x_wconf 53' lang='lat' dir='ltr'><strong>te“.</strong></span> <span class='ocrx_word' id='word_1_926' title='bbox 3202 5354 3323 5407; x_wconf 41' lang='lat' dir='ltr'><strong>erat}.</strong></span> 
     </span>
    </p>
   </div>
   <div class='ocr_carea' id='block_1_119' title="bbox 2019 5347 3534 5476">
    <p class='ocr_par' dir='ltr' id='par_1_119' title="bbox 2019 5347 3534 5476">
     <span class='ocr_line' id='line_1_119' title="bbox 2037 5347 3323 5407; baseline -0.006 -7"><span class='ocrx_word' id='word_1_927' title='bbox 2037 5366 2061 5400; x_wconf 83' lang='grc' dir='ltr'>ι·</span> <span class='ocrx_word' id='word_1_928' title='bbox 2118 5348 2290 5400; x_wconf 68' lang='lat' dir='ltr'><strong>Graece</strong></span> <span class='ocrx_word' id='word_1_929' title='bbox 2315 5347 2362 5397; x_wconf 79' lang='lat' dir='ltr'><strong>lﬂ</strong></span> <span class='ocrx_word' id='word_1_930' title='bbox 2384 5347 2621 5406; x_wconf 79' lang='lat' dir='ltr'><strong>Hexaplis</strong></span> <span class='ocrx_word' id='word_1_931' title='bbox 2642 5355 2780 5405; x_wconf 70' lang='lat' dir='ltr'><strong>hunqu</strong></span> <span class='ocrx_word' id='word_1_932' title='bbox 2801 5355 2826 5404; x_wconf 73' lang='grc' dir='ltr'><strong>ἠ</strong></span> <span class='ocrx_word' id='word_1_933' title='bbox 2847 5351 2978 5405; x_wconf 42' lang='lat' dir='ltr'><strong>metu:</strong></span> <span class='ocrx_word' id='word_1_934' title='bbox 2999 5358 3068 5405; x_wconf 66' lang='grc' dir='ltr'>μῦ</span> <span class='ocrx_word' id='word_1_935' title='bbox 3087 5354 3182 5406; x_wconf 64' lang='grc' dir='ltr'><strong>λὸτῳ</strong></span> <span class='ocrx_word' id='word_1_936' title='bbox 3202 5354 3323 5407; x_wconf 56' lang='lat' dir='ltr'><strong>dri.»</strong></span> 
     </span>
     <span class='ocr_line' id='line_1_120' title="bbox 2019 5347 3534 5476; baseline -0.006 -14"><span class='ocrx_word' id='word_1_937' title='bbox 2019 5347 2083 5476; x_wconf 63' lang='grc' dir='ltr'>Μ</span> <span class='ocrx_word' id='word_1_938' title='bbox 2123 5409 2318 5460; x_wconf 81' lang='lat' dir='ltr'><strong>Illorum</strong></span> <span class='ocrx_word' id='word_1_939' title='bbox 2337 5407 2629 5458; x_wconf 76' lang='lat' dir='ltr'><strong>sententiam</strong></span> <span class='ocrx_word' id='word_1_940' title='bbox 2647 5405 2825 5466; x_wconf 86' lang='lat' dir='ltr'><strong>jamdiu</strong></span> <span class='ocrx_word' id='word_1_941' title='bbox 2847 5414 2987 5454; x_wconf 90' lang='lat' dir='ltr'><strong>antea</strong></span> <span class='ocrx_word' id='word_1_942' title='bbox 3013 5412 3268 5466; x_wconf 84' lang='lat' dir='ltr'><strong>respuerat</strong></span> <span class='ocrx_word' id='word_1_943' title='bbox 3285 5393 3534 5466; x_wconf 80' lang='lat' dir='ltr'><strong>Origenes</strong></span> 
     </span>
    </p>
   </div>
   <div class='ocr_carea' id='block_1_120' title="bbox 1955 5475 3540 5532">
    <p class='ocr_par' dir='ltr' id='par_1_120' title="bbox 1955 5475 3540 5532">
     <span class='ocr_line' id='line_1_121' title="bbox 1955 5475 3540 5532; baseline -0.008 -8"><span class='ocrx_word' id='word_1_944' title='bbox 1955 5475 2041 5524; x_wconf 85' lang='lat' dir='ltr'><strong>nae</strong></span> <span class='ocrx_word' id='word_1_945' title='bbox 2061 5475 2127 5524; x_wconf 82' lang='lat' dir='ltr'><strong>de</strong></span> <span class='ocrx_word' id='word_1_946' title='bbox 2148 5483 2309 5520; x_wconf 72' lang='lat' dir='ltr'><strong>musa.</strong></span> <span class='ocrx_word' id='word_1_947' title='bbox 2338 5482 2380 5521; x_wconf 76' lang='lat' dir='ltr'><strong>Et</strong></span> <span class='ocrx_word' id='word_1_948' title='bbox 2395 5481 2461 5532; x_wconf 62' lang='grc' dir='ltr'><strong>γάρ</strong></span> <span class='ocrx_word' id='word_1_949' title='bbox 2492 5483 2543 5530; x_wconf 75' lang='grc' dir='ltr'><strong>τῷ</strong></span> <span class='ocrx_word' id='word_1_950' title='bbox 2565 5479 2630 5532; x_wconf 61' lang='lat' dir='ltr'><strong>uta</strong></span> <span class='ocrx_word' id='word_1_951' title='bbox 2651 5477 2673 5518; x_wconf 74' lang='grc' dir='ltr'><strong>ι</strong></span> <span class='ocrx_word' id='word_1_952' title='bbox 2701 5480 2818 5532; x_wconf 59' lang='grc' dir='ltr'><strong>πατῂρ</strong></span> <span class='ocrx_word' id='word_1_953' title='bbox 2838 5477 3064 5532; x_wconf 49' lang='lat' dir='ltr'><strong>eximat»,</strong></span> <span class='ocrx_word' id='word_1_954' title='bbox 3092 5477 3470 5532; x_wconf 43' lang='lat' dir='ltr'><strong>sanctissume.</strong></span> <span class='ocrx_word' id='word_1_955' title='bbox 3509 5476 3540 5516; x_wconf 73' lang='grc' dir='ltr'>ι,</span> 
     </span>
    </p>
   </div>
   <div class='ocr_carea' id='block_1_121' title="bbox 1949 5526 3531 5643">
    <p class='ocr_par' dir='ltr' id='par_1_121' title="bbox 1949 5526 3531 5643">
     <span class='ocr_line' id='line_1_122' title="bbox 1949 5526 3531 5595; baseline -0.009 -7"><span class='ocrx_word' id='word_1_956' title='bbox 1949 5548 2025 5595; x_wconf 73' lang='grc' dir='ltr'><strong>υἱὸς</strong></span> <span class='ocrx_word' id='word_1_957' title='bbox 2047 5547 2108 5586; x_wconf 76' lang='grc' dir='ltr'><strong>ιιι</strong></span> <span class='ocrx_word' id='word_1_958' title='bbox 2143 5550 2214 5585; x_wconf 70' lang='grc' dir='ltr'><strong>τῶν</strong></span> <span class='ocrx_word' id='word_1_959' title='bbox 2245 5542 2264 5581; x_wconf 85' lang='lat' dir='ltr'><strong>t</strong></span> <span class='ocrx_word' id='word_1_960' title='bbox 2290 5577 2299 5595; x_wconf 73' lang='grc'><em>,</em></span> <span class='ocrx_word' id='word_1_961' title='bbox 2387 5526 2692 5592; x_wconf 41' lang='lat' dir='ltr'><strong>pausat...</strong></span> <span class='ocrx_word' id='word_1_962' title='bbox 2722 5545 2746 5574; x_wconf 76' lang='grc' dir='ltr'><strong>ι</strong></span> <span class='ocrx_word' id='word_1_963' title='bbox 2773 5526 2898 5578; x_wconf 69' lang='lat' dir='ltr'><strong>Nam,</strong></span> <span class='ocrx_word' id='word_1_964' title='bbox 2920 5526 2963 5576; x_wconf 59' lang='lat' dir='ltr'><strong>Si</strong></span> <span class='ocrx_word' id='word_1_965' title='bbox 2999 5526 3145 5578; x_wconf 82' lang='lat' dir='ltr'><strong>l‘ater</strong></span> <span class='ocrx_word' id='word_1_966' title='bbox 3170 5528 3269 5576; x_wconf 69' lang='lat' dir='ltr'><strong>litec</strong></span> <span class='ocrx_word' id='word_1_967' title='bbox 3293 5526 3420 5576; x_wconf 80' lang='lat' dir='ltr'><strong>Filio</strong></span> <span class='ocrx_word' id='word_1_968' title='bbox 3444 5537 3531 5574; x_wconf 80' lang='lat' dir='ltr'><strong>an-</strong></span> 
     </span>
     <span class='ocr_line' id='line_1_123' title="bbox 1951 5558 3531 5643; baseline -0.005 0"><span class='ocrx_word' id='word_1_969' title='bbox 1951 5598 2229 5643; x_wconf 85' lang='lat' dir='ltr'><strong>nuntiaret.</strong></span> <span class='ocrx_word' id='word_1_970' title='bbox 2265 5558 2447 5643; x_wconf 51' lang='lat' dir='ltr'><strong>mins</strong></span> <span class='ocrx_word' id='word_1_971' title='bbox 2485 5603 2674 5643; x_wconf 87' lang='lat' dir='ltr'><strong>eorum.</strong></span> <span class='ocrx_word' id='word_1_972' title='bbox 2717 5598 2765 5641; x_wconf 88' lang='lat' dir='ltr'><strong>et</strong></span> <span class='ocrx_word' id='word_1_973' title='bbox 2802 5589 3033 5643; x_wconf 76' lang='lat' dir='ltr'><strong>oneribus</strong></span> <span class='ocrx_word' id='word_1_974' title='bbox 3068 5591 3338 5643; x_wconf 67' lang='lat' dir='ltr'><strong>posterior.</strong></span> <span class='ocrx_word' id='word_1_975' title='bbox 3375 5587 3531 5642; x_wconf 76' lang='lat' dir='ltr'><strong>Filius</strong></span> 
     </span>
    </p>
   </div>
   <div class='ocr_carea' id='block_1_122' title="bbox 2289 5605 2368 5643">
    <p class='ocr_par' dir='ltr' id='par_1_122' title="bbox 2289 5605 2368 5643">
     <span class='ocr_line' id='line_1_124' title="bbox 2289 5605 2368 5643; baseline 0.038 -3"><span class='ocrx_word' id='word_1_976' title='bbox 2289 5605 2368 5643; x_wconf 82' lang='lat' dir='ltr'><strong>IISC</strong></span> 
     </span>
    </p>
   </div>
   <div class='ocr_carea' id='block_1_123' title="bbox 1951 5587 3536 5712">
    <p class='ocr_par' dir='ltr' id='par_1_123' title="bbox 1951 5587 3536 5712">
     <span class='ocr_line' id='line_1_125' title="bbox 1951 5587 3536 5712; baseline -0.003 -66"><span class='ocrx_word' id='word_1_977' title='bbox 1951 5587 2229 5712; x_wconf 46' lang='lat' dir='ltr'><strong>pu’ntiaret,</strong></span> <span class='ocrx_word' id='word_1_978' title='bbox 2266 5587 2447 5643; x_wconf 76' lang='lat' dir='ltr'><strong>inscius</strong></span> <span class='ocrx_word' id='word_1_979' title='bbox 2485 5587 2674 5653; x_wconf 83' lang='lat' dir='ltr'><strong>eorum,</strong></span> <span class='ocrx_word' id='word_1_980' title='bbox 2717 5598 2765 5641; x_wconf 89' lang='lat' dir='ltr'><strong>et</strong></span> <span class='ocrx_word' id='word_1_981' title='bbox 2802 5589 3033 5654; x_wconf 83' lang='lat' dir='ltr'><strong>operibus</strong></span> <span class='ocrx_word' id='word_1_982' title='bbox 3066 5591 3338 5654; x_wconf 81' lang='lat' dir='ltr'><strong>posterior,</strong></span> <span class='ocrx_word' id='word_1_983' title='bbox 3375 5587 3536 5642; x_wconf 68' lang='lat' dir='ltr'><strong>Filius</strong></span> 
     </span>
     <span class='ocr_line' id='line_1_126' title="bbox 1974 5662 2841 5710; baseline -0.015 -1"><span class='ocrx_word' id='word_1_984' title='bbox 1974 5662 2276 5710; x_wconf 61' lang='lat' dir='ltr'><strong>nvem’rctur.</strong></span> <span class='ocrx_word' id='word_1_985' title='bbox 2296 5671 2316 5700; x_wconf 77' lang='grc' dir='ltr'><strong>ο</strong></span> <span class='ocrx_word' id='word_1_986' title='bbox 2839 5687 2841 5689; x_wconf 90' lang='grc'><strong>.</strong></span> 
     </span>
    </p>
   </div>
   <div class='ocr_carea' id='block_1_124' title="bbox 1974 5662 2841 5710">
    <p class='ocr_par' dir='ltr' id='par_1_124' title="bbox 1974 5662 2841 5710">
     <span class='ocr_line' id='line_1_127' title="bbox 1974 5662 2841 5710; baseline -0.007 -1"><span class='ocrx_word' id='word_1_987' title='bbox 1974 5662 2276 5710; x_wconf 66' lang='grc' dir='ltr'>ιιγοηιτριιις.</span> <span class='ocrx_word' id='word_1_988' title='bbox 2296 5671 2316 5700; x_wconf 77' lang='grc' dir='ltr'><strong>ο</strong></span> <span class='ocrx_word' id='word_1_989' title='bbox 2839 5687 2841 5689; x_wconf 63' lang='grc' dir='ltr'><strong>ι</strong></span> 
     </span>
    </p>
   </div>
  </div>
