4056 6184
576 192 680 244 627

577 316 632 361 et
651 309 909 377 opuscula
937 321 1056 362 mea
1082 307 1271 376 quibus
1297 317 1417 356 eum
1459 299 1839 369 pmdicaturus
1873 309 2010 359 sum,
2043 293 2143 362 ipsi

578 398 916 468 potissimum
941 394 1266 453 consecravi.
1285 391 1465 446 Debeo
1485 405 1612 459 ergo
1631 397 1688 444 et
1712 389 1946 458 linguam
1972 399 2144 439 meam

583 492 738 560 quasi
767 491 946 546 stilum
970 497 1023 540 et
1046 485 1307 539 calamum
1346 495 1666 551 praeparare,
1699 489 1756 533 ut
1782 493 1876 546 per
1920 477 2062 530 illam
2093 475 2146 529 in

581 579 745 635 curde
772 589 825 635 et
851 575 1069 631 auribus
1096 572 1420 628 audientium
1443 568 1883 638 scribatSpiritns
1897 568 2145 623 Sanctus.

581 667 756 724 Meum
785 664 925 723 enim
959 674 1045 720 est
1084 665 1237 733 quasi
1280 674 1537 732 organum
1584 662 1829 731 praebere
1873 656 2145 728 linguam:

579 757 719 811 illius
742 757 892 823 quasi
924 766 1020 822 per
1045 763 1303 822 organum
1334 765 1527 806 sonare
1554 765 1675 819 qua:
1699 764 1794 804 sua
1822 757 1965 802 sunt.
1985 747 2149 802 Stilus

576 847 759 900 scribit
783 845 836 899 in
858 857 982 899 ccra
1012 858 1028 897 :
1074 842 1316 898 calamus
1342 841 1426 894 vel
1473 841 1525 893 in
1551 840 1737 893 charta
1767 838 1853 892 vel
1894 839 1947 891 in
1977 852 2148 891 mem-

576 936 778 1000 hranls,
808 945 898 990 aut
942 933 995 990 in
1036 948 1372 1004 quacumque
1417 929 1640 986 materia
1664 946 1782 1000 qua:
1811 940 1932 998 apta
1960 935 2043 982 est
2083 926 2149 983 ad

575 1029 938 1085 scribendum.
996 1027 1110 1082 lica
1165 1035 1344 1081 autem
1398 1024 1577 1094 lingua
1637 1024 1689 1077 in
1750 1015 2149 1075 similitudinem

578 1123 770 1176 scriba:
789 1119 1011 1184 velocis,
1039 1133 1196 1189 quem
1229 1117 1495 1172 notarium
1524 1127 1810 1186 possumus
1831 1107 2149 1178 intelligere,

580 1209 815 1281 quodam
859 1209 1134 1280 signorum
1172 1201 1514 1276 compendio,
1545 1201 1836 1257 breviatum
1883 1196 2153 1267 Evangelii

579 1302 930 1370 strictumque
995 1310 1297 1354 sermonem
1343 1295 1581 1350 exaravit
1630 1293 1684 1348 in
1741 1291 1932 1346 tabulis
1977 1287 2155 1343 cordis

579 1390 903 1446 carnalibus.
936 1388 991 1444 Si
1021 1389 1163 1442 enim
1202 1384 1313 1442 Lex
1344 1401 1439 1456 per
1466 1399 1683 1438 manum
1729 1379 2034 1435 biediatoris
2075 1377 2158 1432 di-

579 1483 692 1552 gito
723 1481 813 1536 Dei
856 1481 1054 1550 scripta
1083 1487 1186 1546 est,
1213 1488 1268 1533 et
1295 1476 1437 1546 quod
1475 1475 1802 1532 destructum
1830 1482 1932 1536 est,
1957 1470 2158 1540 gloriﬁ-

581 1581 757 1625 catum
784 1579 870 1625 est
902 1588 917 1624 :
946 1580 1145 1640 quanto
1175 1567 1345 1637 magis
1372 1564 1745 1635 Evangelium,
1778 1561 1919 1632 quod
1945 1572 2159 1614 mansu-

583 1677 703 1718 rum
757 1673 872 1728 est,
919 1678 1015 1731 per
1063 1675 1238 1716 meam
1291 1659 1526 1728 linguam
1576 1654 1844 1710 scribetur
1885 1667 1918 1706 a
1959 1648 2157 1720 Spiritu

584 1754 785 1809 Sancto
816 1773 830 1808 :
859 1761 912 1806 ut
945 1751 1088 1806 illius
1113 1749 1324 1814 laudes,
1361 1748 1427 1802 ad
1458 1761 1616 1818 quem
1666 1745 1719 1800 in
1766 1741 1897 1798 lsaia
1943 1738 2156 1806 dicitur,

592 1861 613 1896 ι
662 1843 930 1899 Velociter
959 1843 1127 1913 spolia
1158 1839 1405 1906 detrahe,
1433 1839 1542 1893 cito
1573 1835 1815 1908 prmdare
1839 1830 2062 1904 (Isai.8.
2082 1832 2157 1903 1),

589 1934 748 1991 velox
775 1935 826 1988 in
855 1934 1017 1988 corde
1045 1929 1377 1986 credentium
1409 1943 1586 1983 sermo
1614 1925 1902 1982 describat.

659 2025 716 2078 8.
763 2041 783 2076 ι
830 2023 1121 2092 Speciosus
1162 2020 1331 2075 forma
1375 2031 1484 2087 pra:
1529 2016 1652 2071 filiis
1709 2014 2006 2068 hominum.
2044 2031 2063 2064 ι
2097 2009 2154 2066 in

587 2111 851 2168 ilebralco
881 2130 895 2166 :
929 2130 949 2164 ι
987 2111 1188 2166 Decore
1235 2108 1508 2178 pulchrior
1541 2122 1600 2161 es
1645 2107 1766 2160 filiis
1805 2103 2099 2158 hominum.
2137 2122 2156 2155 ι

587 2205 762 2260 Finito
804 2203 1088 2275 prooemio,
1114 2200 1190 2272 (a)
1233 2200 1358 2254 hinc
1404 2196 1725 2252 narrationis
1755 2194 2028 2249 exordium
2057 2204 2160 2259 est,

584 2303 641 2348 et
669 2291 728 2346 tit
770 2293 1093 2362 apostropha
1140 2290 1208 2344 ad
1253 2289 1425 2359 ipsum
1471 2285 1918 2347 amantissimum,
1949 2292 2004 2338 et
2029 2281 2162 2338 dile-

586 2394 730 2437 etum
771 2393 826 2438 et
851 2397 1054 2452 regem,
1087 2381 1171 2436 cui
1197 2379 1424 2435 dicentis
1449 2391 1612 2448 opera
1659 2384 1972 2430 consecrata
2017 2381 2160 2428 sunt.

586 2473 855 2542 Quaeritur
891 2481 1071 2526 autem
1100 2469 1371 2540 quomodo
1395 2467 1676 2539 pulchrior
1717 2466 1787 2520 sit
1812 2464 2018 2519 cunctis
2046 2461 2164 2516 [iliis

589 2560 965 2628 hominum,de
985 2575 1090 2630 quo
1111 2560 1334 2629 legimus
1355 2559 1407 2612 in
1431 2557 1562 2612 Isaia
1587 2573 1600 2608 :
1623 2574 1640 2606 ι
1676 2554 1917 2608 Vidimus
1941 2567 2087 2617 eum,
2111 2560 2167 2606 et

591 2669 699 2707 non
729 2651 957 2706 habebat
976 2651 1211 2722 speciem
1241 2663 1414 2720 neque
1451 2647 1723 2706 decorem,
1754 2644 1846 2700 sed
1878 2653 1994 2699 erat
2037 2656 2165 2711 5pc-

589 2743 702 2798 cies
728 2741 844 2810 ejus
874 2741 1193 2796 inhonorata
1223 2749 1278 2794 et
1318 2737 1578 2794 deﬁciens
1621 2751 1651 2790 a
1697 2735 1821 2789 filiis
1868 2733 2164 2788 hominum.

590 2829 767 2889 liomo
792 2833 845 2887 in
877 2833 1029 2903 plaga
1059 2831 1287 2902 positus,
1320 2838 1375 2885 et
1399 2829 1575 2884 sciens
1601 2827 1741 2882 ferre
1784 2823 2166 2887 inﬁrmitatem,

590 2925 715 2994 quia
737 2925 935 2979 avertit
958 2923 1144 2978 faciem
1174 2936 1324 2977 suam
1359 2938 1379 2973 ι
1409 2917 1566 2992 (Isai.
1587 2918 1677 2973 55.
1697 2916 1752 2970 2.
1778 2923 1823 2968 et
1851 2915 2038 2984 καφ).
2060 2912 2170 2966 Nec

592 3015 772 3068 statim
822 3013 1086 3084 scriptura
1134 3012 1416 3083 dissonare
1466 3009 1538 3082 (ὁ)
1574 3008 1816 3062 videatur
1857 3023 1871 3060 :
1925 3005 2047 3075 quia
2098 3004 2167 3057 ibi

605 3103 911 3173 ignobilitas
931 3103 1174 3172 corporis
1196 3110 1416 3172 propter
1433 3097 1640 3170 ﬂagella
1667 3104 1723 3152 et
1738 3104 1889 3166 sputa
1916 3104 1969 3148 et
1987 3093 2171 3160 alapas

601 3206 658 3249 ct
683 3195 883 3258 clavos,
921 3203 976 3249 et
1013 3193 1233 3262 injurias
1281 3189 1499 3262 patibuli
1535 3231 1550 3256 ,
1581 3183 2172 3243 commemoraturzhic

602 3283 942 3352 pulchritudo
967 3286 1219 3337 virtutum
1251 3282 1302 3335 in
1329 3294 1483 3334 sacro
1510 3286 1567 3333 et
1589 3275 1896 3332 venerando
1918 3288 2167 3344 corpore.

595 3375 712 3430 Non
742 3390 849 3446 quo
873 3375 1125 3429 divinitas
1163 3373 1362 3429 ChriSIi
1395 3372 1700 3426 hominibus
1745 3370 1907 3442 379
1952 3383 2172 3438 compa-

599 3476 716 3522 rata
748 3467 819 3536 (ε)
854 3465 1142 3520 formosior
1180 3465 1284 3529 sit;
1311 3463 1428 3517 haec
1447 3465 1591 3517 enim
1629 3477 1734 3515 non
1765 3462 1923 3515 habet
1955 3473 2172 3530 compa-

599 3556 867 3611 rationem
897 3571 912 3609 :
944 3555 1038 3610 sed
1066 3555 1272 3624 absque
1317 3552 1652 3624 passionibus
1691 3552 1885 3616 erucis,
1915 3551 2176 3605 universis

601 3644 876 3716 pulchrior
899 3652 1004 3700 est.
1032 3643 1195 3714 Virgo
1216 3643 1285 3699 de
1305 3642 1532 3713 virgine,
1559 3641 1650 3713 qui
1680 3655 1784 3695 non
1813 3657 1882 3695 ex
1907 3639 2177 3695 Voluntate

600 3738 724 3801 viri,
750 3737 845 3793 sed
871 3751 939 3793 ex
974 3736 1086 3791 Deo
1110 3744 1266 3791 natus
1299 3742 1402 3790 est.
1433 3733 1542 3789 Nisi
1569 3733 1712 3789 enim
1743 3731 2015 3787 habuisset
2042 3742 2096 3787 et
2123 3731 2175 3785 in

603 3830 750 3885 vultu
792 3828 1044 3902 quiddam
1091 3828 1370 3899 oculisque
1417 3826 1707 3889 sidereum,
1739 3839 2008 3895 nunquam
2054 3839 2175 3879 eum

601 3919 781 3973 statim
828 3919 999 3974 secuti
1057 3918 1282 3973 fuissent
1347 3915 1622 3986 Apostoli,
1657 3929 1757 3970 nec
1780 3913 1872 3985 qui
1915 3912 1983 3967 ad
2026 3927 2177 3968 com-

606 4015 1040 4085 prehendendum
1060 4030 1182 4070 eum
1207 4020 1487 4077 venerant,
1506 4011 1838 4066 corruissent
1865 4007 2045 4080 (Joan.
2062 4006 2174 4078 18).

607 4109 848 4178 Denique
863 4118 917 4162 et
938 4107 994 4160 in
1013 4107 1263 4176 praesenti
1289 4105 1616 4168 testimonio,
1633 4103 1685 4157 in
1711 4117 1820 4172 quo
1839 4101 1932 4155 ait.
1954 4119 1973 4153 ι
2008 4099 2180 4155 iiomo

609 4200 664 4252 in
696 4198 845 4266 plaga
878 4197 1082 4266 positus
1105 4205 1155 4251 et
1187 4195 1368 4250 sciens
1397 4195 1537 4249 ferre
1578 4193 1966 4256 infirmitatem,
1997 4209 2016 4244 ι
2049 4190 2177 4246 red~

609 4288 690 4342 dit
726 4301 919 4342 causas
961 4301 1126 4357 quare
1172 4287 1271 4341 ista
1312 4301 1600 4356 perpessus
1647 4286 1734 4339 sit.
1763 4301 1784 4335 ε
1820 4283 1952 4351 Quia
1990 4282 2182 4338 avertit

612 4375 804 4431 faciem
825 4389 998 4441 suam,
1030 4395 1050 4429 ι
1083 4375 1135 4431 id
1161 4385 1265 4442 est,
1293 4376 1563 4446 paululum
1586 4373 1864 4429 divinitate
1885 4374 2178 4439 subtracta,

676 4501 741 4570 (a)
761 4503 1042 4576 _’l’ranstulit
1065 4517 1129 4576 ex
1149 4496 1381 4576 Eusebio,
1407 4505 1490 4576 qui
1515 4505 1568 4576 in.
1583 4503 1962 4576 commentariis.
1976 4509 2182 4576 testatur

888 4568 1119 4629 prooemio
1139 4581 1165 4616 a
1189 4565 1536 4648 vetustioribus
1557 4565 2180 4648 interptft‘ibusjic‘linitoo,

607 4623 714 4677 lteri
736 4640 808 4679 aut
831 4623 950 4738 tot:
970 4639 1080 4691 am;
1094 4641 1160 4689 τείν
1181 4638 1335 4683 ωηεν,
1359 4627 1407 4676 id
1432 4635 1508 4674 est
1528 4638 1593 4674 ea:
1613 4623 1709 4674 alio
1731 4623 1969 4694 principio
1989 4625 2181 4688 exposi-

605 4687 797 4748 tionem,
821 4703 876 4737 su
920 4689 1082 4756 .litque
1124 4684 1628 4756 suimetexemplum,
1653 4688 2182 4756 undcl-attyongruen-

606 4701 797 4748 nonem,
821 4701 1082 4752 sumitque
1126 4701 1307 4738 sumiet
1330 4701 1628 4796 exem'ptum,
1653 4701 1800 4744 unae,
1823 4701 1891 4757 ait
1917 4701 2179 4756 congruen-

606 4757 680 4798 ter
701 4762 786 4822 nos
803 4762 990 4861 magno
1012 4749 1154 4820 illud,
1177 4750 1436 4812 Speciosus
1485 4759 1620 4797 orma
1652 4759 1752 4809 pra:
1773 4745 1881 4796 filiis
1902 4746 2151 4796 hominum
2165 4785 2179 4807 ,

606 4810 667 4861 ab
688 4811 784 4861 aha
893 4825 941 4861 to
959 4810 1206 4861 dum.
1345 4840 1348 4844 ι

605 4810 667 4861 ab
688 4810 784 4862 alio
803 4810 941 4861 initio
959 4810 1228 4862 dua‘imusi
1345 4840 1348 4844 -

677 4863 738 4936 (ο)
778 4873 934 4940 Antea
970 4878 1076 4922 erat
1099 4867 1286 4940 videtur
1307 4883 1324 4932 ;
1347 4869 1434 4920 sed
1459 4865 1728 4934 huiusmodi
1769 4875 2178 4940 paragrammata,

605 4929 810 5004 (piorum
833 4933 1092 4983 Lectorem
1119 4929 1384 4983 athnonere
1407 4945 1502 4981 nou
1524 4929 1603 4981 cst
1625 4929 1788 4994 operte
1812 4929 2038 4994 pretium,
2065 4932 2182 4978 taei-

607 5001 646 5043 tt
667 4995 1154 5056 sepegemendatnus.
1188 5054 1194 5056 _
1564 5052 1578 5056 Α
1734 5053 1744 5056 _
2147 5051 2178 5056 __

676 5051 750 5123 (ε)
775 5054 903 5123 1ξαίιί
925 5063 1040 5104 ante
1063 5052 1408 5123 Martianazum,
1432 5066 1528 5123 non
1548 5052 1820 5123 formosior,
1837 5065 1953 5123 quae
1971 5051 2179 5123 negandi

881 5127 1076 5184 sensum
1099 5114 1233 5184 _nihil
1257 5112 1558 5184 _iin_tnutat,'
1585 5112 1987 5184 imo-“clariorem
2030 5113 2140 5160 lacit
2165 5145 2180 5171 ,

605 5175 843 5246 quidquid
866 5175 1085 5246 videatur
1099 5175 1424 5246 Benedictio?
1458 5175 1746 5246 interpreti,
1779 5175 2183 5246 qui_pmnusiea:

609 5232 781 5296 [iunxit
796 5235 1109 5296 quorumdam
1118 5250 1213 5298 ope
1232 5236 1345 5286 Mss.
1365 5234 1505 5285 Hunc
1521 5232 1665 5298 poi-ro
1683 5232 1841 5283 locum
1859 5232 1922 5282 de
1935 5233 2182 5294 pra-stanti

609 5295 786 5342 Christi
811 5301 959 5342 lorma
990 5297 1155 5342 eonl‘er
1177 5310 1288 5342 uim
1318 5295 1412 5342 alio
1437 5299 1483 5342 in
1505 5311 1549 5342 c.
1573 5297 1623 5342 9.
1650 5294 1862 5342 Μαιώςεὶ
1883 5330 1897 5342 .
1923 5294 2053 5342 unde
2079 5292 2182 5341 cul-

608 5294 786 5344 Christi
811 5294 959 5345 lorma
990 5294 1288 5346 conl'er'cum
1318 5295 1412 5347 alio
1437 5299 1483 5345 in
1505 5294 1549 5345 ὁ.
1573 5297 1623 5345 9.
1650 5294 1862 5344 Matthzei
1883 5330 1897 5354 ,
1923 5294 2053 5342 unde
2079 5294 2182 5341 cul-

608 5353 736 5426 ligas
757 5367 852 5404 non
876 5355 1181 5426 existimasse
1203 5357 1550 5426 llieronytnum
1583 5354 1828 5426 fulgorem
1861 5362 1914 5404 et
1935 5354 2184 5426 sidereum

610 5411 739 5485 isiud
761 5417 984 5485 corporis
997 5415 1170 5485 Christi
1189 5417 1342 5466 decus
1363 5411 1515 5466 fuisse
1536 5411 1825 5485 perpetuum
1841 5451 1856 5473 ,
1876 5416 2000 5485 sed.
2015 5414 2073 5463 ad
2097 5413 2185 5485 ali:

611 5474 1155 5548 quodtctnpustan‘tum
1179 5513 1192 5537 ,
1217 5491 1326 5525 cum
1349 5474 1702 5548 nempeivellet.
1735 5477 1841 5548 ipse.
1874 5476 2100 5525 homines
2121 5474 2181 5523 ad

613 5530 672 5607 se
694 5530 895 5607 allicere
905 5530 1262 5607 3ﬂv_e_l_terruit-4:,
1289 5536 1367 5607 vel
1391 5538 1438 5607 in
1462 5530 1945 5607 DeiOadmira'ttoncni
1967 5549 2146 5607 rapere
2163 5568 2179 5596 ,

616 5596 674 5638 ut
696 5600 748 5638 tn
772 5589 1224 5648 'l‘ransﬂgurationis
1245 5589 1490 5657 mysterio,
1515 5596 1722 5658 aliisque
1745 5597 1920 5646 factum
1945 5589 2039 5646 est:

1869 179 2105 241 SANCTI
2145 180 2515 236 illERONYlﬂ

3733 190 3867 247 δὶῖ

2253 307 2448 362 corpus
2476 293 2682 362 injuna:
2710 293 3017 363 dereliquit.
3049 293 3278 360 Quidam
3317 291 3462 349 hunc
3496 297 3861 355 versiculum

2250 385 2617 454 superioribus
2641 386 2917 454 copulant,
2948 394 3010 439 ut
3031 386 3310 454 speciosus
3354 386 3526 441 forma
3565 403 3686 456 pre
3713 389 3863 446 ﬁliis

2252 475 2559 541 hominum,
2599 491 2705 530 non
2734 477 2801 530 ad
2830 476 3102 531 Christum
3119 517 3135 542 ,
3166 476 3261 531 sed
3288 477 3358 532 ad
3386 478 3660 534 calamum
3693 481 3861 538 refe—

2253 573 2424 619 ratur.

2324 653 2378 707 9.
2424 672 2444 706 ι
2491 654 2665 708 Effusa
2695 666 2778 710 est
2800 656 2971 724 gratia
2996 657 3051 709 in
3078 655 3234 710 labiis
3257 657 3383 719 tuis,
3410 668 3704 728 propterea
3733 661 3852 717 be-

2253 742 2454 795 nedixit
2493 752 2545 797 te
2580 745 2718 798 Deus
2756 745 2808 797 in
2851 755 3134 798 aeternum.
3174 764 3193 796 ι
3230 745 3286 798 In
3333 746 3584 803 Editione
3613 749 3857 820 Vulgata

2254 844 2353 898 pro
2394 829 2690 896 benedixit,
2721 832 2867 886 unxit
2911 834 3159 901 legimus.
3207 832 3313 888 Sed
3364 835 3642 891 sciendum
3691 841 3858 908 quod

2254 934 2407 975 error
2448 922 2771 991 scriptorum
2831 923 3183 992 Septuaginta
3242 924 3690 983 Translatoribus
3731 944 3857 984 non

2254 1009 2447 1065 debeat
2469 1012 2741 1080 imputari,
2761 1013 2852 1081 qui
2881 1013 2982 1066 hoc
3011 1013 3133 1067 loco
3159 1027 3282 1067 cum
3307 1013 3570 1071 Hebraica
3599 1016 3856 1074 Verilale

2256 1100 2608 1154 concordant.
2640 1099 2904 1170 Legentes
2934 1101 3088 1167 illud,
3122 1119 3143 1152 ι
3185 1101 3313 1156 Jesu
3344 1104 3656 1173 proﬁciebat
3678 1117 3855 1164 aetate

2257 1197 2312 1242 et
2332 1190 2590 1258 sapientia
2608 1201 2661 1245 et
2685 1192 2854 1260 gratia
2873 1191 3012 1260 apud
3035 1192 3200 1246 Deum
3220 1202 3274 1247 et
3297 1192 3541 1250 homines
3571 1215 3591 1247 ι
3609 1195 3767 1266 (Luc.
3782 1197 3848 1253 2.

2257 1277 2349 1350 52)
2379 1297 2391 1328 :
2417 1277 2485 1332 Et
2524 1279 2576 1332 in
2605 1280 2714 1333 alio
2756 1281 2876 1335 loco
2913 1297 2927 1334 :
2965 1299 2984 1332 ι
3023 1280 3445 1336 Adtnirabantur
3471 1297 3634 1355 super
3656 1285 3852 1342 verbis

2256 1367 2441 1435 gratia:
2467 1368 2585 1437 ejus
2605 1385 2724 1439 qua:
2751 1370 3164 1440 egrediebantur
3183 1369 3252 1426 de
3268 1386 3364 1427 ore
3385 1373 3527 1429 illius
3563 1393 3584 1427 ι
3615 1375 3849 1445 (Βοιώ.

2261 1457 2315 1510 7.
2359 1458 2491 1528 16):
2541 1459 2608 1513 Et
2654 1460 2798 1530 quod
2853 1479 2873 1512 ι
2932 1461 2990 1516 In
3041 1471 3307 1531 potestate
3351 1463 3578 1520 habebat
3620 1481 3853 1522 sermo-

2260 1563 2384 1603 nem
2417 1568 2437 1602 ι
2464 1549 2654 1622 (Herc.
2679 1553 2734 1608 6.
2759 1551 2847 1625 7);
2884 1553 3183 1624 intelligere
3211 1570 3506 1625 possumus,
3531 1573 3639 1628 quo
3666 1573 3856 1617 sensu

2260 1642 2461 1697 dictum
2487 1645 2598 1699 sit:
2633 1662 2654 1696 ι
2693 1645 2869 1700 Elfusa
2899 1657 2984 1701 est
3026 1648 3195 1716 gratia
3237 1648 3289 1701 in
3320 1647 3470 1702 labiis
3496 1651 3626 1704 tuis.
3667 1669 3687 1702 ι
3720 1649 3856 1706 Noe

2263 1732 2469 1788 invenit
2514 1736 2745 1804 gratiam
2791 1753 2973 1792 coram
3020 1739 3249 1793 Domino
3293 1740 3345 1794 in
3389 1739 3580 1795 diebus
3621 1741 3761 1806 suis,
3791 1750 3854 1796 ct

2263 1823 2495 1895 Moyses,
2528 1835 2584 1878 et
2626 1826 2817 1895 reliqui
2862 1827 3270 1897 Pmphetarum.
3305 1827 3413 1882 Sed
3443 1829 3620 1882 omnis
3645 1830 3846 1900 gratiae

2263 1916 2546 1970 multitudo
2573 1917 2625 1972 in
2657 1918 2811 1973 labiis
2835 1917 3128 1972 Saivatoris
3148 1919 3316 1973 effusa
3339 1929 3443 1982 est,
3458 1935 3578 1990 qua:
3607 1919 3660 1974 in
3687 1920 3847 1975 brevi

2266 2015 2507 2075 tempore
2559 2017 2725 2062 totum
2757 2009 3001 2078 implevit
3047 2009 3257 2064 Orbem.
3304 2011 3372 2064 Et
3420 2012 3535 2082 ipse
3587 2021 3846 2081 tanquam

2262 2111 2492 2166 sponsus
2522 2101 2784 2168 processit
2811 2099 2880 2155 de
2908 2100 3140 2154 thalamo
3183 2116 3302 2156 suo.
3330 2120 3349 2153 ι
3387 2103 3431 2157 Δ
3461 2117 3673 2158 summo
3700 2103 3848 2157 ctelo

2266 2195 2505 2261 egressio
2548 2194 2686 2263 ejus,
2716 2204 2770 2249 et
2795 2210 3051 2251 occursus
3092 2198 3237 2252 illius
3278 2213 3447 2269 usque
3475 2197 3542 2254 ad
3572 2214 3844 2254 summum

2265 2285 2380 2352 ejus
2416 2304 2436 2336 ›
2460 2284 2581 2354 (Ps.
2615 2287 2728 2356 l8).
2759 2287 2889 2340 Nam
2921 2297 2975 2342 et
3006 2297 3185 2342 sancta
3214 2288 3397 2354 Maria,
3422 2291 3545 2360 quia
3571 2304 3844 2360 concepe-

2266 2383 2348 2428 rat
2373 2390 2517 2440 eum,
2546 2375 2596 2428 in
2624 2392 2730 2446 quo
2775 2378 2951 2431 omnis
3002 2379 3276 2448 plenitudo
3308 2379 3604 2436 divinitatis
3633 2381 3847 2436 habitat

2265 2465 2643 2533 corporaliter,
2693 2467 2848 2536 plena
2902 2469 3073 2536 gratia
3123 2464 3385 2523 salutatur
3443 2469 3594 2542 (Lac.
3652 2473 3727 2542 l).
3779 2471 3848 2526 Et

2267 2555 2561 2623 Apostolus
2598 2557 2776 2610 sciens
2821 2558 3256 2627 praedicationem
3307 2575 3480 2625 suam,
3507 2577 3611 2614 non
3643 2563 3695 2616 in
3725 2564 3845 2620 elo-

2269 2645 2486 2714 quentia
2530 2647 2799 2712 saaculari,
2832 2649 2926 2703 sed
2972 2649 3024 2702 in
3063 2649 3256 2704 virtute
3288 2650 3402 2718 Dei,
3430 2666 3619 2706 omnes
3662 2653 3846 2708 mundi

2269 2750 2553 2806 superasse
2576 2738 2874 2806 doctrinas,
2904 2740 2980 2794 ait
3012 2759 3026 2795 :
3061 2759 3080 2792 ι
3119 2741 3188 2795 Et
3215 2755 3394 2796 sermo
3421 2758 3573 2798 meus
3602 2753 3658 2798 et
3694 2760 3841 2815 pra:-

2269 2826 2468 2882 dicatio
2493 2843 2632 2895 mea,
2661 2843 2769 2883 non
2805 2831 2859 2885 in
2886 2831 3328 2901 persuasibilibns
3359 2831 3604 2887 humana:
3632 2834 3847 2906 sapien-

2271 2919 2359 2974 tia:
2383 2919 2585 2985 verbis,
2612 2920 2708 2976 sed
2750 2921 2804 2975 in
2843 2923 3152 2977 ostensione
3177 2923 3397 2996 spiritus
3426 2931 3480 2978 et
3505 2925 3718 2979 virtutis
3743 2943 3758 2979 :
3786 2933 3846 2978 ut

2270 3008 2341 3063 sit
2380 3008 2514 3063 fides
2541 3019 2721 3065 nostra
2763 3026 2873 3065 non
2903 3012 2956 3066 in
3006 3013 3268 3082 sapientia
3325 3013 3619 3080 hominum,
3645 3014 3738 3070 sed
3789 3015 3843 3069 in

2271 3101 2468 3156 virtute
2492 3101 2586 3157 Dei
2617 3121 2637 3154 ι
2693 3103 2857 3175 380
2898 3104 2979 3173 (1.
3005 3103 3184 3159 Thess.
3208 3105 3261 3158 l.
3284 3105 3361 3177 5).
3380 3105 3736 3176 Sequeipsum
3757 3120 3842 3160 re-

2273 3192 2636 3261 prehendens,
2670 3196 2794 3264 quia
2819 3194 3028 3248 dixerat
3059 3212 3074 3248 :
3113 3211 3132 3245 ι
3170 3195 3419 3265 Amplius
3463 3204 3644 3250 autem
3673 3196 3843 3250 omni-

2273 3281 2376 3336 bus
2406 3282 2686 3338 laboravi:
2724 3302 2745 3336 ι
2779 3285 2960 3338 statim
3006 3284 3190 3339 intulit
3221 3303 3234 3339 :
3273 3302 3293 3336 ι
3328 3284 3448 3341 Non
3492 3295 3671 3340 autem
3723 3301 3840 3356 ego,

2274 3374 2367 3429 sed
2393 3375 2562 3444 gratia
2593 3374 2712 3441 Dei,
2735 3391 2855 3444 qua:
2880 3389 3089 3430 mecum
3115 3384 3219 3431 est.
3246 3395 3266 3428 ι
3297 3376 3365 3432 Ει
3393 3391 3640 3432 rursum:
3662 3395 3682 3428 ‹
3709 3376 3839 3446 Quia

2273 3464 2447 3533 gratia
2477 3464 2594 3534 ejus
2617 3465 2706 3534 qui
2747 3465 2799 3519 in
2830 3481 2916 3520 me
2943 3474 3046 3528 est,
3080 3481 3186 3520 non
3228 3465 3328 3522 fuit
3356 3482 3521 3521 vacua
3566 3485 3591 3522 ι
3625 3467 3702 3539 (1.
3726 3466 3842 3523 Cor.

2277 3555 2366 3609 15.
2399 3553 2512 3626 10).
2553 3555 2776 3625 Proprie
2815 3567 2992 3611 autem
3021 3555 3075 3611 in
3114 3557 3448 3614 Salvatorein
3476 3558 3696 3614 verbum
3717 3559 3844 3616 cllu-

2277 3643 2446 3698 sionis
2491 3645 2819 3715 adjungitur,
2869 3656 2927 3702 ut
2980 3649 3248 3719 significet
3289 3651 3475 3721 gratia:
3527 3650 3842 3722 largitatem,

2277 3734 2574 3790 secundum
2620 3736 2752 3792 illud
2782 3755 2797 3791 :
2838 3756 2858 3790 ι
2896 3737 3179 3794 Effundam
3207 3738 3276 3794 de
3319 3741 3512 3810 spiritu
3543 3757 3665 3796 meo
3691 3757 3847 3812 super

2277 3840 2493 3880 omnem
2535 3841 2751 3882 carnem
2805 3847 2825 3880 ι
2864 3827 3025 3897 (loci.
3066 3829 3125 3884 2.
3172 3828 3286 3902 28).
3339 3830 3428 3896 Et,
3465 3850 3486 3884 ε
3535 3831 3729 3887 caritas
3758 3833 3844 3888 llei

2279 3915 2470 3973 dill’usa
2487 3926 2572 3972 est
2599 3918 2653 3973 in
2684 3919 2938 3974 cordibus
2963 3922 3164 3976 nostris
3198 3940 3217 3974 ι
3248 3921 3422 3993 (Rom.
3447 3924 3503 3980 5.
3527 3923 3610 3993 5).
3640 3924 3705 3979 Et
3729 3936 3846 3979 nota

2280 4009 2424 4079 quod
2461 4011 2699 4066 omnium
2725 4027 2846 4082 qua:
2883 4012 3154 4080 dicuntur,
3187 4015 3592 4085 intelligentiam
3633 4016 3700 4072 ad
3731 4032 3845 4087 per-

2284 4115 2470 4157 sonant
2514 4103 2734 4169 referat,
2764 4102 2856 4173 qui
2898 4116 3208 4176 assumptus
3244 4122 3310 4161 ex
3352 4107 3516 4163 Maria
3557 4119 3641 4164 est
3671 4127 3685 4163 :
3714 4108 3846 4180 quod

2285 4200 2504 4261 propter
2534 4192 2760 4263 gratiam
2813 4194 3077 4250 labiorum
3132 4197 3187 4251 in
3237 4207 3498 4255 aeternum
3549 4200 3848 4257 benedictus

2283 4298 2405 4339 esse
2433 4285 2641 4340 dicatur
2691 4304 2704 4340 :
2761 4287 2864 4342 tale
2891 4289 3017 4358 quid
3067 4297 3124 4344 ει
3176 4290 3438 4361 Apostolo
3491 4293 3845 4364 praedicante:

2290 4391 2308 4424 ι
2358 4375 2662 4431 Humiliavit
2704 4392 2785 4442 se,
2818 4378 2991 4434 factus
3017 4379 3278 4436 obediens
3319 4397 3488 4450 usque
3512 4383 3580 4438 ad
3609 4395 3845 4449 mortem,

2285 4477 2516 4521 mortem
2544 4480 2723 4522 autem
2765 4471 2961 4523 crucis.
2992 4469 3220 4545 Propter
3248 4473 3391 4543 quod
3429 4483 3486 4528 et
3527 4474 3668 4530 Deus
3711 4476 3846 4531 illum

2285 4558 2572 4612 exaltavit:
2601 4566 2656 4612 et
2683 4558 2831 4612 dedit
2861 4559 2938 4614 illi
2967 4575 3162 4616 nomen
3195 4576 3357 4632 super
3382 4579 3543 4619 omne
3571 4579 3762 4619 nomen
3819 4582 3838 4616 s

2286 4645 2545 4718 (Philipp.
2573 4647 2632 4700 2.
2657 4648 2741 4717 8).
2775 4647 2929 4702 Sicut
2953 4651 3096 4704 enim
3143 4651 3212 4706 ibi
3247 4653 3418 4709 forma
3448 4655 3610 4722 servi,
3657 4655 3852 4724 passio-

2288 4738 2371 4792 nis
2417 4737 2610 4806 iujuria
2638 4747 2720 4793 est
2749 4756 2762 4792 :
2795 4748 2849 4794 et
2873 4740 3133 4795 esaltatio
3161 4743 3502 4814 nominisque
3528 4743 3738 4797 donatio
3781 4745 3845 4798 ad

2286 4827 2501 4882 Patrem
2529 4829 2699 4894 redit;
2734 4830 2804 4883 ita
2839 4831 2925 4886 hic
2946 4830 3135 4887 ell'usio
3173 4836 3361 4902 gratia:
3390 4845 3444 4890 et
3469 4833 3847 4892 benedictionis

2287 4919 2340 4972 in
2381 4923 2784 4990 sempiternum,
2811 4923 2877 4976 ad
2908 4938 3031 4979 eum
3073 4925 3352 4981 referenda
3400 4937 3514 4995 est,
3539 4927 3631 4999 qui
3678 4935 3848 4998 potest

2289 5012 2581 5079 humiliari,
2608 5022 2662 5067 et
2689 5029 2956 5070 crescere.

2360 5105 2449 5161 10.
2496 5122 2516 5156 ι
2561 5106 2858 5176 Accingere
2899 5107 3078 5178 gladio
3122 5117 3214 5165 tuo
3261 5125 3427 5182 super
3469 5110 3642 5167 femur
3690 5122 3846 5178 tuum,

2290 5199 2660 5269 potentissime
2689 5217 2702 5252 :
2732 5199 2926 5269 Specie
2955 5211 3066 5269 tua,
3093 5211 3149 5256 et
3174 5201 3573 5273 pulchritudine
3603 5214 3712 5259 tua.
3751 5223 3769 5257 ι
3798 5203 3848 5258 In

2290 5291 2564 5345 ilebrazo:
2601 5309 2620 5343 ι
2669 5293 2965 5362 Accingere
3007 5294 3188 5365 gladio
3233 5305 3324 5349 tuo
3376 5311 3540 5366 super
3585 5295 3755 5351 femur
3777 5296 3850 5366 (ὀ)

2289 5388 2458 5448 tuum,
2488 5381 2798 5438 fortissime.
2831 5382 3014 5439 Gloria
3047 5395 3134 5440 tua
3164 5393 3219 5440 et
3246 5385 3447 5441 decore
3494 5397 3606 5442 tuo.
3643 5405 3663 5439 ›
3699 5387 3848 5444 lstunt

2293 5573 2306 5604 ι.
2354 5531 2518 5646 ldLAt
2540 5534 2654 5619 illud
2682 5540 2822 5607 tum
2843 5538 2957 5610 heic
2984 5537 3075 5592 loci
3102 5551 3267 5602 neque
3289 5537 3444 5590 Hebr.
3468 5543 3641 5590 textus
3659 5577 3673 5600 ,
3698 5551 3856 5606 neqns

2293 5607 2393 5646 Ipsa
2462 5607 2785 5646 terommtana
2810 5613 2970 5646 versio
2994 5601 3156 5646 habet.

2292 5601 2393 5656 ipsa
2416 5601 2785 5660 ﬂicronymiana
2810 5601 2970 5650 vcrsio
2994 5601 3156 5650 habet.
