4056 6184
150 332 157 337 ,
209 272 308 332 629

212 390 451 446 arbitror
499 394 554 440 te
598 383 774 439 locum
838 380 1039 452 optime
1089 378 1427 450 intelligere,
1486 378 1783 433 accinctam

218 481 418 538 Christi
471 477 649 549 gladio
680 476 932 531 militare.
965 472 1034 529 Ut
1059 481 1238 527 autem
1282 472 1424 526 scias
1467 484 1679 541 semper
1704 471 1787 541 (1)

222 572 576 642 virginitatem
615 566 851 637 gladium
900 562 1100 617 habere
1142 560 1436 631 pudicitiae,
1481 575 1579 629 per
1629 574 1786 629 quem

223 672 428 719 truncat
454 674 613 730 opera
634 658 833 720 carnis,
858 666 913 711 et
941 663 1159 726 superat
1190 654 1532 722 voluptates;
1562 651 1789 708 Gentilis

219 768 425 826 quoque
450 767 603 809 error
631 751 769 806 Deas
795 750 1031 821 virgines
1061 748 1212 802 ﬁnxit
1241 756 1495 800 armatas.
1539 736 1788 800 Accinxit

214 855 269 899 et
315 844 500 898 Petrus
552 842 766 897 lumbos
792 855 944 905 suos,
975 849 1031 894 et
1074 838 1356 895 ardentem
1387 837 1657 891 lucernam
1690 834 1786 889 ha-

215 934 327 988 buit
353 933 405 987 in
447 932 697 986 manibus
724 931 857 985 suis.
886 928 1038 996 Quod
1080 939 1258 983 autem
1306 926 1479 982 femur
1525 926 1788 996 signiticet

215 1036 372 1091 opera
424 1019 755 1089 nuptiarum,
788 1019 872 1073 his
902 1018 1136 1073 breviter
1178 1015 1440 1085 exemplis
1483 1013 1782 1070 doceberis.

212 1111 480 1166 Abraham
511 1110 733 1164 mittens
762 1108 827 1162 ad
870 1122 1091 1163 uxorem
1130 1106 1473 1177 quaerendam
1527 1105 1637 1159 ﬁlio
1687 1119 1786 1159 suo

206 1200 376 1265 lsaac,
406 1201 537 1256 dicit
566 1199 753 1269 Majori
778 1199 968 1254 domus
993 1212 1128 1253 suae.
1160 1216 1180 1250 ε
1221 1195 1370 1253 l-one
1398 1212 1615 1252 manum
1638 1204 1783 1250 tuam

206 1307 372 1360 super
427 1290 632 1345 femore
684 1303 827 1353 meo,
872 1298 928 1343 et
976 1287 1236 1357 adjurabo
1276 1296 1329 1342 te
1358 1301 1455 1356 per
1501 1287 1784 1340 Dominum

204 1382 373 1436 Deum
402 1379 525 1436 etnli
563 1399 582 1433 ι
610 1378 766 1450 (Gen.
793 1378 884 1433 24.
911 1378 991 1448 2).
1013 1378 1131 1432 Non
1151 1375 1368 1432 dubium
1391 1377 1520 1446 quin
1545 1390 1639 1445 per
1660 1390 1781 1430 eum

204 1470 296 1538 qui
326 1469 395 1523 de
420 1470 539 1537 ejus
566 1469 770 1523 semine
792 1477 906 1523 erat
938 1469 1258 1523 nasciturus.
1292 1467 1457 1522 Jacob
1500 1476 1781 1536 postquam

207 1561 449 1615 luctatus
492 1570 577 1613 est
600 1575 723 1614 cum
752 1557 989 1626 homine,
1032 1560 1122 1629 qui
1149 1559 1199 1614 ei
1228 1568 1546 1628 apparuerat
1580 1557 1645 1611 ad
1675 1567 1784 1610 tor-

202 1658 413 1705 rentem
462 1648 651 1710 Jaboc,
699 1645 1079 1717 MeSOpotamia
1130 1648 1426 1713 derelicta,
1477 1655 1532 1701 et
1582 1657 1778 1701 terram

204 1735 664 1809 Reprumissionis
704 1736 1027 1807 ingrediens,
1058 1751 1164 1790 non
1204 1745 1326 1790 ante
1369 1734 1534 1789 Israel
1561 1735 1780 1787 sortitus

203 1842 287 1886 est
317 1845 539 1894 nomen,
572 1843 731 1897 quam
776 1842 970 1882 nervus
996 1825 1217 1880 femoris
1245 1826 1362 1895 ejus
1399 1823 1678 1880 emarcuit.
1712 1824 1779 1878 Et

200 1922 265 1975 ad
290 1922 457 1975 ﬁlium
486 1918 658 1974 :tNon
679 1917 892 1973 deﬁciet
915 1915 1163 1988 princeps
1191 1933 1257 1971 ex
1278 1916 1435 1984 Juda,
1463 1928 1636 1986 neque
1667 1915 1773 1970 dux

200 2014 268 2069 de
286 2011 576 2069 femoribus
619 2011 779 2082 381
828 2009 945 2080 ejus
973 2028 993 2063 ι
1018 2007 1169 2079 (Gen.
1200 2004 1291 2063 49.
1326 2007 1440 2079 50).
1471 2007 1537 2061 Et
1564 2022 1774 2061 rursum

202 2105 318 2177 ipse
364 2104 683 2167 moriturus,
714 2099 915 2169 loseph
963 2100 1177 2168 adjurat
1206 2099 1257 2152 in
1307 2097 1512 2153 femore
1556 2113 1673 2163 suo,
1707 2112 1775 2152 ne

198 2210 319 2248 eum
368 2194 420 2247 in
476 2192 710 2263 Egypto
735 2191 982 2261 sepeliat.
1012 2188 1071 2244 ln
1109 2188 1356 2244 Judicum
1384 2203 1597 2258 quoque
1638 2188 1775 2242 libro

198 2284 428 2354 legimus
475 2299 490 2337 :
543 2301 563 2335 ‹
617 2282 855 2337 Gedeoni
913 2289 1067 2335 erant
1124 2280 1218 2333 lilii
1273 2279 1627 2347 septuaginta,
1682 2278 1771 2346 qui

194 2376 393 2448 egressi
449 2384 574 2430 sunt
600 2374 668 2429 tle
710 2373 999 2428 femoribus
1041 2370 1158 2441 ejus
1212 2389 1232 2423 ι
1263 2369 1459 2439 (Judic.
1500 2369 1550 2421 8.
1576 2366 1688 2438 30).
1716 2367 1770 2422 In

192 2469 407 2523 Cantico
442 2467 788 2522 Canticorum
810 2466 1029 2530 dicitur,
1064 2482 1084 2515 ‹
1120 2464 1258 2517 Ecce
1282 2461 1504 2516 lectulus
1530 2461 1769 2516 Salomo-

191 2560 293 2625 nis,
316 2561 601 2635 sexaginta
630 2567 879 2630 putentes
905 2557 958 2612 in
986 2555 1215 2610 circuitu
1243 2553 1358 2622 ejus
1378 2552 1445 2607 de
1467 2552 1771 2622 potentibus

191 2651 375 2719 Israel,
408 2668 611 2708 omnes
641 2658 891 2707 tenentes
912 2648 1138 2720 gladios,
1166 2645 1309 2701 docti
1334 2645 1400 2699 ad
1434 2645 1655 2708 bellum,
1690 2643 1772 2696 vir

188 2746 476 2815 etgladitss
493 2744 607 2811 ejus
634 2759 798 2813 super
820 2741 996 2797 femur
1016 2740 1133 2811 ejus
1162 2756 1181 2789 ι
1231 2736 1400 2807 (Cant.
1437 2736 1492 2792 5.
1528 2737 1582 2789 7.
1622 2744 1666 2788 et
1690 2732 1766 2805 8).

190 2838 365 2893 Gloria
397 2852 537 2907 ergo
567 2846 621 2891 et
652 2835 851 2891 decore
890 2848 1009 2899 suo,
1038 2832 1152 2887 sive
1192 2827 1371 2900 specie
1396 2838 1446 2883 et
1480 2826 1769 2897 pulchritu-

187 2930 311 2986 dine
349 2928 657 2985 divinitatis
705 2942 839 2989 sute,
871 2925 1050 2980 carnis
1099 2937 1262 2993 opera
1307 2920 1670 2984 mortilieans;
1717 2927 1770 2972 et

192 3031 349 3076 natus
378 3036 455 3076 ex
479 3019 709 3089 virgine,
738 3016 932 3071 futuris
962 3014 1253 3086 virginibus
1273 3010 1595 3082 virginitatis
1620 3009 1770 3080 prin-

190 3127 319 3181 ceps
345 3112 474 3166 fuit.

258 3205 318 3259 11
336 3246 349 3258 .
384 3222 403 3254 ι
428 3202 501 3256 Et
526 3198 744 3255 intende
771 3212 1045 3269 prospere,
1075 3192 1307 3263 procede
1331 3205 1383 3249 et
1412 3209 1597 3264 regna.
1632 3190 1766 3247 Pro-

187 3304 309 3364 pter
353 3294 636 3347 veritatem
682 3300 737 3345 et
776 3287 1235 3343 mansuetudinem
1281 3295 1335 3339 et
1377 3285 1672 3354 justitiam;
1717 3294 1770 3338 et

188 3366 424 3437 deducet
464 3388 516 3434 te
562 3379 881 3434 mirabiliter
925 3376 1148 3430 dextera
1198 3384 1306 3428 tua.
1333 3392 1351 3425 ι
1404 3375 1460 3427 lu
1504 3373 1766 3427 llcbrteo:

193 3492 213 3528 ι
244 3474 453 3528 Deeore
480 3480 570 3525 tuo
597 3484 856 3543 prospere
882 3467 1148 3523 ascende:
1175 3476 1390 3537 prepter
1413 3465 1687 3520 veritatem
1715 3473 1771 3519 et

188 3564 655 3621 mansuetudinem
682 3562 926 3633 justitize,
956 3559 1030 3631 (a)
1050 3570 1104 3615 et
1123 3559 1349 3614 deducet
1379 3567 1429 3614 te
1458 3556 1769 3613 mirabiliter

185 3658 408 3713 dextera
442 3664 554 3711 tua.
584 3672 604 3709 ι
638 3651 887 3710 Secundo
914 3650 1167 3721 scriptum
1197 3658 1279 3705 est
1304 3648 1443 3720 apud
1474 3648 1728 3704 Hebraeos
1750 3686 1766 3712 ,

184 3749 367 3805 decore
396 3757 504 3811 tuo,
534 3762 600 3800 ne
626 3744 746 3814 quis
778 3742 1006 3813 idipsum
1035 3742 1167 3796 vitio
1196 3741 1532 3796 librariorum
1565 3737 1768 3808 repeti-

183 3851 295 3896 tum
326 3845 498 3910 putet.
524 3836 592 3893 Et
613 3846 694 3890 est
718 3834 885 3904 ﬁgura
907 3850 1025 3901 qua:
1044 3832 1182 3902 apud
1203 3830 1481 3896 thetores,
1502 3829 1769 3899 Repetitio

181 3932 517 3987 nominatur.
563 3926 709 3981 More
753 3940 883 3994 ergo
926 3920 1284 3993 Panegyrici,
1329 3938 1436 3991 quo
1468 3920 1769 3975 laudatores

178 4020 485 4090 loquuntur
513 4017 577 4070 ad
610 4031 703 4070 eos
730 4030 864 4084 quos
896 4014 1177 4083 prteconiis
1214 4012 1475 4076 ell'erunt,
1506 4018 1768 4063 armatqu

178 4112 506 4167 cohortatur
552 4110 619 4162 ad
663 4106 904 4177 pra-lium
931 4122 944 4160 :
972 4115 1029 4158 ut
1058 4104 1221 4159 semel
1252 4113 1462 4172 arrepta
1495 4102 1631 4156 bella
1665 4115 1767 4155 non

178 4203 443 4266 deserat,
490 4207 544 4253 et
587 4213 750 4267 super
778 4196 1013 4250 hostium
1043 4204 1248 4263 strages
1277 4194 1444 4245 victor
1474 4189 1729 4245 incedens
1752 4231 1768 4257 ,

184 4303 455 4365 pra'paret
484 4290 585 4346 sibi
609 4304 832 4359 regnum
856 4288 910 4342 in
935 4288 1037 4351 bis,
1061 4301 1197 4357 quos
1222 4285 1289 4340 de
1312 4284 1507 4337 diaboli
1539 4282 1772 4351 eripiens

185 4395 476 4456 potestate,
503 4398 602 4436 suo
624 4381 894 4451 copulavit
920 4380 1149 4449 imperio
1169 4396 1183 4442 ;
1203 4387 1256 4432 et
1277 4377 1415 4431 dicat
1438 4395 1451 4430 :
1476 4374 1588 4447 Ego
1610 4386 1772 4430 autem

183 4478 489 4530 constitutus
519 4490 629 4527 sum
674 4489 766 4526 rex
790 4471 853 4525 ab
879 4487 938 4524 eo
967 4486 1120 4540 super
1147 4469 1273 4523 Sion
1300 4476 1517 4521 montem
1544 4476 1771 4522 sanctum

183 4567 294 4640 eius
322 4567 498 4639 (Psal.
517 4567 573 4620 2.
599 4566 677 4634 6).
699 4563 950 4633 Nullique
976 4561 1221 4627 dubium,
1248 4560 1550 4624 veritatem,
1576 4569 1630 4614 et
1659 4575 1774 4614 mo-

183 4660 441 4726 destiam,
472 4666 526 4713 et
550 4657 846 4727 justitiam,
877 4653 1148 4709 Christum
1176 4650 1470 4721 appellari,
1502 4650 1591 4719 qui
1619 4649 1767 4717 dicit,

185 4752 298 4822 Ego
322 4768 434 4807 sum
463 4752 564 4815 via,
592 4750 794 4813 veritas,
825 4755 873 4799 et
900 4744 1002 4799 vita
1031 4743 1208 4813 (Joan.
1240 4743 1327 4797 M.
1357 4741 1430 4803 6).
1466 4741 1554 4807 Et,
1580 4740 1773 4796 Discite

182 4861 214 4897 a
244 4862 344 4909 me,
373 4844 493 4912 quia
520 4842 653 4895 mitis
679 4857 810 4902 sunt,
839 4848 884 4892 et
911 4836 1116 4891 humilis
1146 4835 1295 4907 corde
1319 4833 1767 4905 (blatth.ll.29).

186 4934 278 4999 Et,
317 4934 417 4999 Qui
448 4934 612 5000 [actus
637 4943 707 4987 est
733 4932 873 4991 nobis
898 4948 931 4984 a
953 4930 1062 4991 Deo
1076 4928 1302 4999 justitia,
1321 4936 1366 4987 et
1394 4928 1692 5000 redemptio,
1722 4938 1768 4985 et

254 5061 322 5133 (a)
364 5062 623 5133 ipse‘vero
644 5063 887 5133 transtulit
905 5068 999 5133 ,_et
1037 5060 1225 5112 docebit
1252 5067 1312 5133 _te
1340 5060 1580 5133 terribilia
1604 5098 1618 5133 ι
1647 5076 1770 5133 gnte

181 5123 421 5206 lieni-aris
813 5123 1381 5206 apprime'respondent,
1417 5135 1567 5206 secus
1600 5123 1771 5204 istiitcc

184 5196 447 5266 impr-eam,
475 5200 522 5251 et
545 5190 749 5265 deducet
784 5200 830 5250 te
868 5191 1164 5249 miraltiliter,
1189 5206 1300 5265 qua:
1325 5205 1387 5263 ex
1416 5190 1597 5263 Grecis
1616 5226 1630 5249 ,
1663 5194 1771 5248 sive

185 5270 253 5305 ex
280 5262 443 5305 veteri
468 5253 636 5304 Latina
659 5261 1062 5315 mterpretatione
1090 5255 1185 5302 huc
1218 5265 1473 5315 irrepsisse
1494 5251 1635 5301 faetle
1660 5266 1770 5303 cre-

180 5319 316 5446 (⁸δῖἼῇ
356 5350 695 5446 Hacquoque
719 5376 772 5426 S.
795 5376 945 5446 Pater
982 5389 1046 5426 ex
1073 5374 1294 5438 Origene
1316 5374 1563 5426 delibasse
1604 5376 1771 5426 videa-

184 5438 277 5498 tur.
302 5438 457 5504 'cujus
482 5438 807 5491 ititer'csetera
831 5438 939 5487 haec
973 5447 1087 5489 sunt
1113 5452 1125 5486 :
1150 5446 1273 5500 amt.
1297 5450 1375 5499 pe.
1394 5451 1499 5501 λόγος
1516 5478 1528 5495 ,
1548 5450 1700 5504 ἀναιρρν
1724 5451 1773 5489 τὰ

182 5515 293 5563 πάθη,
314 5501 534 5566 πιέζεσθαι
567 5515 741 5571 ρᾳφιιεξ
945 5512 1001 5549 ιτὶ
1098 5518 1230 5571 me?»
1250 5512 1373 5549 cincti.
1405 5515 1547 5571 Πρέςι-ος
1579 5501 1771 5571 aginavi);

181 5560 292 5620 υτηᾈ
317 5560 622 5631 διεξιηανλςςίοζ
875 5561 1069 5631 vivendi
1089 5560 1245 5631 ratio,
1264 5574 1361 5631 qua
1396 5561 1547 5610 malos
1570 5560 1774 5631 elfectus

184 5640 213 5674 e
247 5622 417 5682 medie
454 5622 599 5685 tollit,
645 5624 858 5687 gladium
890 5625 1157 5687 accingere
1200 5622 1373 5671 dicitur
1418 5635 1570 5687 super
1612 5622 1772 5675 femur

181 5700 342 5742 suum.
368 5688 565 5738 Primus
585 5683 748 5736 auiem
772 5684 862 5734 hoc
884 5683 1001 5733 fecit
1024 5683 1190 5744 Iesus,
1214 5699 1237 5729 ι
1269 5692 1368 5735 etc.

1538 265 1863 323 EPISTOLA
1904 265 2067 321 LXV.

3364 283 3473 342 630

1890 380 2132 435 sanctitas
2151 380 2231 450 (1.
2256 380 2375 437 Cor.
2402 382 2455 439 1.
2478 381 2593 455 36).
2615 383 2740 441 llaec
2759 396 2933 444 autem
2949 391 3204 456 universa
3220 394 3474 457 dicuntur

1890 469 1945 523 in
1972 484 2220 539 corpore,
2246 479 2306 526 ut
2329 472 2611 543 exigantur
2638 476 2693 530 in
2720 479 2996 534 membris.
3024 482 3258 540 Victoria
3286 486 3471 547 Domi-

1891 559 1968 621 ni,
1996 573 2274 615 servorum
2305 561 2605 632 triumphus
2632 575 2733 621 est.
2760 566 2999 637 Magistri
3027 574 3277 639 eruditio,
3308 577 3473 635 disci-

1893 648 2139 716 pulorum
2191 650 2486 719 prefeetus.
2535 654 2602 708 Et
2648 656 2791 725 qttud
2836 658 3107 727 sequitur,
3157 662 3385 721 Deducet
3426 680 3473 725 te

1890 738 2185 792 mirabiliter
2203 741 2411 795 dextera
2431 751 2539 808 tua,
2564 754 2654 799 aut
2673 744 2741 800 de
2762 746 2930 815 signis
2954 764 3073 819 quae
3099 751 3151 805 in
3179 752 3468 824 Evangelio

1889 832 2221 899 perpetravit
2246 841 2339 886 aut
2367 845 2597 905 τροπικῶς
2633 835 2702 891 de
2740 836 2927 904 cede,
2959 853 3117 908 quam
3147 845 3385 899 exercuit
3410 847 3468 901 in

1890 917 2131 974 hostibus
2149 961 2165 985 ,
2193 922 2528 977 sentiendum
2557 937 2658 978 est.
2691 926 2791 980 Cor
2815 928 3057 995 sapientis
3078 930 3131 983 in
3165 930 3393 1000 dextera,
3423 945 3472 989 et

1888 1025 1975 1063 cor
2001 1013 2140 1065 stulti
2162 1012 2214 1065 in
2235 1013 2439 1067 sinistra
2460 1015 2588 1086 ejus.
2617 1016 2863 1072 Christus
2890 1027 3032 1073 totus
3053 1020 3105 1074 in
3128 1020 3331 1076 dextris
3350 1033 3467 1080 est:

1888 1100 2249 1156 Anticliristus
2276 1103 2438 1175 382
2466 1106 2516 1158 in
2544 1106 2795 1162 sinistris.
2816 1106 3074 1164 Hebraica
3096 1110 3467 1179 interpretatio

1888 1186 2053 1243 distat
2080 1192 2133 1244 in
2160 1192 2359 1257 verbis,
2392 1209 2499 1248 non
2525 1194 2691 1250 distat
2719 1197 2771 1251 in
2797 1212 2979 1253 sensu.

1958 1279 2045 1333 12.
2077 1280 2294 1351 Sagittae
2329 1292 2430 1336 tua:
2463 1295 2629 1338 at:qu
2657 1284 2733 1356 (b)
2760 1288 3133 1357 potentissime,
3169 1293 3347 1364 populi
3373 1295 3467 1349 sub

1886 1378 1934 1425 te
1960 1372 2140 1425 cadent
2163 1374 2216 1426 in
2245 1374 2399 1427 corda
2424 1375 2741 1429 inimicorum
2768 1379 2922 1447 regis.
2954 1379 3010 1433 lu
3038 1380 3462 1448 Hebraico,abs-

1884 1475 1989 1530 que
2015 1463 2387 1530 potentissime,
2415 1464 2619 1535 reliqua
2658 1467 2927 1524 similiter.
2955 1469 3022 1524 Et
3051 1470 3138 1525 hic
3166 1473 3463 1529 versiculus

1887 1549 1979 1605 tibi
2006 1552 2344 1620 potissimum
2369 1563 2529 1622 aptus
2556 1563 2657 1621 est,
2688 1570 2806 1624 quae
2832 1558 3010 1626 jaculo
3044 1559 3251 1614 Domini
3278 1562 3461 1616 vulne-

1885 1649 2019 1704 rata,
2050 1656 2171 1695 cum
2202 1657 2397 1709 sponsa
2428 1644 2482 1696 in
2509 1644 2730 1699 Cantico
2759 1648 2908 1701 canis
2949 1647 3224 1704 Vulnerata
3253 1654 3463 1707 caritate

1881 1744 1972 1798 ego
2002 1745 2114 1781 sum
2145 1730 2316 1798 (Cant.
2345 1732 2402 1784 2.
2443 1731 2521 1802 5).
2565 1732 2676 1788 Nec
2719 1735 2948 1802 mirum,
2980 1740 3025 1789 si
3066 1752 3297 1807 sponsus
3340 1751 3460 1797 tuus

1880 1817 2073 1872 habeat
2093 1818 2274 1887 plures
2294 1821 2532 1890 sagittas,
2557 1822 2624 1876 de
2646 1824 2838 1893 quibus
2861 1825 2911 1878 in
2935 1828 3231 1883 centesimo
3248 1828 3458 1885 decimo

1879 1923 2022 1963 nono
2044 1909 2258 1965 Psalmo
2278 1910 2510 1966 dicitur:
2536 1913 2752 1982 Sagittae
2777 1918 2993 1985 potentis
3019 1927 3181 1977 acula:
3204 1935 3318 1973 cum
3345 1938 3461 1975 car-

1876 1998 2085 2052 bonibus
2122 2000 2475 2066 desolatoriis;
2516 2017 2637 2057 cum
2679 2004 2853 2059 Patris
2894 2006 3011 2075 ipse
3061 2008 3132 2061 sit
3176 2009 3412 2078 jaculum
3438 2052 3455 2080 ,

1877 2098 1931 2144 et
1959 2091 2205 2160 loquatur
2225 2091 2277 2145 in
2306 2092 2438 2146 Isaia
2459 2112 2471 2147 :
2494 2093 2673 2149 Posuit
2698 2113 2778 2150 me
2797 2098 2941 2161 quasi
2964 2098 3199 2169 sagittam
3220 2102 3455 2170 electam,

1875 2182 1929 2235 in
1957 2182 2196 2252 pharetra
2223 2200 2318 2237 sua
2344 2184 2606 2239 abscvndit
2634 2203 2713 2240 me
2737 2186 2891 2254 (Isai.
2916 2189 3005 2242 49.
3030 2189 3107 2260 2).
3135 2190 3230 2246 His
3249 2194 3458 2262 sagittis

1875 2283 1929 2326 et
1958 2272 2220 2341 Cleophas
2252 2274 2302 2326 in
2336 2274 2523 2328 itinere
2552 2291 2673 2329 cum
2704 2276 2875 2330 altero
2904 2277 3209 2332 vulneratus
3234 2279 3448 2346 aiebat,

1876 2359 2063 2416 Nonne
2083 2376 2173 2417 car
2197 2372 2425 2416 nostrum
2453 2363 2634 2418 ardens
2659 2375 2764 2419 erat
2794 2367 2845 2420 in
2875 2367 3039 2433 nobis,
3071 2368 3192 2421 dum
3219 2370 3451 2440 loquere.

1872 2462 1955 2506 tur
1979 2454 2033 2507 in
2061 2455 2142 2508 via
2165 2495 2179 2519 ,
2210 2464 2255 2509 et
2282 2457 2498 2524 aperiret
2526 2457 2669 2511 nobis
2698 2458 3034 2529 Scripturas?
3062 2460 3211 2531 (Luc.
3237 2463 3328 2518 24.
3357 2465 3452 2536 39)

1874 2544 1937 2597 Et
1958 2543 2009 2598 in
2034 2544 2141 2598 alio
2158 2544 2277 2598 loco
2300 2545 2557 2614 legimus:
2579 2546 2726 2601 Sicut
2746 2550 2944 2619 sagith
2962 2552 3016 2603 in
3038 2567 3191 2604 manu
3213 2555 3451 2622 potentis,

1870 2636 1941 2688 ita
1971 2636 2068 2703 lilii
2108 2652 2436 2690 excusserunt
2483 2636 2603 2707 (Ps.
2637 2639 2761 2694 126.
2802 2641 2882 2709 4).
2934 2640 3029 2696 llis
3064 2642 3273 2714 sagittis
3311 2654 3455 2702 totus

1870 2726 2014 2780 orbis
2042 2728 2355 2782 vulneratus
2380 2737 2436 2783 et
2462 2738 2651 2799 captus
2676 2739 2784 2785 est.
2810 2731 2892 2801 (2)
2919 2731 3115 2788 Paulus
3139 2734 3328 2805 sagitta
3354 2735 3456 2792 fuit

1873 2816 2105 2882 Domini,
2134 2817 2225 2887 qui
2257 2828 2539 2888 postquam
2568 2819 2637 2875 ab
2667 2818 3018 2893 Jerosolymis
3045 2838 3212 2893 usque
3236 2825 3301 2878 ad
3333 2825 3456 2896 llly-

1871 2906 2035 2960 rieum
2064 2907 2255 2962 miSSus
2283 2924 2409 2963 arcu
2444 2908 2675 2977 Domini,
2705 2910 2809 2965 huc
2836 2912 3064 2980 illucque
3092 2914 3355 2978 volitavit,
3383 2915 3449 2968 ad

1869 2995 2149 3068 Hispanias
2190 2999 2268 3055 ire
2295 2998 2512 3054 festinat
2542 3016 2557 3054 :
2590 3009 2648 3054 ut
2687 3003 2839 3056 velox
2881 3003 3072 3071 sagitta
3098 3004 3199 3057 sub
3229 3004 3454 3073 pedibus

1872 3086 2080 3141 Domini
2115 3088 2232 3155 sui,
2263 3090 2524 3144 orientem
2556 3089 3001 3161 occidentemque
3030 3102 3355 3162 prosternat.
3389 3094 3457 3148 Et

1870 3181 1991 3251 quia
2019 3180 2200 3249 plures
2230 3186 2355 3234 sunt
2392 3180 2749 3249 potentissimi
2781 3182 2921 3251 regis
2949 3182 3149 3237 inimici
3175 3222 3191 3247 ,
3220 3183 3309 3253 qui
3339 3184 3457 3238 vul-

1871 3270 2041 3324 nerati
2067 3269 2275 3325 fuerant
2307 3271 2487 3341 ignitis
2515 3268 2724 3341 sagittis
2752 3270 2973 3337 diaboli,
3003 3280 3058 3327 et
3082 3271 3235 3343 quasi
3260 3287 3453 3327 cervus

1871 3360 2074 3429 spiculo
2102 3363 2341 3430 percussi
2370 3361 2423 3414 in
2446 3360 2629 3431 jecore
2654 3379 2668 3427 ;
2699 3361 2907 3432 sagittae
2932 3360 3143 3417 Domini
3174 3364 3457 3418 mittuntur

1872 3453 2049 3523 ignitae
2075 3467 2195 3507 cum
2223 3451 2545 3508 carbonibus
2574 3451 2935 3521 desolatoriis,
2962 3464 3019 3508 ut
3047 3453 3303 3525 quidquid
3332 3455 3448 3509 vitii

1872 3545 1923 3598 iu
1954 3544 2116 3600 corde
2147 3544 2489 3600 inimicorum
2528 3544 2669 3615 regis
2708 3545 2892 3612 fuerit,
2926 3558 3251 3618 exeoqnant,
3282 3555 3337 3603 et
3361 3561 3453 3603 sa-

1870 3633 2024 3689 lutari
2052 3635 2170 3705 igne
2197 3636 2372 3705 ignem
2401 3635 2618 3705 ejiciant
2640 3636 2987 3705 perditorem.

1941 3726 2030 3781 15.
2065 3744 2083 3778 t
2111 3727 2277 3782 Sedes
2304 3736 2391 3780 tua
2418 3727 2557 3782 Deus
2586 3728 2638 3782 in
2669 3730 2925 3783 saaculum
2954 3729 3169 3794 satculi,
3202 3731 3346 3802 virga
3368 3730 3456 3786 di-

1870 3818 2146 3881 rectionis,
2176 3818 2323 3886 virga
2348 3818 2495 3884 regni
2521 3817 2615 3869 tui.
2646 3816 2886 3871 Dilexisti
2908 3818 3196 3885 justitiam,
3217 3820 3454 3877 etodiin

1871 3904 2224 3974 iniquitatem,
2248 3914 2528 3973 propterea
2554 3905 2705 3958 unxit
2726 3912 2777 3959 te
2802 3907 2959 3969 Deus,
2988 3906 3130 3961 Deus
3156 3916 3299 3973 tuus,
3325 3912 3450 3966 oleo

1872 3997 2070 4051 Lamia:
2096 4012 2206 4066 pra:
2236 3997 2576 4051 consortibus
2615 3996 2740 4052 tuis.
2768 4017 2787 4050 ι
2820 3997 2875 4053 ln
2902 3999 3199 4067 Hebraico:
3225 4018 3245 4054 ι
3272 4002 3452 4059 Thro-

1874 4102 1974 4142 nus
2001 4096 2123 4141 tuus
2159 4084 2228 4159 (c)
2270 4086 2412 4141 Deus
2449 4088 2501 4142 in
2550 4087 2806 4143 sarculum
2852 4088 2929 4162 (ά)
2972 4100 3027 4147 et
3069 4092 3121 4146 in
3150 4101 3451 4150 aeternum:

1940 4219 2003 4287 (b)
2042 4220 2244 4280 Quidam
2267 4220 2590 4289 potentissime
2627 4223 2802 4289 legunt
2840 4231 2987 4289 atque
3027 4225 3451 4289 interpretantur:

1870 4282 2072 4352 Gyareus
2096 4290 2258 4332 tamen
2270 4282 2423 4352 erat.
2451 4283 2573 4333 Utut
2606 4282 2705 4352 sit;
2733 4282 3058 4352 exsuperiori
3082 4282 3341 4352 versiculo,
3367 4304 3456 4342 Αε-

1874 4343 2239 4415 cingere,_ete.,
2273 4343 2400 4415 illud
2433 4344 2779 4415 potentissime.
2806 4343 3042 4415 lioé__loeo
3086 4343 3376 4415 intrusum',
3406 4356 3455 4405 in

1873 4404 2027 4473 Epist.
2053 4406 2113 4473 ad
2135 4404 2364 4473 Sunpiam
2382 4404 2449 4473 _et
2484 4406 2689 4473 Fretell.
2713 4408 2874 4473 docet.
2901 4408 3011 4457 Mox
3050 4422 3139 4471 pro
3173 4410 3224 4461 in
3258 4404 3411 4464 corda
3436 4454 3450 4473 ,

1875 4465 2035 4515 malim
2058 4466 2109 4515 in
2135 4466 2313 4526 corde,
2352 4467 2418 4515 sit
2455 4469 2587 4517 enim
2627 4474 2680 4517 et
2716 4468 2914 4519 Graecus
2936 4482 2971 4519 ιν
2993 4465 3140 4539 κλαίεις»,
3175 4480 3228 4524 et
3252 4478 3338 4539 qui
3383 4465 3455 4527 illi

1874 4547 2156 4609 Hieronymi
2193 4548 2468 4597 testimonio
2491 4548 2730 4609 concinit,
2755 4548 2998 4600 Hebraeus

1938 4618 2007 4685 (_c)
2044 4617 2178 4676 Quod
2202 4629 2314 4665 mox
2335 4616 2560 4685 Aquilam
2583 4615 2760 4667 fecisse
2785 4619 2931 4668 tradit
2954 4620 3006 4669 S.
3031 4622 3225 4685 Doctor,
3246 4629 3301 4673 ut
3322 4625 3455 4685 prius

1874 4678 1968 4749 Dei
1990 4678 2191 4749 nomen,
2214 4691 2283 4728 ea
2303 4680 2542 4749 scriberet
2566 4692 2652 4747 pro
2675 4693 2783 4749 eiei,
2806 4692 2836 4728 a
2859 4694 2915 4749 se
2938 4695 3134 4746 quoque
3156 4678 3334 4732 fac.qu
3358 4694 3454 4734 sta-

1875 4741 1962 4808 tim
1988 4740 2269 4808 proﬁtetur,
2308 4746 2363 4808 ut.
2398 4740 3021 4808 propter_i_n_t_elligentiam,
3054 4740 3186 4803 ‘Dee,
3227 4756 3451 4806 poneret.

1872 4800 2150 4874 Non—igitur
2172 4800 2463 4874 satis-bene,
2490 4800 2542 4871 et
2564 4800 2622 4849 ad
2645 4800 2831 4874 lliertjn
2856 4840 2866 4874 ε
2894 4800 3110 4874 mentem
3130 4840 3143 4863 ,
3172 4800 3455 4867 quanquam

1872 4875 1982 4927 cum
2008 4862 2143 4927 libris
2160 4863 2387 4927 omnibus
2410 4862 2620 4927 legimus
2643 4863 2754 4927 heic
2778 4863 2889 4927 loci,
2920 4872 3063 4927 ρεαδ,
3090 4879 3176 4927 pro
3194 4862 3292 4927 quo
3313 4862 3414 4916 bee
3437 4906 3452 4927 ,

1869 4924 2146 4991 etsiminus
2166 4924 2317 4972 latine
2339 4924 2568 4991 scriptum
2591 4922 2756 4991 fuerit.
2783 4922 2881 4972 Sed
2891 4922 3226 4991 absque'Mss}
3247 4940 3343 4991 Ope
3362 4922 3453 4977 no;

1870 4984 1950 5033 liis
1972 4986 2226 5033 immutare
2251 4996 2344 5031 non
2363 4982 2499 5045 licet,
2525 4984 2735 5045 maxjtite
2756 4997 2873 5045 cum
2891 4986 2938 5031 in
2963 4982 3063 5045 ipsa
3088 4982 3313 5037 versiou'e
3336 5002 3454 5039 cum

1872 5047 2073 5094 vocandi
2096 5058 2237 5095 casus
2260 5050 2371 5091 nota
2394 5044 2581 5092 dixisse
2604 5042 2807 5091 Hieron.
2834 5042 3073 5102 videaiur,
3100 5057 3129 5094 ο
3151 5054 3296 5098 Deus.
3424 5062 3429 5067 λ

1938 5107 2015 5167 (tl)
2050 5106 2329 5167 Legebatur
2348 5112 2492 5153 antea
2530 5104 2582 5168 in
2615 5106 3088 5168 Δδιιτιειιιᾳιιηβαειςιιιί,
3130 5110 3456 5160 renitentibus

1874 5164 2185 5227 Mss'magno
2202 5176 2403 5227 numero
2420 5171 2522 5212 tum
2543 5164 2688 5227 hujus
2703 5164 2923 5225 epistolae
2944 5173 3044 5215 tum
3064 5164 3210 5217 etiam
3225 5170 3454 5221 Psalterii

1875 5239 1937 5275 ex
1962 5225 2221 5284 Hebraieo,
2244 5225 2327 5272 ubi
2350 5225 2749 5290 quemadmodum
2772 5230 3092 5290 reposuimus,
3120 5238 3200 5279 est
3220 5230 3272 5280 in
3294 5244 3451 5281 sacu-

1874 5308 1974 5363 lunt
2005 5314 2049 5357 et
2081 5305 2130 5355 in
2167 5285 2399 5359 talentum
2422 5320 2486 5356 ex
2518 5311 2612 5366 πη
2888 5324 3010 5372 quas
3034 5285 3181 5363 voces
3210 5315 3360 5364 etiam
3402 5315 3455 5365 in

1875 5386 2118 5446 postremo
2140 5374 2476 5446 hujusAPs-alnii
2501 5390 2678 5446 versu,
2718 5379 2779 5430 ad
2802 5380 3021 5442 epistolae
3056 5383 3200 5433 ﬁnem
3221 5385 3282 5434 ad
3315 5399 3454 5436 eum-

1873 5439 1985 5487 dem
2010 5439 2201 5485 modum
2227 5439 2593 5499 interpretatur.

1936 5500 2007 5561 (2)
2042 5499 2206 5560 Atque
2228 5497 2644 5572 beic'Origeuem
2684 5502 2900 5572 imitatur
2943 5507 3029 5567 qui
3067 5522 3133 5557 τοῦ
3169 5519 3295 5565 havd:
3338 5534 3452 5572 «ρισ-

1877 5573 2040 5634 σιιχρτιξς
2064 5571 2149 5634 in?
2169 5572 2351 5620 statim,
2370 5574 2431 5634 seu
2453 5569 2611 5634 ρυητες
2642 5576 2686 5634 τι
2727 5571 2858 5625 ψιῦδος
2895 5583 3166 5630 κταμῡντος,
3199 5586 3223 5616 ι
3246 5572 3354 5630 ejus
3368 5569 3451 5632 Qui

1873 5623 2173 5695 stillicienwr
2193 5624 2502 5695 pro‘veritate
2525 5623 2853 5695 conciouatur,
2881 5623 3181 5695 etptitenter
3204 5623 3455 5695 redarguit

1878 5683 2153 5745 falsitatem,
2173 5683 2206 5729 ί
2226 5685 2538 5737 rationabiles
2575 5694 2806 5741 exacutas
2846 5683 3047 5753 sagiitas
3084 5683 3449 5759 interpreta'iur.
