4056 6184
705 297 763 354 51
1965 287 2204 346 SANCTI
2244 284 2617 342 HIERONYMI

664 421 940 482 sceptrum
967 406 1247 480 aequitatis,
1277 413 1547 475 sceptrum
1575 405 1723 476 regni
1755 405 1849 459 tui.
1881 405 2118 460 Dilexisti
2143 405 2234 473 ju-

619 524 634 530 -
665 505 902 568 stitiam,
950 512 1002 558 et
1049 499 1202 554 odisti
1247 497 1623 568 iniquitatem:
1658 507 1938 568 propterea
1983 496 2136 551 unxit
2185 504 2238 550 te

618 612 625 618 ·
666 594 808 649 Deus
827 635 842 657 ,
873 594 1008 646 Deus
1037 597 1156 642 tuus
1197 587 1324 642 oleo
1351 587 1724 642 exsultationis
1754 603 1863 657 pra:
1891 585 2238 657 participibus

668 683 790 736 tuis.
822 699 841 730 ι
879 680 1016 731 Duas
1039 692 1314 746 personas,
1339 678 1456 746 ejus
1481 679 1570 747 qui
1601 687 1791 732 unctus
1814 686 1896 732 est
1923 677 2038 741 Dei,
2067 684 2122 731 ct
2147 675 2236 745 qui

663 770 831 834 unxit,
853 769 1105 837 intellige.
1141 766 1566 837 UndeetAquila
1597 782 1756 822 ELom
1804 767 1965 839 383
2018 768 2237 821 verbum

661 859 1006 923 llebraicum,
1031 873 1136 913 non
1167 859 1502 914 nominativo
1532 858 1788 923 casu,sed
1819 857 2240 912 vocativointer-

658 960 901 1022 pretatur
923 992 938 1016 ,
971 950 1156 1006 dicens
1192 958 1310 1015 Θει,
1358 959 1414 1005 et
1450 965 1546 1005 nos
1575 959 1791 1020 propter
1834 950 2236 1019 intelligentiam

660 1041 736 1113 (a)
761 1040 866 1095 Dee
885 1042 1182 1112 posuimus,
1206 1041 1346 1111 quod
1373 1041 1558 1096 Latina
1584 1043 1761 1111 lingua
1787 1056 1892 1096 non
1917 1042 2140 1110 recipit;
2169 1042 2238 1095 nc

659 1131 777 1198 quis
805 1144 1058 1200 perverse
1095 1139 1245 1198 putet
1286 1131 1451 1185 Deum
1496 1131 1677 1186 dilecti
1717 1141 1771 1186 et
1808 1131 2152 1185 amantissimi
2185 1139 2239 1184 et

661 1221 803 1290 regis
846 1221 928 1274 bis
972 1220 1182 1275 Patrem
1224 1221 1510 1276 nominari.
1551 1221 1864 1291 Quanquam
1901 1221 2043 1275 enim
2085 1220 2239 1274 Pater

661 1309 714 1364 in
744 1309 908 1376 Filio,
933 1306 987 1364 et
1008 1309 1174 1364 Filius
1201 1310 1252 1363 in
1281 1309 1438 1365 Patre
1464 1351 1478 1373 ,
1506 1319 1558 1364 et
1587 1311 1902 1364 alterutrum
1931 1310 2030 1364 sibi
2057 1319 2110 1364 et
2138 1310 2237 1363 ha-

629 1413 634 1417 ·
661 1398 858 1452 bitator
880 1407 935 1453 et
960 1399 1183 1452 thronus
1204 1399 1310 1453 sint
1334 1417 1354 1452 :'
1373 1407 1548 1453 tamen
1577 1400 1629 1453 in
1656 1399 1759 1453 hoc
1783 1399 1902 1453 loco
1923 1398 1987 1453 ad
2016 1414 2192 1468 regem
2219 1440 2236 1466 ,

659 1489 751 1558 qui
784 1490 923 1544 Deus
952 1498 1056 1554 est,
1085 1504 1262 1544 sermo
1288 1489 1568 1559 dirigitur;
1597 1499 1646 1544 et
1674 1489 1866 1544 dicitur
1892 1489 1940 1544 ei
1968 1491 2107 1560 quod
2135 1492 2237 1545 im-

661 1581 868 1651 perium
900 1580 1017 1649 ejus
1048 1579 1171 1651 (hoc
1197 1582 1341 1636 enim
1370 1581 1627 1650 intelligo,
1656 1583 1912 1645 thronum,
1936 1582 2086 1650 juxta
2111 1582 2237 1636 illttd

660 1671 801 1740 quod
831 1673 1088 1739 scriptum
1114 1679 1198 1726 est
1227 1689 1241 1727 :
1268 1671 1346 1725 De
1375 1676 1541 1743 fructu
1571 1673 1753 1726 ventris
1779 1673 1852 1726 tui
1877 1690 2061 1742 ponam
2089 1691 2239 1743 super

663 1764 899 1816 thronum
933 1772 1073 1816 tuum
1104 1763 1222 1833 (Ps.
1253 1765 1376 1818 151.
1409 1765 1500 1834 11)
1527 1764 1684 1817 linem
1714 1779 1819 1818 non
1849 1763 2058 1818 habeat.
2086 1765 2236 1831 Quod

633 1869 636 1872 ’
663 1854 881 1923 quidem
904 1867 957 1909 ct
979 1855 1153 1910 Maria:
1179 1859 1438 1912 nuntiavit
1462 1858 1696 1927 Angelus
1720 1875 1735 1912 :
1765 1875 1784 1910 ι
1809 1857 1962 1911 Dabit
1982 1859 2028 1912 ei
2054 1858 2236 1912 Domi-

662 1958 762 1997 nus
789 1945 929 1999 Deus
957 1945 1204 2000 thronum
1235 1947 1396 2000 David
1423 1949 1588 2016 patris
1611 1948 1716 2014 sui,
1737 1957 1790 2002 et
1813 1948 2054 2017 regnabit
2078 1963 2240 2018 super

662 2032 878 2087 domum
898 2035 1062 2090 Jacob
1093 2036 1144 2090 in
1177 2037 1391 2103 saecula,
1413 2046 1465 2092 et
1483 2039 1628 2107 regni
1661 2038 1778 2107 ejus
1806 2053 1912 2092 non
1945 2039 2049 2094 erit
2079 2039 2231 2094 linis»

662 2123 815 2192 (Luc.
847 2125 897 2178 l.
931 2123 1042 2197 52).
1074 2125 1182 2181 Nec
1213 2138 1461 2196 putemus
1491 2126 1594 2183 hoc
1621 2128 1693 2182 illi
1722 2143 1844 2184 esse
1873 2129 2196 2184 contrarium
2218 2171 2234 2197 ,

659 2216 804 2285 quod
847 2217 1136 2286 Apostolus
1177 2219 1418 2274 scribens
1455 2219 1522 2273 ad
1564 2218 1875 2274 Corinthios
1900 2219 2011 2285 ait,
2043 2221 2235 2275 Filium

661 2307 771 2360 Deo
799 2307 1111 2362 traditurum
1139 2324 1359 2378 regnum
1379 2351 1395 2376 ,
1440 2320 1492 2366 et
1523 2311 1910 2380 subjiciendum
1942 2311 1991 2366 ei
2017 2313 2105 2382 qui
2132 2312 2235 2367 sibi

660 2399 888 2465 thjecit
917 2402 1093 2454 omnia
1119 2416 1132 2454 :
1157 2410 1209 2452 ut
1234 2402 1298 2454 sit
1327 2401 1463 2456 Deus
1489 2403 1658 2455 omnia
1678 2403 1728 2454 in
1751 2403 1979 2455 omnibus
2009 2404 2084 2472 (1.
2114 2401 2233 2458 Cor.

665 2490 778 2560 15).
804 2491 920 2544 Non
948 2493 1090 2545 enim
1119 2492 1273 2554 dixit,
1307 2494 1480 2548 tradet
1509 2495 1676 2559 Patri,
1705 2504 1759 2548 ut
1788 2493 2056 2549 videretur
2079 2510 2236 2564 sepa-

661 2591 787 2631 rare
827 2578 1020 2632 Filium
1043 2620 1057 2644 ,
1090 2581 1184 2634 sed
1219 2581 1389 2635 tradet
1433 2583 1577 2647 Deo,
1619 2583 1720 2638 hoc
1750 2591 1865 2648 est,
1896 2583 2150 2639 habitanti
2183 2587 2235 2640 in

663 2669 1028 2738 assumptione
1057 2673 1300 2740 corporis
1320 2673 1428 2728 Deo
1453 2691 1466 2728 :
1491 2684 1542 2726 ut
1568 2675 1632 2728 sit
1652 2674 1784 2728 Deus
1802 2677 1969 2729 omnia
1999 2677 2051 2730 in
2077 2677 2237 2730 omni-

661 2763 752 2813 bus
775 2777 794 2813 :
815 2770 868 2814 et
894 2760 1160 2827 Christus,
1189 2765 1274 2834 qui
1308 2772 1429 2820 ante
1457 2782 1551 2834 per
1577 2782 1770 2836 paucas
1799 2768 2020 2823 virtutes
2044 2778 2159 2824 erat
2183 2771 2234 2825 in

637 2849 902 2919 singulis,
947 2867 1043 2921 per
1079 2868 1268 2908 omnes
1303 2855 1354 2909 in
1399 2856 1645 2911 omnibus
1686 2871 2070 2915 commoretur.
2101 2860 2232 2916 Sce-

659 2948 837 3007 ptrum
869 2951 1043 2996 autem
1074 2950 1129 2997 et
1165 2943 1365 3012 virgam
1405 2945 1611 3016 insigne
1638 2963 1758 3002 esse
1785 2951 2056 3019 regnantis
2079 2989 2093 3013 ,
2122 2950 2234 3019 ipse

656 3029 922 3100 Propheta
951 3033 1238 3103 significat,
1271 3035 1455 3090 dicens
1482 3055 1494 3090 :
1521 3037 1789 3091 Seevtrum
1817 3040 2095 3109 (vanitatis,
2123 3057 2230 3095 sce-

654 3133 821 3193 ptrum
849 3126 991 3196 regni
1015 3125 1255 3195 tui(lsai.
1289 3129 1375 3183 11.
1400 3129 1472 3199 1).
1494 3127 1718 3195 Quidam
1744 3129 1812 3183 de
1835 3130 1964 3185 Isaia
1995 3132 2232 3186 testimo-

653 3219 799 3271 nium
833 3219 1164 3287 proferentes
1195 3239 1209 3275 :
1241 3220 1388 3275 Exiet
1416 3223 1556 3292 virga
1584 3221 1648 3276 de
1672 3223 1844 3276 radice
1870 3223 2034 3290 Iesse,
2062 3233 2108 3277 et
2135 3225 2231 3294 ﬂos

651 3311 716 3363 de
744 3311 914 3364 radice
942 3311 1051 3380 ejus
1080 3312 1333 3376 ascendet,
1367 3311 1636 3366 hominem
1664 3313 1755 3382 qui
1783 3321 1868 3368 est
1895 3324 2228 3384 assumptus,

651 3399 970 3469 intelligunt,
997 3400 1082 3454 cui
1107 3410 1160 3454 et
1180 3399 1454 3454 deferatur
1484 3401 1785 3469 imperium,
1813 3411 1867 3456 et
1892 3403 1981 3472 qui
2014 3413 2231 3474 propter

651 3486 899 3540 dilectam
923 3486 1181 3555 justitiam
1211 3498 1264 3543 et
1290 3503 1502 3542 exosam
1529 3489 1860 3557 iniquitatem
1889 3508 2110 3560 regnare
2142 3492 2228 3546 di-

650 3587 839 3642 catur,
871 3585 924 3631 et
956 3587 1146 3631 unctus
1172 3592 1290 3632 esse
1320 3577 1440 3631 oleo
1467 3579 1842 3633 exsultationis
1872 3597 1978 3649 pra:
2011 3583 2227 3650 partici-

647 3668 804 3737 pibus
851 3668 1008 3721 suis:
1045 3667 1194 3736 quasi
1246 3667 1521 3737 pra-mium
1567 3668 1839 3734 caritatis,
1872 3679 1927 3724 et
1967 3669 2070 3723 odii
2118 3669 2224 3743 [aL

647 3756 850 3829 odium]
884 3758 1178 3826 iniquitatis
1211 3758 1260 3812 in
1304 3759 1554 3812 unctione
1598 3767 1928 3829 sumpturus.
1965 3761 2228 3817 Docetnnr

645 3856 824 3901 autem
867 3848 918 3902 in
969 3855 1195 3918 utraque
1245 3858 1395 3919 parte
1445 3857 1498 3904 et
1544 3849 1747 3904 amoris
1791 3861 1840 3905 ct
1878 3852 1983 3905 odii
2023 3868 2141 3908 esse
2173 3853 2224 3909 in

644 3939 797 3994 nobis
818 3941 1053 4006 semina,
1081 3953 1200 3995 cum
1238 3941 1352 4011 ipse
1387 3942 1474 4011 qui
1500 3941 1758 4012 primitias
1789 3957 1978 3998 massa:
2019 3933 2254 4000 nostro?

641 4039 761 4085 'ruut
792 4045 1078 4100 corporum
1111 4033 1304 4087 levavit
1331 4033 1396 4086 ad
1428 4035 1615 4098 cmlos,
1649 4043 1700 4088 et
1727 4034 1987 4104 justitiam
2019 4037 2224 4093 dilexe-

639 4124 733 4186 rit,
754 4130 805 4175 et
822 4121 995 4175 oderit
1013 4122 1366 4188 iniquitatem.
1391 4122 1541 4179 Unde
1569 4124 1734 4178 David
1759 4144 1770 4178 :
1797 4125 1979 4180 Nonne
1999 4128 2225 4183 odientes

641 4223 711 4276 te,
745 4213 978 4277 Domine,
1003 4213 1225 4277 oderam,
1249 4224 1296 4267 et
1313 4228 1464 4285 super
1483 4216 1710 4270 inimicos
1736 4225 1846 4270 tuos
1869 4217 2178 4273 tabescebam
2195 4219 2222 4273 7

645 4307 868 4372 perfecto
881 4304 996 4356 odio
1016 4303 1346 4359 oderamillos
1375 4303 1698 4377 (Ρε.158.;21
1716 4310 1755 4374 ).
1780 4307 1931 4374 Quod
1960 4310 2220 4378 sequitur;

653 4393 812 4448 Unin
839 4403 886 4447 te
915 4393 1072 4456 Deus,
1101 4396 1234 4450 Deus
1257 4406 1393 4449 tuus.
1418 4397 1654 4450 Primum
1684 4413 1878 4451 nomen
1909 4398 1998 4452 Dei
2023 4399 2224 4454 vocati-

645 4499 715 4537 vo
736 4498 862 4537 casu
890 4484 1289 4551 intelligendum
1315 4493 1418 4550 est,
1444 4501 1673 4555 sequens
1694 4488 2039 4541 nominativo.
2072 4487 2223 4556 Quod

644 4573 774 4628 satis
797 4573 981 4638 miror,
1001 4589 1096 4627 cur
1123 4573 1286 4646 385.
1307 4574 1493 4644 Aquila
1520 4589 1622 4629 non
1649 4583 1706 4629 ut
1731 4584 1966 4644 coeperat
1983 4577 2032 4630 in
2054 4577 2224 4646 primo

644 4663 932 4724 versiculo.
965 4666 1209 4720 vocativo
1239 4681 1366 4721 casu
1395 4670 1778 4736 interpretatus
1805 4669 1895 4733 sit,
1929 4667 2022 4722 sed
2055 4671 2225 4724 nomi-

640 4757 840 4810 nativo.
876 4756 959 4810 his
984 4756 1268 4811 nominans
1298 4757 1463 4811 Deum
1496 4757 1584 4826 qui
1615 4757 1977 4827 supradictum
2008 4762 2224 4816 unxerit

638 4845 828 4902 Deum.
860 4847 917 4901 In
950 4846 1052 4901 hoc
1079 4847 1199 4902 loco
1229 4847 1488 4902 Photinus
1528 4847 1847 4917 opprimitur
1866 4891 1880 4913 ,
1909 4850 2002 4904 sed
2028 4851 2218 4907 Arrius

637 4946 798 5006 caput
842 4938 1004 5005 levat,
1051 4937 1118 4992 de
1159 4936 1449 5008 Evangelia
1481 4937 1761 5008 proferens
1807 4939 2218 4996 testimonium:

643 5045 662 5079 ι
688 5030 932 5084 Ascendo
953 5029 1018 5083 ad
1037 5030 1245 5086 Patrem
1269 5046 1444 5086 meum
1469 5039 1522 5084 et
1541 5030 1749 5085 Patrem
1771 5042 2030 5096 vestrum,
2054 5031 2219 5088 Deum

596 5116 598 5118 ’
639 5131 818 5174 meum
848 5128 906 5174 et
937 5120 1100 5174 Deum
1138 5132 1372 5176 vestrum
1401 5140 1419 5173 ι
1465 5119 1645 5188 (Joan.
1676 5119 1766 5174 20.
1811 5119 1922 5192 17).
1957 5120 2060 5175 Sed
2097 5136 2220 5176 cum

637 5206 891 5265 dilectum
921 5208 1101 5264 audiat
1125 5225 1271 5277 eum,
1299 5209 1597 5265 accinctum
1627 5208 1806 5280 gladio
1831 5223 1994 5280 super
2026 5210 2216 5275 femur,

690 5341 767 5404 (ιι)
789 5341 924 5400 Quod
948 5341 1198 5404 explicare
1223 5355 1252 5392 e
1271 5342 1384 5392 Mss.
1404 5355 1500 5392 non
1518 5341 1740 5404 licet,cx
1758 5342 1956 5404 ingenio
1978 5341 2217 5391 nolumus.

631 5400 734 5465 Sed
757 5403 993 5465 integrior
1017 5400 1156 5453 certe
1179 5404 1276 5453 erit.
1297 5417 1488 5461 sensus,
1517 5411 1568 5452 et
1587 5403 1673 5465 qui
1699 5400 1851 5462 magis
1873 5403 2219 5465 Hieronymum

639 5416 734 5451 seu
757 5416 993 5464 Integrtor
1017 5416 1156 5453 certe
1179 5416 1276 5453 ertt.
1297 5417 1488 5461 sensus,
1517 5416 1568 5452 et
1590 5416 1673 5510 Ἱιιι
1699 5416 1851 5462 magis
1873 5416 2219 5465 nteronymum

639 5462 830 5535 doceat,
857 5463 1074 5534 silegas,
1104 5481 1126 5509 ι
1150 5462 1601 5535 ttosyroliter_intel
1625 5462 2098 5535 igentiamaohDeu’s,
2125 5476 2220 5535 non

640 5519 1020 5586 Deerjmsuipius
1042 5524 1203 5586 ,quod
1241 5519 1408 5572 Latina
1447 5525 1609 5586 lingua
1642 5519 1744 5586 Bon
1785 5519 1972 5586 recipit.
2002 5541 2025 5568 ι
2046 5524 2221 5583 Conjc-

636 5581 791 5629 cturis
815 5581 1117 5647 proferendis
1140 5585 1296 5632 locum
1317 5586 1408 5647 ipsi
1447 5581 1670 5646 praebent
1692 5584 1804 5632 Mss.
1835 5581 2081 5647 in'quibus
2119 5581 2216 5647 tum

637 5653 733 5705 vos
765 5649 860 5688 Dee
873 5642 1182 5705 desideratur
1201 5679 1214 5702 ,
1240 5642 1347 5691 tum
1367 5642 1460 5691 alia
1483 5650 1710 5705 veterum,
1728 5642 2079 5705 exscripioruzn
2107 5645 2216 5693 vitia

636 5700 946 5761 ingruerunt.
974 5699 1484 5762 Recolesuperiorcm
1508 5703 1864 5752 adnotationem
1889 5699 1931 5754 ὲ.

3832 302 3942 360 632

2346 414 2400 458 et
2443 419 2664 475 regnare
2711 415 2933 477 prepter
2967 388 3253 469 veritatem
3303 424 3358 470 et
3408 422 3888 482 mansuetudinem
3916 472 3935 496 ,

2344 495 2466 565 ungi
2496 496 2567 550 ob
2594 496 2844 553 dilectam
2864 498 3124 569 justitiam
3152 513 3208 559 et
3232 519 3451 562 exesam
3478 509 3847 582 iniquitatem,
3880 495 3934 574 et

2341 594 2555 640 unctum
2578 601 2695 642 esse
2717 605 2824 658 prae
2844 592 3182 648 consortibus
3202 596 3334 662 suis,
3352 597 3418 654 de
3439 601 3636 670 quibus
3658 607 3927 678 scriptum

2341 684 2424 730 est
2451 695 2464 730 :
2497 696 2516 730 ι
2540 677 2830 750 Partieipes
2858 680 3053 738 Christi
3085 685 3208 742 facti
3236 703 3442 760 sumus,
3474 693 3522 748 si
3554 704 3736 754 tamen
3777 704 3932 772 prin-

2341 768 2537 837 cipium
2581 770 2893 828 Substantize
2925 790 3092 846 usque
3134 779 3202 833 ad
3251 781 3412 838 linem
3444 785 3658 843 ﬁrmum
3691 768 3933 849 retinea-

2341 873 2458 912 mus
2493 878 2513 912 s
2545 858 2726 930 (Hebr.
2756 862 2808 917 5.
2837 862 2958 933 M);
2989 867 3154 922 miror
3180 883 3276 923 cur
3307 871 3380 942 (b)
3413 873 3587 930 solum
3619 878 3787 935 Deum
3832 883 3930 938 Dei

2304 962 2308 966 ·
2339 947 2405 1002 ad
2433 950 2752 1006 calumniam
2782 963 2956 1019 vocet,
2988 959 3138 1026 quasi
3179 954 3424 1016 universa
3453 981 3574 1034 quae
3601 968 3743 1024 dicta
3774 984 3925 1040 sunt,

2306 1050 2310 1054 '
2340 1039 2605 1095 divinitati
2630 1041 2788 1098 Verbi
2811 1053 2865 1099 et
2889 1061 2993 1100 non
3017 1046 3300 1105 humilitati
3324 1052 3557 1110 hominis
3576 1039 3924 1116 conveniant.

2339 1130 2535 1185 Audiat
2570 1135 2734 1188 Actus
2781 1136 3156 1204 Apostolorum
3191 1157 3217 1201 ε,
3243 1159 3262 1193 ι
3310 1143 3493 1199 Jesum
3538 1147 3872 1206 Nazarenam
3906 1194 3925 1218 ,

2339 1236 2497 1291 quem
2529 1224 2679 1277 unxit
2711 1225 2849 1280 Deus
2876 1226 3074 1297 Spiritu
3106 1241 3292 1285 sancto
3321 1252 3342 1284 ι
3374 1234 3510 1303 (Act.
3547 1238 3632 1292 10.
3666 1240 3778 1310 58).
3811 1243 3928 1296 Αυ-

2339 1311 2452 1365 diat
2483 1312 2827 1384 Evangelium
2855 1335 2868 1371 :
2898 1336 2917 1370 ι
2947 1318 3173 1388 Spiritus
3204 1332 3422 1380 sanctus
3449 1329 3627 1384 veniet
3653 1346 3815 1400 super
3845 1344 3922 1399 tc,

2340 1410 2394 1456 et
2417 1402 2586 1458 virtus
2614 1405 2875 1460 Altissimi
2899 1407 3269 1467 obrumbrabit
3301 1414 3393 1470 tibi
3421 1434 3434 1470 :
3459 1428 3746 1490 propterea
3777 1425 3922 1494 quod

2341 1505 2590 1550 nascetur
2609 1512 2673 1551 ex
2703 1506 2753 1552 te
2782 1509 3025 1554 sanctum
3047 1542 3063 1568 ,
3091 1503 3364 1560 vocabitur
3385 1505 3552 1564 Filius
3586 1511 3681 1567 Dei
3708 1532 3727 1566 ι
3757 1514 3917 1583 (Luc.

2341 1586 2390 1640 1.
2413 1585 2526 1657 55).
2542 1587 2716 1655 Ipsum
2731 1589 3012 1646 Dominum
3034 1595 3227 1648 sentiat
3248 1595 3566 1655 intonantem
3591 1620 3604 1656 :
3633 1621 3653 1654 ι
3676 1603 3922 1674 Spiritus

2342 1677 2550 1767 Domini
2574 1692 2736 1748 super
2754 1696 2860 1745 me,
2887 1696 2952 1736 eo
2977 1684 3118 1753 quod
3147 1687 3358 1742 unxerit
3384 1705 3467 1744 me
3491 1710 3509 1744 ι
3541 1691 3692 1762 (Isai.
3715 1695 3813 1750 6|.
3836 1697 3918 1767 1).

2341 1766 2633 1838 Participes
2657 1779 2833 1824 autem
2861 1772 3148 1841 Apostolos
3179 1776 3567 1850 credentesque
3603 1766 3915 1852 significat;

2341 1856 2532 1925 quibus
2558 1859 2824 1914 unctionis
2851 1876 2961 1916 sua:
2987 1865 3301 1920 vocabulum
3333 1868 3549 1935 tribuit,
3577 1879 3636 1926 ut
3659 1872 3728 1927 ab
3755 1884 3920 1930 uncto

2339 1957 2599 2003 vocentur
2624 1951 2788 2016 uncti,
2819 1951 2870 2005 id
2896 1960 2996 2014 est,
3025 1968 3054 2006 a
3079 1952 3293 2010 Christo
3315 1956 3626 2016 Christiani.

2416 2040 2502 2094 14.
2537 2057 2555 2090 ι
2582 2041 2794 2111 Myrrha
2831 2051 2884 2096 et
2913 2053 3057 2114 gutta
3087 2057 3140 2099 et
3165 2047 3304 2102 casia
3336 2063 3364 2102 a
3397 2051 3727 2109 vestimentis
3754 2057 3860 2112 tuis
3884 2073 3914 2112 τι

2339 2130 2586 2188 domibus
2627 2134 2877 2189 eburneis
2900 2175 2916 2200 ,
2955 2151 3019 2190 ex
3059 2138 3251 2206 quibus
3285 2140 3685 2200 delectaverunt
3712 2157 3763 2202 te
3792 2147 3913 2204 lilia:

2340 2238 2524 2294 regum
2543 2225 2594 2279 in
2614 2225 2816 2282 honore
2837 2237 2946 2282 tuo.
2969 2249 2988 2281 ι
3011 2228 3066 2284 In
3091 2231 3368 2300 llehraico,
3395 2254 3416 2289 ι
3436 2237 3646 2308 Myrrha
3667 2233 3724 2294 et
3743 2249 3913 2298 stacte

2339 2322 2393 2368 et
2420 2316 2563 2370 casia
2590 2316 2642 2370 in
2665 2319 2871 2374 cunctis
2894 2322 3228 2378 vestimentis
3253 2325 3358 2381 tuis
3385 2325 3452 2381 de
3476 2329 3728 2386 domibus
3752 2332 3910 2388 ebur-

2340 2407 2456 2461 neis
2475 2447 2490 2472 ,
2520 2408 2712 2478 quibus
2741 2409 3148 2468 ltetilicaverunt
3178 2425 3228 2469 te
3258 2415 3379 2471 tiliae
3409 2433 3592 2489 regum
3624 2421 3676 2475 in
3709 2421 3912 2480 honore

2340 2503 2452 2550 tuo.
2483 2516 2501 2548 ι
2531 2497 2780 2553 Prrcl'atio
2805 2500 2920 2570 ipsa
2952 2511 3001 2558 te
3026 2503 3227 2572 docuit,
3255 2507 3454 2564 idcirco
3482 2527 3568 2566 me
3597 2510 3743 2567 hunc
3764 2515 3913 2570 Psal-

2337 2603 2481 2643 mum
2507 2589 2796 2659 explanare
2822 2593 3085 2658 voluisse,
3115 2597 3236 2665 quia
3262 2597 3327 2652 ad
3359 2600 3619 2670 virginem
3646 2605 3909 2672 scribens,

2337 2694 2430 2749 pro
2456 2679 2576 2733 (iliis
2600 2689 2652 2733 et
2680 2678 2900 2736 ﬂoribus
2926 2682 3135 2738 titulum
3158 2687 3356 2756 reperi.
3378 2687 3559 2760 Itaque
3579 2707 3912 2764 consequen-

2339 2778 2422 2824 ter
2448 2778 2508 2825 et'
2527 2771 2655 2827 istos
2681 2774 2976 2830 versiculos
2995 2775 3060 2830 ad
3085 2784 3138 2832 te
3156 2777 3408 2847 referam,
3429 2782 3515 2836 cui
3538 2785 3787 2840 volumen
3809 2786 3910 2845 hoc

2336 2863 2607 2918 scribitur.
2648 2863 2976 2923 Mortiﬁcasti
3019 2871 3255 2926 membra
3287 2884 3373 2927 tua
3412 2890 3574 2946 super
3600 2886 3831 2947 terram,
3858 2893 3911 2937 et

2335 2954 2572 3024 quotidie
2597 2954 2811 3012 Christo
2837 2958 2997 3014 offers
3023 2960 3316 3032 myrrham.
3352 2964 3549 3021 Christi
3579 2968 3751 3024 bonus
3779 2971 3910 3026 odor

2335 3058 2396 3098 es
2417 3052 2517 3111 ,‘et
2544 3055 2824 3114 prepterea
2855 3059 3047 3104 stacten
3073 3093 3088 3118 ,
3128 3053 3178 3107 id
3208 3067 3290 3109 cst
3313 3097 3329 3123 ,
3361 3057 3552 3112 stillam
3595 3061 3675 3116 vel
3716 3074 3907 3134 guttam

2334 3133 2565 3189 exhibes
2596 3136 2839 3192 Domino.
2872 3139 3098 3196 Narrant
3121 3153 3173 3199 ct
3195 3145 3245 3199 hi
3274 3148 3359 3216 qui
3386 3160 3684 3207 aromatum
3715 3133 3908 3210 novere

2332 3224 2592 3292 virtutes,
2621 3237 2823 3284 stacten
2855 3228 3041 3286 norem
3073 3248 3194 3289 esse
3237 3238 3490 3308 myrrhae.
3537 3241 3688 3308 Quod
3731 3254 3904 3299 autem

2332 3319 2573 3386 sequitur
2596 3319 2755 3388 casia,
2783 3332 2866 3376 est
2894 3323 3004 3392 ipsa
3032 3341 3150 3394 qua:
3178 3327 3244 3381 ab
3296 3329 3414 3385 aliis
3440 3338 3600 3402 σύριγξ
3628 3334 3680 3389 id
3710 3346 3812 3403 est,
3841 3341 3902 3408 ﬁ-

2331 3407 2467 3459 stula
2515 3419 2880 3478 nuncupatur,
2905 3415 3103 3490 vocalis
3152 3417 3313 3491 385
3361 3420 3412 3474 in
3453 3420 3636 3478 laudes
3675 3425 3812 3494 Dei,
3852 3440 3906 3484 et

2332 3507 2521 3549 omnes
2561 3497 2776 3566 pituitas
2815 3509 2870 3556 et
2906 3503 3184 3560 rheumata
3224 3510 3552 3578 voluptatum
3591 3530 3692 3570 suo
3731 3520 3905 3576 calore

2331 3599 2652 3656 excoquens.
2697 3589 2796 3644 Ubi
2839 3591 2892 3646 in
2933 3597 3129 3649 nostris
3169 3597 3440 3655 codicibus
3481 3605 3738 3674 scripturn
3785 3619 3902 3674 est,

2331 3685 2492 3743 gutta,
2523 3677 2605 3732 vel
2629 3687 2801 3744 stacte,
2831 3680 2882 3736 in
2911 3683 3172 3742 llehraico
3195 3704 3407 3744 ιιΑιοτιι
3437 3692 3652 3763 legitur.
3676 3697 3831 3754 Unde
3855 3711 3904 3756 et

2330 3765 2653 3824 Nicodemus
2679 3783 2894 3829 centum
2924 3775 3090 3834 libras
3121 3781 3352 3852 myrrha:
3381 3795 3433 3839 et
3465 3787 3611 3842 aloes
3641 3791 3706 3844 ad
3752 3809 3904 3862 sepe-

2331 3859 2568 3916 liendum
2615 3864 2896 3922 Dominum
2938 3873 3276 3942 praeparavit.
3311 3876 3376 3929 Et
3405 3892 3635 3948 sponsus
3675 3859 3906 3954 loquitur

2330 3950 2395 4005 ad
2433 3966 2682 4022 sponsam
2715 3974 2729 4009 :
2760 3956 2974 4028 Myrrha
3001 3971 3047 4015 et
3085 3964 3196 4016 aloe
3222 3979 3335 4017 cum
3375 3970 3606 4025 omnibus
3643 3950 3905 4045 unguentis

2329 4042 2507 4110 primis
2551 4043 2719 4113 (Cant.
2751 4045 2831 4116 4).
2861 4047 2928 4102 Ει
2966 4049 3052 4103 illa
3095 4055 3382 4122 respondet
3413 4075 3425 4110 :
3459 4059 3647 4115 Manus
3676 4042 3802 4118 mete
3825 4068 3904 4118 di-

2327 4133 2646 4190 stillaverunt
2671 4139 2968 4207 myrrham;
2998 4142 3144 4213 digiti
3168 4147 3264 4198 mei
3289 4149 3496 4218 myrrha
3517 4153 3654 4219 pleni
3670 4154 3721 4223 (Ι
3727 4156 3828 4210 bid.
3849 4157 3903 4212 5.

2329 4223 2408 4294 5).
2438 4226 2645 4296 Projice
2674 4237 2726 4283 ct
2757 4239 2810 4284 tu
2839 4233 3025 4287 mortis
3045 4250 3227 4303 opera.
3252 4237 3467 4294 Christo
3513 4243 3564 4296 in
3591 4243 3906 4314 baptismate

2329 4316 2683 4385 consepulta,
2729 4327 2784 4374 et
2831 4320 2955 4375 huic
2996 4323 3193 4378 mundo
3236 4337 3446 4382 mortua
3482 4341 3639 4397 esto,
3681 4345 3732 4388 et
3775 4338 3904 4391 nihii

2327 4403 2468 4459 aliud
2492 4405 2592 4461 nisi
2613 4405 2682 4462 de
2703 4409 3012 4466 caelestibus
3033 4415 3294 4484 cogitans,
3324 4417 3542 4488 loquere
3562 4423 3627 4476 ad
3653 4439 3906 4493 sponsum

2331 4504 2478 4551 tuum
2515 4514 2528 4550 :
2565 4497 2750 4553 Manus
2785 4517 2912 4555 mete
2948 4502 3262 4559 stillaverunt
3296 4511 3591 4579 myrrham;
3629 4516 3775 4585 digiti
3814 4519 3912 4571 mei

2327 4589 2536 4657 myrrha
2578 4589 2732 4659 pleni.
2777 4590 3026 4661 Legimus
3069 4603 3122 4648 et
3166 4608 3492 4668 unguentum
3517 4603 3907 4672 sacerdotale,

2325 4678 2478 4747 cujus
2505 4687 2560 4733 et
2587 4679 2753 4735 David
2779 4683 3023 4738 meminit
3049 4702 3062 4738 :
3089 4685 3235 4740 Sicut
3271 4701 3582 4760 unguentum
3615 4693 3666 4746 in
3703 4697 3870 4765 capite
3891 4737 3907 4761 ,

2326 4768 2464 4838 quod
2489 4769 2746 4825 descendit
2771 4772 2824 4826 in
2849 4773 3077 4840 barbam,
3105 4775 3311 4831 barbam
3329 4779 3518 4844 Aaron,
3543 4781 3680 4849 quod
3697 4784 3911 4839 descen-

2327 4862 2401 4914 dit
2443 4863 2499 4916 in
2528 4878 2669 4916 orant
2697 4865 2975 4919 vestimenti
3014 4867 3124 4937 ejus
3155 4867 3274 4938 (Ps.
3305 4870 3426 4925 152.
3454 4869 3530 4939 2).
3563 4870 3618 4924 In
3645 4887 3752 4940 quo
3781 4889 3909 4929 cum

2327 4956 2541 5011 cmteris
2580 4957 2908 5013 aromatibus
2951 4959 3205 5015 miscetur
3249 4972 3302 5016 et
3343 4971 3529 5018 stacte.
3575 4960 3822 5020 Oﬂerunt
3856 4977 3912 5020 et

2326 5046 2461 5117 Magi
2493 5047 2785 5118 myrrham.
2821 5049 2886 5104 Et
2923 5049 2974 5104 in
3019 5053 3272 5120 praesenti
3302 5052 3422 5108 loco
3447 5093 3462 5117 ,
3505 5052 3715 5108 initium
3746 5057 3909 5110 vesti-

2326 5149 2630 5194 mentorum
2660 5137 2865 5194 Christi
2895 5149 2977 5194 est
3002 5141 3278 5212 suscipere
3307 5153 3537 5197 mortem
3566 5143 3741 5212 illius,
3773 5154 3828 5200 et
3855 5146 3904 5199 in

2327 5245 2421 5285 sua
2449 5245 2612 5285 carne
2656 5239 2979 5286 monstrare.
3023 5230 3148 5287 Haec
3194 5231 3503 5287 indumenta
3537 5248 3662 5303 para
3709 5249 3907 5304 sponso

2327 5329 2419 5375 tuo
2449 5337 2462 5374 :
2494 5320 2575 5375 his
2604 5335 2634 5374 a
2676 5328 2727 5376 te
2764 5321 3003 5378 vestibus
3038 5330 3284 5391 comptus
3322 5321 3555 5377 incedat.
3588 5323 3829 5396 Cumque
3856 5325 3904 5379 ei

2393 5519 2454 5586 (ly)
2494 5519 3054 5586 Qui«.lam_hiss._qulhu_s
3069 5519 3417 5586 _\'etustlssima
3455 5519 3614 5586 editio
3660 5523 3905 5575 concinit.

2333 5599 2355 5627 ιι
2376 5578 2525 5631 miror
2549 5579 2826 5644 curgsolium
2848 5578 3040 5644 Domini
3064 5578 3156 5629 Dei
3180 5580 3238 5627 ad
3261 5579 3547 5644 calumniam
3568 5589 3713 5644 vocet
3736 5619 3748 5642 ,
3774 5595 3906 5644 quasi

2327 5645 2494 5700 verba,
2521 5642 2713 5691 «Sedes
2736 5650 2839 5697 tua,
2855 5641 2934 5689 vel
2957 5641 3180 5690 Thronns
3198 5649 3306 5688 tuus
3329 5639 3466 5688 Dens
3484 5641 3535 5688 in
3560 5639 3908 5691 saeculum'ste-

2326 5704 2468 5765 culi,»
2485 5703 3014 5764 Arriusyrzetenderet,
3031 5708 3176 5763 atque
3199 5702 3245 5749 in
3269 5701 3496 5750 haeresm
3516 5713 3654 5750 suam
3668 5705 3906 5758 traheret.
