4056 6184
227 291 344 349 635

227 402 608 476 hujuscemodi
633 404 872 460 texueris
891 401 1230 466 vestimenta,
1259 399 1508 457 el'tieieris
1533 403 1646 471 ipsa
1673 409 1810 456 tem-

228 497 388 568 plum
415 495 531 560 Dei,
551 505 606 552 et
630 494 920 550 lmtiﬁcabis
939 509 1063 550 eum
1085 494 1148 549 de
1167 493 1400 547 domibus
1419 491 1669 558 eburneis,
1695 491 1811 546 sive

229 595 300 642 ut
323 587 510 642 melius
531 587 586 640 in
608 585 866 640 Hebraico
887 585 1157 648 scribitur,
1177 583 1242 637 de
1262 584 1447 654 templo
1468 583 1729 646 dentium;
1756 589 1812 636 et

231 675 424 731 laudes
452 675 675 729 Domino
699 689 883 740 canes,
915 682 1133 744 totaque
1155 671 1355 728 saeculo
1381 682 1610 736 mortua,
1635 672 1809 740 Ange-

228 765 409 821 lorum
431 765 726 820 imitaberis
743 766 956 820 choros.
979 766 1125 820 Ebur
1140 765 1283 819 enim
1301 772 1358 818 et
1373 763 1580 827 dentes,
1599 761 1809 830 insigne

225 869 355 910 esse
381 854 568 909 mortis
598 864 652 910 et
680 857 824 910 vocis
864 856 977 925 ipsa
1023 857 1299 910 nominum
1342 862 1526 908 natura
1558 860 1806 906 testatur.

224 943 298 998 Et
321 954 719 1014 consequenter
740 944 1049 1014 adjunctum
1071 955 1153 1000 est
1175 962 1190 1000 :
1215 943 1300 998 Ex
1323 942 1499 1013 quibus
1528 943 1808 996 delectave-

220 1044 348 1088 runt
371 1045 418 1088 te
443 1037 568 1104 ﬁlia:
595 1052 772 1106 regum
808 1037 860 1088 in
901 1037 1085 1090 honore
1123 1046 1230 1090 tuo.
1265 1036 1380 1090 Rex
1409 1050 1594 1102 regmn
1624 1044 1678 1088 et
1707 1033 1810 1086 Do-

221 1126 408 1181 minus
451 1127 842 1181 dominantium
863 1142 1091 1197 sponsus
1116 1138 1238 1183 tuus
1281 1137 1386 1183 est.
1413 1126 1491 1198 (l)
1521 1127 1693 1196 Reges
1721 1125 1806 1180 isti

217 1217 319 1284 qui
349 1216 451 1270 sub
482 1226 630 1270 tanto
657 1232 781 1286 rege
809 1228 933 1272 sunt
956 1219 1142 1288 reguli,
1171 1227 1348 1287 patres
1368 1219 1444 1272 tui
1467 1225 1612 1282 sunt,
1637 1216 1726 1285 qui
1754 1224 1807 1269 te

222 1305 551 1375 Evangelica
574 1321 812 1376 genuere
834 1306 1096 1360 doctrina.
1121 1307 1320 1361 Horum
1344 1317 1399 1360 tu
1426 1306 1553 1370 lilia,
1585 1304 1806 1359 honori-

223 1394 361 1448 ﬁcas
415 1396 467 1448 in
510 1395 760 1450 omnibus
800 1396 1133 1450 vestimentis
1171 1404 1225 1449 et
1266 1394 1520 1449 odoribus
1558 1393 1714 1448 bonis
1752 1401 1808 1447 et

223 1485 434 1552 templo
472 1485 712 1540 eburneo
748 1501 870 1542 eum
896 1528 911 1551 ,
941 1488 1026 1541 cui
1067 1501 1224 1555 supra
1250 1487 1449 1541 dictum
1477 1497 1597 1541 est:
1626 1486 1806 1554 E/fusa

217 1583 296 1628 est
333 1575 502 1644 gratia
525 1577 576 1628 in
606 1575 751 1629 labiis
785 1577 918 1643 tuis;
949 1577 1014 1630 Et
1036 1595 1050 1631 :
1076 1577 1348 1647 Accingere
1415 1579 1580 1650 386
1634 1579 1804 1648 gladio

222 1674 316 1717 tuo
349 1679 504 1732 super
542 1666 708 1734 femur
749 1677 891 1719 tuum
931 1668 1301 1733 potentissime;
1333 1668 1432 1732 Et,
1466 1669 1680 1738 Sagitta:
1707 1677 1806 1721 tua:

221 1763 428 1820 acuta;
459 1755 544 1818 Et,
567 1755 803 1810 Tltrouus
829 1767 948 1811 tuus
976 1755 1117 1810 Deus
1145 1758 1198 1809 in
1222 1759 1464 1811 secutum
1491 1759 1679 1813 stcculi.
1700 1759 1802 1814 Pro

220 1862 292 1901 eo
317 1846 458 1916 quod
501 1860 599 1901 nos
644 1846 1012 1900 transtulimus
1040 1847 1270 1901 domibus
1296 1848 1527 1902 eburneis
1550 1889 1567 1914 ,
1597 1850 1720 1919 quia
1748 1849 1800 1904 in

220 1935 414 1991 (ἐι-αεςο
427 1935 683 2004 scriptum
702 1945 784 1989 est
801 1938 898 1990 ἀπὸ
927 1944 1110 2008 peplo»
1133 1943 1432 2009 ἐλῳαντίνων
1457 1937 1672 2007 quidam
1701 1937 1804 1992 La-

226 2027 460 2081 tinorum
487 2025 556 2080 ob
585 2025 734 2080 vet-bi
760 2026 1181 2096 ambiguitatem,
1211 2044 1245 2079 a
1271 2027 1508 2097 gravibus
1538 2027 1802 2097 interpre-

221 2116 319 2170 tati
357 2125 510 2178 sunt,
539 2130 659 2170 cum
684 2116 762 2185 (η)
788 2122 932 2186 pcipi;
968 2115 1193 2170 verbum
1226 2117 1297 2170 sit
1343 2123 1596 2189 ὅπιχώριον
1626 2119 1800 2172 Palae-

218 2205 381 2260 stina:
405 2223 420 2260 :
445 2215 499 2260 et
521 2221 686 2276 usque
709 2207 867 2261 hodie
887 2206 1076 2260 domus
1089 2221 1156 2260 ex
1171 2207 1314 2260 omni
1338 2219 1488 2276 parte
1511 2210 1798 2275 concluszr,

221 2307 279 2351 et
309 2298 361 2350 in
392 2296 605 2354 modum
631 2298 902 2352 aediﬁcata:
929 2298 1157 2352 turrium
1182 2311 1244 2352 ac
1274 2299 1531 2354 mmnium
1563 2301 1801 2370 publico-

220 2403 364 2450 rum,
391 2395 559 2460 βάρεις
585 2389 938 2458 appellentur.

294 2479 381 2532 15.
417 2496 436 2529 ‹
460 2479 642 2533 Astitit
666 2479 847 2549 regina
891 2493 922 2532 a
963 2477 1169 2533 dextris
1195 2478 1299 2533 tuis
1325 2478 1376 2532 in
1409 2481 1603 2534 vestitu
1629 2480 1796 2536 deau-

221 2577 394 2635 ratop
418 2571 663 2641 quodque
675 2571 964 2641 sequimur:
995 2571 1355 2626 «circumdata
1374 2572 1797 2633 varietates,ex-

220 2675 375 2735 cepta
407 2666 653 2721 Editione
685 2665 922 2734 Vulgata,
956 2665 1132 2719 nullus
1174 2665 1522 2734 interpretum
1563 2675 1797 2720 transtu-

217 2754 304 2811 lit.
339 2755 392 2810 lu
426 2756 706 2821 llebraico,
745 2773 765 2806 ‹
795 2755 954 2810 Stetit
979 2755 1173 2823 coniux
1201 2755 1252 2808 in
1277 2753 1463 2809 dextra
1495 2766 1581 2809 tua
1611 2756 1662 2809 in
1686 2755 1798 2809 dia-

219 2846 434 2900 demate
460 2862 642 2901 aureo.
676 2865 695 2899 ι
731 2845 830 2901 Ubi
853 2861 950 2900 nos
971 2849 1236 2917 conjttgem
1256 2847 1535 2913 vertimus,
1566 2848 1634 2901 ibi
1655 2849 1795 2917 apud

222 2937 475 2992 llebraeos
507 2939 699 3008 legitur
723 2953 906 2997 sseae.
937 2938 1042 2994 Pro
1083 2953 1188 3008 quo
1215 2938 1402 3007 Aquila
1435 2939 1510 3009 (b)
1534 2945 1794 3006 σύγκοιτον,

201 3028 275 3083 .id
296 3037 398 3094 est,
426 3031 756 3084 concubinam
779 3047 793 3079 :
817 3029 1168 3099 Symmachus
1189 3038 1240 3083 et
1260 3027 1454 3096 Quinta
1472 3029 1650 3084 Editio
1675 3038 1798 3083 rm).-

220 3129 386 3185 λακήδ,
419 3121 471 3174 id
500 3130 602 3183 est,
637 3120 896 3189 pellicem,
928 3118 1271 3188 Septuaginta
1291 3160 1306 3184 ,
1338 3119 1670 3174 Theodotion
1696 3161 1711 3184 ,
1743 3129 1798 3175 ct

220 3211 407 3273 Sexta,
438 3213 666 3282 reginam
699 3210 1029 3277 interpretati
1056 3221 1199 3264 sunt.
1231 3211 1432 3266 Deinde
1461 3213 1546 3266 ubi
1575 3228 1672 3283 ego
1699 3228 1796 3282 po-

218 3303 328 3367 sui,
351 3301 404 3354 in
430 3302 712 3354 diademate
727 3315 901 3364 aureo,
921 3299 1271 3370 Symmachus
1295 3301 1582 3368 transtulit,
1606 3304 1657 3355 in
1673 3320 1796 3357 auro

220 3394 386 3462 primo
411 3408 430 3445 :
460 3393 669 3462 Aquila,
692 3393 881 3460 Quinta
909 3400 962 3446 et
982 3392 1140 3445 St'xta
1161 3391 1353 3454 Editio.
1377 3392 1428 3444 in
1451 3394 1688 3456 tinctura,
1715 3397 1794 3449 vel

218 3486 274 3538 in
295 3499 422 3536 auro
455 3483 782 3552 0phir.Qme
801 3483 924 3541 ﬁlim
944 3497 1125 3552 regum
1153 3490 1292 3545 sunt,
1314 3490 1369 3537 et
1412 3484 1462 3536 in
1493 3485 1672 3552 sponsi
1707 3500 1798 3553 pa.

219 3586 406 3635 rantur
430 3577 706 3646 amplexus
726 3617 741 3638 ,
773 3591 868 3645 per
909 3574 1180 3645 myrrham
1208 3582 1264 3628 et
1291 3583 1491 3643 guttam
1521 3585 1574 3630 et
1597 3577 1794 3631 casiam

221 3678 280 3724 et
300 3671 489 3723 domos
521 3668 784 3722 eburneas
812 3667 1082 3723 delectant
1110 3682 1254 3731 cum,
1293 3666 1446 3736 cujus
1493 3666 1714 3723 thronus
1744 3669 1795 3722 in

217 3763 471 3819 multum
502 3763 682 3816 saeculi
708 3769 810 3815 est.
852 3763 981 3826 Quae
1025 3769 1200 3814 autem
1245 3759 1354 3828 jam
1403 3774 1566 3828 super
1592 3769 1796 3827 petram

217 3855 489 3911 Christum
517 3855 691 3910 stabili
721 3855 902 3910 radice
930 3853 1147 3909 fundata
1190 3865 1274 3910 est
1311 3855 1585 3910 Catholica
1615 3856 1800 3912 Eccle-

283 4025 358 4086 (a)
392 4023 609 4074 Verbum
630 4036 745 4085 βάμς,
765 4023 892 4086 quod
910 4034 1096 4086 itaque»
1117 4026 1224 4086 sive
1247 4024 1557 4075 vernaculum
1575 4027 1799 4077 Palaesti-

220 4084 302 4141 nae
320 4084 432 4134 esse
452 4087 614 4139 docet.
634 4084 748 4145 quid
771 4084 1086 4147 Signiﬁcat-et,
1111 4084 1192 4133 alii
1215 4093 1358 4147 antea
1383 4086 1682 4147 interpretes
1705 4104 1799 4140 non

217 4147 732 4213 videntugassecuti,
760 4146 980 4193 scribunt
1013 4147 1143 4192 enim
1183 4146 1283 4213 pari
1324 4160 1496 4197 omnes
1519 4146 1652 4213 '_vitio
1692 4163 1799 4213 βιρδς

220 4222 332 4258 cum
358 4221 400 4270 ῃ
420 4205 562 4271 sileo,
586 4207 715 4269 quod
750 4213 828 4255 est
849 4218 1035 4271 grave,
1055 4205 1280 4271 et_pattlo
1306 4214 1410 4267 post
1445 4207 1623 4256 eodem
1649 4205 1800 4261 sensti

222 4267 373 4332 etiani
396 4267 830 4330 plurium—numero
850 4267 992 4332 ξιειριις.Δ
1011 4267 1075 4316 At
1092 4268 1298 4332 Hieron.
1326 4283 1444 4329 βάρις,
1464 4276 1515 4332 et
1540 4284 1658 4332 βάρεις
1680 4273 1799 4320 scri-

221 4332 271 4395 bi
298 4329 415 4388 vult,
443 4342 550 4395 non
575 4339 631 4395 ut
649 4342 794 4395 grave
816 4329 1002 4395 aliquid
1013 4329 1139 4395 ;_scd
1161 4335 1221 4395 _ut
1243 4342 1431 4389 magna?
1455 4329 1624 4381 domus
1647 4334 1798 4393 signi-

225 4393 447 4440 ﬁcentur.
471 4390 668 4440 Scholia
689 4392 855 4441 Greca
873 4390 1002 4463 apud
1029 4390 1257 4463 Drpsimn
1282 4405 1398 4461 βάρεις
1423 4390 1801 4463 ίςιχφῳςλςτῖαντιι

222 4465 318 4515 παρὰ
340 4465 458 4515 eam
480 4463 519 4501 αι
536 4465 688 4516 μιγάλω.
707 4466 832 4502 ειιίαι.
861 4450 996 4516 saris
1029 4450 1186 4516 vulgo,
1210 4450 1597 4516 semjna‘la'loci
1618 4450 1801 4506 idioma

224 4513 448 4576 uocantur
472 4529 501 4561 α
525 4513 658 4576 Syris
682 4526 857 4576 magna
881 4513 1066 4576 domus.
1107 4513 1160 4576 In
1184 4513 1417 4574 singulari
1452 4516 1570 4576 item
1596 4529 1800 4567 numero

225 4576 369 4623 tradit
389 4573 637 4636 .loseplius
656 4577 720 4624 de
742 4573 882 4624 Bt-llo
906 4573 988 4621 lib.
1009 4575 1053 4622 l.
1072 4587 1116 4622 e.
1134 4573 1181 4622 6.
1210 4573 1310 4636 βάρπ
1334 4574 1624 4636 appellatam
1649 4576 1798 4628 fuisse

225 4637 412 4691 turrim,
438 4635 548 4699 quae.
572 4646 740 4699 postea
761 4635 967 4685 Antonia
989 4636 1116 4684 dicta
1141 4642 1235 4699 est,
1261 4635 1474 4698 indeptum...
1511 4649 1622 4686 πάλαι
1643 4650 1706 4696 μὶν
1730 4653 1796 4699 βά.

226 4722 276 4762 νίς
299 4696 586 4758 δνομζάᾖινονξ
614 4701 806 4762 proprie
846 4699 1060 4762 euim__it_t
1092 4696 1295 4762 modum
1321 4696 1523 4745 turrium
1550 4696 1800 4762 aedificata)

225 4756 392 4806 domus
416 4756 532 4820 βάρεις
554 4756 936 4821 appellabantur.
961 4756 1207 4808 Hebraice
1233 4764 1310 4806 est
1344 4764 1475 4812 m9:
1507 4759 1671 4818 Biralt,
1697 4769 1798 4811 tum

228 4829 274 4891 l.
298 4829 503 4891 Paralip.
537 4829 706 4878 XXIX.
733 4831 779 4880 l.
803 4830 886 4878 ubi
914 4841 1003 4890 pro
1025 4827 1278 4891 magniﬁco
1301 4829 1528 4891 aedilicio,
1545 4837 1797 4891 sentem-

228 4890 308 4951 plo
324 4889 544 4945 sumitur,
571 4899 672 4942 tum
697 4891 901 4952 plurium
918 4889 1123 4939 numero
1145 4896 1320 4945 nam
1343 4890 1388 4937 2.
1414 4889 1625 4952 Paralip.
1646 4889 1794 4942 XVII.

233 4957 310 5021 t3.
333 4959 461 5021 quod
480 4959 686 5021 Vulgata
720 4961 870 5010 vertit
892 4959 1056 5009 dantes
1080 4962 1146 5009 ad
1169 4959 1321 5008 instar
1344 4957 1568 5021 turrium.
1595 4958 1694 5021 Sed
1718 4973 1801 5009 ve-

232 5018 622 5094 ῑξιξξβέιειωξυῐη
644 5034 821 5094 ποωεξῐῑ
840 5029 937 5094 est».
957 5022 1086 5094 990d
1107 5021 1154 5070 ε’-
1177 5021 1374 5094 lissi-.1:
1392 5022 1437 5068 ί·
1464 5019 1657 5094 Dauid.
1675 5021 1722 5094 8,·
1748 5021 1796 5070 2-

231 5078 411 5131 Estber
439 5080 479 5142 l_.
506 5080 553 5142 2.
579 5089 725 5142 atque
748 5083 858 5133 alibi
881 5078 1093 5132 additum
1131 5083 1311 5132 nomini
1347 5091 1507 5142 Susan,
1522 5083 1795 5142 invenitur.

231 5139 563 5192 Sason-limit
587 5139 713 5202 quod
746 5151 822 5190 est
856 5153 1005 5192 Susun
1038 5157 1156 5201 Arx,
1183 5143 1262 5192 vel
1295 5143 1466 5202 Regia.
1492 5141 1600 5189 Vid.
1627 5141 1800 5193 hiero-

231 5203 497 5267 "1035119)"
521 5204 667 5251 Amos
687 5215 792 5264 cap.
823 5204 866 5252 l.
891 5206 967 5254 1’2.
992 5212 1044 5254 et
1067 5219 1169 5267 cap.
1194 5205 1433 5267 ultimorin
1461 5203 1645 5267 Isaiam.

230 5261 364 5376 l_'(bl)
400 5261 641 5375 νίυιῗιήυδ
671 5261 867 5326 σῡγιὶοιτιν,
909 5261 1314 5327 quemadmodum
1337 5266 1451 5313 olim
1473 5265 1620 5312 etiam
1652 5261 1802 5323 Agel-

251 5338 322 5374 tus
364 5337 512 5376 etzera
539 5361 555 5375 .

251 5326 322 5374 ius
343 5326 555 5375 lauerat.

296 5385 357 5452 (η
398 5385 549 5452 Hand
577 5387 720 5452 aliter
742 5386 987 5452 Origenes
1005 5389 1089 5452 qui
1126 5387 1296 5452 [leges
1319 5401 1421 5452 eos
1449 5398 1561 5436 esse
1601 5385 1804 5452 exponit

228 5446 416 5512 modos
433 5448 711 5511 discipulos,
734 5446 1050 5512 quiregnum
1071 5446 1302 5500 cwlorum
1324 5446 1804 5512 obtinucrtmt,’lilias

230 5522 345 5579 Y-‘L’m
589 5522 656 5568 τίς
678 5507 880 5562 “iam”
902 5507 1116 5579 ἦνιν-’μινυς
1130 5523 1210 5561 κατ’
1386 5523 1498 5575 ψυχὰς
1517 5509 1701 5579 αηέηιαὲ
1743 5507 1803 5555 ab

228 5569 325 5621 illis
344 5570 410 5621 ad
429 5569 616 5623 virtutis
638 5584 856 5621 normam
876 5569 1166 5635 eifortitatas,
1190 5569 1276 5635 seu
1296 5569 1801 5635 qerterotasllegiuam

231 5586 325 5621 uua
344 5586 408 5621 aa
429 5586 616 5623 unum
638 5586 856 5621 normam
876 5586 1166 5635 enormatas,
1190 5586 1276 5622 seu
1296 5586 1801 5678 qeneratasmeglmam

231 5645 371 5698 porro
410 5635 564 5698 ipsam
609 5635 657 5681 in
703 5635 881 5698 vestitu
924 5634 1160 5683 deaurato
1204 5631 1470 5686 Ecclesium
1509 5631 1660 5684 Catbo
1682 5632 1802 5679 icam

229 5693 538 5745 Admnatitius
558 5707 756 5757 quoque
779 5695 1146 5761 interpretatur.

1593 285 1924 344 EPISTOLA
1965 288 2126 345 LXV.

3386 301 3498 361 654

1918 401 2018 466 sia,
2047 416 2148 456 una
2171 402 2438 470 columba,
2464 405 2696 475 perlecta
2720 416 2776 463 et
2805 410 3044 478 proxima
3068 419 3173 468 stat
3201 427 3233 468 a
3260 413 3488 485 dextris,

1915 505 1969 550 et
1999 495 2128 552 nihil
2158 497 2212 552 in
2241 511 2301 553 se
2325 498 2600 555 sinistrum
2630 499 2813 556 habet.
2843 501 2962 557 Stat
2987 503 3040 558 in
3071 507 3305 562 vestibus
3327 508 3493 564 deau-

1913 587 2064 652 ratis,
2088 585 2156 642 de
2183 589 2517 645 sermonibus
2544 589 2936 660 Scripturarum
2971 593 3036 647 ad
3067 609 3279 651 sensum
3311 607 3489 655 trans-

1913 679 2050 744 iens,
2096 690 2151 736 et
2191 683 2396 736 cunctis
2421 682 2575 751 plena
2603 683 2919 739 virtutibus:
2947 685 3062 740 sive
3095 695 3153 740 ut
3179 703 3274 742 nos
3306 700 3487 747 trans-

1914 770 2147 836 tulimus,
2178 772 2230 825 in
2247 772 2529 826 diademate
2552 789 2730 828 aureo.
2756 774 2849 828 Est
2869 775 3011 828 enim
3037 777 3239 846 regina,
3265 791 3484 850 regnat-

1911 873 2016 928 que
2040 875 2160 914 cum
2181 876 2309 930 rege
2331 876 2351 916 :
2377 862 2528 931 cujus
2550 863 2684 918 tilias
2706 879 2990 932 possumus
3017 865 3334 938 intelligere,
3362 878 3415 924 et
3438 871 3489 924 in

1911 965 2194 1006 commune
2231 951 2563 1008 credentium
2601 955 2843 1018 animas,
2874 963 2930 1010 et
2971 957 3184 1025 proprie
3225 957 3488 1028 virginum

1911 1041 2125 1094 choros.
2160 1041 2324 1110 Ophir
2349 1058 2514 1112 genus
2547 1045 2662 1098 auri
2690 1055 2806 1111 est,
2836 1045 2921 1099 vel
2970 1061 2999 1099 a
3035 1047 3151 1102 loco
3180 1046 3372 1113 india},
3405 1051 3490 1105 vel

1910 1144 1940 1184 a
1970 1131 2150 1186 colore
2177 1133 2393 1188 nomine
2420 1135 2608 1188 indito.
2644 1135 2716 1206 (c)
2741 1133 2956 1205 Septem
2991 1138 3188 1206 quippe
3213 1139 3351 1208 apud
3387 1139 3491 1194 lle-

1911 1220 2086 1275 braios
2114 1222 2230 1276 auri
2263 1224 2519 1278 vocabula
2543 1234 2686 1279 sunt.
2714 1225 2948 1282 Uxorem
2979 1242 3190 1297 quoque
3215 1237 3269 1281 et
3294 1244 3491 1282 concu-

1911 1311 2087 1366 binam
2119 1313 2476 1383 intelligamus
2501 1315 2567 1370 de
2589 1317 2798 1370 cantico
2825 1315 3125 1373 Salomonis
3144 1359 3159 1384 ,
3179 1319 3339 1389 387
3369 1334 3490 1389 quae

1909 1402 2027 1455 sine
2065 1415 2263 1471 sponso
2288 1417 2386 1458 suo
2408 1405 2494 1459 vel
2523 1406 2712 1460 marito
2740 1405 2973 1462 dormire
3021 1422 3125 1469 non
3157 1419 3352 1478 potest.

1982 1489 2071 1546 16.
2107 1508 2129 1542 ι
2158 1492 2316 1558 Audi,
2339 1492 2536 1560 tilia,et
2562 1495 2705 1564 vide,
2741 1507 2796 1551 et
2821 1497 3013 1552 inclina
3037 1512 3221 1552 aurem
3243 1510 3407 1565 tuam,
3431 1507 3490 1556 et

1909 1580 2226 1635 obliviscere
2252 1583 2506 1652 populum
2534 1593 2681 1639 tuum
2727 1595 2780 1640 et
2827 1586 3042 1640 domum
3073 1589 3236 1657 patris
3279 1589 3392 1656 tui,
3433 1600 3489 1645 et

1907 1672 2253 1738 concupiscet
2292 1688 2386 1726 rex
2430 1673 2678 1728 decorem
2723 1684 2908 1730 tuum:
2955 1679 3206 1746 quoniam
3250 1680 3362 1748 ipse
3405 1691 3488 1736 est

1910 1756 2162 1811 Dominus
2182 1761 2318 1814 Deus
2349 1771 2490 1828 tuus,
2509 1771 2562 1816 et
2585 1763 2879 1818 adorabunt
2899 1781 3018 1820 eum
3057 1785 3081 1820 ι
3114 1765 3172 1821 In
3201 1767 3484 1826 llebraieo:

1911 1846 2098 1913 «Audi,
2125 1848 2322 1915 tilia,et
2350 1850 2488 1917 vide,
2503 1861 2553 1904 et
2570 1851 2760 1905 inclina
2795 1868 2979 1908 aurem
3003 1867 3168 1922 tuam,
3193 1866 3246 1912 et
3264 1859 3484 1913 oblivis-

1903 1948 2030 1990 cere
2061 1936 2240 2006 populi
2269 1937 2365 2003 tui,
2396 1947 2452 1993 et
2478 1939 2670 1994 domus
2700 1941 2870 2010 patris
2900 1941 2974 1996 tui
3001 1983 3016 2008 ,
3063 1953 3116 1997 et
3145 1948 3486 2015 concupiscet

1905 2039 1999 2077 rex
2027 2024 2278 2080 decorem
2309 2035 2454 2082 tuum
2483 2044 2498 2093 ;
2530 2030 2652 2099 quia
2684 2030 2798 2099 ipse
2835 2041 2919 2086 est
2950 2031 3206 2089 Dominus
3245 2044 3366 2091 tuus
3385 2078 3400 2102 ,
3430 2047 3485 2093 et

1906 2115 2068 2170 adora
2091 2132 2235 2172 eum.
2263 2137 2282 2170 ι
2314 2118 2597 2190 llueusque
2620 2136 2714 2191 per
2735 2122 3012 2193 Propheta:
3033 2123 3287 2194 linguam,
3323 2142 3479 2197 quam

1903 2205 2110 2260 calamo
2135 2207 2386 2261 scribenti
2417 2209 2670 2264 velociter
2693 2222 3002 2280 comparat,
3042 2213 3274 2283 loquitur
3303 2215 3475 2284 Spiri-

1905 2305 1989 2351 tus
2017 2297 2263 2366 Sanetus,
2292 2299 2464 2367 ipsum
2492 2315 2695 2371 regem,
2725 2312 2779 2356 et
2807 2301 3120 2357 bellatorem
3144 2344 3161 2372 ,
3205 2316 3256 2359 et
3289 2305 3478 2370 Deum,

1903 2399 2265 2458 sponsumque
2291 2389 2642 2459 compellans.
2676 2391 2808 2444 [line
2853 2407 3081 2461 persona
3108 2393 3282 2448 Patris
3321 2395 3479 2450 indu-

1903 2477 2042 2533 citur
2063 2477 2329 2548 loquentis
2371 2479 2437 2534 ad
2463 2495 2714 2550 sponsam
2753 2481 2874 2536 Filii
2903 2484 2984 2536 sui
3007 2523 3024 2549 ,
3072 2491 3126 2537 et
3148 2484 3480 2540 cobortantis

1901 2582 2043 2634 eam,
2071 2579 2128 2623 ut
2157 2572 2355 2626 veteris
2379 2573 2689 2642 gentilitatis
2718 2583 2770 2628 et
2792 2575 3106 2630 idololatria:
3127 2591 3316 2633 errore
3343 2593 3478 2633 con-

1905 2669 2127 2730 tempto,
2153 2663 2380 2731 primum
2409 2664 2492 2718 bis
2517 2681 2634 2735 qua:
2658 2665 2902 2721 dicantur
2941 2667 3218 2735 attendat;
3247 2679 3298 2724 et
3357 2684 3479 2738 pro-

1902 2762 2022 2823 pter
2040 2756 2180 2823 quod
2205 2756 2272 2811 de
2288 2756 2583 2827 alienigena
2610 2758 2713 2812 lilia
2744 2761 3050 2815 nominetur
3065 2779 3079 2828 ;
3094 2761 3287 2816 deinde
3302 2762 3482 2818 videat

1903 2847 1989 2901 vel
2022 2847 2132 2917 ipsa
2163 2864 2280 2917 qua:
2311 2848 2564 2904 dicuntur
2583 2893 2598 2917 ,
2629 2851 2710 2905 vel
2743 2853 3045 2908 universam
3091 2853 3475 2918 conditionem,

1900 2950 1967 2990 ex
1992 2935 2290 2992 visibilibus
2318 2938 2979 3009 intelligens'invisibilia,
3029 2950 3082 2996 et
3125 2957 3190 2996 ex
3221 2942 3480 2997 creaturis

1901 3027 2137 3081 sentiens
2178 3027 2486 3084 Creatorem
2511 3071 2528 3096 ,
2587 3039 2642 3086 et
2685 3029 2974 3101 diligenter
3030 3032 3252 3089 inclinet
3294 3047 3480 3088 aurem

1901 3131 2076 3184 suam,
2109 3129 2166 3171 ut
2189 3135 2304 3187 qua:
2327 3119 2609 3187 dicuntur,
2640 3123 2955 3180 memoriter
2994 3131 3192 3178 teneat.
3239 3121 3481 3193 Cumque

1901 3208 2148 3274 audierit,
2177 3209 2373 3264 viderit
2401 3219 2455 3266 et
2487 3212 2822 3267 inclinaverit
2853 3228 3034 3268 aurem
3065 3227 3216 3268 suam
3238 3253 3253 3276 ,
3287 3221 3481 3268 totam-

1901 3314 2002 3368 que
2023 3315 2080 3354 se
2100 3299 2357 3355 doctrinm
2380 3302 2676 3366 tradiderit,
2699 3313 2750 3357 et
2772 3319 2955 3357 eorum
2979 3303 3339 3373 intelligentia:
3359 3319 3479 3372 qua:

1901 3391 2189 3455 dicuntur.
2241 3392 2590 3448 obliviscatur
2635 3395 2862 3465 primum
2911 3396 3161 3466 pepulum
3199 3411 3392 3450 suum:
3425 3404 3481 3450 et

1901 3495 2019 3535 Cum
2043 3483 2308 3537 Abraham
2329 3483 2398 3538 de
2417 3484 2646 3540 Cbaldea
2668 3485 2969 3557 egrediens,
2995 3487 3261 3556 relinquat
3282 3496 3478 3540 terram

1901 3574 2190 3627 nativitatis
2217 3583 2271 3629 et
2319 3575 2651 3646 cognationis
2678 3592 2809 3631 suat.
2843 3575 3012 3632 Nemo
3041 3575 3247 3630 dubitat
3275 3582 3478 3644 patrem

1904 3674 2164 3731 nostrum,
2193 3676 2478 3735 antequam
2510 3669 2890 3739 adoptaremur
2917 3685 2945 3722 a
2977 3669 3086 3723 Deo
3107 3709 3122 3732 ,
3171 3667 3336 3722 fuisse
3362 3665 3479 3721 dia-

1902 3754 2082 3808 bolum
2107 3797 2121 3820 ,
2147 3755 2287 3810 unde
2335 3757 2584 3811 Salvator
2629 3757 2742 3810 ait:
2776 3776 2796 3808 ι
2829 3758 2936 3811 Vos
2968 3773 3038 3811 ex
3073 3766 3223 3826 patre
3265 3756 3483 3810 diabolo

1905 3846 1988 3915 (ά)
2018 3848 2124 3898 nati
2153 3848 2282 3900 estis
2308 3846 2497 3914 (Joan.
2527 3848 2580 3899 8.
2608 3846 2734 3916 44).
2774 3845 2908 3902 Cum
2941 3861 3089 3912 ergo,
3131 3847 3227 3908 ait,
3271 3846 3474 3913 antiqui

1905 3936 2072 4005 patris
2099 3935 2260 3990 lueris
2285 3935 2470 4000 oblita,
2499 3945 2553 3990 et
2580 3936 2736 3989 talem
2779 3945 2829 3989 te
2859 3935 3161 3987 exhibttcris
3180 3973 3195 3998 ,
3227 3934 3484 4002 depositis

1905 4025 2143 4093 pristinis
2169 4023 2418 4078 sordibus
2439 4066 2454 4092 ,
2489 4035 2544 4078 ut
2572 4039 2732 4094 super
2759 4022 3062 4081 fratruelem
3089 4023 3328 4078 dealbata
3355 4038 3485 4076 con-

1905 4117 2163 4182 scendas,
2195 4126 2249 4172 et
2276 4133 2436 4188 quam
2480 4119 2647 4188 possit
2687 4118 2906 4189 diligere
2947 4115 3113 4171 Filius
3143 4131 3320 4179 meus,
3354 4121 3481 4168 tunc

1905 4211 2244 4282 concupiscet
2265 4228 2356 4268 rex
2383 4213 2629 4267 decorem
2654 4223 2817 4266 tuum.
2845 4211 2909 4266 Et
2927 4227 2994 4266 ne
3012 4221 3162 4280 putes
3178 4224 3339 4264 unum
3362 4222 3483 4262 esse

1906 4305 1973 4360 de
2004 4304 2178 4369 turba,
2212 4319 2242 4357 a
2268 4319 2374 4374 quo
2401 4304 2626 4358 amanda
2653 4319 2732 4369 es,
2763 4304 2874 4373 ipse
2901 4311 2984 4358 est
3015 4303 3122 4357 [lex
3151 4311 3271 4356 tuus
3293 4311 3346 4354 et
3373 4300 3480 4354 Do-

1907 4396 2083 4450 minus
2115 4405 2256 4450 tuus.
2289 4395 2422 4462 Quia
2453 4411 2581 4450 vero
2611 4396 2879 4452 interdum
2908 4395 2998 4464 qui
3026 4409 3175 4463 reges
3201 4403 3253 4448 et
3279 4392 3479 4448 domini

1906 4498 2060 4554 sunt,
2090 4497 2213 4543 sunt
2251 4488 2464 4559 quidem
2498 4496 2758 4558 potestate
2785 4502 2939 4557 reges
2963 4499 3018 4542 et
3041 4485 3262 4547 domini,
3296 4493 3470 4538 tamett

1905 4581 2144 4650 ejusdem
2177 4590 2405 4646 naturte,
2430 4581 2582 4648 cujus
2608 4588 2734 4634 suttt
2762 4579 2834 4634 illi
2857 4619 2871 4642 ,
2903 4579 2954 4633 in
2981 4593 3114 4648 quos
3141 4577 3479 4633 dominantur

1904 4683 1956 4728 et
1976 4682 2199 4742 regnant
2218 4687 2233 4734 ;
2264 4671 2442 4728 iudico
2462 4672 2554 4726 tibi
2571 4671 2712 4742 quod
2731 4681 2783 4726 et
2802 4672 3071 4725 Deustuns
3094 4670 3182 4731 sit,
3202 4678 3254 4719 et
3276 4665 3474 4721 debeas

1905 4766 2131 4820 adorare
2159 4781 2304 4822 eum.
2334 4765 2678 4836 Septuaginta
2729 4765 2894 4836 388
2917 4763 3241 4830 luterpretes
3268 4774 3373 4811 non
3397 4759 3482 4812 di-

1903 4865 2174 4921 xerunt,et
2200 4857 2437 4911 adorabis
2462 4874 2598 4920 eum,
2619 4855 2712 4911 sed
2738 4854 3019 4908 adorabunt
3035 4850 3242 4916 enm,fut
3263 4849 3326 4901 sit
3351 4864 3476 4902 sen-

1903 4962 2034 5002 sus:
2063 4946 2168 5004 lste
2193 4949 2282 5018 qui
2313 4959 2364 5002 te
2389 4956 2664 5003 amaturus
2691 4954 2804 5010 est,
2847 4944 2936 5012 qui
2967 4953 3106 4995 tuam
3136 4939 3486 5008 pulchritudi-

1907 5056 2026 5092 nem
2052 5039 2364 5101 dilecturus,
2397 5039 2536 5091 Deus
2566 5044 2680 5097 est,
2713 5044 2766 5087 et
2791 5031 3090 5085 adorandus
3117 5030 3184 5081 ah
3207 5029 3482 5084 omnibus.
3543 5023 3554 5033 ’

1906 5129 2056 5196 Quod
2082 5128 2152 5182 de
2179 5127 2416 5181 Ecclesia
2435 5141 2497 5179 ex
2517 5122 2760 5194 gentibus
2779 5128 3094 5190 congregata
3113 5120 3480 5188 exposuimus,

1969 5259 2041 5321 (c)
2075 5257 2275 5322 Singula
2300 5256 2855 5322 ex_Drttsio_enttmerat
2877 5251 3386 5322 hlaritianaiuquucm
3414 5251 3492 5322 vi-

1905 5312 1989 5375 de,‘
2015 5312 2056 5370 si
2082 5312 2255 5378 lubét,
2277 5319 2338 5368 ad
2372 5317 2485 5366 libri
2517 5315 2736 5366 calcem:
2762 5326 2852 5364 nos
2873 5312 2988 5362 alibi
3024 5312 3299 5363 accuratius
3333 5313 3492 5375 expli-

1906 5383 2140 5431 cztbimus.

1970 5443 2047 5502 (ά)
2081 5441 2271 5490 Praeter
2298 5438 2412 5502 Mss.
2442 5439 2756 5502 priorumquc
2783 5436 3053 5502 editionum
3086 5435 3227 5502 tidem
3247 5473 3259 5490 ,
3288 5434 3340 5484 S.
3367 5448 3494 5502 (ιιιοτ

1970 5451 2047 5502 (ιι)
2083 5451 2271 5490 t’rteter
2300 5451 2412 5489 MSS.
2442 5451 2658 5500 prtorttm
2691 5451 2756 5485 uc
2783 5451 3048 5486 eatttonunt
3086 5451 3227 5483 lltlt‘m
3247 5473 3259 5490 ,
3288 5451 3340 5484 δ.
3367 5451 3491 5497 quo-

1942 5517 2005 5552 ue
2025 5503 2286 5570 Cyprianus
2307 5501 2535 5570 'l‘ractatu
2571 5501 2635 5548 de
2660 5451 2892 5570 aratione
2919 5498 3170 5570 Dominum
3204 5497 3328 5570 hanc
3361 5497 3491 5570 apud

1942 5518 2060 5554 uel.
2094 5518 2286 5565 prtanus
2321 5518 2535 5550 [raCtalu
2571 5518 2635 5548 uc
2660 5518 2892 5548 urattuuc
2919 5518 3170 5548 uuutttttua
3205 5518 3328 5546 ttattc
3366 5518 3491 5558 upuu

1905 5518 2042 5613 goan.
2062 5518 2328 5615 lectionem
2348 5565 2540 5622 asserit,
2556 5574 2701 5623 quam
2724 5561 2925 5623 proinde
2949 5560 3194 5610 Victorius
3209 5560 3465 5623 immutare
3481 5595 3495 5616 ,

1911 5634 1960 5738 ﬁt
1977 5640 2155 5741 {oleum
2185 5625 2288 5676 nati
2327 5624 2386 5675 ad
2411 5619 2622 5689 Vulgate
2649 5619 2903 5686 exemplar
2945 5634 3234 5692 expungere
3270 5633 3365 5672 non
3399 5619 3488 5670 do-

1947 5703 1975 5738 e
1993 5701 2038 5741 κει
2063 5720 2076 5737 .

1947 5694 2076 5743 obiit.
