4056 6184
641 199 751 259 ⁸35

642 316 1008 388 unusquisque
1019 315 1084 371 ad
1100 315 1331 382 seipsum
1352 312 1571 376 referat,
1588 312 1925 383 animamque
1944 313 2214 371 credentis

645 407 791 478 quod
829 407 1094 478 prioribus
1121 403 1262 458 vitiis
1288 401 1589 468 derelictis,
1616 401 1899 471 adoptetur
1925 405 1978 459 in
2006 404 2170 463 ﬁliam
2196 423 2212 471 ;

642 497 866 553 inclinet
889 509 1069 550 aurem
1093 508 1244 548 suam
1265 533 1282 558 ,
1328 492 1677 548 obliviscatur
1701 495 1898 550 veteris
1922 511 2213 552 conversa-

643 588 806 642 tionis
826 602 841 637 :
872 595 1058 639 etcum
1081 583 1164 650 (α)
1184 581 1439 652 Apostolo
1457 581 1964 643 dimittatmortuum
1982 596 2209 657 patrem,

641 688 697 732 et
722 677 875 731 talem
901 689 959 729 se
985 674 1237 742 praebeat,
1265 675 1354 744 qui
1378 684 1629 729 ametura
1656 691 1801 746 rege.
1826 675 1944 747 Ipse
1965 688 2047 734 est
2065 679 2210 735 enim

639 763 896 818 Dominus
933 763 1049 832 ejus
1068 804 1085 830 ,
1119 763 1212 833 qui
1239 763 1455 820 flectere
1483 765 1676 822 debeat
1703 785 1863 839 genu,
1890 781 1945 826 et
1970 773 2211 843 deposita

636 852 902 922 superbia,
927 851 1113 924 jugum
1141 854 1456 910 humilitatis
1480 870 1772 913 assumere.

708 941 796 996 l7.
843 939 1240 1012 [interrogemus
1282 944 1528 1010 intimos,
1573 963 1691 1018 quae
1730 950 1801 1004 sit
1829 949 1926 1005 ista
1953 951 2098 1020 ﬁlia,
2142 953 2210 1009 ad

633 1045 792 1102 quam
813 1031 1046 1106 loquitur
1065 1032 1222 1088 Dea.
1245 1033 1362 1088 Non
1389 1035 1574 1092 dubito
1593 1039 1721 1108 quin
1754 1039 2084 1112 Synagogam
2119 1059 2209 1098 re-

632 1121 951 1191 spondeant.
982 1122 1050 1177 Et
1077 1124 1344 1193 quomodo
1367 1125 1563 1182 dicitur
1590 1129 1882 1200 Synagogte
1919 1142 1974 1187 et
1999 1131 2209 1192 Israeli-

634 1214 741 1266 tico
780 1213 1014 1282 populo:
1064 1232 1083 1266 σ
1116 1215 1329 1270 Dimitte
1374 1218 1629 1286 populum
1669 1229 1853 1286 tuum,
1898 1231 1952 1276 et
1990 1223 2210 1280 domum

633 1303 800 1370 patris
830 1303 904 1357 tui
933 1301 998 1355 i?
1025 1302 1272 1375 Nunquid
1305 1305 1637 1379 derelinquet
1663 1317 1875 1379 gentem
1906 1311 2206 1381 ﬂebrzcam,

631 1400 688 1444 et
726 1390 992 1446 Abraham
1021 1394 1295 1463 antiquum
1331 1398 1576 1464 patrem?
1611 1398 1665 1452 Si
1696 1399 1928 1454 dixerint
1955 1401 2022 1456 de
2046 1417 2205 1456 voca-

631 1479 776 1534 tione
797 1480 1086 1550 signiﬁcari
1115 1482 1509 1555 Abraham,qui
1533 1485 1643 1558 [aL
1662 1487 2100 1560 qualChaldzeos
2124 1506 2208 1545 re.

627 1567 862 1639 liquerit,
895 1571 1017 1640 quis
1045 1581 1129 1628 est
1149 1573 1248 1628 i5te
1278 1591 1389 1637 rex,
1422 1577 1512 1646 qui
1541 1586 1814 1633 amaturus
1851 1589 1932 1634 est
1956 1581 2204 1638 decorem

628 1657 940 1714 Abraham?
963 1659 1123 1717 Certe
1151 1663 1288 1716 alius
1311 1674 1394 1718 est
1419 1666 1513 1734 qui
1537 1666 1768 1736 loquitur
1791 1687 1811 1724 :
1837 1671 1972 1724 Audi
1995 1674 2130 1741 ﬁlia,
2152 1685 2207 1729 et

627 1745 768 1800 alius
795 1747 862 1802 de
889 1763 996 1817 quo
1026 1750 1297 1820 loquitur:
1325 1752 1649 1823 Concupiscet
1677 1775 1766 1812 rea:
1785 1767 2014 1817 decorem
2039 1773 2199 1820 tuum.

629 1837 737 1905 Qui
757 1837 910 1903 alius,
936 1853 1040 1894 non
1061 1839 1236 1895 solum
1261 1857 1376 1910 rex,
1402 1843 1498 1898 sed
1518 1854 1574 1899 et
1596 1845 1849 1904 Dominus
1868 1859 1922 1906 et
1943 1852 2081 1908 Deus
2100 1863 2207 1923 est,

632 1928 728 1997 qui
755 1928 1059 1984 adorandus
1082 1938 1185 1987 est.
2173 2003 2179 2009 ,

701 2017 788 2071 f8.
823 2035 842 2068 ι
872 2017 1003 2072 Filia
1030 2018 1074 2072 Τ
1076 2020 1177 2090 yri‘,
1207 2021 1257 2074 in
1285 2024 1597 2079 muneribus
1621 2026 1818 2082 vultum
1844 2037 1988 2084 tuum
2015 2032 2205 2103 depre-

624 2106 1094 2162 cabunturdivites
1106 2109 1327 2178 plebis:
1345 2109 1402 2166 In
1429 2112 1651 2169 llebra'o
1665 2124 1746 2170 est
1769 2135 1813 2170 τι
1835 2118 1879 2173 O
1901 2119 2003 2176 ﬁlia
2021 2121 2204 2179 fortis-

623 2195 770 2260 simi,
793 2195 846 2250 in
864 2198 1173 2254 muneribus
1190 2199 1379 2256 faciem
1404 2211 1544 2258 tuam
1564 2205 1991 2276 deprecabuntur
2010 2213 2203 2270 divites

623 2285 822 2353 populi.
854 2305 873 2338 ι
907 2287 1135 2343 Verbum
1167 2289 1483 2348 llebraicum
1514 2310 1637 2362 son,
1665 2299 1805 2368 quod
1837 2300 1890 2355 in
1919 2301 2202 2360 Bacchide

616 2373 765 2443 juxta
802 2375 1142 2448 Septuaginta
1186 2381 1456 2452 legimus,
1513 2386 1852 2458 interpretari
1921 2404 2096 2462 potest
2147 2405 2203 2451 et

625 2465 787 2536 Tyrus
809 2510 825 2533 ,
852 2479 905 2524 et
951 2471 1223 2539 tribulatio,
1245 2484 1301 2529 et
1351 2479 1654 2549 [artissimas
1676 2522 1696 2547 ,
1721 2483 1840 2538 sive
1885 2487 2161 2554 fortissima
2181 2529 2196 2553 ,

621 2566 669 2610 et
717 2557 864 2612 Sil‘ca:
890 2600 906 2625 ,
935 2559 988 2614 id
1039 2571 1140 2630 est,
1173 2564 1303 2634 [apis
1340 2568 1659 2624 durissimus.
1689 2570 1840 2627 Unde
1870 2575 1924 2629 in
1951 2581 2196 2644 priesenti

620 2646 742 2702 loco
767 2663 920 2706 error
944 2663 1094 2708 ortus
1119 2665 1201 2710 est
1222 2656 1333 2730 (b):
1363 2661 1550 2730 Aquila
1574 2663 1739 2729 enim,
1757 2675 1812 2720 et
1831 2667 2193 2740 Septuaginta,

617 2746 674 2792 et
701 2738 1059 2807 Theodotion,
1091 2755 1146 2800 et
1171 2746 1361 2814 Quinta
1390 2749 1567 2806 Edi‘tio
1586 2792 1601 2818 ,
1627 2751 1820 2824 Tyrum
1861 2738 2194 2828 interpretati

615 2840 757 2886 sunt.
787 2832 945 2889 Sexta
977 2839 1193 2894 verbum
1228 2842 1547 2898 llebmi’cum
1573 2847 1749 2914 posuit
1773 2847 1875 2902 Sor
1901 2867 1914 2904 :
1941 2851 2192 2922 Symma-

613 2921 748 2976 chus
763 2934 992 2993 κραταιὰν
1008 2927 1060 2982 id
1078 2938 1180 2996 est,
1201 2929 1546 3001 fortissimam.
1569 2935 1673 2990 Nos
1691 2937 1918 3008 idipsum
1937 2941 2002 2995 ad
2025 2943 2189 2999 Deum

613 3014 914 3081 retulimus,
960 3027 1018 3073 ut
1058 3019 1182 3086 illa,
1225 3023 1318 3076 cui
1348 3039 1508 3094 supra
1537 3027 1786 3083 dixerat:
1821 3030 1955 3085 Audi
1979 3032 2120 3101 ﬁlia,
2145 3046 2192 3090 et

612 3102 745 3169 ride,
771 3105 874 3159 lilia
896 3106 1160 3175 fortissinii
1185 3118 1647 3182 nuncnpetur.Aut
1667 3128 1813 3176 certe
1837 3121 1947 3191 ipsa
1970 3126 2191 3194 fortissi-

611 3208 696 3245 ma
725 3195 814 3259 sit,
838 3197 961 3266 quia
993 3198 1194 3256 imitata
1223 3212 1306 3258 est
1331 3203 1522 3261 fortem
1550 3207 1786 3276 Patrem,
1815 3214 1968 3282 cujus
1983 3217 2187 3272 vultum

611 3281 666 3335 in
694 3283 921 3341 diversis
947 3291 1256 3348 muneribus
1275 3294 1706 3365 deprecabuntur
1751 3281 1944 3359 divites
1993 3307 2184 3376 plebis.

609 3369 811 3430 Divites
833 3377 882 3432 in
952 3379 1116 3452 389
1191 3388 1670 3458 cunctisuperibus
1688 3392 1842 3449 bonis
1863 3369 2182 3467 etse'ientia;

605 3463 722 3520 sive
767 3469 856 3537 qni
897 3469 1088 3528 divites
1136 3486 1388 3544 putantur
1427 3479 1479 3533 in
1522 3482 1623 3536 hoc
1651 3485 1887 3551 smeulo,
1916 3491 2185 3558 sapientes

605 3551 763 3625 hujus
787 3561 1009 3628 mundi,
1045 3571 1100 3617 et
1129 3563 1573 3638 Philosophorum
1603 3571 1902 3644 disciplinis
1947 3551 2139 3638 eruditi
2164 3601 2180 3650 ;

602 3648 687 3702 vel
713 3651 854 3720 quod
880 3654 1072 3710 melius
1097 3666 1206 3722 est,
1225 3660 1320 3728 qui
1339 3671 1494 3716 antea
1515 3661 1708 3719 divites
1733 3664 1961 3735 fuerant,
1983 3648 2184 3728 habem

598 4183 780 4252 plum;
821 4189 900 4243 sic
939 4203 1058 4260 post
1096 4195 1386 4256 adventum
1452 4205 1697 4277 Domini,
1738 4213 2062 4286 quicumque
2106 4233 2174 4273 ex

595 4271 762 4328 Israel
792 4278 1013 4338 credere
1043 4286 1307 4346 voluerint
1345 4293 1576 4364 (divites
1600 4301 1866 4369 quondam
1895 4305 2171 4362 familiari-

601 4372 730 4429 tate,
778 4375 833 4421 ει
874 4377 1204 4438 protectione
1241 4381 1372 4454 Dei)
1404 4387 1619 4442 venient
1645 4390 1718 4444 ad
1741 4391 1900 4447 ﬁliam
1926 4395 2084 4467 Tyri,
2117 4409 2172 4454 et

598 4453 889 4514 offerentes
936 4467 1079 4520 varia
1121 4469 1259 4525 dona
1303 4453 1556 4532 virtutum
1617 4491 1672 4534 et
1715 4483 2067 4543 confessionis
2114 4491 2166 4546 in

593 4544 887 4615 Christum,
924 4551 1350 4623 deprecabuntur
1368 4578 1508 4633 eam,
1537 4579 1594 4622 ut
1615 4570 1838 4627 salutem
1860 4591 2017 4646 quam
2049 4595 2171 4650 per-

593 4635 844 4694 diderunt
869 4641 921 4696 in
952 4642 1158 4714 Judma,
1190 4650 1462 4710 inveniant
1489 4659 1540 4711 in
1565 4662 1830 4728 gentibus.

659 4728 744 4784 l9.
792 4749 811 4782 ‹
839 4731 1025 4791 Omnis
1043 4739 1209 4808 gloria
1236 4743 1353 4813 ejus
1375 4746 1497 4804 ﬁlia;
1517 4753 1657 4823 regis
1677 4754 1745 4810 ab
1765 4756 1928 4829 intus,
1963 4761 2014 4817 in
2042 4762 2164 4820 ﬁm-

585 4816 717 4875 briis
740 4825 915 4878 aureis
933 4827 1329 4890 circumatnicta
1352 4841 1714 4902 varietatibus.
1757 4867 1776 4901 ι
1805 4851 1859 4906 In
1899 4852 2122 4911 llebrteo
2145 4876 2159 4913 :

589 4927 610 4963 ι
643 4909 826 4968 Omnis
854 4917 1020 4986 gloria
1051 4921 1175 4979 ﬁlim
1216 4935 1355 4999 regis
1398 4933 1741 5007 intrinsecus,
1774 4943 1954 5000 fasciis
1981 4951 2161 5006 aureis

646 5042 720 5138 3'2
754 5042 1839 5138 ῗῗῖ¹ξεξ;3ὲ.¹¹¹ἰ¹ἓὶἳ..νίίξξ³ἒέξτιηιίέςτοηςιηιιε,
1869 5075 2157 5138 discipulum

580 5100 738 5196 222:2.
757 5100 2158 5196 ,ειρλεεξςιιεξεὲυεζῇεῖςιῖίδεῖξξῖπῖθ’δῖέϊᾚ

579 5169 714 5212 θυαε
757 5176 964 5220 mm
986 5175 1190 5232 κνειίτε
1223 5169 1431 5232 mortuas
1455 5169 1600 5248 uas:
1613 5169 2153 5264 ιῑῖιῖιδςιηῖῖεηιῑξεεῑτ

579 5225 663 5264 uni
688 5223 870 5264 deinde:
900 5231 1108 5264 Arn-unt:
1136 5239 1361 5264 ηηηηιι...ι
1386 5254 1493 5264 ...--_.

579 5223 871 5300 quii‘deinde
894 5223 1515 5300 Apostfolijappfellatls‘ntit:

642 5285 1545 5384 (£2..ﬁmhzmé'ﬂéﬁitﬁéd:
1575 5311 1822 5384 adornata.
1847 5317 2065 5384 Aquilae.
2102 5335 2156 5376 cz

651 5341 659 5346 ν
692 5341 701 5345 ν
853 5351 863 5360 .
1014 5341 1148 5358 ,,_r-_
1171 5341 1196 5346 _
1220 5341 1545 5356 -..νηκμ-ηνι..
1575 5341 1681 5361 αυυι
1694 5341 1822 5376 nam,
1847 5341 2036 5382 ﬂqUIKB
2052 5361 2065 5384 ,
2102 5341 2150 5376 Cl

577 5341 638 5437 X:
657 5351 1294 5437 Lf?
1317 5379 1383 5437 ξάρ
1407 5381 1501 5437 non
1527 5372 1891 5434 interpretatum
1915 5383 2150 5437 tribuunt.

1078 5402 1146 5406 η-
1164 5402 1180 5416 ,
1205 5402 1294 5409 --_
1317 5402 1383 5426 ..νγ
1408 5402 1501 5416 ..υ-ι
1529 5402 1643 5422 mw-
1657 5402 1701 5434 γι
1714 5402 1891 5428 σιίιωιιι
1915 5402 2150 5437 ιι-ιιιυιιηι.

579 5402 634 5450 ln
657 5411 892 5481 sequenti.
910 5421 1075 5462 autem
1106 5417 1374 5491 Symmachi
1413 5429 1817 5502 interpretatione
1838 5473 1854 5498 ,
1894 5455 2012 5508 cum,
2045 5447 2152 5508 ple-

579 5473 785 5508 l'ttmutm
810 5478 982 5508 unum»
1007 5473 1166 5508 Ιιὶηιιηι
1194 5481 1384 5508 ,κυεην-ι.
1409 5498 1553 5508 ..μ-μ.
1607 5506 1620 5508 -
1652 5494 1693 5508 ι·
1759 5498 1788 5508 -·

577 5473 785 5540 rumque
810 5473 982 5538 vitiose
1007 5473 1174 5535 legarit
1193 5473 1387 5534 codices
1409 5473 2151 5558 assii-.75

577 5519 701 5570 haud
726 5528 1036 5578 discedimus.
1064 5537 1219 5578 Amm
1245 5551 1347 5578 mm
1374 5561 1541 5578 __;___,,
1700 5556 1815 5578 -.τμη
1854 5562 1865 5578 ε
1905 5571 1915 5578 ι
2078 5576 2084 5578 -

1064 5537 1220 5587 Antea
1245 5551 1351 5594 erat
1373 5537 2152 5627 mm:,"ui'iiﬁﬁiéﬁiiﬁ'é‘;

578 5589 791 5634 vertisse
815 5595 1022 5637 constat.

1948 203 2187 260 SANCTI
2228 205 2612 264 UIERONYMI

2328 322 2519 372 vestita
2547 327 2650 374 est.
2676 337 2696 371 ι
2725 319 2827 377 Pro
2847 336 2914 377 eo
2929 322 3070 392 quod
3098 325 3151 379 in
3173 324 3519 400 Septuaginta
3537 334 3805 406 scriptum
3827 353 3912 406 est

2321 415 2504 475 Iseon,
2534 422 2589 467 et
2630 428 2730 468 nos
2772 413 2858 468 vel
2909 433 2930 467 r
2959 416 3028 470 ab
3064 417 3230 485 intus,
3264 437 3286 472 ι
3330 422 3414 477 vel
3457 441 3480 474 ι
3518 424 3855 487 intrinsecus
3884 453 3904 486 ι

2319 500 2655 572 interpretati
2692 521 2910 571 sumus;
2949 508 3002 562 in
3028 509 3347 579 quibusdam
3375 518 3778 586 exemplaribus
3821 524 3907 580 in-

2317 593 2530 647 venitur
2559 595 2635 664 (c)
2674 611 2892 663 ssnon,
2929 599 3070 668 quod
3114 603 3510 672 ceogitationea
3537 626 3566 661 ι
3605 623 3790 671 sonat.
3825 613 3903 672 Ex

2317 695 2424 748 quo
2462 682 2780 748 ostenditur,
2810 700 3024 743 omnem
3049 689 3273 758 gloriam
3303 693 3580 762 Ecclesiae,
3608 701 3695 755 cui
3738 716 3902 774 supra

2316 769 2515 826 dictum
2536 783 2639 839 est,
2668 793 2687 826 ι
2718 776 2855 831 Audi
2879 776 3010 845 ﬁlia,
3033 789 3088 834 et
3110 780 3249 846 vide,
3282 800 3310 835 ι
3334 783 3421 850 Ει,
3451 804 3476 838 ι
3505 787 3551 842 o
3573 789 3679 846 ﬁlia
3701 769 3856 864 Tyri,
3873 813 3892 848 ι

2316 870 2372 916 ει
2409 877 2551 918 nunc
2575 866 2875 934 appellatur
2898 867 3004 922 ﬁlia
3032 871 3198 939 aegis,
3225 886 3347 928 esse
3373 873 3722 946 intrinsecus,
3749 891 3812 938 et.
3841 884 3894 939 in

2315 953 2742 1023 cogitationibus,
2777 956 2830 1010 id
2858 966 2963 1025 est,
2991 959 3050 1014 in
3082 960 3328 1018 interiori
3351 963 3596 1036 homine,
3619 980 3679 1026 et
3703 972 3766 1028 in
3790 975 3898 1030 eir-

2313 1045 2639 1101 cumcisione
2685 1063 2792 1102 non
2840 1050 3180 1118 manufacta,
3222 1054 3320 1111 sed
3370 1059 3602 1128 Spiritu;
3660 1062 3904 1124 habente

2312 1134 2653 1192 conscientia:
2679 1135 2929 1194 ﬁduciam
2959 1141 3101 1211 apud
3137 1143 3330 1211 Deum,
3361 1156 3418 1203 et
3444 1158 3554 1206 tota
3587 1153 3892 1224 pulchritu-

2311 1221 2437 1278 dine
2459 1227 2631 1296 posita
2659 1229 2829 1298 magis
2854 1230 2907 1284 in
2933 1246 3190 1288 sensuum
3218 1237 3458 1304 nomine,
3487 1221 3649 1311 quam
3671 1245 3726 1302 i
3758 1246 3892 1305 ﬂore

2312 1314 2617 1374 verborum.
2640 1317 2919 1386 Quomodo
2931 1332 3111 1379 autem
3132 1327 3183 1379 in
3201 1330 3454 1398 stamine,
3475 1349 3543 1389 ex
3561 1351 3670 1406 quo
3689 1337 3891 1410 depen-

2310 1404 2442 1460 dent
2467 1406 2714 1477 ﬁmbriaa,
2737 1413 3050 1485 subtegmen
3074 1417 3351 1487 intexitur,
3376 1434 3431 1478 et
3452 1434 3565 1481 tota
3581 1404 3898 1487 vestimenti

2313 1494 2481 1550 virtus
2510 1498 2562 1550 in
2588 1500 2816 1556 stamine
2845 1513 2926 1557 est
2951 1521 2975 1558 ι
2995 1505 3077 1559 ita
3103 1506 3156 1559 in
3187 1508 3269 1578 ιιι)
3292 1512 3452 1567 varis
3477 1517 3722 1574 sensibus
3743 1519 3895 1576 Scai-

2311 1593 2606 1654 ptnrarum,
2636 1589 2698 1643 in
2717 1592 2909 1660 quibus
2934 1597 3097 1650 vestis
3114 1596 3369 1656 Ecclesia
3394 1607 3564 1662 ominis
3588 1609 3888 1678 intexitur,

2309 1677 2598 1733 miscentur
2647 1681 2824 1752 aliqua
2872 1684 2942 1743 de
2979 1697 3204 1755 natura,
3251 1691 3322 1748 de
3361 1696 3630 1765 moribus,
3682 1711 3742 1756 et
3781 1677 3891 1759 hoc

2309 1767 2481 1837 ipsum
2529 1771 2796 1841 signiﬁcat
2820 1779 2985 1835 vestis
3013 1781 3194 1838 Aaron
3223 1799 3379 1852 auro,
3408 1803 3658 1859 punpura,
3696 1809 3889 1863 cocco,

2307 1860 2491 1933 bysso,
2512 1863 2906 1942 biacynlboque
2926 1885 3176 1932 contexta
3205 1878 3404 1950 (Exod.
3446 1883 3538 1940 28.
3577 1887 3694 1956 39),
3725 1860 3885 1958 quam

2307 1951 2548 2012 fecerunt
2562 1961 2833 2028 mulieres,
2857 1966 3052 2034 quibus
3066 1969 3205 2024 Deus
3220 1971 3592 2032 adtexendum
3790 1997 3885 2038 sa-

2307 2045 2581 2112 pientiam.
2611 2049 2676 2104 Et
2702 2062 2757 2108 ut
2778 2055 3077 2127 intelligece
3101 2062 3368 2129 possimus
3386 2081 3603 2124 omnem
3631 2081 3882 2128 ornatum

2306 2133 2428 2189 ﬁliae
2453 2137 2618 2209 390
2641 2142 2782 2211 regis
2809 2144 3280 2220 intrinsecus,ipsa
3302 2154 3536 2224 loquitur
3564 2159 3616 2213 in
3637 2158 3879 2217 Cantica:

2312 2240 2332 2273 ‹
2363 2224 2659 2283 Introduxit
2696 2246 2783 2286 me
2824 2249 2917 2288 rex
2946 2236 2999 2291 in
3043 2240 3349 2297 cubiculum
3377 2260 3534 2300 suum
3563 2267 3583 2300 ι
3621 2248 3794 2320 (Cant.
3825 2253 3880 2308 ι.

2303 2314 2394 2370 50.
2425 2317 2612 2378 Matth.
2642 2321 2724 2391 6):
2755 2323 2809 2378 in
2837 2341 2940 2396 qua
2975 2329 3162 2388 clauso
3207 2338 3350 2390 ostio
3393 2314 3678 2408 labiorum,
3713 2343 3879 2399 Deum

2304 2404 2515 2473 Patrem
2540 2409 2792 2478 jubcmur
2816 2430 2994 2474 orare.
3026 2419 3083 2476 In
3109 2439 3254 2479 nono
3273 2442 3483 2498 quoque
3510 2404 3723 2488 Psalmo
3753 2435 3882 2489 titu-

2302 2497 2386 2552 his
2432 2501 2763 2573 inscribitur,
2799 2525 2819 2559 ι
2851 2508 2965 2566 Pro.
2983 2511 3312 2572 absconditis
3343 2497 3456 2575 ﬁlii.
3487 2541 3508 2575 ι
3543 2522 3754 2579 Variam
3782 2526 3880 2582 ha-

2303 2588 2417 2644 buit
2443 2602 2500 2646 et
2517 2593 2720 2665 Joseph
2747 2601 2978 2657 tunicam
3007 2604 3160 2675 (Gen.
3183 2609 3300 2678 37),
3321 2628 3484 2682 quam
3507 2616 3556 2670 ei
3589 2619 3756 2673 texuit
3777 2636 3876 2675 lna-

2301 2688 2384 2734 ter
2419 2681 2685 2740 Ecclesia.
2730 2687 2806 2745 De
2844 2689 2942 2746 bis.
2965 2693 3189 2752 ﬁmbriis
3233 2681 3525 2760 Salvatoris
3559 2713 3879 2778 άμρῥοούσιι

2298 2784 2458 2825 unam
2505 2775 2714 2844 tetigit;
2766 2788 2822 2834 et
2862 2793 3049 2839 sanata
3101 2797 3186 2843 est
3231 2789 3444 2860 (Matth.
3492 2796 3550 2852 9.
3598 2775 3767 2855 Marc.
3821 2803 3875 2856 6.

2295 2859 2426 2917 Luc.
2457 2863 2538 2932 8).
2565 2866 2718 2933 Quod
2757 2880 2938 2928 autem
2967 2874 3018 2929 in
3044 2859 3308 2936 Hebraico
3332 2884 3603 2954 scribitur,
3630 2906 3652 2941 ε
3694 2889 3874 2947 fasciis

2293 2953 2471 3010 aureis
2493 2958 2682 3013 vestita
2711 2970 2814 3028 est,
2852 2981 2873 3015 ι
2903 2964 2956 3020 id
2983 2967 3156 3038 ipsum
3199 2973 3464 3042 signiﬁcat
3489 2953 3629 3048 quod
3667 2995 3825 3050 supra
3858 3000 3872 3036 :

2299 3061 2319 3094 ε
2343 3045 2528 3102 Omnis
2568 3049 2736 3117 gloria
2769 3053 2891 3110 ﬁlia:
2911 3059 3054 3127 regis
3090 3062 3444 3133 intrinsecus;
3483 3045 3709 3126 {fasciis
3738 3045 3875 3129 scn-

2291 3149 2456 3191 suum.
2488 3139 2792 3198 divinorum
2823 3146 2906 3218 (ρ).
2938 3149 3194 3208 interiora
3237 3158 3475 3212 membra
3520 3161 3874 3220 nbvolvuntnr

2291 3224 2571 3296 Ecclesizn,
2600 3241 2654 3287 et
2683 3243 2788 3289 tota
2813 3239 2948 3293 uteri
2977 3243 3171 3311 tegitur
3193 3247 3452 3304 ambitio-
3470 3237 3667 3308 l'larum
3694 3255 3872 3312 fascia-

2289 3331 2407 3370 rum
2457 3335 2562 3375 non
2609 3335 2788 3392 potest
2828 3328 3070 3387 oblivisci
3116 3350 3337 3406 sponsa,
3383 3343 3678 3400 secundum
3715 3347 3866 3404 lere.

2289 3409 2449 3464 iniam
2478 3413 2628 3485 (Cap.
2664 3415 2742 3485 2),
2789 3434 2908 3489 qua:
2949 3438 3210 3483 mammas
3251 3429 3444 3501 ligant,
3469 3443 3531 3490 et
3563 3446 3774 3506 pectus,
3815 3440 3870 3495 in

2287 3516 2392 3571 quo
2421 3508 2768 3575 cogitationes
2793 3523 2936 3577 sunt,
2961 3528 3266 3590 protegunt.
3709 3511 3736 3524 ’

2356 3594 2448 3649 20.
2496 3615 2516 3648 ς
2537 3598 2885 3659 Adducentur
2906 3609 3024 3676 regi
3046 3612 3278 3683 virgines
3299 3626 3417 3684 post
3442 3633 3585 3686 eam,
3614 3593 3866 3691 proximae

2285 3683 2400 3749 ejus
2436 3685 2727 3745 all'ereutur
2767 3694 2881 3750 tibi.
2906 3697 3213 3757 All'ercntur
3238 3683 3502 3762 iniketitia
3533 3683 3588 3766 et
3615 3683 3864 3769 exsulta-

2278 4225 2331 4280 in
2389 4231 2644 4288 universa
2691 4245 2852 4291 terra.
2901 4258 2922 4292 ι
2980 4241 3052 4297 Et
3101 4245 3340 4316 legitur;
3402 4269 3431 4303 ι
3470 4252 3526 4308 In
3583 4225 3859 4312 scutul'itis

2278 4313 2345 4388 (Γ)
2391 4317 2617 4376 ducetur
2642 4323 2708 4378 ad
2751 4342 2955 4397 regem,
2985 4313 3216 4404 virgines
3245 4313 3538 4408 seciuentur
3561 4359 3703 4411 eam,
3734 4349 3855 4403 ami-

2277 4421 2355 4460 ca:
2383 4409 2500 4477 ejus
2523 4411 2790 4472 ducentur
2819 4420 2976 4488 illuc,
2997 4419 3264 4482 ducentur
3287 4429 3340 4483 in
3370 4431 3569 4489 laetitiis
3595 4445 3649 4490 et
3678 4409 3855 4493 exsul-

2275 4498 2494 4564 tatione,
2526 4502 2896 4573 ingredientur
2920 4512 3212 4572 thalamum
3242 4519 3406 4591 regis.
3443 4542 3470 4574 ι
3494 4524 3710 4582 Multam
3735 4545 3854 4586 esse

2271 4588 2573 4646 distantiam
2600 4597 2896 4654 animarum
2926 4602 2978 4656 in
3008 4605 3224 4664 Christo
3245 4588 3598 4682 credentium,
3622 4620 3849 4676 demon-

2269 4688 2406 4734 strat
2445 4681 2725 4740 Canticum
2769 4687 3134 4763 Canticorum,
3181 4700 3234 4755 in
3274 4718 3382 4773 quo
3427 4709 3696 4778 scriptum-
3723 4724 3849 4768 est:

2275 4787 2296 4821 ι
2329 4770 2611 4843 Sexaginta
2639 4788 2764 4834 sunt
2791 4783 3013 4853 regince,
3042 4798 3097 4843 et
3119 4770 3391 4863 octoginta
3429 4770 3767 4869 concubium,
3790 4815 3850 4860 ot

2332 4901 2396 4986 ξε)
2417 4906 2725 4986 Denedktini
2744 4915 2943 4986 editoris
2956 4919 3220 4986 lectionem
3245 4928 3384 4978 istam
3399 4929 3677 4982 conﬁrmant
3695 4936 3855 4986 etiam.

2264 4977 2388 5074 auos
2419 4981 2509 5018 nos
2542 4973 2895 5037 eonsuluimus,
2938 4985 3121 5046 antiqui
3159 4973 3846 5050 iaur‘i'é“uiau{"é}ii'i{

2309 5029 2450 5074 necis
2491 5028 2689 5074 litteris
2729 5035 2806 5074 alii
2846 5043 3040 5074 Ilmninc
3080 5059 3195 5074 nvo-4v.
3236 5062 3245 5074 .
3319 5067 3327 5074 .
3417 5053 3535 5074 vvar
3583 5068 3593 5074 .
3648 5069 3680 5074 -,
3796 5061 3841 5074 ι.

2309 5028 3844 5117 Εέἓδι-ἒίὲξῖἷξὶν.3¹ἐὶ1ιέορὶὗῗἶὲτῖἷὶἑιξειῖἷ“ἱιῖνὶῗί,ξὲδίἶ’ἶιΰ

2264 5074 3069 5175 ειίέ
3083 5074 3698 5175 Ίὲἓεῆλὲὲεῗόἷῖ

2331 5147 2418 5238 ςιρ,
2440 5147 2676 5238 ζςίρξὲνδ
2714 5147 3259 5226 eamus}:
3287 5147 3844 5238 ἱῶῗῗᾌὶιῖἓῖἝὶῗἿτνά

2319 5225 2350 5259 ο
2370 5225 2419 5261 ιη
2441 5227 2605 5266 υιιηιε.

2261 5221 2419 5271 Prom
2441 5221 2605 5266 variis.
2920 5221 2935 5226 -
3358 5221 3381 5223 ~
3417 5221 3558 5238 -———
3681 5221 3838 5234 -..νη

2261 5268 3170 5360 .=-‘fl,.“f.9.‘ff"...‘._l’fl‘_'eﬂl-inﬁmum
3184 5292 3464 5360 yictorius,
3500 5312 3591 5352 nos
3624 5316 3675 5353 ιιι
3713 5305 3838 5355 κη..

2260 5332 2437 5424 lites:
2460 5332 3167 5424 suum
3174 5332 3839 5424 ίιὶῒὲῑέὸέῗί-οὒέὲιθῖῖι

2261 5391 2374 5485 Mss.
2393 5403 2665 5485 etvetusue
2683 5391 3046 5469 editionisvlld'e',
