4056 6184
224 312 329 369 657

220 418 641 481 adolescentulae
660 412 885 492 quart'n
903 416 1015 473 uti
1036 422 1121 471 est
1142 412 1419 469 numerus.
1447 411 1563 467 Una
1588 422 1671 466 est
1698 426 1790 465 co—

222 517 405 571 lumba
446 530 583 577 mea,
610 512 847 583 perfecta
891 522 1033 571 mea,
1064 505 1308 579 proxima
1355 518 1499 569 mea,
1528 520 1548 555 ι
1593 502 1661 557 de
1690 516 1793 571 qua

223 606 442 671 dicitur,
476 622 495 656 ι
528 602 786 658 Viderunt
810 614 927 655 eam
956 597 1102 662 ﬁlim,
1148 604 1202 649 et
1226 594 1531 649 beatiﬁcant
1554 606 1675 647 eam
1704 604 1793 645 re—

222 695 365 764 gina:
400 700 466 749 ~et
506 690 838 754 concubium,
890 696 944 743 et
983 686 1202 742 laudant
1247 699 1373 739 eam
1397 702 1418 735 ι
1456 681 1628 755 (Cant.
1659 683 1713 736 6.
1738 681 1791 734 7.

222 796 271 839 et
296 782 477 854 κῃ).
506 782 633 849 Quae
656 795 786 850 ergo
815 778 1056 851 perfecta
1085 785 1167 831 est
1194 783 1249 830 et
1275 784 1458 828 saneta
1482 786 1713 842 corpore
1742 779 1797 825 et

219 874 431 945 spin'tn,
460 885 514 929 et
535 872 780 927 columba
818 880 872 925 et
894 868 1133 939 proxima
1177 874 1411 921 meretur
1434 864 1631 919 vocari.
1672 862 1798 917 llaec

219 974 303 1021 est
329 965 453 1029 ﬁlia,
477 963 559 1019 ‘de
595 979 696 1033 qua
725 977 887 1031 supra
916 962 1116 1015 dictum
1158 968 1242 1013 est
1273 976 1291 1009 α
1326 958 1511 1012 Astitit
1551 957 1733 1025 regina
1766 971 1795 1008 a

219 1057 423 1112 dextris
464 1056 567 1110 tuis
588 1055 649 1109 in
677 1054 873 1108 vestitu
910 1052 1168 1107 deaurato
1194 1069 1212 1102 ι
1244 1050 1376 1117 Quae
1405 1057 1585 1103 autem
1613 1061 1801 1115 super-

219 1161 419 1217 gressa:
456 1154 582 1201 sunt
609 1160 701 1200 sex
728 1142 846 1198 dies
873 1141 952 1214 (a)
984 1142 1190 1205 mundi,
1232 1150 1287 1195 et
1316 1140 1491 1195 futura
1520 1153 1683 1209 regna
1712 1152 1803 1191 su-

217 1237 447 1305 spirant,
491 1234 688 1303 regina:
726 1233 1083 1301 appellantur.
1128 1230 1183 1285 Si
1221 1244 1323 1299 qua
1354 1244 1484 1284 vero
1518 1226 1803 1282 circumci-

216 1325 431 1378 sionem
469 1322 683 1392 quidem
719 1320 880 1375 habet
893 1330 1096 1391 octava;
1117 1318 1245 1383 diei,
1262 1318 1357 1372 sed
1381 1318 1556 1372 adhuc
1576 1332 1683 1371 non
1708 1331 1802 1371 ve-

220 1414 306 1467 nit
322 1412 390 1467 ad
420 1412 651 1482 nuptias,
682 1410 1100 1465 ha-ceoncubina
1122 1408 1279 1480 391
1299 1408 1586 1463 vocitatur.
1612 1406 1804 1461 Diver-

219 1516 285 1557 sa
314 1512 493 1556 autem
536 1499 823 1554 multitudo
843 1498 1197 1560 credentium,
1215 1512 1339 1566 qua:
1368 1496 1592 1552 necdum
1631 1503 1806 1565 potest

220 1588 409 1659 Sponsi
428 1589 669 1658 copulari
688 1586 1046 1657 amplexibus,
1070 1600 1169 1640 nec
1189 1586 1256 1640 de
1275 1601 1341 1640 eo
1363 1586 1564 1640 liberos
1587 1599 1803 1654 parere,

224 1676 623 1732 adulescentula
651 1675 867 1730 dicitur.
913 1675 1025 1745 Ego
1055 1682 1187 1746 puto
1224 1674 1292 1728 de
1335 1674 1451 1728 istis
1478 1674 1800 1743 virginibus,

224 1781 347 1838 quae
395 1774 691 1835 sequuntur
730 1764 1055 1830 Ecclesium,
1114 1773 1169 1819 et
1220 1763 1276 1817 in
1320 1764 1492 1832 primo
1536 1771 1807 1831 ponuntur

226 1858 418 1930 gradu,
438 1852 529 1927 ut)
564 1864 621 1911 et
646 1864 703 1910 te
744 1869 865 1910 esse
915 1863 972 1910 et
1008 1867 1222 1919 manes,
1264 1853 1357 1922 qui
1401 1853 1455 1906 in
1494 1852 1806 1921 virginitate

228 1946 468 2017 corporis
505 1954 561 2001 et
598 1945 793 2000 animat
835 1951 1199 2015 perseverant.
1234 1941 1513 1995 Proximas
1545 1949 1723 1995 autem
1751 1949 1806 1994 et

227 2038 450 2103 amicas,
478 2035 665 2092 viduas
690 2048 832 2101 esse,
878 2032 1014 2087 etin
1052 2030 1397 2085 matrimonio
1421 2031 1761 2085 continentes
1788 2046 1803 2084 :

228 2144 353 2200 qua:
377 2143 562 2183 omnes
595 2142 715 2183 eum
748 2125 929 2180 lautitia
968 2133 1023 2179 et
1052 2122 1408 2178 exsultatione
1436 2122 1703 2176 ducuntur
1741 2121 1807 2175 ad

229 2220 493 2291 templum
538 2226 591 2274 et
630 2217 691 2272 in
731 2216 1021 2271 thalamum
1068 2215 1230 2284 regis.
1272 2213 1328 2268 ln
1369 2214 1625 2284 templum
1654 2213 1809 2283 quasi

230 2310 541 2366 sacerdotes
575 2308 666 2363 Dei
692 2325 708 2360 :
739 2308 792 2362 in
823 2306 1115 2360 thalamum
1144 2304 1301 2375 quasi
1344 2320 1554 2374 sponsze
1588 2304 1729 2374 regis
1752 2313 1808 2359 et

231 2399 436 2471 sponsi.
468 2399 580 2454 Hoc
609 2399 867 2468 templum
895 2396 1205 2453 etJoaunes
1238 2395 1370 2450 vidit
1393 2396 1446 2449 in
1487 2395 1810 2464 Apocalypsi

234 2491 418 2562 (Apoc.
452 2490 569 2563 21),
614 2499 670 2544 et
694 2488 960 2558 Propheta
989 2486 1283 2541 desiderat.
1319 2502 1338 2536 ι
1376 2484 1570 2551 Unam,
1615 2485 1807 2554 inquit,

234 2581 366 2653 petii
406 2596 437 2635 ι
475 2581 723 2646 Domino,
777 2578 917 2633 hanc
964 2578 1265 2648 requiram;
1308 2586 1367 2631 ιιι
1412 2576 1706 2630 inhabilem
1756 2576 1810 2629 in

234 2670 399 2726 domo
425 2670 656 2734 Domini,
699 2669 947 2724 omnibus
974 2667 1163 2721 diebus
1203 2667 1326 2720 vita:
1355 2681 1489 2720 mea:
1519 2684 1538 2717 ι
1564 2664 1688 2736 (Ps.
1718 2665 1811 2719 26.

235 2764 317 2833 ι).
374 2763 440 2817 Et
489 2763 726 2817 iterum:
758 2778 783 2812 i
820 2760 1065 2823 Domine,
1104 2754 1272 2812 dilexi
1320 2756 1569 2811 decorem
1623 2754 1817 2809 domus

240 2864 364 2920 tua),
394 2862 448 2910 et
476 2855 649 2909 locum
680 2850 1025 2906 habitationis
1050 2847 1239 2920 gloria
1275 2856 1378 2903 tua:
1409 2865 1429 2898 ι
1464 2844 1581 2917 (Ps.
1613 2845 1702 2900 25.
1734 2846 1813 2914 8).

239 2948 310 3002 Et
346 2948 401 3001 in
444 2947 549 3001 alio
569 2946 690 3001 loco
716 2961 731 2999 :
762 2962 785 2998 ι
820 2943 953 3011 Quia
984 2942 1222 2997 transibo
1253 2941 1305 2996 in
1355 2941 1527 2995 locum
1558 2939 1819 2994 taberna-

238 3038 346 3093 culi
367 3035 720 3099 admirabilis,
747 3047 914 3103 usque
935 3032 1003 3086 ad
1026 3031 1242 3086 domum
1277 3030 1369 3085 Dei
1396 3031 1450 3085 in
1481 3045 1611 3085 voce
1637 3030 1819 3084 exsul-

241 3128 461 3183 tationis
485 3134 541 3182 et
578 3122 956 3186 confessionis,
986 3121 1195 3176 sonitus
1222 3121 1353 3176 festa
1379 3120 1764 3175 celebrantium
1793 3138 1813 3171 ι

241 3216 363 3289 (Ps.
407 3216 498 3271 41.
550 3214 631 3283 5).
685 3212 958 3268 Scutulata
1010 3221 1188 3264 autem
1238 3210 1430 3279 quibus
1476 3225 1676 3279 sponso
1720 3224 1821 3264 suo

240 3307 429 3377 regina
466 3304 821 3373 componitur,
868 3303 981 3371 ipsa
1026 3311 1170 3366 sunt,
1220 3316 1337 3370 qum
1380 3301 1434 3355 in
1475 3301 1820 3371 Septuaginta

240 3398 475 3468 legimus
504 3412 524 3447 α
556 3394 955 3449 circumamicta
984 3392 1262 3446 varietate.
1293 3409 1316 3443 ι

316 3487 408 3541 21.
455 3503 475 3537 ι
509 3485 617 3540 Pro
644 3484 889 3555 patribus
916 3484 1020 3537 tuis
1047 3483 1155 3536 nati
1184 3492 1310 3538 sunt
1347 3481 1441 3537 tibi
1468 3482 1585 3550 ﬁlii,
1614 3484 1819 3539 consti-

244 3588 367 3633 tues
410 3591 507 3632 eos
542 3574 812 3646 principes
854 3588 1017 3643 super
1059 3587 1274 3629 omnem
1316 3582 1533 3628 terram.
1565 3593 1584 3626 ι
1619 3574 1677 3629 In
1717 3574 1823 3630 lle-

243 3667 429 3724 braico
454 3685 469 3721 :
502 3684 524 3720 ι
549 3666 654 3721 Pro
682 3664 921 3736 patribus
952 3665 1057 3718 tuis
1090 3674 1249 3718 erunt
1269 3663 1360 3718 tibi
1388 3664 1501 3729 lilii,
1531 3678 1701 3733 pones
1728 3679 1823 3721 eos

245 3758 521 3829 principes
558 3756 611 3811 in
657 3754 906 3811 universa
931 3762 1098 3811 terra.
1125 3771 1149 3806 ο
1184 3754 1249 3810 Et
1284 3768 1353 3809 ex
1391 3756 1565 3811 Patris
1596 3770 1822 3826 persona

247 3863 587 3919 nequaquam
617 3848 687 3902 de
710 3847 845 3911 ﬁlia,
872 3846 968 3901 sed
1005 3859 1223 3900 rursum
1246 3844 1314 3900 ad
1345 3846 1505 3900 ﬁliam
1530 3861 1713 3902 sermo
1744 3846 1826 3899 in-

245 3940 415 4009 telligi
443 3946 649 4008 potest;
693 3946 749 3991 et
794 3951 862 3991 ex
905 3936 1136 4006 Spiritus
1164 3936 1370 4002 Sancti,
1407 3946 1462 3991 et
1487 3952 1555 3991 ex
1594 3938 1826 3991 ﬁliorum

242 4029 411 4085 Core.
457 4027 516 4081 Si
556 4040 685 4095 ergo
717 4024 785 4079 ad
836 4025 1000 4078 ﬁliam
1048 4039 1302 4093 sponsam
1344 4038 1524 4077 sermo
1555 4024 1824 4093 dirigitur,

244 4133 449 4190 sponsa
474 4126 653 4171 autem
672 4116 740 4171 de
759 4115 1066 4170 nationibus
1085 4123 1405 4184 congregata
1432 4122 1536 4180 est,
1558 4114 1645 4169 cui
1664 4130 1825 4184 supra

246 4210 449 4267 dicitur
477 4225 493 4262 :
530 4224 549 4259 ι
577 4206 905 4262 Obliviscere
931 4206 1182 4275 populum
1215 4215 1361 4259 tuum
1388 4214 1443 4259 et
1479 4204 1693 4260 domum
1720 4221 1829 4275 pa—

248 4302 351 4358 tris
375 4300 477 4364 tui,
511 4316 534 4351 ι
564 4296 823 4352 debemus
866 4309 1080 4365 sponsae
1123 4304 1303 4365 patres
1331 4309 1526 4349 nosse:
1554 4303 1611 4349 ut
1636 4308 1830 4350 conse-

249 4400 482 4463 quenter
526 4387 837 4444 noverimus
875 4394 931 4440 et
973 4386 1130 4441 ﬁlios.
1175 4385 1281 4440 Pro
1311 4386 1552 4455 patribus
1594 4388 1720 4451 tuis,
1761 4387 1830 4443 de

251 4486 446 4557 quibus
462 4483 520 4538 in
557 4481 788 4537 Ieremia
837 4479 1009 4534 locuta
1038 4494 1134 4534 es:
1170 4496 1191 4531 ι
1220 4478 1390 4546 Quam
1421 4479 1551 4535 falsa
1573 4481 1830 4550 possede-

253 4585 379 4631 runt
400 4582 577 4644 patres
602 4570 775 4626 nostri
803 4569 965 4634 idola,
990 4578 1045 4623 et
1070 4584 1177 4623 non
1210 4581 1294 4625 est
1328 4571 1380 4624 in
1408 4571 1487 4626 eis
1513 4573 1599 4639 qui
1629 4572 1774 4641 pluat
1804 4591 1823 4624 ι

254 4664 473 4735 (let-em.
506 4664 590 4719 14.
620 4661 715 4717 22.
754 4670 800 4715 et
833 4660 919 4716 l6.
950 4659 1067 4732 19).
1110 4660 1215 4716 Pro
1257 4662 1477 4717 Platone
1506 4671 1560 4717 et
1601 4678 1698 4733 pro
1722 4678 1830 4719 ca:-

257 4756 391 4812 teris
426 4755 759 4811 diversorum
807 4752 1115 4823 dagmatum
1158 4762 1212 4807 et
1251 4766 1492 4807 errorum
1540 4754 1826 4825 magistris,

255 4844 374 4901 nati
399 4854 524 4899 sunt
545 4843 639 4898 tibi
666 4842 779 4906 ﬁlii,
801 4855 936 4911 quos
958 4841 1284 4899 constituisti
1315 4844 1585 4914 principes
1612 4854 1748 4910 tuos,
1775 4854 1831 4900 et

259 4935 437 4989 fecisti
493 4935 547 4988 in
590 4934 799 5003 populis
842 4942 1222 5003 praeoptares.
1287 4933 1378 4988 Vel
1430 4945 1577 4990 certe
1625 4935 1828 4990 aliter:

259 5026 309 5081 0
336 5024 600 5090 Ecclesia,
640 5024 734 5077 ﬁlii
766 5027 840 5080 tui
867 5040 1007 5096 quos
1033 5026 1265 5096 genuisti
1312 5026 1427 5090 tibi,
1474 5036 1748 5081 vertentur
1776 5027 1831 5083 in

260 5125 448 5189 patres
468 5123 606 5179 tuos,
646 5128 772 5169 cum
808 5114 876 5170 de
895 5116 1171 5186 discipulis
1196 5130 1291 5171 eos
1308 5114 1501 5171 feceris
1528 5118 1827 5185 magistros,

260 5209 398 5267 etin
440 5205 755 5262 sacerdotali
795 5205 961 5276 gradu
998 5210 1235 5263 omnium
1273 5208 1575 5263 testimonio
1605 5208 1835 5262 colloca-

344 5343 395 5393 ο)
434 5340 571 5405 Unus
929 5342 1237 5405 etnendatiss.
1262 5344 1461 5405 munda,
1487 5355 1629 5404 quam
1660 5355 1835 5392 vocem

256 5402 415 5469 refert
453 5404 520 5454 ad
558 5415 724 5469 regna.
749 5402 949 5453 Hieron.
974 5402 1093 5454 vero
1125 5406 1394 5469 sexaginta
1422 5402 1747 5469 lleginarum,
1783 5413 1837 5469 et

256 5468 501 5529 octoginta
524 5466 898 5529 concubinarum
921 5479 1194 5524 numerum,
1219 5466 1326 5515 cum
1348 5466 1544 5529 diebus
1562 5479 1654 5529 serg
1673 5503 1686 5525 ,
1729 5467 1837 5527 qui-

257 5531 353 5578 bus
370 5526 563 5577 creatus
587 5535 664 5575 est
685 5526 919 5587 mundus,
947 5535 999 5576 et
1036 5541 1146 5576 cum
1185 5535 1354 5577 octava
1396 5526 1593 5588 Legalis
1624 5526 1835 5576 Circum-

254 5591 457 5640 cisionis
473 5589 555 5638 die
577 5590 834 5649 componit,
862 5596 915 5637 et
937 5590 1138 5650 mystice
1164 5590 1515 5650 interpretatur
1534 5588 1603 5650 de
1624 5590 1801 5637 anima.

256 5714 303 5765 Μ
326 5650 387 5717 (ὁ)
426 5651 633 5765 \{ptctttlas
652 5656 697 5700 et
718 5655 782 5709 te,
798 5654 905 5698 tum
928 5649 1129 5700 alteram
1153 5656 1198 5699 et
1218 5649 1499 5712 particulam
1519 5649 1832 5701 Cisterciens.

305 5730 349 5765 s.
373 5728 467 5765 otnt
512 5728 526 5762 ι
556 5748 567 5761 .

305 5730 349 5766 s.
373 5716 567 5765 Omittit.

1576 294 1903 355 EPISTULA
1943 299 2101 355 LXV.

3366 304 3474 361 558

1844 440 1849 447 ε
1896 412 2057 466 veris.
2084 412 2165 480 (l)
2185 410 2281 466 Sin
2302 418 2480 467 autem
2503 411 2692 467 Patres
2715 412 2968 470 Ecclesite
2994 417 3341 490 intelligimus
3369 420 3476 475 Ab-

1899 500 2107 567 raham,
2130 502 2297 567 Isaac,
2321 510 2376 556 et
2391 501 2577 568 Jacob,
2596 510 2653 557 et
2676 503 2911 573 reliquos
2925 505 3279 575 Patriarchas;
3312 510 3474 577 ﬁlios,

1900 589 2061 660 392
2114 592 2203 660 qui
2231 591 2282 647 ei
2327 590 2381 645 in
2430 599 2636 661 patrum
2665 590 2868 647 honore
2884 603 3010 649 sunt
3035 598 3165 663 uati,
3192 602 3477 668 Apostolus

1901 680 2282 751 intelligamus,
2333 683 2421 751 qui
2464 681 2614 736 missi
2661 692 2786 737 sunt
2834 698 2864 737 a
2916 685 3141 740 Domino
3184 692 3475 756 praedicare

1900 785 2069 840 usque
2097 771 2163 825 ad
2194 780 2491 825 extremum
2515 781 2693 838 teme,
2739 783 2794 827 et
2819 774 3089 842 baptizare
3113 779 3394 835 credentes
3425 784 3477 838 in

1901 861 2117 914 nomine
2157 861 2453 916 Trinitatis.
2485 862 2591 917 Sed
2635 864 2896 931 quaeritur
2937 867 3208 934 quomodo
3238 868 3476 926 Ecclesia

1902 950 1968 1003 de
1984 950 2231 1019 gentibus
2262 960 2439 1022 patres
2465 952 2664 1007 habere
2691 954 2879 1022 possit,
2912 956 3204 1024 Abraham,
3234 958 3401 1026 Isaac,
3425 972 3481 1017 et

1900 1038 2086 1100 Jacob.
2118 1056 2238 1095 cum
2282 1042 2333 1096 ei
2379 1043 2739 1111 supradictum
2761 1046 2832 1099 sit
2859 1062 2873 1100 :
2907 1063 2928 1097 ι
2955 1045 3284 1106 Obliviscere
3312 1066 3482 1120 popu-

1905 1129 2013 1182 lum
2044 1138 2191 1183 tuum
2222 1141 2271 1184 et
2304 1130 2523 1186 domum
2564 1134 2730 1201 patris
2757 1134 2851 1187 tui.
2885 1152 2905 1186 ι
2942 1136 3205 1206 Legamus
3233 1140 3478 1209 Evange-

1905 1218 2033 1273 lium
2064 1236 2078 1273 :
2114 1237 2132 1270 t
2161 1219 2337 1275 Nolite
2380 1221 2581 1285 dicere,
2625 1231 2830 1291 patrem
2871 1225 3128 1281 habemus
3166 1228 3433 1283 Abraham
3463 1248 3476 1285 :

1910 1319 2102 1378 potens
2146 1319 2229 1365 est
2275 1311 2413 1365 Deus
2457 1310 2526 1366 de
2573 1312 2837 1382 lapidibus
2887 1314 3024 1380 istis,
3058 1334 3077 1368 ι
3125 1316 3225 1372 hoc
3262 1328 3364 1385 est,
3412 1319 3483 1374 de

1910 1399 2044 1452 duro
2090 1399 2251 1454 corde
2296 1401 2607 1470 gentilium,
2655 1420 2674 1455 ι
2708 1405 2968 1460 suscitare
3010 1407 3148 1461 ﬁlios
3196 1409 3424 1462 Abralne
3455 1429 3474 1461 ι

1909 1487 2118 1559 (Matth.
2145 1489 2201 1544 2.
2233 1490 2310 1561 9).
2345 1491 2410 1544 Et
2440 1492 2493 1545 in
2524 1492 2630 1546 alio
2656 1493 2776 1548 loco
2803 1511 2817 1548 :
2847 1512 2866 1546 ι
2900 1494 2955 1549 Si
2979 1494 3069 1550 lilii
3093 1499 3283 1552 essetis
3309 1498 3485 1554 Abra-

1910 1579 2012 1645 hzc,
2048 1595 2211 1649 Opera
2240 1582 2470 1637 Abrahae
2514 1584 2758 1640 faceretis
2790 1605 2809 1638 ι
2861 1586 3039 1657 (Joan.
3083 1589 3139 1643 8.
3185 1589 3297 1661 59).
3334 1590 3399 1645 Et
3432 1592 3484 1646 in

1908 1671 2103 1727 Genesi
2146 1671 2212 1727 ad
2245 1674 2414 1741 ipsum
2464 1674 2734 1729 Abraham
2764 1677 2997 1745 loquitur
3041 1679 3216 1733 Dens:
3244 1698 3264 1732 i
3301 1682 3358 1734 in
3398 1699 3489 1738 se-

1908 1761 2051 1816 mine
2074 1770 2168 1814 tuo
2194 1762 2577 1817 benedicentur
2613 1780 2801 1819 omnes
2841 1777 3031 1835 gentes
3056 1786 3075 1819 ι
3114 1768 3263 1839 (Gen.
3292 1770 3380 1825 12.
3405 1773 3485 1842 5).

1908 1850 2057 1905 Sicut
2093 1851 2235 1905 enim
2275 1851 2364 1905 ille
2406 1853 2456 1906 in
2484 1855 2744 1923 praeputio
2772 1870 2839 1909 ex
2883 1855 2989 1911 ﬁde
3027 1858 3347 1927 justiﬁeatus
3381 1872 3487 1929 est,
3540 1872 3543 1875 ’

1910 1942 1978 1995 ita
2006 1951 2060 1996 et
2088 1942 2607 2011 nosjustiﬁcabimur
2634 1946 2684 1999 in
2710 1946 2897 2002 eadem
2923 1948 3046 2016 ﬁde,
3069 1952 3114 2005 si
3142 1949 3489 2008 habuerimus

1911 2032 2071 2087 ﬁdem
2121 2044 2175 2089 et
2219 2048 2384 2105 opera
2418 2039 2582 2105 patris
2621 2040 2788 2092 nostri
2833 2040 3123 2095 Abraham.
3165 2043 3347 2099 Potest
3386 2045 3491 2101 hoc

1912 2126 2084 2196 ipsum
2115 2126 2181 2179 ad
2202 2125 2535 2181 Salvatorem
2558 2128 2685 2194 dici,
2711 2132 2794 2184 vel
2824 2144 2852 2183 a
2875 2130 3052 2197 Patre,
3079 2133 3163 2187 vel
3191 2149 3219 2187 a
3247 2134 3491 2205 Prophe-

1914 2217 2003 2270 tali
2035 2217 2201 2271 choro
2226 2223 2280 2270 et
2304 2216 2506 2285 Spiritu
2535 2217 2751 2272 Sancto.
2780 2218 2889 2273 Pro
2907 2222 3143 2289 patribus
3167 2224 3291 2287 tuis,
3323 2224 3493 2294 stirpe

1914 2303 2166 2358 videlicet
2202 2303 2534 2372 Judmorum,
2561 2306 2651 2375 qtti
2693 2316 2745 2361 te
2798 2308 3134 2378 reliquerunt
3172 2322 3226 2366 et
3263 2328 3496 2383 negave-

1918 2402 2066 2457 runt,
2100 2393 2209 2447 nati
2250 2402 2375 2449 sunt
2422 2394 2516 2449 tibi
2548 2395 2663 2459 ﬁlii,
2711 2396 2977 2465 Apostoli,
3009 2399 3155 2455 etde
3191 2402 3496 2457 nationibus

1916 2483 2219 2550 credentes,
2271 2498 2404 2553 quos
2446 2484 2768 2541 constituisti
2816 2488 3087 2559 principes
3137 2490 3192 2544 in
3247 2492 3495 2547 universa

1918 2579 2057 2626 terra
2066 2608 2081 2625 .

1985 2660 2081 2715 22.
2129 2681 2148 2715 ι
2177 2662 2383 2718 Memor
2411 2678 2507 2719 ero
2528 2665 2762 2721 nominis
2794 2668 2866 2721 tui
2900 2668 2952 2723 in
2979 2671 3124 2725 omni
3153 2674 3498 2742 generatione

1918 2763 1972 2807 et
1996 2757 2361 2822 generatione.
2390 2756 2681 2826 Propterea
2706 2761 2882 2829 populi
2903 2764 3299 2818 conﬁtebuntur
3329 2767 3421 2819 tibi
3444 2767 3498 2821 in

1918 2854 2218 2912 aeternum,
2274 2855 2330 2901 et
2382 2846 2434 2900 in
2474 2848 2731 2902 stt-culum
2782 2852 2987 2904 stecnli.
3020 2870 3037 2903 ι
3091 2852 3149 2906 1η
3196 2853 3499 2909 Hebraico:

1926 2952 1946 2987 ί
1976 2936 2321 2992 Recordabor
2365 2938 2596 2991 nominis
2643 2939 2716 2991 tui
2762 2940 2812 2992 in
2863 2942 3007 2994 omni
3055 2945 3399 3011 generatione
3448 2956 3506 3002 et

1921 3027 2285 3095 generatione.
2330 3026 2617 3096 Propterea
2654 3029 3053 3083 conﬁtebuntur
3095 3031 3189 3085 tibi
3228 3035 3405 3102 papuli
3448 3037 3501 3091 in

1923 3118 2177 3173 sarculum
2207 3128 2261 3173 et
2290 3119 2343 3172 in
2369 3128 2649 3173 atternum.
2678 3138 2697 3172 ›
2731 3119 2883 3186 Quod
2912 3136 3009 3177 nos
3032 3123 3365 3193 interpretati
3404 3143 3499 3182 su-

1924 3225 2065 3275 mus,
2117 3227 2135 3260 ‹
2164 3209 2561 3264 conﬁtebuntur
2606 3211 2719 3277 tibi,
2756 3229 2775 3263 ι
2820 3213 3187 3283 Symmachus
3211 3219 3503 3285 transtulit,

1928 3300 2000 3370 (c)
2034 3318 2052 3352 ι
2077 3299 2365 3354 laudabunt
2408 3308 2480 3355 te.
2509 3318 2529 3352 ι
2562 3300 2784 3371 Regina,
2827 3319 2945 3372 qua:
2981 3315 3204 3359 steterat
3240 3323 3269 3361 a
3300 3309 3504 3364 dextris

1924 3394 2066 3463 regis
2112 3393 2165 3448 in
2212 3394 2407 3447 vestitu
2446 3394 2724 3459 deaurato,
2767 3404 2822 3450 et
2858 3397 3003 3464 jussa
3054 3398 3224 3453 fuerat
3263 3402 3507 3456 oblivisci

1926 3484 2105 3554 populi
2150 3494 2203 3539 et
2248 3484 2440 3540 domus
2490 3487 2656 3554 patris
2685 3487 2807 3551 sui;
2852 3495 2909 3541 et
2957 3488 3147 3543 iterum
3190 3491 3263 3544 illi
3304 3472 3503 3547 dictum

1926 3584 2040 3630 erat
2076 3591 2090 3630 :
2124 3593 2143 3627 ε
2173 3574 2277 3629 Pro
2303 3576 2543 3646 patribus
2580 3578 2683 3631 tuis
2712 3578 2821 3631 nati
2864 3588 2989 3633 sunt
3030 3580 3124 3634 tibi
3154 3580 3270 3645 ﬁlii,
3298 3584 3507 3637 consti-

1927 3674 2044 3723 tues
2086 3680 2182 3722 eos
2212 3667 2481 3737 principes
2523 3682 2687 3737 super
2728 3683 2945 3723 omnem
2988 3678 3205 3735 terram,
3239 3689 3259 3723 ι
3308 3672 3508 3727 intelli-

1927 3774 2059 3828 gens
2088 3768 2282 3828 quanta
2319 3760 2621 3815 decoranda
2652 3762 2718 3814 sit
2738 3762 2929 3829 gloria,
2968 3772 3023 3816 et
3048 3764 3244 3833 quibus
3276 3767 3512 3836 pra-miis

1929 3848 2278 3910 sublevanda,
2331 3851 2596 3902 convertit
2639 3849 2707 3902 ad
2750 3865 3007 3918 sponsum
3051 3868 3211 3907 voces
3259 3872 3403 3920 suas,
3454 3870 3510 3914 et

1931 3937 2215 4005 pollicetur
2237 3936 2638 3990 recordaturatn
2680 3951 2740 3991 se
2785 3952 2999 4006 semper
3022 3944 3253 3997 nominis
3299 3949 3506 4015 sponsi,

1931 4025 1985 4079 in
2009 4026 2156 4079 omni
2192 4025 2539 4095 generatione
2584 4034 2639 4080 et
2662 4031 3030 4097 generatione.
3061 4030 3212 4099 Quod
3243 4038 3507 4104 promisit,

1930 4115 2176 4169 videmus
2229 4116 2519 4185 expletum.
2567 4116 2681 4186 Ipsa
2716 4116 3019 4174 Christiana
3070 4123 3224 4177 nobis
3261 4114 3551 4184 omnibus»

1930 4204 2359 4259 Christianorum
2407 4220 2603 4261 nomen
2634 4207 2929 4276 imposuit:
2964 4225 3158 4267 nomen
3203 4228 3417 4283 novum,
3455 4220 3507 4274 in

1932 4309 2041 4363 quo
2071 4312 2090 4346 ι
2120 4294 2502 4350 benedicentur
2528 4294 2625 4368 [aL
2667 4297 3045 4373 benedicuntur]
3084 4316 3271 4360 omnes
3298 4306 3513 4364 familia:

1933 4385 2195 4457 gentium.
2222 4405 2242 4438 ο
2270 4386 2601 4442 llecordatur
2615 4398 2793 4444 autem
2815 4405 2919 4444 non
2944 4391 2995 4446 in
3019 4409 3119 4449 una
3141 4400 3511 4468 generatione,

1934 4478 2029 4532 sed
2071 4479 2122 4532 in
2169 4476 2456 4532 omnibus:
2487 4480 2570 4534 vel
2615 4488 2836 4535 cunctas
2881 4482 3191 4553 signiﬁcans
3238 4491 3502 4556 nationes,

1934 4570 2019 4625 vel
2044 4570 2177 4625 duas
2196 4570 2902 4640 getterationesJuda'orum
2926 4584 3085 4645 atque
3104 4578 3414 4635 Gentilium.
3444 4584 3510 4636 Et

1934 4661 2058 4732 quia
2075 4664 2372 4731 hocparum
2394 4672 2495 4728 est,
2517 4664 2561 4718 si
2588 4664 2640 4718 in
2658 4664 2862 4719 duabus
2890 4665 3050 4736 393
3074 4671 3509 4737 generationibus

1938 4755 2171 4809 nominis
2202 4757 2410 4812 Domini
2437 4756 2769 4824 recordetur,
2802 4768 3084 4827 pr0pterea
3115 4763 3292 4829 populi
3336 4764 3426 4832 qui
3458 4764 3512 4819 in

1941 4847 2178 4902 Ecclesia
2204 4846 2423 4913 fuerint,
2469 4848 2863 4903 conﬁtebuntur
2906 4857 2963 4903 et
2998 4849 3290 4905 laudabunt
3326 4853 3513 4909 Domi-

1938 4956 2063 4996 nunt
2095 4940 2150 4994 in
2194 4948 2457 4994 teternum
2496 4948 2551 4993 et
2596 4941 2648 4993 in
2676 4940 2932 4994 szeculum
2963 4941 3164 4994 saeculi.
3193 4943 3418 5008 Quando
3460 4958 3517 5002 et

1938 5041 2015 5094 tu,
2059 5045 2093 5083 ο
2122 5029 2228 5083 ﬁlia
2268 5029 2555 5097 Principia,
2592 5039 2896 5083 sanctorum
2928 5029 3090 5083 mixta
3137 5033 3323 5099 choro,
3373 5035 3517 5090 inter

1937 5123 2169 5192 virgines
2194 5121 2409 5175 duceris
2452 5121 2517 5174 ad
2560 5136 2772 5190 regem,
2805 5131 2858 5176 et
2886 5136 2953 5176 ex
2991 5124 3237 5182 domibus
3263 5127 3515 5185 eburneis

1939 5212 2227 5267 delectabis
2251 5225 2505 5280 sponsum
2526 5211 2582 5264 in
2604 5211 2807 5266 honore
2833 5221 2923 5266 tuo
2951 5230 2965 5266 :
2997 5221 3122 5270 tunc
3152 5218 3433 5275 recordare
3460 5230 3516 5277 et

2003 5344 2073 5406 (ε)
2097 5343 2342 5415 .Nimirum
2365 5355 2565 5415 {qm-tio:th
2582 5358 2625 5394 σι
2644 5345 2821 5406 quibus
2846 5346 2892 5393 in
2911 5347 3080 5397 verbis
3100 5349 3240 5404 simul
3262 5350 3437 5414 Aquila
3462 5359 3516 5404 et

1940 5405 2245 5456 Theudotion
2264 5409 2591 5455 consentiunt.

2011 5464 2091 5577 gl;
2102 5467 2174 5515 Re
2199 5468 2298 5529 ipsa
2313 5467 2373 5515 ad
2391 5468 2516 5515 hunc
2530 5467 2721 5540 modum
2738 5467 3071 5542 Adantonlius.
3082 5489 3118 5544 θα
3134 5472 3237 5547 ⁹Ῑνςό
3252 5475 3515 5537 Abraham,

2055 5544 2063 5552 '
2094 5543 2165 5577 ac.
2192 5536 2245 5576 ct
2264 5528 2433 5577 Jacob.
2458 5536 2511 5577 et
2533 5542 2617 5577 oro
2641 5529 2748 5577 alits
2771 5531 2988 5577 reltuuts.
3013 5544 3095 5577 om
3134 5534 3198 5577 illi
3230 5536 3515 5577 nlammrtmt

1943 5538 1996 5603 et
2016 5528 2172 5599 Isaac,
2192 5528 2245 5576 et
2264 5528 2433 5585 Jacoh,
2458 5536 2511 5577 et
2531 5542 2617 5591 pro
2641 5529 2748 5602 aliis
2771 5531 2988 5604 reliquis,
3013 5535 3096 5640 qui
3134 5534 3199 5583 illi
3230 5528 3517 5598 placuerunt

1945 5605 1994 5640 in
2017 5598 2176 5640 veteri
2199 5590 2538 5640 Testamento.
2575 5598 2673 5640 natt
2695 5598 2809 5640 sunt
2832 5591 3028 5640 Disetnu
3053 5609 3064 5640 I
3085 5631 3099 5640 .
3139 5604 3190 5640 et
3214 5612 3300 5640 nos
3321 5601 3400 5640 nui
3429 5612 3517 5640 nei-

1945 5592 1994 5661 in
2017 5591 2176 5641 veteri
2199 5590 2538 5661 Testamento,
2575 5593 2673 5640 nati
2695 5598 2809 5661 sunt
2832 5590 3064 5655 Discipuli
3085 5631 3099 5655 ,
3132 5604 3190 5661 et
3214 5590 3300 5661 tios
3321 5601 3400 5660 qui
3428 5612 3518 5661 per

1946 5653 2078 5714 ipsos
2114 5652 2404 5717 credidimus
2428 5659 2478 5701 et
2500 5664 2679 5717 eorum
2692 5652 2839 5717 ﬁdei,
2870 5667 2926 5704 ac
2964 5652 3252 5717 cognitionis
3292 5652 3520 5711 heredes

2079 5691 2307 5766 sumusfr
2338 5714 2502 5765 Graeca
2529 5714 2712 5768 videsis
2736 5691 3225 5773 inihi-cna"
