4056 6184
578 246 683 301 639

580 366 710 432 mei,
741 366 831 436 qui
867 365 1020 434 huius
1049 359 1238 417 Psaimi
1265 355 1382 418 tibi,
1412 349 1638 405 Domino
1663 345 1952 408 revelantc,
1989 341 2152 436 intel-

583 433 854 526 ligentiam
906 433 1086 512 tribui.
1137 459 1192 503 et
1232 447 1436 500 dicito:
1469 460 1491 492 ι
1527 440 1729 495 lenior
1778 451 1874 492 ero
1924 433 2158 526 nominis

586 523 697 612 tui;
732 567 752 598 ι
797 555 996 612 atquae
1042 548 1244 606 partem
1295 532 1607 588 intellexisti
1650 526 1924 589 carminis,
1971 525 2017 577 si
2049 523 2154 574 vita

585 651 764 692 comes
800 611 973 695 fuerit,
1006 631 1087 699 (α)
1125 635 1181 681 et
1206 635 1373 679 totum
1399 622 1677 677 Canticum
1699 617 2042 672 Canticorum
2069 611 2155 666 in-

587 729 807 794 telligas.

1037 805 1368 863 EPISTULA
1399 801 1561 856 LXVI
1589 800 1694 870 (ι).

1139 937 1206 974 ΑΒ
1233 931 1598 972 PAIILCBICI.

581 1041 857 1096 Paulinam
901 1036 1085 1090 Paulle
1132 1035 1314 1100 ﬁliam,
1350 1046 1466 1099 qui:
1517 1026 1852 1082 Pammachio
1891 1029 2149 1092 nupserat,

647 1131 822 1200 juveni
851 1129 998 1181 docto
1024 1142 1136 1178 cum
1164 1125 1339 1191 primis
1361 1131 1406 1174 et
1433 1120 1610 1184 nobili,
1634 1117 1923 1185 defunctam
1952 1110 2154 1171 laudat,

654 1223 917 1289 ipsumque
957 1214 1345 1271 Panum-ictuum
1370 1252 1384 1275 ,
1415 1211 1503 1279 qui
1535 1208 1704 1261 statim
1743 1207 1805 1256 ab
1852 1205 1963 1271 ejus
2006 1211 2163 1252 morte

654 1311 897 1367 )lmtaclii
933 1310 1245 1376 prepositum
1285 1305 1602 1372 arripuerat,
1650 1314 1771 1366 opes
1801 1312 1920 1350 suas
1961 1294 2012 1345 in
2043 1308 2164 1359 pau-

653 1420 826 1473 perum
843 1401 1124 1456 subsidium
1144 1397 1405 1467 elargitus,
1432 1395 1688 1456 hortatur,
1712 1398 1765 1442 ut
1781 1389 1834 1440 in
1850 1395 2024 1440 sancto
2042 1397 2165 1452 pra-

653 1498 817 1567 posito
844 1502 1042 1563 pergat.

656 1608 712 1663 1.
739 1605 938 1660 Sanato
955 1601 1162 1657 vulneri
1187 1600 1311 1654 etin
1335 1596 1636 1651 cicatricem
1671 1589 2006 1660 superducta:
2032 1585 2162 1649 cuti,

589 1699 634 1752 si
662 1697 925 1750 medicina
951 1695 1189 1748 colorem
1221 1688 1446 1744 reddere
1482 1684 1750 1746 voluerit,
1771 1681 1900 1734 dum
1927 1677 2162 1746 pulchri-

589 1787 824 1840 tudinem
865 1782 1107 1852 corporis
1135 1781 1361 1849 qumrit,
1395 1777 1600 1846 plagam
1643 1770 1844 1826 doloris
1885 1771 2163 1822 instaurat.

588 1874 665 1929 lza
701 1885 756 1928 et
779 1889 880 1942 ego
907 1873 981 1941 (ε)
1015 1883 1169 1924 serus
1209 1866 1552 1926 consolator,
1583 1860 1674 1931 qui
1718 1861 2023 1927 importune
2069 1867 2165 1921 per

589 1965 866 2019 biennium
893 1962 1055 2026 tacui,
1089 1974 1276 2012 vereor
1296 1971 1364 2010 ne
1399 1968 1540 2008 nunc
1562 1949 1918 2020 importunius
1954 1947 2162 2013 loquar,

587 2064 646 2109 et
686 2060 979 2108 attrectans
1013 2051 1202 2103 vulnus
1249 2045 1480 2115 pectoris
1513 2041 1587 2095 tui
1612 2082 1628 2106 ,
1657 2037 1798 2108 quod
1839 2047 2076 2104 tempore
2113 2043 2169 2086 et

589 2146 792 2198 ratione
833 2152 1075 2196 curatum
1123 2146 1227 2203 est,
1275 2130 1792 2190 commemoratione
1837 2127 2161 2180 exulcercm.

585 2235 714 2304 Qua:
759 2233 903 2287 enim
929 2244 1088 2284 aures
1129 2238 1236 2281 tant
1282 2225 1471 2288 durs,
1509 2236 1630 2292 quze
1671 2218 1741 2273 de
1781 2217 1935 2272 silice
1987 2215 2166 2268 excisa

589 2323 904 2395 praecordia,
956 2331 1011 2375 et
1054 2319 1420 2389 liyrcanarum
1465 2312 1695 2382 tygrinm
1750 2308 1891 2362 lacte
1940 2304 2164 2366 nutrita,

589 2394 811 2486 possunt
835 2417 951 2468 sine
996 2412 1245 2481 Iacrymis
1285 2406 1523 2461 Paulina:
1555 2412 1659 2454 tua:
1689 2399 1878 2453 audire
1918 2410 2115 2450 nomen
2143 2394 2166 2446 ?

588 2508 719 2574 Quis
747 2504 1126 2574 parturientem
1170 2513 1345 2552 rosam
1395 2506 1447 2549 et
1488 2493 1569 2562 (ὀ)
1603 2489 1926 2559 papyilatnm
1957 2500 2170 2556 corym-

591 2602 742 2662 bum,
772 2605 1057 2663 antequam
1090 2593 1142 2645 in
1173 2587 1445 2644 calathum
1492 2582 1742 2637 fundatur
1761 2579 1908 2632 orbis
1929 2619 1944 2643 ,
1973 2585 2030 2628 et
2059 2584 2167 2627 t0ta

593 2691 897 2745 rnbentiutn
919 2686 1169 2740 foliorum
1189 2679 1453 2751 pandatur
1474 2675 1699 2730 ambitio
1720 2670 1814 2745 [aL
1843 2663 2164 2737 ambitione],

591 2783 872 2836 immature
893 2778 1198 2838 demessum
1219 2772 1390 2841 sequis
1409 2769 1579 2823 oculis
1603 2777 1935 2819 marcc~cere
1962 2759 2170 2811 videat?

590 2871 837 2927 Fractum
882 2878 966 2923 est
1026 2864 1482 2935 pretiosissimum
1538 2855 1911 2926 margaritum.
1973 2850 2170 2904 Virens

589 2960 852 3032 sinaragdi
878 2972 1090 3030 gemma
1114 2955 1345 3011 contrita
1388 2960 1492 3007 est.
1523 2948 1662 3016 Quid
1705 2947 1829 3000 boni
1857 2943 2052 3032 habeat
2079 2955 2168 2992 sa-

595 3056 757 3121 nitas,
778 3031 1014 3122 ilanguor
1037 3047 1292 3104 ostendit.
1341 3045 1467 3099 Plus
1505 3040 1773 3097 sensimus
1805 3033 1949 3106 quod
1978 3031 2168 3086 habui-

593 3162 732 3212 mus,
764 3154 1042 3214 postquam
1075 3141 1272 3193 habere
1298 3136 1612 3192 ἀθδίνίηιιιε.

661 3240 714 3292 1.
743 3236 801 3292 In
827 3250 954 3304 agro
983 3243 1137 3288 terrae
1164 3231 1352 3291 bonae,
1380 3236 1495 3282 tres
1524 3226 1729 3279 fructus
1757 3223 2011 3293 legimus,
2038 3238 2166 3276 ccn-

592 3329 862 3391 tcsimum,
888 3322 1299 3391 sexagesimum,
1322 3326 1379 3372 et
1415 3312 1580 3386 394
1604 3315 1928 3368 tricesimum
1950 3314 2167 3384 (.ifottlt.

591 3420 664 3474 9.3
687 3420 729 3487 ).
754 3417 812 3471 lu
841 3417 1013 3470 tribus
1039 3411 1351 3466 mulieribus
1371 3418 1426 3461 et
1463 3408 1722 3476 sanguine
1737 3418 1792 3460 et
1817 3407 2015 3462 virtute
2043 3423 2176 3460 con-

590 3507 813 3579 junctis,
839 3506 937 3558 tria
983 3501 1181 3556 Christi
1207 3498 1425 3567 praemia
1451 3511 1800 3565 recognosco.
1827 3497 2170 3550 Eustochium

594 3597 911 3667 virginitatis
940 3594 1103 3648 liores
1124 3591 1314 3646 metit:
1341 3587 1503 3642 Paula
1535 3588 1857 3640 laboriosam
1891 3588 2172 3641 viduitatis

593 3703 773 3744 aream
802 3687 924 3740 terit
968 3705 981 3740 :
1017 3684 1234 3738 Paulina
1265 3688 1470 3735 castum
1499 3677 1826 3731 matrimonii
1856 3677 2034 3731 cubile
2057 3693 2172 3730 scr-

594 3790 703 3835 vat.
733 3777 846 3834 Tali
893 3776 1120 3829 liliarum
1152 3779 1322 3825 mater
1353 3768 1483 3822 fulta
1525 3767 1816 3831 comitatu,
1867 3776 2036 3819 totum
2067 3766 2170 3819 sibi

592 3873 646 3927 in
679 3870 837 3926 terris
865 3867 1096 3922 vindicat
1125 3862 1268 3934 quod
1297 3860 1542 3916 Christus
1568 3858 1807 3926 promisit
1830 3858 1887 3910 in
1911 3857 2068 3911 ctBlo.
2102 3857 2172 3910 Et

596 3972 654 4016 ut
677 3961 986 4032 quadrigam
1014 3955 1208 4009 domus
1237 3966 1339 4006 una
1369 3951 1640 4004 emitteret
1668 3947 1985 4011 sanctitatis,
2009 3957 2063 4002 et
2091 3946 2171 4000 fe-

596 4053 860 4107 minarum
890 4044 1179 4100 virtutibus
1200 4039 1585 4110 responderent
1605 4037 1727 4103 viri,
1755 4039 1967 4091 additur
1987 4053 2173 4092 comes

593 4137 988 4200 Pammachius,
1043 4148 1226 4187 verum
1270 4128 1573 4185 Ezechielis
1620 4128 1932 4194 Cherubim,
1975 4126 2044 4199 (e)
2074 4143 2169 4181 co-

593 4241 818 4301 gnatus,
848 4242 1016 4296 gener
1039 4265 1055 4290 ,
1097 4225 1350 4286 maritus,
1406 4221 1515 4274 imo
1557 4220 1720 4272 lrater
1747 4219 2169 4285 amantissimus,

591 4336 716 4387 onis
746 4320 960 4375 Sason
989 4312 1262 4370 consortia
1294 4311 1534 4381 spiritus,
1561 4309 1815 4363 vocabula
1848 4324 1954 4362 non
1987 4317 2172 4362 tenent

594 4413 917 4480 nuptiarum.
963 4405 1102 4460 Huic
1144 4401 1416 4472 quadriga:
1459 4399 1618 4453 Jesus
1659 4398 1930 4468 praesidet.
1977 4398 2050 4453 De
2087 4398 2170 4452 his

594 4504 748 4572 equus
775 4509 829 4554 et
856 4498 1072 4552 Abacuc
1099 4495 1243 4547 canit
1273 4509 1287 4545 :
1317 4490 1544 4543 Ascendc
1568 4490 1644 4557 (l)
1677 4505 1829 4557 super
1859 4505 2012 4558 equos
2032 4499 2170 4556 tuos,

653 4633 727 4695 (α)
758 4629 884 4681 Hinc
988 4623 1252 4695 Eusebium
1273 4620 1480 4695 Praefatn
1493 4619 1774 4695 Cornmen't.
1789 4619 1840 4666 in
1858 4618 2136 4695 Mattbaeum
2151 4658 2166 4682 ,

599 4715 624 4744 ι
643 4679 878 4748 misrior-0,
902 4691 1078 4752 inquit,
1103 4695 1157 4752 ut
1174 4687 1266 4752 dea
1287 4681 1558 4744 exetnplar,
1581 4693 1694 4750 cum
1706 4679 1911 4752 ⁸Ραοιιιίιιιι
1926 4679 2167 4752 ἰ’θιιβιὶες

591 4742 984 4820 Ῠίιῖέξὶἶίιεῆι-ιδιί
1004 4748 1275 4820 lli-incipite,
1299 4759 1408 4820 quze
1533 4743 1738 4820 rogavit,
1764 4750 1815 4820 ut
1840 4744 1889 4790 in
1923 4742 2169 4820 Cant-mina

592 4801 890 4870 Canitcorum
930 4801 1202 4863 scriberem
1218 4845 1232 4864 ,
1256 4801 1283 4856 a
1307 4801 1403 4870 (tuo
1425 4817 1578 4870 opere
1594 4801 1833 4870 exclusus
1853 4806 2167 4864 aegrotatione

590 4866 815 4931 diuturna
836 4891 974 4939 spem
1001 4876 1047 4923 in
1071 4871 1285 4922 futurum
1300 4866 1495 4928 distuli;
1522 4884 1542 4910 ι
1571 4868 1661 4916 sed
1685 4878 1779 4916 nec
1799 4874 1971 4928 postea
1989 4873 2170 4916 scimus

591 4937 1059 5006 potitisseucixpict'e.

679 4989 741 5056 bii
767 5000 889 5051 alius
903 4989 983 5047 '26.
1010 4996 1198 5056 scripta
1220 4993 1307 5045 sub
1328 4989 1473 5056 finem
1495 5003 1574 5039 an.
1600 4990 1711 5056 59⁸7.

679 5006 704 5051 b
767 5006 889 5051 Atius
905 5006 983 5047 26.
1010 5006 1198 5106 seriam
1220 5006 1307 5045 suo
1328 5006 1473 5056 prtem
1495 5006 1574 5039 an.
1601 5006 1711 5038 om.

675 5006 722 5130 ci
758 5064 947 5130 Vinose
972 5061 1092 5130 legit
1161 5055 1538 5130 urtian.rvitiose
1563 5049 2171 5130 eEiatii.editores_allii,‘eqo

589 5112 751 5177 scietis
789 5112 1071 5180 consulat/)7,
1099 5132 1185 5182 pro
1220 5129 1382 5174 serus,
1406 5113 1808 5177 quemadmodum
1851 5112 2168 5161 emendantits

590 5195 818 5238 contextu
844 5187 946 5245 i|so
967 5188 1196 5245 cogente.

652 5233 835 5313 (diiix
864 5233 1406 5313 i'eterivlipigranunate
1439 5238 1503 5288 de
1529 5236 1684 5313 lliosis
1710 5249 1723 5284 :
1749 5235 1916 5285 Prima
1947 5233 2168 5298 pupylla-

585 5302 995 5376 tant_prott'tt'lt'1ts
1018 5302 1158 5376 spica
1174 5302 1470 5376 corymbion,
1495 5306 1589 5376 etc;

587 5427 602 5476 1
655 5357 725 5437 (ei
753 5370 986 5439 Niuiiruzn
1019 5357 1278 5413 liustoch'nr
1297 5370 1551 5424 wgnatus,
1577 5357 1742 5408 Paula:
1764 5370 1943 5419 gener,
1970 5363 2023 5406 et
2044 5357 2168 5406 Pan-

607 5434 698 5476 inm
722 5437 938 5476 nutritus.

607 5430 938 5479 inte'rnarittts.

649 5492 720 5551 (ι)
757 5491 962 5536 liravins
987 5484 1243 5551 eaGrteco
1267 5483 1365 5545 legi
1389 5484 1490 5533 vult
1510 5482 1758 5551 ascendas.
1783 5479 2064 5551 Paulo‘post
2083 5481 2168 5529 ubi

585 5541 758 5598 dicitur
785 5545 1158 5608 itttiturtturigte,
1174 5541 1446 5608 jugujnpro
1466 5544 1806 5608 aurigteizlem
1819 5541 2170 5608 quadrigtere-

609 5613 696 5657 .oni
718 5610 876 5670 jubet.
905 5606 1041 5670 Hane
1064 5603 1328 5670 ἑώρταζε.
1355 5603 1502 5670 Pater
1544 5603 1832 5670 quadrigatis
1859 5603 2168 5663 Pammachii,

611 5664 765 5731 ’aulfe,
794 5665 1040 5714 liustoehii
1067 5670 1117 5711 ot
1139 5665 1370 5722 Paulinm,
1397 5667 1444 5711 in
1468 5664 1566 5714 line
1591 5664 1807 5724 epistula
1831 5671 2083 5711 memorat.

1870 227 1948 282 S-\
1957 223 2111 279 SC‘I'i
2152 220 2534 278 lllERONYill

3747 230 3864 286 6‘0

2257 349 2306 392 es
2331 340 2576 408 equitasio
2595 348 2684 392 tua
2708 338 2849 392 salus
2883 339 3065 411 (Δια.
3096 339 3155 396 5.
3176 339 3261 408 8).
3287 337 3484 410 [inpari
3512 356 3701 409 cursu,
3733 349 3860 416 pari

2258 432 2440 486 animo
2467 431 2536 486 ad
2565 432 2794 500 palmam
2825 431 3081 486 tenditur.
3113 433 3417 487 Discolores
3440 435 3588 504 equi,
3613 436 3714 490 sed
3745 453 3850 492 vo-

2261 522 2772 577 luntatcconcordes
2795 564 2810 585 .
2834 539 2997 576 unm
3035 525 3235 592 aurige
3249 523 3434 592 jugum
3461 526 3706 586 trahunt.
3739 544 3856 584 non

2259 620 2606 677 expectantes
2624 611 2822 681 ﬂagelli
2843 612 3090 677 verbera,
3115 611 3212 666 sed
3228 611 3294 665 ad
3322 613 3470 667 vocis
3497 612 3858 674 hortamenta

2260 698 2552 755 ferventes.

2333 790 2388 846 5.
2438 790 2675 856 Quum
2719 793 2928 846 virtutes
2954 791 3052 844 sibi
3097 792 3428 848 coherentes.
3471 824 3548 834 —
3593 794 3859 852 Dicamus

2262 881 2460 947 aliquid
2484 889 2540 935 et
2581 881 2652 936 de
2699 880 3061 950 Philosophia.
3088 881 3330 946 Quatuor
3371 885 3599 939 virtutes
3637 885 3854 940 descri-

2263 972 2396 1026 bunt
2419 971 2618 1038 Stoici,
2647 971 2717 1025 ita
2745 973 2844 1025 sibi
2871 972 3100 1024 invicem
3127 987 3294 1026 nexas
3314 1014 3330 1035 .
3353 983 3409 1027 et
3437 986 3626 1028 mutuo
3649 979 3837 1030 colite-

2263 1072 2461 1124 rentes,
2493 1071 2550 1114 ut
2577 1063 2667 1130 qui
2700 1077 2857 1114 unam
2882 1077 2990 1114 non
3030 1060 3304 1125 habuerit,
3333 1063 3588 1120 omnibus
3613 1077 3800 1121 careat
3833 1084 3849 1121 :

2264 1149 2624 1216 prudentiam,
2649 1151 2934 1217 justitiam,
2969 1149 3364 1212 fortitudinem,
3409 1157 3848 1223 temperantiam.

2264 1238 2370 1292 llas
2398 1255 2586 1293 omnes
2605 1241 2682 1293 sic
2709 1240 2915 1294 habetis
2939 1241 3157 1309 singuli,
3187 1249 3246 1294 ut
3274 1249 3452 1296 tamen
3475 1246 3767 1301 etnineatis
3793 1249 3848 1302 in

2264 1334 2506 1402 singulis.
2539 1333 2824 1386 Prudentia
2876 1333 2930 1387 in
2958 1344 3011 1387 te
3033 1374 3052 1397 ,
3083 1335 3137 1386 in
3167 1344 3340 1388 matre
3374 1334 3580 1403 iustitia
3604 1378 3622 1402 ,
3655 1339 3711 1392 in
3739 1338 3852 1392 vir-

2264 1424 2388 1491 gine
2439 1421 2695 1477 fortitudo
2716 1465 2732 1488 ,
2783 1423 2836 1478 in
2879 1431 3043 1492 nupta
3096 1426 3448 1492 temperantia
3498 1428 3850 1496 praedicatur.

2266 1519 2540 1582 Qunam:
2564 1531 2634 1570 eo
2655 1518 2971 1584 sapientius,
2993 1517 3084 1584 qui
3112 1526 3426 1585 contempta
3452 1519 3630 1572 mundi
3657 1521 3851 1576 stulti-

2269 1610 2339 1662 tia
2369 1649 2384 1670 ,
2415 1606 2687 1661 Christum
2718 1618 2935 1662 secutus
2976 1617 3098 1671 est,
3145 1607 3238 1661 Dei
3271 1608 3510 1662 virtutem
3534 1619 3590 1664 et
3618 1610 3713 1664 Dei
3746 1625 3850 1664 sa-

2268 1699 2567 1767 pientiam?
2615 1697 2752 1763 Quid
2803 1706 2973 1751 matre
3017 1698 3239 1766 iustius,
3290 1714 3409 1768 qua:
3453 1701 3592 1754 inter
3635 1701 3854 1756 liberos

2267 1788 2459 1856 opibus
2484 1787 2806 1848 distributis,
2830 1787 3012 1841 docuit
3037 1787 3250 1840 divitias
3270 1790 3686 1856 contemnendo,
3711 1793 3851 1861 quid

2269 1879 2359 1930 lilii
2402 1892 2584 1931 amare
2633 1877 3094 1944 deberent?Quid
3125 1878 3418 1933 Eustochio
3467 1880 3682 1945 lortius,
3724 1898 3854 1952 qua

2267 1968 2558 2022 nobilitatis
2587 1976 2767 2034 portas
2789 2008 2804 2031 ,
2837 1975 2890 2021 et
2915 1971 3271 2037 arrogantiam
3300 1969 3517 2038 generis
3571 1971 3850 2026 Consula-

2269 2059 2365 2124 ris,
2395 2060 2635 2127 virginali
2670 2062 2942 2128 proposito
2969 2060 3209 2125 fregerit,
3255 2070 3311 2114 et
3355 2061 3410 2114 in
3450 2062 3585 2116 urbe
3632 2063 3847 2132 prima,

2268 2151 2496 2217 primum
2525 2163 2693 2218 genus
2715 2149 3076 2218 subjugaverit
3111 2149 3380 2217 pudicitia:
3398 2149 3422 2201 2
3443 2149 3581 2216 Quid
3611 2150 3840 2204 Paulina

2270 2242 2653 2311 temperantia:
2675 2282 2690 2305 ,
2716 2256 2838 2310 qua
2866 2242 3048 2310 legens
3075 2240 3204 2294 illud
3236 2242 3476 2310 Apostoli
3507 2259 3520 2293 :
3547 2240 3844 2296 Honorabi-

2268 2335 2340 2388 [α
2367 2335 2560 2403 nuptiae
2577 2344 2624 2386 et
2651 2335 2817 2386 cubile
2842 2331 3224 2386 inluminatum
3259 2331 3458 2402 (Hebr.
3492 2333 3582 2388 13.
3609 2334 3662 2402 ι)
3682 2373 3700 2396 .
3749 2347 3852 2388 nec

2270 2425 2474 2477 sororis
2515 2424 2846 2489 felicitatem,
2896 2437 2998 2477 nec
3045 2424 3235 2477 matris
3283 2423 3668 2477 continentiam
3715 2439 3850 2477 ausa

2270 2524 2565 2583 appetere,
2620 2514 2810 2568 maluit
2866 2513 2918 2566 in
2971 2512 3348 2566 humilioribus
3404 2523 3513 2566 tuta
3572 2528 3844 2583 pergere,

2270 2618 2430 2675 quam
2475 2604 2705 2673 pendulo
2763 2603 2928 2674 gradu
2987 2605 3040 2657 in
3090 2603 3493 2658 sublimioribus
3541 2603 3848 2658 ﬂuctuare?

2270 2710 2572 2764 quanquam
2603 2695 2688 2748 illa
2718 2696 2886 2749 semel
2933 2695 3063 2748 inito
3126 2695 3497 2757 matrimonio,
3540 2695 3670 2748 nihil
3703 2694 3850 2748 aliud

2269 2786 2456 2840 diebus
2479 2800 2543 2839 ac
2571 2785 2816 2839 noctibus
2842 2785 3179 2853 cogitaverit,
3212 2785 3312 2838 nisi
3336 2794 3393 2838 ut
3423 2784 3631 2839 reddito
3670 2784 3851 2838 fructu

2270 2878 2570 2946 nuptiarum
2592 2918 2609 2943 ,
2633 2875 2927 2931 secundum
2958 2875 3287 2930 castimonia:
3309 2875 3469 2947 395
3494 2875 3718 2945 gradum
3759 2891 3852 2930 ac-

2270 2969 2495 3036 ciperet,
2509 2978 2564 3021 et
2578 2969 2705 3021 tanti
2725 2969 2832 3021 dua:
2845 2969 3032 3038 femina
3049 2969 3169 3037 facti
3187 2965 3512 3036 (ﬁmum),
3531 2969 3702 3020 virum
3725 2981 3851 3036 pro—

2272 3061 2446 3129 posito
2474 3073 2572 3113 suo
2589 3061 2859 3128 jungeret,
2888 3073 2994 3112 non
3029 3058 3340 3126 relinquens
3365 3059 3554 3112 salutis
3573 3059 3847 3122 comitem.

2271 3150 2364 3204 sed
2389 3161 2726 3219 exspectans.
2759 3149 3006 3217 Dumque
3033 3147 3238 3201 crebris
3262 3147 3508 3211 abortiis,
3533 3156 3588 3200 et
3618 3157 3842 3214 experta

2274 3241 2597 3296 fecunditate
2625 3246 3002 3307 conceptuum,
3029 3252 3134 3291 non
3159 3236 3410 3305 desperat
3435 3235 3659 3298 liberos,
3688 3245 3741 3290 et
3768 3251 3849 3289 so-

2272 3348 2396 3387 crus
2421 3332 2751 3396 aviditatem,
2777 3331 3060 3398 maritique
3090 3329 3356 3383 tristitiam
3389 3327 3652 3396 prmponit
3673 3327 3847 3382 imbe-

2271 3421 2478 3476 cillitati
2502 3435 2637 3484 suas,
2667 3434 2822 3488 passa
2848 3429 2930 3474 est
2954 3418 3152 3488 aliquid
3178 3417 3247 3472 de
3277 3417 3527 3472 liachelis
3564 3416 3848 3485 exemplo;

2271 3525 2325 3567 et
2355 3528 2450 3581 pro
2471 3511 2584 3565 tilio
2607 3511 2828 3574 doloris,
2857 3525 2920 3565 ac
2937 3510 3173 3564 dextera:
3196 3507 3347 3580 (Gen.
3374 3509 3464 3562 55.
3515 3506 3606 3579 ιδ)
3633 3549 3648 3571 ,
3679 3510 3851 3562 virum

2271 3601 2522 3656 desiderii
2564 3601 2644 3653 sui
2671 3600 2878 3668 peperit
2918 3599 3208 3654 heredem.
3236 3597 3515 3667 Certisque
3540 3598 3854 3653 auctoribus

2273 3693 2429 3747 didici
2461 3691 2603 3744 illam
2625 3729 2640 3754 ,
2688 3706 2794 3744 non
2826 3691 3010 3759 prima:
3060 3690 3341 3744 sententia:
3372 3690 3465 3743 Dei
3499 3707 3512 3741 :
3559 3687 3778 3744 Crescite
3802 3699 3848 3742 ct

2273 3783 2707 3852 ntultiplicamini,
2723 3792 2771 3836 et
2806 3783 2995 3850 replete
3020 3793 3206 3835 terram
3221 3779 3372 3851 (Gen.
3398 3783 3450 3835 1.
3472 3779 3567 3849 28)
3591 3821 3610 3846 ,
3642 3797 3744 3837 nec
3770 3781 3849 3836 oi-

2278 3879 2397 3932 iicio
2423 3877 2688 3947 conjngali
2716 3879 2923 3932 servire
2945 3877 3178 3930 voluisse
3210 3893 3224 3928 :
3256 3875 3350 3931 sed
3391 3875 3459 3928 ad
3502 3873 3608 3930 hoc
3637 3886 3852 3944 optasse

2273 3970 2430 4033 filios,
2465 3977 2524 4021 ut
2549 3967 2763 4022 Christo
2789 3969 3019 4038 virgines
3049 3976 3278 4036 pareret.

2341 4063 2395 4114 4.
2426 4059 2674 4130 Legimus
2696 4069 2748 4114 et
2775 4075 2996 4113 uxorem
3025 4057 3321 4112 sacerdotis
3343 4057 3575 4112 Phinees
3601 4096 3618 4121 ,
3660 4055 3840 4111 audita

2271 4151 2580 4220 captivitate
2610 4151 2764 4204 Arcas
2792 4147 3018 4212 Domini,
3053 4148 3232 4202 subito
3271 4148 3406 4201 uteri
3448 4146 3638 4202 dohire
3663 4160 3822 4202 corrc

2272 4254 2439 4312 ptam,
2465 4241 2698 4296 edidisse
2727 4239 2896 4293 lilium
2935 4239 3134 4293 lcabod
3160 4239 3238 4308 (Ι.
3270 4237 3403 4308 Reg.
3431 4239 3485 4292 4.
3518 4235 3614 4308 59)
3638 4278 3651 4300 ,
3690 4245 3746 4291 et
3773 4237 3851 4290 in-

2275 4343 2355 4386 ter
2398 4347 2586 4385 manus
2630 4341 2685 4385 ct
2726 4329 2902 4384 officia
2944 4329 3286 4394 feminarum,
3330 4330 3565 4382 animam
3608 4329 3850 4383 emisisse

2271 4439 2391 4479 cum
2417 4424 2585 4493 prole.
2617 4423 2693 4477 De
2720 4423 2889 4492 prima
2912 4421 3187 4489 Beniamin
3215 4460 3233 4484 ,
3266 4419 3368 4472 hoc
3395 4427 3498 4478 est.
3532 4418 3671 4486 ﬁlius
3698 4419 3853 4471 uirtu-

2272 4516 2336 4568 tis
2380 4529 2445 4569 ae
2479 4514 2734 4577 desierat;
2763 4512 2831 4566 de
2879 4510 3114 4565 secunda
3157 4509 3390 4579 inclytus
3417 4507 3686 4563 Sacerdos
3715 4507 3847 4571 Dei,

2272 4607 2345 4678 (ι’)
2375 4621 2441 4660 cx
2468 4607 2621 4660 Area:
2646 4605 2964 4672 cognomine
2991 4602 3247 4657 nascitur.
3277 4600 3442 4656 Nobis
3489 4609 3610 4669 post
3650 4599 3853 4653 dormi-

2273 4699 2470 4752 tionem
2523 4708 2884 4762 somnumque
2929 4692 3190 4755 Pauline,
3235 4690 3636 4745 Patumaehimn
3668 4689 3854 4743 Mona-

2270 4789 2430 4843 chum
2456 4785 2694 4841 Ecclesia
2733 4783 2941 4854 peperit
2967 4783 3334 4852 posthumnm,
3366 4789 3422 4836 et
3451 4779 3609 4848 patris
3632 4787 3687 4832 et
3716 4791 3848 4830 cou-

2267 4879 2410 4951 jugis
2439 4877 2715 4932 nobilitate
2739 4875 3021 4944 patricium
3047 4914 3063 4940 ,
3090 4873 3448 4943 eleemosynis
3474 4868 3712 4929 divitem,
3743 4865 3851 4920 hu-

2271 4969 2498 5023 militate
2537 4965 2842 5020 sublimem.
2879 4963 3171 5033 Apostolus
3199 4962 3388 5016 scribit
3413 4960 3477 5014 ad
3500 4957 3850 5014 Corinthios:

2279 5059 2453 5113 Videte
2474 5062 2656 5130 fratres
2686 5055 2997 5112 vocationem
3038 5062 3279 5122 vestram,
3320 5053 3440 5120 quia
3469 5067 3572 5103 non
3595 5049 3745 5102 multi
3771 5064 3852 5102 sa-

2270 5156 2486 5225 pientes,
2511 5168 2612 5205 non
2639 5148 2786 5203 multi
2808 5147 2999 5201 nobiles
3025 5143 3102 5218 (i.
3131 5143 3250 5199 Cor.
3271 5146 3324 5199 i.
3353 5142 3423 5199 26
3440 5144 3484 5210 ).
3517 5140 3598 5212 (9.)
3621 5140 3734 5196 iioc
3760 5155 3851 5194 na-

2338 5352 2396 5416 (Γ)
2435 5352 2624 5402 Nomen
2655 5351 2840 5416 quippe
2868 5347 3038 5416 lcabod
3062 5346 3236 5416 Latine
3268 5339 3852 5416 signiﬁcatum

2269 5403 2886 5474 cut't'i'interrogatidi'tiota,
2919 5415 3045 5464 Tn:
3065 5410 3193 5458 enim
3214 5415 3293 5456 est
3313 5403 3488 5468 gloria,
3509 5411 3572 5459 in
3596 5403 3710 5474 ubi?
3731 5403 3852 5474 Iliae

2269 5498 2388 5534 vero
2427 5498 2487 5533 cx
2529 5469 2669 5531 Arcu:
2698 5483 2988 5542 cognomine
3009 5475 3283 5542 appellatus
3301 5473 3701 5542 dicitugicaqu,
3729 5469 3856 5542 quod

2268 5531 2448 5615 έπέβίῃρ
2469 5546 2618 5615 gloria
2644 5552 2696 5592 et
2717 5531 2898 5592 divitia:
2924 5531 3271 5596 lsraelitarum,
3297 5537 3420 5586 Area
3461 5535 3660 5585 Domini
3688 5531 3852 5585 eam

2270 5608 2511 5667 appellata
2537 5608 2617 5652 sit.

2341 5666 2404 5730 (Ξ)
2446 5667 2586 5715 Addit
2612 5664 2815 5715 Gravius
2837 5662 3096 5713 serttndum
3121 5671 3330 5708 carnem.
