4056 6184
590 292 702 349 613

596 410 753 479 gnior
781 404 839 461 nt
863 405 978 476 ipsa
1004 402 1251 474 dignitas,
1273 410 1431 467 quam
1460 392 1610 447 multi
1643 389 1842 481 indigni
1868 387 2164 481 possident.

601 476 755 554 Dnde
780 497 988 567 egregie
1011 494 1079 547 de
1124 491 1335 544 Caesare
1360 486 1585 544 Tullius,
1613 476 1734 536 cum
1759 478 2040 548 quosdam,
2069 476 2164 538 ait,

1892 271 2129 333 S.\.\'C’l'l
2160 266 2541 327 lllEltONYﬂl

2272 397 2489 454 pueros,
2518 380 2779 451 pretiosas
2809 385 3007 441 vestes,
3038 376 3177 446 picta
3210 374 3427 444 tapetia,
3460 372 3535 428 ibi
3564 373 3735 429 ditior
3758 385 3855 430 est

2272 476 2521 544 largitore
2546 514 2562 539 ,
2607 472 2692 527 cui
2728 469 3058 539 largiendum
3087 476 3190 521 est.
3225 466 3364 520 Pus
3398 480 3693 522 summu
3720 476 3809 520 est
3832 506 3851 528 ,

3738 259 3854 318 θη

599 605 791 644 ornare
812 555 991 639 vvolvuit
1015 624 1030 645 ,
1059 596 1167 635 non
1208 579 1331 632 illos
1361 574 1663 629 honestavit
1686 613 1701 635 ,
1730 570 1824 625 sed
1854 575 2166 621 ornamenta
2273 580 2387 618 rem
2419 576 2711 631 pauperum
2739 560 2867 613 dare
2912 573 3019 612 non
3057 556 3400 625 pauperibus.
3428 555 3499 609 Et
3532 566 3713 611 tamen
3741 572 3854 611 non

599 683 711 748 ipsa
735 675 982 737 turbavit.
1014 674 1082 725 At
1110 685 1250 723 nunc
1276 681 1465 721 omnes
1488 664 1686 718 Christi
1723 661 1972 714 Ecclesii-
2005 657 2164 711 Pam-

600 767 862 822 machium
894 763 1205 831 loquuntur.
1239 757 1459 811 Miratur
1484 755 1629 807 orbis
1651 763 1937 820 pauperem
1964 788 1979 809 ,
2011 760 2168 814 quem

601 861 871 925 hucusque
890 855 1106 908 divitem
1125 851 1417 904 nesciebat.
1432 848 1569 914 Quid
1587 845 1877 899 Consulatu
1892 836 2173 894 illustrius?

598 952 819 1003 Annuus
861 945 1034 999 honor
1074 952 1156 996 est
1180 983 1194 1004 ,
1224 953 1278 994 et
1318 949 1596 1008 postquam
1627 936 1765 989 alius
1804 931 2167 991 successerit,

598 1038 744 1108 prior
767 1036 981 1090 desinit.
1007 1033 1193 1087 Latent
1228 1033 1280 1083 in
1308 1028 1645 1084 multitudine
1672 1027 1891 1085 Laurens,
1915 1030 1965 1075 et
1990 1021 2175 1072 trium-

602 1127 690 1197 phi
736 1125 1004 1180 interdum
1060 1121 1500 1191 triumphantium
1546 1116 1794 1171 sordibus
1842 1112 2174 1182 polluuntur.

599 1220 755 1287 Quod
782 1227 907 1273 ante
936 1232 1029 1285 per
1048 1216 1126 1286 (a)
1160 1230 1348 1269 manus
1376 1211 1614 1281 patritias
1644 1206 1974 1265 tradebatur,
1993 1212 2047 1256 et
2066 1201 2178 1253 sola

605 1312 855 1367 nobilius
884 1305 1212 1379 possidebat,
1240 1319 1348 1374 quo
1376 1301 1578 1356 Consul
1606 1299 1798 1352 Marius
1818 1336 1835 1361 ,
1868 1296 2038 1347 victor
2062 1288 2175 1345 Nu-

603 1404 783 1459 midia-
806 1412 863 1455 et
882 1400 1244 1456 Theutonum.
1268 1405 1426 1462 atque
1451 1390 1812 1449 Cimbrorum,
1838 1385 1907 1439 ob
1933 1380 2183 1453 ignobili-

606 1503 768 1548 tatem
808 1488 916 1563 [aL
956 1484 1264 1557 novitatem]
1307 1484 1522 1539 laruilia:
1564 1480 1851 1551 putabatur
1891 1474 2181 1563 indignus:

604 1581 745 1657 quod
770 1561 947 1649 scipio
974 1578 1111 1632 ultra
1139 1591 1308 1630 annos
1332 1590 1428 1645 pro
1450 1573 1643 1624 virtute
1673 1568 1885 1631 meruit,
1906 1578 2048 1617 nunc
2070 1561 2183 1613 sola

607 1651 792 1727 militia
819 1668 1052 1740 possidet
1076 1707 1091 1730 ,
1115 1678 1169 1721 et
1196 1665 1280 1735 (b)
1315 1664 1543 1732 agrestia
1568 1660 1768 1714 dudum
1804 1670 2053 1724 corpora,
2081 1651 2185 1706 ful-

610 1777 746 1832 gens
772 1761 943 1830 palma
970 1755 1290 1812 circumdat.
1334 1753 1461 1806 Plus
1497 1766 1625 1819 ergo
1652 1750 2002 1832 accepimus,
2028 1757 2186 1811 quam

613 1827 881 1899 dedimus.
910 1842 1095 1895 Ptavt
1142 1850 1438 1894 pransurus,
1475 1846 1527 1888 et
1568 1831 1787 1901 grandia
1826 1827 2181 1898 possidemus.

614 1932 982 2001 Centuplicato
1016 1928 1223 1983 lmnore
1247 1924 1444 1979 Christi
1476 1923 1736 1992 promissa
1771 1920 2087 1973 redduntur.
2131 1912 2189 1969 lu

616 2023 706 2078 tali
735 2032 788 2077 et
816 2021 965 2075 Isaac
996 2016 1266 2088 quondam
1311 2027 1441 2083 agro
1480 2019 1715 2072 severat,
1752 2010 1842 2077 qui
1876 2014 2094 2076 paratus
2120 2005 2185 2057 ad

616 2120 843 2167 mortem
869 2148 886 2175 ,
915 2116 1041 2162 ante
1096 2103 1442 2174 Evangelium
1474 2142 1491 2167 ,
1536 2099 1909 2169 Evangelicam
1960 2096 2191 2166 portavit

614 2215 853 2257 crucem.

686 2292 741 2346 8.
776 2310 794 2343 ι
823 2290 881 2346 Si
910 2289 991 2343 vis
1014 2328 1031 2353 ,
1056 2286 1269 2356 inquit,
1301 2282 1573 2354 perlectus
1597 2296 1718 2337 esse
1742 2324 1756 2347 ,
1785 2280 1921 2335 vade
1946 2287 2003 2335 et
2022 2278 2196 2334 vende

616 2383 795 2438 omnia
823 2396 942 2451 qu:e
972 2379 1159 2443 habes,
1190 2385 1245 2431 et
1270 2376 1337 2429 da
1372 2374 1717 2441 pauperibus,
1748 2381 1801 2426 et
1832 2371 1978 2435 veni,
2005 2384 2196 2438 seque-

618 2490 679 2529 re
702 2488 787 2527 me
820 2490 841 2523 ι
875 2469 1087 2541 (Matth.
1114 2466 1202 2521 19.
1231 2466 1347 2535 21).
1380 2465 1437 2518 Si
1468 2466 1549 2516 vis
1578 2461 1846 2531 perlectus
1873 2475 2015 2514 esse.
2044 2458 2196 2514 Sem-

621 2579 717 2634 per
740 2561 958 2631 grandia
982 2559 1036 2613 in
1064 2557 1391 2611 audientium
1419 2561 1688 2622 ponuntur
1709 2551 1950 2605 arbitrio.
1986 2551 2051 2603 Et
2078 2550 2199 2605 ideo

624 2652 983 2723 virginitatem
1014 2647 1306 2717 Apostolus
1331 2661 1435 2699 non
1477 2646 1737 2713 imperat,
1776 2644 1899 2712 quia
1942 2641 2200 2695 Dominus

622 2746 903 2814 disputans
938 2742 1007 2797 de
1036 2738 1499 2806 eunuchis,quise
1527 2743 1856 2789 castrassem
1882 2742 2099 2803 propter
2120 2746 2204 2787 re-

621 2850 725 2906 gna
750 2830 1107 2897 calorum,ad
1135 2839 1434 2884 extremum
1465 2827 1639 2881 intulit
1658 2845 1671 2879 :
1692 2844 1709 2876 ι
1731 2826 1830 2891 Qui
1846 2836 2016 2895 potest
2044 2838 2206 2894 cape-

622 2942 704 2991 re,
726 2924 899 2994 capiat
920 2939 941 2975 ›
973 2919 1136 2991 (Ibid.
1162 2920 1301 2989 12).«
1328 2917 1443 2972 Non
1466 2931 1550 2971 est
1573 2918 1715 2971 enim
1746 2916 2003 2978 volentis,
2033 2928 2206 2983 neque

624 3017 931 3081 currentis,
964 3012 1061 3068 sed
1090 3011 1396 3065 miseri-ritis
1427 3010 1518 3063 Dei
1555 3026 1573 3060 ι
1608 3006 1784 3079 (liam.
1813 3007 1866 3061 9.
1904 3006 2015 3076 16).
2040 3005 2099 3060 Si
2126 3006 2209 3061 vis

637 3106 906 3177 perlectus
926 3116 1067 3157 esse.
1096 3100 1209 3155 Non
1241 3100 1333 3153 tibi
1365 3100 1657 3166 imponitur
1684 3097 1999 3159 necessitas,
2026 3104 2084 3149 ut
2113 3110 2209 3151 vo-

637 3200 815 3254 luntas
845 3194 1122 3267 przrtnium
1162 3200 1538 3259 consequatur.
1576 3188 1632 3242 Si
1664 3187 1741 3241 vis
1766 3201 1896 3257 ergo
1929 3202 2051 3241 esse
2080 3202 2209 3256 per-

636 3288 829 3354 lectus,
856 3297 911 3339 et
935 3284 1211 3339 desideras
1237 3296 1357 3335 esse
1378 3280 1519 3349 quod
1551 3280 1867 3348 Proplietze,
1888 3278 2030 3348 quod
2063 3280 2212 3347 Apo-

626 3378 774 3440 stoli,
791 3376 933 3446 quod
948 3375 1192 3429 Christus
1204 3380 1305 3433 est,
1326 3370 1515 3435 vende,
1534 3385 1638 3422 non
1660 3378 1861 3437 partem
1877 3369 2208 3433 substantiae,

628 3484 700 3523 ne
738 3467 897 3520 timor
933 3466 1171 3533 penuria:
1212 3461 1540 3515 inﬁdelitatis
1582 3460 1795 3512 occasio
1835 3460 1943 3520 sit,
1997 3468 2052 3511 et
2088 3472 2211 3511 eum

627 3556 835 3613 Anauia
864 3562 919 3607 et
943 3550 1203 3620 Sapphira
1226 3562 1443 3618 pereas;
1470 3547 1562 3601 sed
1612 3546 1775 3617 399
1824 3548 2069 3599 universa
2094 3560 2213 3615 qua:

629 3642 898 3717 possides.
943 3640 1184 3709 Cumque
1236 3636 1537 3690 vendideris
1566 3675 1581 3699 ,
1613 3638 1679 3688 da
1736 3635 2079 3703 pauperibus,
2107 3650 2213 3688 non

630 3734 1005 3804 locupletibus,
1030 3746 1134 3785 non
1162 3728 1425 3798 superbis.
1451 3727 1522 3780 Da
1544 3742 1651 3796 quo
1695 3726 1988 3781 necessitas
2006 3735 2215 3781 susten-

635 3834 798 3885 tetur.
828 3837 934 3877 non
955 3836 1064 3891 quo
1092 3829 1387 3890 augeantur
1415 3832 1564 3887 opes.
1596 3816 1835 3886 Cumque
1863 3816 2056 3886 legeris
2075 3816 2207 3871 illud

635 3914 881 3986 Apostoli
910 3930 924 3966 :
958 3931 977 3965 ι
1009 3912 1141 3967 ani
1199 3908 1468 3964 trituranti
1510 3922 1573 3961 os
1617 3923 1722 3960 non
1786 3907 2072 3975 alligabts:
2106 3904 2213 3973 Et,

633 4008 833 4077 Dignus
847 4013 930 4060 est
944 4002 1222 4074 operarius
1244 3998 1492 4054 mercede
1511 4012 1605 4051 sua
1620 4016 1638 4049 ι
1663 3996 1710 4069 (1
1732 3995 1853 4052 Cor.
1872 3997 1989 4062 9.9;
2006 3998 2057 4051 1.
2080 3994 2212 4050 Tim.

639 4101 695 4156 Β.
729 4098 819 4167 18)
840 4114 855 4150 :
877 4097 963 4161 Et,
992 4112 1012 4146 t
1036 4093 1137 4161 Qui
1159 4092 1350 4145 altario
1377 4091 1705 4154 tninistraut,
1736 4087 1805 4143 de
1829 4089 2023 4142 altario
2046 4088 2215 4157 parti-

638 4189 885 4257 cipantur
927 4202 948 4238 i
984 4183 1076 4257 (l.
1107 4181 1227 4238 Cor.
1252 4181 1309 4236 9.
1334 4181 1477 4250 l3);
1509 4189 1781 4235 memento
1810 4194 2024 4250 quoque
2059 4179 2217 4246 hujus

642 4276 922 4333 sententia:
952 4291 965 4327 :
1002 4291 1022 4326 ι
1058 4272 1327 4327 llabentes
1355 4271 1551 4325 victum
1574 4279 1629 4323 et
1649 4270 1902 4323 vestitum
1922 4309 1937 4333 ,
1969 4268 2055 4322 his
2080 4284 2214 4323 cou-

640 4368 770 4422 tenti
792 4379 978 4421 sumus
1011 4382 1031 4417 ι
1065 4364 1141 4434 (1.
1168 4361 1301 4417 Tim.
1341 4361 1393 4415 6.
1422 4358 1501 4431 8).
1532 4359 1632 4413 Ubi
1663 4358 1860 4412 videris
1890 4358 2097 4412 fumare
2124 4374 2217 4428 pa-

639 4461 802 4525 tinas,
832 4467 886 4512 et
915 4455 1169 4511 Phasides
1194 4466 1321 4507 aves
1348 4451 1507 4505 lentis
1534 4449 1818 4518 vaporibus
1843 4448 2092 4519 decoqui,
2126 4451 2213 4504 ubi

638 4548 843 4620 argenti
870 4546 1097 4617 pondus,
1132 4544 1220 4597 ubi
1247 4545 1319 4613 (ι)
1350 4540 1619 4597 ferventes
1643 4538 1885 4605 Mannos,
1916 4541 2215 4596 comatulos

703 4702 777 4766 (a)
812 4697 1019 4749 Videndi
1053 4693 1339 4744 Plutarchus
1373 4692 1423 4742 ln
1455 4690 1622 4749 uario,
1655 4688 1827 4763 Cicero
1859 4689 2097 4762 oratione
2129 4704 2218 4753 pro

638 4763 836 4816 Plancio
871 4766 924 4810 et
957 4757 1024 4807 de
1052 4757 1195 4806 Prov.
1222 4754 1365 4805 Cous.
1391 4766 1437 4802 e.
1469 4752 1599 4816 Vlll.
1626 4748 1881 4816 Sallustum
1902 4767 1949 4801 in
1972 4750 2215 4816 Jugurtha

637 4811 744 4890 ἆῤ.
761 4825 1019 4890 emine
1040 4817 1120 4869 alii
1142 4816 1226 4890 qui
1250 4816 1356 4890 διες
1371 4811 2073 4890 ,πρωίξξιξξθξξιρὲεξειμτξῖδξιῖτ

705 4872 787 4949 ἱὺ)
810 4872 1049 4949 Nimirum
1059 4891 1130 4949 εει
1151 4872 1445 4949 tempestate
1469 4876 1645 4946 primas
1664 4872 1775 4949 fere
1796 4874 2085 4949 obtinebant
2107 4874 2219 4945 bar-

636 4938 774 5005 bari;
796 4944 927 5005 unde
965 4945 1013 4993 iu
1059 4940 1221 5005 Festis
1259 4938 1460 5005 barbara
1490 4938 1694 5005 passim,
1722 4944 1981 5005 occurrunt
2006 4938 2216 5005 nomina

637 4995 883 5060 ordinario
905 5003 1166 5055 Consulatu
1198 4999 1443 5061 insignita.
1477 4995 1613 5061 Quod
1633 4997 1704 5045 ait
1725 4996 1914 5061 fulgens
1935 4995 2098 5061 palma
2120 4996 2217 5047 σίν-

643 5057 869 5124 ὶδιῑίωαι,
896 5057 1364 5128 “semismnae:
1388 5057 1703 5128 εῖνθηνειιηιξξ»
1726 5057 2038 5128 etiam
2060 5071 2218 5128 9W“

641 5118 918 5181 contextam
950 5118 1223 5187 significat,
1267 5118 1546 5184 cuiusmodi
1568 5120 1617 5166 in
1656 5118 1998 5168 Consularibus
2034 5118 2215 5181 aliquot

638 5189 886 5255 Dimisi)“,
909 5188 1192 5255 videres?-
1538 5240 1581 5255 ..
1618 5254 1633 5255 ί
2031 5252 2044 5255 Α

799 5248 1010 5297 Veteres
1043 5247 1159 5295 editi
1181 5279 1196 5303 ,
1215 5256 1272 5292 ac
1296 5240 1511 5313 nonnulli
1538 5240 1653 5313 Mss.
1676 5238 1788 5289 libri
1812 5240 2046 5311 [ξηαπτερ
2073 5239 2215 5311 Buri-

638 5301 969 5362 chbs'mtmnos
996 5320 1013 5365 ;
1036 5315 1090 5355 ut
1120 5301 1298 5366 nempe
1336 5304 1451 5366 quid
1486 5310 1654 5366 essent
1690 5301 1871 5366 gummi,
1913 5301 2043 5363 parvi
2078 5304 2211 5363 equi,

641 5361 895 5428 indicaret,
919 5361 1156 5428 notiorem
1192 5361 1253 5414 eo
1277 5361 1499 5425 tempore
1538 5361 1733 5428 ltui'ichi
1758 5361 1925 5428 vocem
1950 5361 2214 5428 nonnemo

638 5434 696 5485 ad
737 5422 1005 5491 marginem
1028 5426 1222 5483 addidit,
1244 5422 1566 5491 Aquie'luistea
1604 5425 1651 5470 in
1676 5430 1865 5471 textum
1892 5425 2103 5491 iri-epsit.
2129 5422 2213 5491 Est

641 5495 771 5543 enim
822 5484 1073 5543 Euricluts,
1113 5500 1204 5535 non
1243 5484 1509 5533 indumenti
1548 5496 1723 5541 genus,
1772 5498 1934 5545 neque
1979 5498 2005 5531 a
2050 5484 2216 5533 Burris

641 5552 833 5599 Achaiae
858 5550 981 5594 urbe
1002 5547 1262 5594 deductum
1286 5558 1479 5601 nomen,
1514 5553 1566 5592 ut
1598 5546 1790 5606 quidam
1817 5548 1863 5591 iu
1887 5546 1990 5592 suis
2015 5545 2139 5592 notis
2164 5547 2215 5594 in

641 5609 767 5659 hunc.
807 5610 965 5666 locum
990 5606 1259 5666 set-imre,
1285 5606 1371 5666 sed
1396 5613 1449 5666 ut
1475 5605 1673 5666 veteres
1694 5605 1879 5655 Horatii
1918 5607 2215 5666 interpretes

642 5658 891 5732 espl'tant
914 5664 964 5711 in
979 5658 1119 5711 Odet't
1136 5658 1213 5713 27.
1236 5658 1317 5715 lib.
1348 5662 1628 5727 1.1:Ipodon.
1655 5666 1702 5714 1.
1729 5674 1875 5727 atque
1901 5658 2215 5728 alibi,'equus

2273 661 2357 707 est
2390 653 2521 706 satis
2550 649 2787 719 perfecto
2814 658 2867 703 et
2895 656 3265 702 consummato
3313 647 3434 699 viro
3475 660 3610 715 opes
3652 658 3855 702 conte~

2276 761 2481 811 maere,
2498 745 2778 814 pecuniam
2799 742 3082 809 dissipare,
3108 748 3163 793 et
3189 739 3453 807 projicere
3478 738 3621 806 quod
3646 740 3699 793 in
3732 755 3859 794 mo-

2277 845 2458 890 mento
2484 844 2539 889 et
2566 833 2715 903 perdi
2742 876 2756 898 ,
2796 840 2853 885 et
2877 831 3103 884 inveniri
3133 839 3331 899 potest.
3362 828 3511 882 Fecit
3532 829 3637 883 hoc
3658 830 3855 885 Crates

2277 925 2584 986 Thebanus,
2610 923 2733 978 iecit
2759 921 3106 975 Antisthenes
3130 960 3146 983 ,
3170 918 3416 973 fecerunt
3437 919 3652 987 plurimi
3676 961 3693 985 ,
3713 935 3857 989 quos

2278 1014 2655 1067 vitiosissimus
2684 1012 2931 1081 legimus.
2978 1010 3102 1063 Plus
3131 1009 3293 1063 debet
3321 1009 3523 1063 Christi
3554 1010 3858 1079 discipulus

2282 1114 2557 1174 pra-stare,
2588 1118 2747 1171 quam
2773 1100 2956 1155 mundi
2984 1098 3365 1168 Philowphus,
3392 1100 3579 1168 gloria:
3601 1102 3799 1155 animal
3832 1141 3854 1167 ,

2280 1205 2333 1248 et
2358 1194 2629 1262 popularis
2656 1209 2804 1247 anne
2824 1201 2985 1262 atque
3006 1204 3278 1244 rumorum
3299 1191 3491 1245 venale
3511 1192 3855 1261 mancipium.

2279 1282 2399 1339 Tibi
2431 1299 2537 1337 non
2565 1282 2767 1337 sufﬁcit
2790 1296 2922 1352 opes
2949 1292 3320 1348 contemnere,
3351 1282 3454 1335 nisi
3477 1280 3748 1337 Christum
3769 1298 3862 1338 se-

2282 1374 2482 1444 quaris.
2513 1371 2789 1427 Cuatsm
2814 1386 2992 1426 sti-ru
3017 1372 3278 1440 sequitur,
3305 1371 3394 1439 qui
3423 1382 3641 1440 pecata
3666 1372 3857 1426 dimit-

2287 1468 2350 1518 tit
2375 1507 2389 1529 ,
2413 1473 2469 1518 et
2494 1466 2747 1516 virtutum
2776 1476 2958 1516 comes
2982 1471 3082 1514 est.
3120 1459 3395 1514 Christum
3422 1461 3620 1515 scimus
3642 1464 3863 1531 sapien-

2288 1557 2435 1611 tiam.
2470 1553 2567 1608 llic
2595 1554 2877 1606 thesaurus
2908 1553 2961 1605 in
2991 1567 3120 1619 agro
3159 1550 3548 1619 Scripturarum
3576 1553 3817 1606 nascitur
3837 1588 3860 1617 ,

2288 1647 2401 1700 hmc
2427 1660 2634 1715 gemma
2665 1644 2847 1699 multis
2871 1644 3070 1697 emitur
3090 1643 3408 1711 margaritis.
3429 1643 3521 1696 Sin
3547 1655 3725 1697 autem
3755 1640 3865 1695 ad-

2286 1737 2552 1789 amaveris
2600 1735 2864 1803 captivam
2907 1733 3182 1786 mulierem
3208 1772 3224 1795 ,
3257 1732 3310 1785 id
3364 1741 3446 1786 est
3473 1772 3490 1797 ,
3529 1733 3865 1801 sapientiam

2289 1828 2601 1881 saecularem
2625 1866 2642 1891 ,
2670 1837 2724 1879 et
2749 1825 2867 1893 ejus
2898 1823 3292 1895 pulchritudine
3313 1832 3500 1893 captus
3527 1824 3693 1878 lueris
3715 1864 3733 1889 ,
3760 1823 3865 1878 de.

2289 1920 2439 1971 calva
2463 1932 2582 1971 eam
2614 1958 2628 1981 ,
2665 1927 2719 1972 et
2745 1917 3025 1971 illecebras
3061 1917 3290 1970 crinium
3331 1926 3494 1986 atque
3552 1925 3864 1970 ornamenta

2293 2010 2577 2063 verborum
2607 2023 2727 2062 cum
2765 2009 3026 2063 emortuis
3063 2007 3329 2077 unguibus
3370 2023 3517 2063 seca.
3567 2008 3706 2063 Lava
3746 2023 3865 2063 eam

2293 2098 2594 2168 Prophetali
2624 2099 2786 2163 nitro,
2809 2107 2865 2153 et
2884 2110 3008 2152 tunc
3030 2099 3374 2169 requiescens
3398 2114 3519 2153 cum
3542 2098 3655 2164 illa,
3671 2098 3865 2153 dicito:

2300 2207 2320 2241 ι
2353 2188 2579 2244 Sinistra
2608 2189 2726 2258 ejus
2746 2190 2847 2244 sub
2872 2190 3049 2257 capite
3080 2204 3200 2243 meo
3228 2229 3245 2253 ,
3284 2198 3340 2242 et
3368 2188 3556 2243 dextra
3585 2188 3727 2244 illius
3752 2204 3865 2243 am-

2297 2279 2603 2349 plexabitur
2631 2293 2719 2333 me
2755 2297 2777 2331 ι
2823 2277 3015 2350 (Cant.
3035 2277 3092 2331 2.
3120 2277 3155 2332 6
3181 2277 3237 2348 ).
3270 2286 3325 2332 et
3368 2278 3565 2331 multos
3594 2277 3689 2331 tibi
3715 2278 3872 2332 [cetus

2296 2368 2503 2436 captiva
2544 2367 2738 2433 dabit,
2784 2383 2847 2422 ac
2890 2367 2959 2421 de
2984 2366 3274 2422 Iloabitide
3308 2366 3573 2421 efﬁcietur
3597 2364 3870 2422 Israelitis.

2296 2458 2543 2512 Christus
2566 2456 2927 2511 sanctificatio
2951 2466 3038 2511 est
3062 2498 3079 2523 ,
3107 2457 3227 2511 sine
3250 2472 3354 2527 qua
3382 2473 3541 2511 nemo
3566 2457 3766 2512 videbit
3792 2456 3874 2512 fa-

2299 2550 2435 2603 ciem
2480 2548 2592 2603 Dei.
2629 2546 2875 2602 Christus
2920 2547 3220 2617 redemptio
3244 2588 3261 2614 ,
3294 2547 3435 2602 idem
3476 2551 3783 2616 redemptor
3820 2561 3875 2605 et

2303 2639 2554 2710 pretium,
2580 2638 2825 2693 Christus
2848 2640 3049 2705 omnia,
3074 2650 3130 2693 ut
3155 2642 3245 2709 qui
3276 2640 3454 2694 omnia
3483 2649 3698 2709 propter
3714 2638 3877 2696 Chri-

2300 2740 2441 2784 stum
2469 2729 2752 2794 dimiserit,
2781 2745 2946 2783 unum
2974 2732 3212 2783 inveniat
3235 2744 3335 2799 pro
3356 2730 3629 2794 omnibus,
3657 2739 3714 2784 et
3740 2745 3871 2799 pns-

2303 2821 2372 2875 sit
2387 2820 2552 2874 libere
2566 2822 2930 2888 proclamare:
2956 2818 3087 2874 Pars
3109 2836 3219 2873 mea
3234 2818 3485 2873 Dominus
3501 2818 3623 2886 (Ps.
3650 2820 3742 2874 72.
3763 2819 3877 2891 26).

2376 2910 2431 2964 9.
2459 2908 2646 2965 Sentio
2678 2920 2730 2964 te
2754 2910 2951 2965 divinis
2975 2910 3168 2965 ardere
3194 2910 3451 2966 doctrinis
3474 2952 3489 2975 ,
3535 2925 3635 2966 nec
3667 2914 3881 2966 temeri-

2306 3011 2415 3058 tate
2430 3001 2780 3073 quorumdam
2798 3001 2994 3057 docere
3014 3002 3155 3072 quod
3187 3002 3416 3067 nescias;
3435 3003 3529 3056 sed
3555 3015 3683 3058 ante
3708 3004 3883 3058 disce-

2309 3110 2389 3160 re,
2410 3093 2552 3165 quod
2579 3095 2835 3149 docturus
2881 3092 3046 3165 m
3088 3095 3485 3164 sis.Simplices
3511 3095 3761 3163 Epistola:
3783 3107 3883 3151 tute

2307 3186 2454 3239 olent
2479 3183 2775 3253 Prophetas
2796 3224 2813 3250 ,
2844 3186 3133 3254 Apustotos
3162 3185 3398 3254 sapiunt.
3439 3185 3556 3240 Non
3585 3188 3882 3240 cothurna-

2309 3284 2418 3331 tam
2444 3275 2668 3331 all‘ectas
2690 3276 3087 3345 eloquentiam;
3111 3290 3209 3330 nec
3232 3291 3383 3331 more
3410 3292 3699 3346 puerorum
3724 3293 3879 3347 argn-

2311 3375 2396 3420 tas
2442 3364 2792 3421 sententiolas
2834 3367 2887 3419 in
2931 3366 3191 3420 clausulis
3232 3366 3417 3422 struis.
3470 3365 3606 3424 Ctro
3652 3382 3884 3423 tunam

2311 3470 2498 3524 spuma
2524 3453 2779 3509 dilabitur
2806 3470 2823 3520 ;
2853 3462 2909 3508 et
2927 3455 3170 3523 quamvis
3195 3455 3412 3526 grandis
3433 3466 3642 3523 tumor,
3665 3468 3884 3513 contra—

2316 3545 2433 3598 rius
2456 3544 2673 3598 sanitati
2700 3552 2804 3598 est.
2838 3543 3039 3599 Scitum
3080 3555 3163 3600 est
3209 3547 3340 3599 illud
3380 3562 3595 3619 quoque
3631 3547 3885 3605 Catonis:

2319 3633 2416 3689 Sat
2434 3634 2554 3698 cito,
2572 3634 2616 3687 si
2638 3644 2716 3687 sat
2744 3634 2887 3689 bene.
2922 3654 2942 3688 ι
2975 3636 3127 3702 Quod
3160 3651 3257 3691 nos
3286 3638 3555 3706 quendam
3581 3638 3888 3700 adolescen-

2316 3724 2412 3779 tuli
2430 3764 2445 3788 ,
2467 3739 2590 3779 cum
2639 3740 2670 3778 a
2716 3725 2952 3795 perfecto
2977 3728 3202 3782 Oratore
3228 3728 3281 3781 in
3304 3727 3716 3785 Prteiatmucula
3743 3732 3887 3787 dice-

2316 3824 2469 3872 retur
2490 3855 2506 3881 ,
2535 3816 2773 3870 risimus.
2811 3832 2833 3868 s
2878 3816 3185 3872 Meminisse
3213 3826 3264 3872 te
3291 3826 3422 3891 puto
3454 3820 3656 3876 erroris
3680 3822 3846 3873 mutui
3868 3861 3887 3888 ,

2316 3905 2529 3974 quando
2578 3920 2740 3961 omne
2789 3907 3107 3962 Athenaeum
3161 3907 3619 3963 Scholastioorutn
3673 3910 3891 3965 vocibus

2316 3995 2646 4050 eonsonabat
2671 4012 2685 4049 :
2717 3996 2815 4051 Sat
2837 3998 2941 4051 cito
2972 4038 2987 4063 ,
3011 3997 3055 4051 si
3073 4008 3149 4051 sat
3167 3996 3309 4053 bene.
3340 3997 3547 4055 Felices
3567 4038 3587 4067 ,
3614 4000 3785 4070 inquit
3813 3999 3890 4073 (ὁ)

2317 4085 2513 4142 Fabius
2533 4127 2548 4150 ,
2572 4097 2757 4143 essent
2787 4098 2932 4142 artes
2952 4128 2967 4152 ,
2994 4089 3041 4143 si
3066 4088 3136 4143 de
3160 4089 3267 4145 illis
3292 4090 3395 4144 soli
3420 4088 3659 4145 artiﬁces
3680 4090 3888 4160 judica-

2317 4190 2457 4232 rent.
2484 4178 2705 4233 Poetam
2730 4195 2837 4234 non
2870 4188 3045 4248 potest
3068 4193 3230 4236 nosse
3254 4220 3270 4244 ,
3296 4181 3397 4235 nisi
3428 4180 3521 4250 qui
3548 4195 3768 4237 versum
3800 4195 3893 4251 po-

2320 4275 2422 4320 test
2445 4277 2676 4324 struere.
2707 4268 3059 4337 Philosoiihos
3088 4284 3193 4323 non
3238 4270 3509 4341 intelligit,
3538 4270 3640 4325 nisi
3668 4273 3761 4341 qui
3789 4269 3891 4325 scit

2317 4356 2622 4429 dogmatum
2653 4360 2963 4415 varietates.
2996 4359 3293 4415 Manufacta
3318 4370 3373 4416 et
3400 4361 3571 4417 oculis
3597 4363 3847 4431 patientia
3872 4401 3892 4429 ,

2318 4450 2486 4519 magis
2515 4449 2744 4519 probant
2767 4450 3020 4505 artiﬁces.
3043 4448 3234 4505 Nostra
3256 4466 3415 4520 quam
3440 4450 3520 4524 (1)
3545 4451 3675 4507 dura
3702 4453 3771 4507 sit
3800 4468 3895 4507 ne-

2316 4543 2543 4597 cessitas
2566 4582 2581 4607 ,
2611 4542 2733 4596 hinc
2753 4552 2910 4614 potes
2932 4542 3357 4598 animadvertere
3379 4584 3396 4611 ,
3422 4545 3564 4614 quod
3590 4544 3731 4615 vulgi
3754 4554 3900 4598 stan-

2316 4633 2444 4689 dum
2463 4645 2548 4689 est
2566 4633 2773 4704 judicio
2796 4673 2812 4698 ,
2836 4643 2899 4692 et
2934 4634 3029 4690 ille
3069 4636 3124 4690 in
3161 4635 3317 4691 turba
3352 4636 3702 4701 metuendus,
3736 4653 3897 4706 quem

2317 4736 2439 4780 cum
2492 4723 2691 4779 videris
2713 4725 2909 4792 solum,
2929 4725 3216 4795 despicias.
3263 4724 3375 4782 Hoc
3397 4728 3703 4796 prteteriens
3727 4727 3897 4796 tetigi,

2320 4826 2379 4873 ut
2397 4814 2623 4873 eruditis
2638 4826 2925 4872 contentus
2949 4817 3191 4879 auribus,
3216 4831 3325 4872 non
3353 4830 3672 4887 magnopere
3697 4830 3861 4871 cures
3882 4858 3901 4882 ,

2318 4906 2449 4978 quid
2479 4906 2851 4976 imperitorum
2880 4907 2951 4963 de
2977 4907 3193 4978 ingenio
3212 4914 3303 4962 tuo
3320 4902 3902 4973 rumusculijactitent;

2318 4998 2414 5053 sed
2443 4997 2834 5067 Prophetarum
2885 4998 3127 5069 quotidie
3178 4998 3444 5054 medullas
3464 4997 3651 5065 bibas,
3698 4997 3902 5053 Christi

2319 5097 2554 5158 mystes,
2583 5088 3012 5145 Patriareharum
3043 5093 3370 5161 symmistes.

2389 5179 2476 5236 10.
2500 5180 2626 5236 Sive
2654 5180 2817 5250 legas,
2857 5181 2972 5236 sive
3000 5181 3225 5247 scribas,
3256 5181 3369 5236 sive
3390 5179 3599 5251 vigiles,
3632 5178 3745 5234 sive
3773 5178 3899 5234 dor-

2316 5373 2520 5423 parvus,
2544 5373 2693 5424 quem
2730 5360 2957 5420 but-dum,
2985 5364 3037 5424 et
3069 5356 3316 5417 buridum,
3344 5360 3406 5424 et
3418 5354 3785 5424 burdanem,iet
3807 5352 3897 5424 hu:

2319 5417 2515 5471 i'iehmn'
2550 5417 2857 5471 nominarunt
2884 5434 2897 5469 :
2924 5417 3053 5469 unde
3091 5426 3144 5467 et
3183 5425 3328 5467 vetus
3374 5417 3670 5466 Glossarium
3708 5423 3900 5465 lamnas

2318 5484 2899 5545 mgalmjnterpretatur.
2924 5478 3116 5545 γίᾳεε.
3144 5478 3376 5545 lsidorum
3401 5479 3485 5527 lib.
3513 5476 3801 5545 12.‘cap.gt.

2409 5497 2419 5530 ἱ
2444 5508 2503 5539 ους
2529 5497 2660 5532 Inter
2694 5497 2899 5530 retatur.
2933 5497 3037 5529 Vlu.
3062 5497 3115 5528 ο.
3144 5497 3376 5527 ιμιυυτυιιι
3401 5497 3485 5527 ιω.
3513 5497 3592 5525 lz.
3618 5497 3725 5537 cap.
3754 5497 3763 5522 η

2405 5510 2453 5609 ἆ)
2495 5544 2633 5609 fabii
2658 5497 3001 5609 Bictorisapttd
3028 5538 3376 5609 Quintilianum
3397 5539 3640 5609 sententia
3667 5543 3763 5609 est.

2410 5594 2453 5669 ι)
2483 5594 2922 5670 graviusmavult:
2940 5594 3095 5670 dira‘:
3119 5614 3227 5648 cum
3265 5598 3564 5670 indipitaph.
3590 5597 3754 5647 Paulae
3779 5601 3831 5670 et
3853 5594 3902 5642 in

2317 5657 2452 5716 Osee
2478 5667 2551 5716 15.
2581 5674 2633 5717 et
2656 5665 2867 5716 Abacuc.
2890 5664 2939 5715 5.
2968 5661 3129 5713 diram
3151 5657 3643 5711 nccem'tatem'ilier.
3669 5664 3831 5709 vocet.
