4056 6184
178 303 282 361 645

177 422 334 488 mias,
361 420 531 476 Amos
549 417 642 492 [aL
671 416 834 490 amor]
858 417 952 473 tibi
977 432 1191 490 semper
1210 418 1433 475 buccina
1460 418 1514 474 in
1539 418 1756 474 auribus

177 521 351 570 sonet.
399 512 499 568 llic
532 513 692 566 lituus
731 512 927 566 excitet
966 511 1197 566 animam
1230 521 1372 567 tuam
1399 529 1413 565 :
1445 512 1546 567 hoc
1573 526 1760 566 amore

177 602 495 660 furibundus
525 643 542 670 ,
585 617 765 672 quzere
814 603 867 656 in
909 601 1108 657 lectulo
1153 612 1244 658 tuo
1283 618 1443 673 quem
1486 602 1759 658 desiderat

176 699 351 753 anima
378 706 463 751 tua
489 694 658 765 (Cant.
687 695 742 750 5.
773 696 851 766 1),
874 705 929 750 et
948 696 1168 765 loquere
1193 696 1564 752 confidenter:
1591 714 1611 747 ι
1646 696 1758 766 Ego

175 789 399 854 dormio,
420 797 577 842 etcor
592 803 767 842 meum
783 789 985 860 vigilat,
1006 787 1230 859 (Ibid.'5.
1253 789 1334 860 2).
1354 787 1592 860 Cumque
1608 789 1749 844 inve-

173 881 314 937 neris
341 895 461 934 eum
485 890 539 934 et
567 879 826 946 tenueris,
861 895 928 936 ne
954 881 1215 936 dimittas.
1241 881 1308 935 Et
1333 881 1378 936 si
1402 880 1754 950 pauxillulum

171 970 478 1025 dormitanti
517 971 734 1040 elapsus
778 970 940 1026 fuerit
983 987 1015 1027 e
1055 972 1336 1040 manibus,
1365 972 1475 1026 noli
1511 972 1756 1042 protinus

169 1063 476 1132 deSperare.
510 1063 783 1132 Egredere
815 1064 868 1116 ill
902 1064 1124 1133 plateas,
1152 1064 1339 1134 adjura
1372 1065 1508 1119 filias
1535 1064 1756 1120 Jerusa-

165 1155 266 1210 lem
291 1155 458 1225 (Ibid.
485 1156 538 1210 5.
561 1155 641 1226 2),
674 1156 913 1224 reperies
941 1171 1063 1211 eum
1094 1159 1380 1213 cubantem
1407 1158 1462 1213 in
1487 1158 1712 1213 meridie
1735 1198 1750 1224 ,

161 1247 404 1312 lassum,
443 1247 650 1303 ebrium
669 1288 685 1313 ,
720 1249 895 1303 noctis
923 1263 1018 1304 ore
1044 1249 1400 1305 madefactqu
1421 1291 1439 1318 ,
1469 1250 1609 1305 inter
1635 1265 1754 1320 gre—

159 1355 256 1410 gcs
277 1339 566 1405 sodalium,
597 1339 650 1393 in
677 1349 979 1394 aromatum
1014 1341 1358 1396 varietatibus
1385 1382 1400 1408 ,
1426 1342 1565 1396 inter
1593 1356 1751 1411 poma

160 1431 423 1502 paradisi.
454 1431 532 1486 Ibi
555 1432 604 1486 ei
633 1431 701 1486 de
730 1432 1050 1487 mammillas
1079 1441 1198 1488 tuas
1221 1432 1384 1503 (Ibid.
1417 1435 1468 1488 7.
1502 1433 1616 1503 12),
1648 1448 1743 1487 su-

159 1533 250 1595 gat
271 1523 341 1578 de
363 1523 577 1577 erudito
606 1533 851 1593 pectore,
882 1524 1184 1594 requiescat
1212 1525 1352 1580 inter
1381 1525 1590 1580 medios
1623 1523 1748 1580 Cle-

160 1631 248 1670 ros
270 1655 287 1682 ,
318 1629 511 1684 penna:
548 1613 813 1670 columbae
841 1613 1200 1685 deargcntata:
1225 1657 1241 1683 ,
1273 1625 1327 1672 et
1351 1617 1606 1671 interiora
1632 1616 1750 1686 ejus

161 1707 213 1762 in
237 1706 447 1776 fulgore
467 1704 582 1758 auri
604 1702 724 1776 (Ps.
745 1704 834 1759 67.
863 1706 974 1774 11).
1005 1705 1264 1761 Parvulus
1289 1707 1388 1760 iste
1409 1715 1464 1760 et
1484 1720 1634 1776 puer,
1658 1706 1748 1775 qui

158 1797 352 1869 butyro
382 1805 436 1852 et
463 1795 624 1850 melle
653 1796 931 1865 saginatur
963 1795 1116 1865 (Isai.
1149 1797 1199 1848 7.
1226 1795 1344 1866 15),
1371 1797 1462 1866 qui
1489 1794 1632 1850 inter
1657 1809 1746 1850 ca-

159 1898 336 1945 scatos
367 1888 605 1943 nutritus
627 1895 712 1942 est
737 1895 969 1951 montes,
999 1887 1108 1941 cito
1159 1887 1354 1942 crescit
1387 1888 1441 1942 in
1463 1886 1742 1957 juvenem,

157 1980 313 2053 ἀοι
388 1980 643 2036 velociter
692 1979 746 2034 in
795 1988 847 2035 te
880 1979 1062 2034 hostes
1091 1980 1302 2050 spoliat,
1355 1989 1566 2037 mature
1605 1995 1744 2052 prte-

157 2072 310 2127 datur
337 2072 680 2137 Damascum,
709 2079 764 2127 et
791 2085 973 2141 regem
1000 2071 1164 2126 vincit
1194 2072 1503 2145 Assyrium,

225 2165 314 2218 11.
345 2162 734 2218 Xenedocllium
769 2173 1079 2217 exstructum
1106 2181 1137 2216 α
1167 2163 1431 2220 Pammac.
1464 2195 1535 2205 —
1564 2166 1745 2223 Audio

154 2262 206 2309 te
233 2253 642 2310 Xenodochium
672 2255 727 2308 in
757 2263 913 2322 portu
958 2253 1152 2315 fecisse
1182 2271 1424 2322 romano,
1452 2265 1506 2312 et
1530 2256 1608 2330 (ιι)
1636 2259 1745 2313 vir-

151 2361 268 2416 gam
291 2345 358 2401 de
379 2346 576 2400 arbore
597 2344 869 2400 Abraham
897 2343 951 2399 in
977 2345 1217 2400 Ausonio
1242 2347 1514 2416 plantasse
1541 2348 1739 2405 littore.

150 2437 310 2504 Quasi
347 2436 555 2493 lineas
583 2450 719 2491 nova
750 2447 926 2492 castra
969 2435 1190 2491 metaris
1209 2476 1224 2502 ,
1254 2445 1310 2491 et
1348 2451 1515 2508 super
1541 2438 1739 2494 undam

150 2527 401 2600 Tyberis,
438 2530 533 2586 ubi
561 2529 682 2597 ille,
713 2537 936 2601 cogente
961 2528 1231 2600 quondam
1262 2531 1484 2600 penuria
1504 2571 1520 2597 ,
1545 2533 1742 2590 crustis

150 2619 394 2676 fatalibus
420 2632 480 2677 et
506 2622 721 2691 quadris
749 2621 944 2691 patulis
969 2639 1075 2676 non
1105 2623 1364 2692 pepercit,
1409 2632 1465 2678 tu
1509 2624 1742 2681 viculum

150 2721 408 2780 nostrum,
440 2713 499 2768 id
529 2723 633 2780 eSt,
661 2713 878 2768 domum
909 2715 1064 2784 panis
1095 2715 1424 2788 (Bethleem)
1454 2717 1690 2774 aediﬁcas
1721 2737 1736 2774 :

150 2812 200 2857 et
225 2803 534 2860 diuturnam
563 2804 758 2860 famem
782 2807 1060 2876 repentina
1091 2809 1374 2866 saturitate
1397 2824 1737 2882 compensas.

151 2891 220 2962 (b)
249 2894 433 2965 Euge:
467 2905 652 2950 nostra
690 2895 842 2953 initia
886 2899 1314 2970 transgrederis;
1356 2910 1555 2957 statum
1591 2918 1739 2960 sum-

150 2998 291 3038 mum
321 2994 474 3041 tenes
503 3004 514 3039 :
540 2985 608 3040 de
633 2987 814 3042 radice
842 2990 1089 3058 pervenis
1115 2990 1183 3046 ad
1212 3006 1505 3059 cacumen;
1534 2996 1738 3065 primus

150 3071 286 3128 inter
332 3076 668 3143 monachos,
709 3077 762 3131 ill
806 3077 977 3146 prima
1020 3081 1188 3148 urbe,
1234 3083 1464 3152 primum
1498 3087 1739 3156 sequeris

148 3168 530 3235 patriarcham.
560 3168 696 3237 Lot,
735 3171 874 3239 quod
909 3170 1001 3244 [ει.
1037 3172 1144 3244 qui]
1175 3175 1559 3245 interpretatur
1581 3180 1738 3235 decli-

147 3272 296 3324 nam,
327 3261 654 3330 campestria
682 3261 862 3331 eligat,
891 3273 946 3317 et
967 3264 1116 3333 juxta
1146 3265 1463 3337 Pythagorae
1490 3271 1560 3341 (ε)
1590 3272 1733 3328 litte-

146 3362 283 3415 ram,
302 3349 478 3404 facilia
505 3351 674 3421 magis
693 3366 757 3406 ac
777 3352 992 3406 sinistra
1019 3363 1272 3411 sectetur.
1295 3357 1375 3413 Tu
1404 3360 1457 3413 in
1483 3361 1663 3417 arduis
1684 3373 1739 3420 et

147 3443 354 3495 saxosis
397 3457 519 3498 cum
559 3444 689 3499 Sara
721 3444 813 3499 tibi
844 3458 1248 3504 monumentum
1281 3466 1406 3520 para
1435 3451 1586 3523 (Gen.
1618 3455 1733 3526 23).

148 3528 306 3585 Juxta
352 3534 424 3587 sit
469 3535 657 3589 civitas
688 3535 1023 3604 litterarum,
1066 3538 1362 3611 deletisque
1394 3542 1733 3614 gigantibus,

149 3620 269 3676 filiis
295 3622 445 3680 Enac
473 3623 564 3701 (al.
599 3625 857 3700 Enacim],
891 3628 1257 3688 hereditatem
1287 3641 1452 3702 tuam,
1483 3637 1733 3706 gaudium

147 3723 199 3767 et
222 3716 362 3770 risus
389 3719 640 3788 excipiat.
669 3721 828 3777 Dives
858 3731 974 3777 erat
999 3723 1272 3779 Abraham
1300 3740 1450 3792 auro,
1486 3740 1730 3799 argento,

146 3816 359 3872 pecore,
403 3811 768 3878 possessione,
795 3813 1030 3866 vestibus
1058 3814 1212 3883 (Cen.
1238 3815 1330 3887 24)
1359 3833 1373 3870 :
1404 3825 1606 3874 tantam
1633 3821 1732 3875 ha-

144 3891 303 3950 bebat
333 3897 612 3963 familiam,
645 3909 703 3954 tlt
727 3900 794 3954 ad
821 3902 1029 3956 subitos
1051 3906 1285 3971 nuntios,
1311 3905 1600 3974 juvenibus
1624 3911 1732 3964 ele-

143 3985 238 4039 etis
266 4002 480 4043 armare
503 3999 684 4057 posset
708 3991 1026 4059 exercitum,
1049 4002 1104 4047 et
1125 4005 1354 4064 quatuor
1398 4012 1573 4067 reges,
1598 4015 1732 4069 quos

141 4074 379 4144 quinque
429 4092 582 4147 reges
636 4077 914 4148 fugerant,
946 4081 999 4134 in
1031 4081 1142 4137 Dan
1171 4095 1490 4142 consecutus
1518 4078 1730 4145 occide-

142 4175 255 4230 ret;
291 4178 345 4221 et
375 4177 556 4224 tamen
585 4180 706 4242 post
736 4179 843 4224 tam
883 4173 1072 4228 crebra
1113 4173 1491 4245 hospitalitatis
1517 4178 1689 4235 officia
1710 4221 1726 4249 ,

145 4253 264 4310 dum
294 4273 402 4313 non
434 4260 631 4316 refutat
668 4261 916 4318 homines
940 4305 955 4330 ,
991 4265 1267 4335 suscipere
1305 4269 1500 4323 meruit
1537 4270 1725 4327 Deum.

145 4343 254 4404 Non
283 4354 456 4408 servis
475 4394 492 4420 ,
522 4363 577 4408 et
610 4355 875 4410 ancillulis
905 4355 1236 4426 imperabat,
1268 4367 1324 4414 ut
1362 4361 1731 4420 ministrarent

148 4435 458 4509 hospitibus,
494 4459 593 4499 nec
618 4445 816 4500 bonum
842 4446 982 4514 quod
1013 4449 1318 4514 exercebat,
1347 4464 1442 4519 per
1466 4451 1604 4506 alios
1629 4453 1730 4509 mi-

148 4531 288 4598 nuit;
317 4535 412 4589 sed
437 4525 590 4606 quasi
620 4547 831 4606 reperta
862 4537 1072 4606 praeda,
1103 4553 1225 4593 cum
1252 4539 1381 4595 Sara
1408 4555 1504 4596 sua
1532 4542 1727 4600 huma-

147 4617 291 4676 nitati
319 4625 469 4682 solus
508 4626 768 4683 incubuit.
797 4626 915 4697 Ipse
956 4628 1121 4698 pedes
1155 4630 1304 4696 lavit,
1333 4634 1447 4700 ipse
1475 4633 1727 4706 pinguem

147 4709 373 4772 vitulum
411 4721 640 4790 portavit
679 4719 919 4775 humeris
947 4720 1016 4776 de
1055 4731 1316 4779 armento.
1344 4723 1504 4782 Stetit
1529 4735 1588 4784 ut
1613 4742 1728 4785 ser-

213 4905 714 4990 i9)._.AIP‘1'¢m._i"am
753 4918 1049 4990 Χὲηράοοῖείί
1095 4922 1246 4990 inﬁmi
1279 4921 1603 4990 ῑὶεεδςξινὲιιυ
1627 4941 1724 4990 qua

146 4965 405 5050 glirallami
429 4965 837 5050 h‘nspjtioexcipit
851 4965 1448 5050 ‘iré's'ﬁigé'tbﬁﬁﬁl'ﬁ
1465 4965 1719 5050 ﬁat-libr:

145 5039 201 5099 ac
223 5027 420 5099 Virgam
442 5027 607 5099 de_'illa
619 5027 1530 5099 arborépxenodoch‘ium‘ad-Ahrahalni
1552 5027 1724 5098 eremi

146 5086 276 5163 plum
302 5086 667 5163 elegantissime

145 5149 286 5197 chius
309 5149 612 5206 extruxerat.

317 5212 620 5293 {dardaniam
643 5218 776 5293 nullo
799 5234 966 5293 sensu,
985 5227 1459 5293 ﬁuge;_poster_hinc
1481 5234 1724 5293 ιναηδῃιιο.

147 5267 295 5354 deris.
318 5267 623 5354 letustiores
646 5267 819 5354 autem
832 5267 1468 5354 thigh?

147 5333 783 5421 ιναιξιξσνεέιενίε
804 5382 828 5416 ν.
845 5333 972 5406 (ιυδά
999 5333 1230 5421 cities;
1256 5333 1721 5421 samaras-aa;

150 5402 275 5475 fuge
313 5408 477 5471 noster
505 5402 764 5475 :Al'iraham,
933 5402 1082 5475 nostri
1123 5413 1356 5471 temporis
1388 5402 1567 5464 Encas
1592 5428 1606 5475 ;
1631 5402 1721 5464 sed

147 5457 478 5529 nostrtt_initiq_,
505 5464 659 5529 longe,
675 5457 969 5517 concinniori
1004 5457 1520 5529 sensu,u'tvetiam_ieit
1542 5457 1720 5527 conse-

148 5518 404 5592 ggentibus
438 5518 614 5588 liquet"
633 5528 859 5592 duximus
886 5518 1248 5592 reponendum.
1273 5518 1718 5586 Vidi-in'fra'il-u'm.

149 5569 328 5679 t‘t‘bi
349 5569 413 5633 de
435 5569 907 5652 ὡῦῖιῖιέιέὶῖὂζᾶῐιω
924 5569 1719 5658 ἶὲἔῖἑῶἱὲθιᾘῖἀέὲἓι-ῐιῖἁῖξ

177 5646 300 5687 care.

212 5695 540 5786 ("cjﬂlll‘limirum
562 5708 622 5759 Y.
649 5709 882 5772 litteram,
908 5725 1002 5775 qua
1038 5714 1102 5766 de
1137 5714 1259 5766 infra
1280 5716 1495 5771 dicemus
1525 5721 1574 5771 in
1609 5721 1720 5786 Epi-

152 5755 323 5813 tola'ad
348 5755 545 5821 mea:
571 5755 621 5759 -’

505 5854 568 5921 S.
615 5855 989 5922 HIBRONYMI
1016 5859 1064 5928 Ι.

1525 299 1856 357 EPISTOLA
1893 302 2078 359 LXVI.

3351 331 3457 390 616

1864 434 1982 485 vus,
2007 423 2301 494 peregrinis
2321 425 2732 500 prandentibus,
2757 441 2812 490 et
2830 435 2977 495 Sara:
3003 443 3248 502 manibus
3268 459 3452 510 coctos

1862 511 2012 568 cibos
2032 513 2372 584 jejunalurus
2401 523 2669 590 apposuit.

1936 606 2025 661 12.
2067 607 2194 664 Haec
2230 626 2457 680 moneo,
2491 614 2663 673 frater
2689 621 2967 680 carissime
2987 667 3003 692 ,
3042 627 3240 698 pietate
3266 651 3368 707 qua
3398 648 3450 698 te

1861 695 2063 767 diligo;
2095 709 2151 754 ut
2175 717 2284 757 non
2313 705 2487 760 solum
2520 711 2822 781 pecuniam,
2855 716 2949 771 sed
2982 695 3208 788 teipsum
3236 695 3450 790 Christo

1861 788 2054 844 offeras
2077 833 2092 858 ,
2126 793 2356 851 hostiam
2401 798 2608 867 vivam,
2657 815 2896 860 sanctam
2923 849 2936 873 ,
2972 810 3267 878 placentem
3305 817 3444 887 Deo,

1861 879 2176 937 rationabile
2195 884 2512 957 obsequium
2538 899 2683 946 tuum
2710 893 2888 962 (Rom.
2916 897 3002 952 12.
3033 901 3086 970 1)
3116 917 3130 966 ;
3155 911 3210 958 et
3230 879 3452 966 imiteris

1862 968 2027 1025 ﬁlium
2069 971 2304 1031 hominis
2329 1019 2344 1044 ,
2374 980 2464 1048 qui
2495 997 2602 1036 non
2636 986 2782 1040 venit
2811 989 3143 1059 ministrari,
3171 996 3265 1050 sed
3292 999 3451 1052 mini-

1860 1067 2034 1113 strare
2053 1061 2372 1132 (Matth.20.
2393 1067 2593 1141 28).Ει
2614 1077 2755 1144 quod
2795 1075 2956 1150 402
2996 1083 3298 1150 patriarcha
3316 1090 3450 1145 alie-

1860 1150 1965 1218 nis,
1985 1151 2088 1208 hoc
2111 1155 2384 1228 discipulis
2406 1170 2462 1217 et
2481 1165 2652 1221 servis
2670 1167 2922 1240 MagiSter
2937 1174 3177 1232 exhibuit
3195 1190 3248 1234 et
3264 1181 3448 1237 Domi-

1859 1257 1979 1297 nus.
2014 1263 2032 1296 ι
2058 1245 2273 1304 Corium
2292 1268 2389 1321 pro
2405 1257 2574 1324 corio,
2594 1267 2649 1314 et
2664 1265 2842 1318 omnia
2861 1282 2980 1335 qua:
3009 1269 3170 1326 homo
3186 1275 3446 1348 possidet,

1858 1335 1986 1392 dare
2014 1351 2188 1408 potest
2214 1359 2314 1413 pro
2339 1349 2514 1403 anima
2543 1366 2658 1406 sua.
2686 1355 2792 1410 Sed
2823 1368 2998 1430 tange,
3027 1382 3046 1414 ι
3073 1335 3242 1434 inquit
3261 1335 3448 1425 diabo:

1854 1424 2030 1495 bolus,
2061 1448 2081 1482 ι
2109 1445 2299 1490 carnes
2337 1437 2484 1507 ejus,
2515 1442 2615 1496 nisi
2647 1443 2698 1498 in
2718 1444 2904 1503 faciem
2932 1451 3266 1512 benedixerit
3302 1460 3397 1516 tibi
3421 1482 3440 1514 i

1857 1518 1979 1589 (Job
2002 1521 2056 1575 2.
2086 1523 2141 1577 4.
2163 1525 2240 1593 5).
2285 1527 2399 1583 Scit
2427 1530 2594 1589 hostis
2615 1538 2895 1609 antiquus,
2949 1546 3122 1614 majus
3161 1553 3444 1610 continen-

1857 1610 1943 1664 tiae
1982 1627 2139 1682 quam
2172 1632 2514 1676 nummorum
2542 1641 2662 1680 esse
2703 1641 2996 1690 certamen.
3030 1637 3228 1696 FACILB
3257 1660 3446 1700 Αωιρι-

1853 1716 1992 1767 run,
2035 1707 2179 1774 quod
2230 1708 2398 1767 haeret
2449 1718 2822 1788 extrinsecus;
2876 1726 3188 1787 intestinum
3240 1735 3442 1793 bellum

1850 1793 2209 1861 periculosius
2234 1810 2337 1855 est.
2372 1802 2670 1874 Conjuncta
2709 1811 3153 1888 disglutinamus,
3186 1825 3332 1880 unita
3362 1828 3444 1883 di-

1851 1883 2146 1942 scindimus
2182 1886 2276 1962 [al.
2310 1893 2629 1970 dissuimus].
2668 1899 2923 1960 Zachmus
2951 1907 3102 1966 dives
3128 1883 3262 1980 erat,
3295 1919 3440 1988 Apo-

1850 1974 1972 2030 stoli
2003 1991 2286 2048 pauperes.
2315 1984 2569 2044 Reddidit
2593 1990 2684 2048 ille
2707 1995 3057 2069 quadruplum
3083 2006 3225 2074 quod
3248 1974 3442 2079 rapue-

1850 2076 1955 2136 rat,
1978 2068 2264 2144 divisitque
2286 2081 2610 2150 pauperibus
2633 2068 2974 2145 medietatem
2996 2068 3441 2159 substantiaesuce

1850 2171 1971 2227 quae
2013 2176 2384 2235 remanserat;
2413 2173 2650 2242 suscepit
2675 2175 2944 2235 Christum
2976 2182 3263 2257 hospitem,
3295 2194 3440 2251 salus

1849 2246 1989 2356 facta
2017 2264 2100 2309 est
2129 2255 2316 2314 domui
2361 2261 2476 2331 ejus
2520 2265 2673 2337 (Luc.
2713 2270 2837 2341 i9);
2868 2283 2922 2328 et
2955 2246 3132 2335 tamen
3160 2246 3284 2354 quia
3312 2246 3438 2356 par:

1853 2341 2009 2396 vulus
2035 2355 2148 2401 erat
2167 2388 2184 2415 ,
2229 2359 2284 2404 et
2323 2356 2633 2422 apostolicze
2664 2365 2975 2430 proceritali
3002 2383 3061 2426 se
3088 2341 3198 2429 non
3226 2341 3440 2446 poterat

1849 2435 2139 2493 extendere
2162 2480 2177 2506 ,
2208 2455 2314 2497 non
2345 2442 2443 2501 fuit
2477 2447 2532 2503 in
2572 2450 2855 2512 duodecim
2893 2475 3118 2520 numero
3146 2435 3436 2539 Apostolo-

1847 2538 1990 2580 rum.
2017 2526 2260 2631 A‘postoli
2285 2541 2464 2590 autem
2485 2547 2742 2608 quantum
2765 2547 2831 2602 ad
2852 2547 3066 2608 divitias
3091 2526 3241 2624 nihil,
3271 2526 3438 2631 quan-

1849 2622 1960 2670 tum
1990 2617 2058 2672 ad
2087 2621 2416 2681 voluntatem
2438 2669 2454 2696 ,
2487 2635 2654 2687 totum
2682 2639 2940 2696 mundum
2972 2646 3171 2714 pariter
3200 2617 3434 2724 relique-

1845 2714 1992 2760 runt.
2029 2706 2089 2762 Si
2131 2710 2418 2772 offeramus
2449 2717 2665 2780 Christo
2693 2740 2823 2798 opes
2853 2706 3181 2793 cum-anima
3208 2706 3391 2798 nosira
3416 2787 3432 2813 ,

1845 2793 1942 2813 m,
1995 2806 2008 2813 .
2231 2805 2241 2813 .
2287 2807 2298 2813 -
2415 2809 2462 2813 --

1845 2793 2077 2898 libenter
2103 2805 2377 2874 suscipiet.
2409 2809 2466 2865 Si
2492 2823 2670 2870 autem
2702 2793 2821 2888 quae
2849 2822 2978 2879 foris
3003 2837 3127 2883 sunt
3154 2793 3435 2905 Deo,iqua;

1844 2884 1990 2944 intus
2016 2903 2159 2960 sunt,
2193 2896 2408 2956 diabolo
2438 2902 2650 2975 demus,
2680 2884 2786 2965 non
2814 2924 2897 2968 est
2925 2931 3077 2988 aequa
3115 2884 3349 2995 partitio:
3381 2939 3438 2984 et

1845 2977 2039 3037 dicitur
2064 2985 2222 3042 nobis
2251 3007 2264 3041 :
2300 3010 2320 3042 ι
2354 2992 2545 3052 Nonne
2570 3000 2614 3054 si
2645 3011 2794 3059 recte
2821 2977 3038 3076 offeras,
3073 2977 3130 3066 ei
3153 3029 3260 3072 non
3286 2977 3435 3079 recte

1843 3071 2069 3143 dividas,
2097 3085 2370 3148 peccasti?
2403 3105 2425 3140 ι
2463 3088 2668 3159 (Cenes.
2702 3097 2756 3150 4.
2791 3098 2842 3152 7.
2875 3115 2976 3158 sec.
3010 3071 3203 3180 LXX.)

1915 3169 2003 3223 15.
2031 3169 2182 3279 (Quod
2213 3177 2411 3244 patritii
2439 3187 2652 3252 generis
2681 3187 2762 3261 (ά)
2790 3192 2996 3260 primus
3027 3197 3167 3255 inter
3180 3169 3430 3279 'prlmos,

1843 3264 2138 3321 monachus
2164 3281 2285 3324 esse
2312 3275 2545 3343 coepisti,
2577 3293 2683 3333 non
2715 3281 2807 3338 tibi
2837 3285 2908 3340 sit
2935 3292 3176 3360 tumoris,
3191 3264 3299 3352 sed
3333 3264 3433 3356 hu:

1841 3353 2084 3411 militatis
2121 3363 2370 3432 occasio,
2413 3369 2605 3425 scienti
2644 3372 2838 3431 Filiunt
2870 3379 2966 3436 Dei
2998 3382 3194 3442 factum
3234 3389 3430 3451 Filium

1841 3442 2094 3504 hominis.
2166 3451 2644 3526 QUANTUICUIQUE
2722 3475 2774 3523 te
2830 3469 3124 3543 dejcceris,
3181 3481 3433 3544 humilior

1840 3541 2054 3599 Christo
2081 3561 2188 3602 non
2218 3550 2345 3606 eris.
2377 3552 2528 3623 Esto,
2562 3556 2780 3616 incedas
2810 3563 2968 3621 nudis
3007 3541 3252 3644 pedibus,
3284 3541 3431 3636 fusca

1842 3636 2018 3692 tunica
2049 3640 2316 3706 vestiaris,
2345 3647 2578 3715 zequeris
2599 3654 2942 3724 pauperibus,
2970 3636 3186 3732 inopum
3207 3636 3430 3729 cellulas

1838 3725 2120 3797 dignanter
2147 3731 2412 3800 introeas;
2442 3751 2708 3796 caecorum
2745 3747 2936 3802 oculus
2973 3751 3047 3806 sis
3067 3795 3081 3818 ,
3112 3771 3302 3813 manus
3327 3763 3427 3818 de-

1837 3818 2056 3886 bilium,
2098 3838 2193 3890 pes
2234 3826 2588 3897 claudorum;
2635 3833 2752 3902 ipse
2794 3850 2985 3904 aquam
3034 3853 3248 3913 portes,
3286 3851 3429 3921 ligna

1838 3910 2090 3965 concidas
2113 3953 2128 3978 ,
2163 3913 2339 3968 focum
2371 3927 2618 3975 exstruas
2642 3962 2656 3988 ,
2696 3923 2786 3977 ubi
2816 3927 3064 3984 vincula?
3099 3935 3186 3989 ubi
3216 3910 3426 4010 alapae?

1837 3998 1930 4054 ubi
1967 4002 2161 4068 sputa?
2199 4003 2289 4058 ubi
2327 4002 2574 4077 ﬂagella?
2613 4011 2700 4066 ubi
2741 4015 3080 4082 patibulum?
3119 4024 3205 4079 ubi
3241 3998 3427 4086 mam

1838 4091 1908 4170 Et
1962 4107 2084 4147 cum
2113 4096 2292 4152 omnia
2337 4114 2458 4169 quae
2486 4101 2602 4158 dixi
2647 4104 2857 4176 feceris,
2887 4110 2955 4165 ab
2993 4112 3283 4176 Eustochio
3314 4131 3423 4191 tua,

1838 4183 2108 4256 Paulaque
2140 4188 2406 4258 vinceris,
2434 4193 2481 4248 si
2507 4211 2614 4251 non
2644 4211 2841 4268 opere,
2872 4211 2928 4256 at
2953 4216 3100 4262 certe
3127 4223 3278 4267 sexu.
3313 4215 3425 4286 Ego

1837 4275 2051 4345 quidem
2076 4277 2261 4334 Romae
2287 4297 2393 4337 non
2421 4298 2590 4352 eram,
2623 4297 2678 4343 et
2704 4297 2828 4346 tunc
2855 4308 2942 4350 me
2971 4299 3185 4354 tenebat
3207 4275 3423 4362 eremus

1837 4367 2022 4438 (atque
2057 4371 2261 4427 utinam
2299 4379 2692 4451 pertenuisset)
2717 4425 2731 4448 ,
2759 4387 2972 4454 quando
3000 4404 3189 4450 socero
3214 4404 3304 4452 tuo
3338 4399 3421 4454 vi-

1835 4466 2000 4514 vente
2016 4459 2090 4532 (e)
2107 4461 2352 4532 Toxotio,
2369 4469 2566 4524 saeculo
2579 4474 2903 4531 serviebant.
2924 4477 3032 4536 Sed
3046 4491 3219 4540 tamen
3235 4488 3417 4556 audio,

1834 4565 1954 4621 qua:
1969 4553 2331 4611 immunditias
2342 4559 2638 4647 platearum
2672 4563 2832 4639 403
2872 4569 3012 4628 ferre
3028 4589 3133 4630 non
3150 4553 3418 4647 poterant,

1833 4659 1952 4715 quae
1980 4650 2347 4706 eunuchorum
2388 4646 2638 4713 manibus
2670 4661 3040 4731 portabantur,
3071 4677 3126 4722 et
3152 4667 3416 4740 inaequale

1833 4736 2004 4792 solum
2028 4738 2308 4797 molestius
2331 4748 2814 4818 transcendebant;
2837 4756 3029 4823 quibus
3057 4759 3225 4813 serica
3254 4736 3418 4820 vestis

1831 4833 1982 4886 oneri
2011 4841 2148 4903 erat,
2180 4843 2236 4890 et
2258 4836 2386 4892 solis
2411 4840 2560 4895 calor
2585 4841 2910 4910 incendium,
2946 4863 3088 4902 nunc
3124 4850 3414 4911 sordidatae

1831 4928 1884 4975 et
1913 4921 2202 4993 lugubres,
2235 4935 2290 4981 et
2317 4928 2398 4982 sui
2426 4934 2828 4998 comparatione
2866 4934 3162 5006 forticulae,
3204 4942 3286 4995 vel
3327 4945 3414 4998 lu-

1830 5029 2020 5072 cernas
2045 5019 2390 5088 concinnant,
2415 5022 2500 5076 vel
2525 5024 2858 5079 succendunt
2882 5027 3078 5094 focum,
3110 5034 3416 5100 pavimenta

1829 5115 2086 5172 verrunt,
2124 5107 2386 5164 mundant
2433 5111 2735 5181 legumina,
2778 5115 2982 5173 olerum
3031 5121 3313 5180 fasciculos
3359 5128 3414 5184 in

1829 5194 2125 5252 ferventem
2155 5198 2315 5254 ollam
2342 5201 2620 5270 dejiciunt,
2655 5218 2930 5276 apponunt
2955 5226 3188 5281 mensas,
3220 5217 3416 5276 calices

1897 5354 1980 5427 (ri).
2008 5354 2081 5404 Ex
2116 5355 2322 5427 Patritio
2357 5363 2751 5427 genereprimus
2774 5363 2901 5413 inter
2925 5366 3107 5427 primos
3131 5377 3238 5418 erat
3267 5370 3385 5420 Pam

1829 5418 2062 5489 machius,
2076 5425 2131 5489 ut
2146 5431 2291 5489 supra
2312 5418 2442 5489 nutu.
2465 5423 2513 5471 6.
2535 5418 2706 5489 iisdem
2728 5427 2891 5489 verbis
2909 5418 3146 5489 proditum
3163 5437 3256 5480 est.
3276 5418 3416 5486 Adeo

1829 5479 2030 5550 minime
2054 5476 2220 5550 plaer
2233 5517 2244 5535 ,
2278 5494 2388 5550 qua:
2411 5482 2667 5550 hucusque
2692 5487 2738 5550 in
2761 5476 2972 5550 vulga'tis
2995 5476 3130 5540 libris
3155 5476 3412 5544 l‘eEilb'Bili

1830 5539 1992 5608 tinuit,
2023 5546 2086 5608 ut_
2117 5541 2266 5608 verba
2289 5539 2474 5608 primus
2508 5539 2634 5597 inter
2657 5539 2924 5608 primosvad
2963 5539 3417 5606 monac/tos'r'efvewt-

1828 5605 2017 5659 rentur,
2045 5601 2215 5683 vitiosa
2240 5601 2386 5653 etiam
2409 5601 2802 5683 interpunctione
2817 5645 2832 5669 ,
2854 5625 2999 5676 quam
3020 5601 3412 5683 emendavimus,

1830 5669 1882 5711 et
1901 5661 2166 5726 inongchus
2187 5677 2274 5726 pro
2295 5661 2884 5723 monachos‘restituimus:

1897 5720 1958 5789 (ε)
1998 5720 2233 5800 Terntius
2270 5727 2356 5800 bic_
2369 5732 2535 5800 senior
2559 5741 2652 5794 est,
2681 5720 2926 5785 S.’7Paulae
2964 5740 3181 5800 maritus,
3209 5745 3260 5790 et
3281 5741 3412 5792 Pau-

1829 5783 1960 5849 linae,
1981 5795 2096 5837 tua:
2115 5787 2424 5844 Pammachio
2447 5783 2701 5860 nupserat,
2724 5783 2879 5861 pater.

2789 5879 3208 5964 (ﬁngi-une.)
