4056 6184
631 248 731 304 647

633 362 936 436 porrigunt,
976 357 1252 418 eﬂ‘undunt
1283 353 1450 417 cibos,
1484 350 1585 402 huc
1617 347 1844 414 illucque
1880 342 2205 436 discurrunt.

637 432 704 512 lit
734 432 880 511 certe
911 463 1134 522 magnus
1165 443 1425 515 virginum
1452 441 1648 495 chorus
1685 452 1806 493 cum
1843 434 1946 489 illis
1986 432 2212 486 habitat.

637 549 774 603 Num
806 537 1166 614 hujuscemodi
1197 533 1493 590 ministeria
1519 531 1638 586 aliis
1671 530 1937 599 imperare
1969 540 2079 581 non
2116 538 2215 594 po-

639 639 859 698 terant?
891 637 1000 691 So
1025 645 1236 688 totum
1264 628 1404 683 vinci
1444 625 1512 680 ab
1555 624 1638 678 bis
1677 622 1862 676 labore
1888 632 2174 688 corporum
2197 658 2214 682 ,

637 746 769 802 quas
793 730 920 798 ipse
938 731 1195 794 superant
1211 721 1410 775 virtute
1426 716 1609 772 animi.
1635 713 1761 770 Haec
1782 712 1923 778 dico,
1947 725 2055 766 non
2072 707 2219 802 quod

636 801 703 876 de
745 817 938 873 ardore
971 813 1170 871 mentis
1210 822 1315 866 tua:
1357 809 1646 880 quidquam
1675 806 1952 872 dubitem,
1991 801 2088 858 sed
2116 813 2222 872 quo

634 917 940 966 currean
965 904 1238 976 impellam
1265 946 1280 969 ,
1309 911 1364 958 et
1387 902 1584 956 acriter
1609 897 1887 954 dimicanti
1906 938 1922 962 ,
1952 893 2219 950 fervorem

637 1004 711 1071 (ιι)
742 998 938 1054 fervori
966 1011 1209 1066 augeam.

639 1123 652 1138 ς
707 1093 799 1148 ﬂ.
827 1090 1108 1145 Honesta.
1128 1092 1192 1141 ab
1217 1084 1432 1140 Hieron.
1457 1081 1883 1138 exurat—Nos
1904 1081 1955 1135 in
1979 1079 2080 1134 ista
2102 1091 2255 1148 pro-s-

634 1187 811 1242 vincia
849 1183 1111 1240 aediﬁcato
1152 1178 1514 1243 monasterio,
1563 1186 1619 1231 et
1660 1174 1957 1230 diversorio
2005 1180 2224 1244 propter

635 1286 945 1341 exstructo,
985 1290 1054 1330 ne
1096 1274 1234 1328 forte
1271 1281 1325 1326 et
1367 1269 1529 1325 modo
1568 1267 1766 1337 Ioseph
1808 1281 1930 1319 cum
1975 1263 2140 1317 Maria
2170 1262 2224 1314 in

640 1372 914 1428 Bethleem
940 1367 1163 1423 veniens
1182 1406 1195 1430 ,
1227 1379 1332 1419 non
1372 1361 1603 1416 inveniat
1642 1359 1930 1427 hospitium
1960 1355 2114 1424 (Luc.
2139 1353 2221 1423 2),

637 1464 800 1518 tantis
838 1461 907 1516 de
951 1468 1065 1515 toto
1115 1460 1244 1513 orbe
1294 1453 1685 1510 confluentibus
1731 1448 1901 1503 turbis
1949 1446 2226 1500 obruimur

637 1554 1025 1612 monachorum
1049 1569 1064 1616 ;
1093 1561 1150 1604 ut
1175 1564 1274 1604 nec
1295 1557 1528 1617 emptum
1554 1558 1689 1614 upus
1713 1541 1985 1603 deserere,
2015 1553 2115 1594 nec
2139 1552 2228 1592 su-

640 1665 735 1722 pra
760 1648 907 1702 vires
930 1646 1070 1700 ferre
1098 1644 1386 1696 valeamus.
1413 1637 1564 1693 Unde
1593 1636 1715 1706 quia
1747 1648 1884 1702 pene
1915 1630 2069 1686 nobis
2098 1628 2228 1684 illud

644 1743 712 1797 de
733 1737 1030 1807 Evangelio
1057 1734 1298 1800 contigit,
1331 1739 1390 1783 ut
1418 1730 1610 1783 futura:
1638 1726 1798 1780 turris
1824 1739 1927 1778 non
1958 1731 2081 1776 ante
2105 1736 2220 1790 sup-

646 1844 952 1905 putaremus
978 1841 1248 1898 expensas
1273 1823 1426 1894 (Luc.
1471 1822 1588 1888 ll),
1617 1817 1880 1888 compulsi
1906 1830 2092 1870 sumus
2117 1814 2227 1869 fra-

645 1937 782 1981 trem
810 1922 1178 1979 Paulinianum
1214 1916 1279 1970 ad
1322 1915 1546 1984 patriam
1577 1912 1790 1966 mittere
1814 1951 1829 1976 ,
1858 1917 1915 1964 ut
1944 1907 2228 1963 semirutas

642 2015 885 2080 villulas,
929 2028 1047 2082 qua:
1085 2009 1430 2065 barbarorum
1476 2004 1776 2073 eﬂ‘ugerunt
1811 2016 2035 2064 manus;
2069 1999 2146 2069 (ὁ)
2174 2008 2229 2053 et

643 2115 921 2178 parentum
947 2101 1308 2159 communium
1333 2111 1528 2154 census
1556 2095 1816 2150 venderet
1835 2136 1865 2157 ,.
1885 2107 1954 2148 ne
1989 2099 2229 2161 emptum

635 2199 954 2255 Sanctorum
987 2193 1342 2248 ministerium
1369 2189 1714 2255 deserentes,
1743 2187 1908 2241 risum
1953 2183 2228 2240 maledicis

639 2299 694 2347 et
714 2288 924 2344 aemulis
947 2286 1302 2358 prmbeamus.

708 2380 798 2436 15.
835 2377 895 2432 In
923 2377 1071 2432 calce
1107 2367 1362 2444 Epistolas
1408 2369 1725 2426 recordatus
1765 2383 1917 2431 sum,
1958 2365 2231 2435 quadriga:

637 2481 855 2537 vestrae,
887 2479 944 2525 et
970 2469 1244 2542 proposito
1271 2467 1510 2542 quintam
1540 2463 1728 2517 deesse
1756 2460 2064 2523 Blmsillam,
2093 2473 2231 2527 pene

637 2564 836 2619 oblitus
860 2561 928 2616 de
949 2576 1011 2615 ea
1039 2558 1206 2629 loqui,
1234 2535 1362 2628 qua;
1384 2555 1554 2627 prima
1592 2554 1659 2608 de
1699 2551 1851 2605 vobis
1895 2549 2231 2620 praecesserit

637 2656 706 2711 ad
736 2654 1042 2710 Dominum.
1075 2651 1212 2706 Vere
1250 2663 1393 2704 nunc
1436 2647 1670 2716 quinque
1715 2643 1766 2697 in
1809 2653 1954 2707 tres,
1994 2658 2057 2695 ac
2097 2641 2231 2695 duas

638 2747 882 2802 videmus
911 2758 1032 2800 esse
1073 2743 1307 2806 divisas,
1346 2740 1439 2794 illa
1468 2753 1588 2792 cum
1625 2751 1814 2792 sorore
1843 2735 2060 2789 Paulina
2085 2733 2231 2788 dulci

634 2854 826 2897 somno
847 2838 1064 2904 fruitur,
1089 2845 1147 2891 tu
1166 2836 1392 2890 duarum
1419 2831 1652 2899 medius,
1675 2829 1741 2885 ad
1761 2828 2035 2886 Christum
2063 2826 2230 2883 levius

633 2931 962 2991 subvolabis.

1101 3037 1435 3096 EPISTOLA
1473 3031 1666 3092 LXVII
1692 3033 1767 3108 (ι)

536 3212 542 3218 .
1040 3168 1314 3211 AUGUSTI!"
1353 3167 1422 3208 Αυ
1460 3161 1825 3206 ωειιοκῐιυι.

643 3252 1012 3323 Hieronymum
1047 3244 1212 3320 Μ
1247 3244 1532 3298 sciscitatur
1555 3240 1620 3294 de
1645 3239 1793 3294 titulo
1824 3236 2018 3309 vulgati
2042 3235 2230 3302 abipso

711 3344 826 3399 libri
840 3343 902 3396 de
914 3339 1260 3409 Scriptoribus
1277 3332 1675 3394 Ecclesiasticis;
1695 3329 1872 3386 tumde
1888 3327 2042 3384 Petro
2059 3342 2231 3398 repre-

713 3436 868 3485 henso
898 3446 999 3483 non
1029 3425 1338 3482 mendaciter
1367 3439 1398 3474 a
1424 3419 1614 3486 Paulo,
1641 3419 1777 3492 quod
1799 3421 1952 3480 etiam
1980 3416 2230 3488 superiori

716 3523 859 3592 epist.
888 3519 976 3574 56.
1005 3516 1292 3587 quasierat.
1320 3511 1582 3568 Postremo
1606 3511 1749 3582 petit,
1775 3519 1828 3575 ut
1855 3525 1967 3580 qua:
1991 3510 2091 3564 sinl
2113 3507 2230 3564 Ori-

719 3610 861 3680 genis
889 3609 1205 3676 aliorumque
1233 3603 1582 3658 ha’reticorum
1606 3609 1794 3669 errata,
1827 3601 1923 3658 sibi
1949 3600 2158 3658 indicet.

715 3702 944 3759 Domino
971 3697 1318 3760 dilectissimo
1335 3737 1349 3760 ,
1378 3703 1433 3750 et
1461 3693 1608 3748 cultu
1642 3692 2008 3757 sincerissimo
2028 3690 2226 3746 carita-

643 3799 712 3856 tis
739 3791 1074 3852 observando
1099 3798 1258 3862 atque
1295 3784 1668 3858 amplectenda
1708 3785 1857 3842 fratri
1887 3792 1942 3842 et
1968 3783 2230 3858 Compre-

641 3913 862 3986 sbytero
891 3909 1239 3972 ﬂmsouruo,
1269 3905 1624 3964 Ausus'rtuus.

712 4008 770 4061 1.
807 4021 827 4056 t
865 4001 1046 4058 Habeo
1072 3998 1332 4068 gratiam.
1361 3994 1504 4065 quod
1546 4007 1644 4063 pro
1683 3991 1983 4058 subscripta
2022 3990 2228 4046 saluta-

641 4098 825 4158 tione,
874 4093 1087 4161 plenam
1135 4088 1270 4144 mihi
1310 4087 1394 4158 (ά)
1441 4085 1737 4154 Epistulam
1779 4081 2054 4141 reddidisti
2081 4122 2097 4147 ,
2136 4081 2232 4136 sed

642 4185 952 4248 breviorem
973 4181 1150 4236 multo
1175 4194 1335 4250 quam
1357 4193 1431 4234 ex
1471 4185 1521 4234 te
1558 4176 1750 4232 vellem
1785 4175 2096 4244 suscipere,
2138 4171 2233 4228 tali

644 4277 781 4342 viro,
803 4289 839 4330 a
860 4287 989 4342 quo.
1017 4280 1261 4341 tempora
1291 4268 1621 4340 quantalibet
1645 4275 1892 4336 occupet,
1918 4263 2096 4321 nullus
2117 4277 2234 4318 ser-

648 4382 738 4424 mo
787 4363 1029 4436 prolixus
1055 4371 1158 4417 est.
1186 4362 1513 4429 Quanquam”
1544 4359 1722 4426 itaque
1756 4370 1858 4414 nos
1896 4355 2232 4424 negotiorum

648 4457 946 4514 alienorum
967 4492 982 4520 ,
1012 4465 1306 4520 eorumque
1335 4447 1673 4506 saecularium
1700 4487 1715 4511 ,
1741 4445 1888 4502 curis
1911 4445 2232 4502 circumstat,

649 4565 770 4616 mur
797 4545 1099 4618 ingentibus
1131 4559 1145 4596 :
1175 4553 1353 4602 tamen
1381 4538 1641 4610 Epistula
1673 4547 1779 4593 tute
1803 4536 2053 4594 brevitati
2077 4536 2235 4600 facile

648 4660 757 4702 non
799 4644 1136 4714 ignoscerem
1157 4677 1173 4703 ,
1215 4635 1318 4692 nisi
1365 4632 1655 4702 cogitarem
1699 4645 1858 4699 quam
1896 4629 2236 4698 paucioribus

647 4736 828 4794 verbis
869 4732 1005 4794 meis
1051 4729 1386 4788 redderetur.
1429 4725 1605 4790 Quare
1650 4721 1942 4794 aggredere
1959 4762 1976 4788 ,
2009 4735 2198 4791 quaeso
2215 4761 2232 4787 ,

645 4828 800 4883 istam
828 4823 1105 4884 nobiscum
1134 4818 1443 4878 litterariam
1467 4816 1900 4882 collocutionem,
1917 4830 1990 4878 ne
2006 4815 2235 4872 multum

647 4918 712 4974 ad
741 4933 838 4976 nos
857 4914 1238 4988 disjungendos
1265 4912 1425 4968 liceat
1448 4909 1705 4966 absentiae
1722 4907 2022 4978 corporali;
2067 4921 2236 4980 quan-

648 5028 810 5084 quam
851 5012 1020 5069 simus
1059 5010 1114 5067 in
1153 5005 1384 5064 Domino
1427 5005 1646 5074 spiritus
1686 5002 1889 5060 unitate
1927 4999 2233 5070 conjuncti,

717 5145 784 5212 (a)
992 5156 1151 5212 mque
1163 5154 1314 5212 sensu
1335 5147 1539 5212 veteres
1564 5138 1690 5212 editi
1707 5136 1942 5212 feruorem
1963 5134 2122 5196 future
2145 5145 2233 5182 au-

649 5203 914 5276 scultem
935 5203 1084 5276 elisi!
1106 5205 1224 5257 κει
1251 5206 1486 5276 ίενὲἔαὲἔέι
1500 5203 1938 5276 [εζιαίέέέίέρέξζης

720 5256 1068 5336 βῑίξοίηιίλοίιρ
1085 5256 1141 5316 δίο
1163 5256 1383 5336 verbal“
1407 5256 1621 5336 Υίοίονίίξ
1646 5256 2234 5336 νίσφυέιψίεὲιὲρξυὲιέίὲίὲῐῐξ

653 5317 1010 5393 θχέξιῖιςῖιεῖὶιιω
1031 5330 1136 5378 inec
1166 5317 1318 5376 lectio
1337 5365 1349 5385 ,
1373 5333 1417 5376 et
1448 5317 2043 5393 parentuniconmumitort
2063 5317 2237 5393 habent

653 5378 1124 5451 ξῧιὶίιλεῖςςῖεεηάενει,
1153 5394 1248 5436 etc.
1264 5422 1279 5446 ,
1303 5378 1520 5451 quam'in
1530 5384 1898 5451 vetustioribus
1909 5381 2107 5442 quidem
2129 5378 2238 5451 lul-

653 5440 1226 5513 gattsin'venimus,'uon
1250 5440 1413 5497 aufem
1438 5451 1485 5497 ln
1504 5447 1615 5496 Mss.
1633 5457 1836 5506 quorum
1859 5440 2043 5504 abéquc
2065 5440 2236 5491 suifra-

655 5512 736 5573 gio
759 5513 884 5573 nihil
908 5512 1156 5573 audiemus.

717 5573 790 5678 (2
814 5571 940 5641 Alias
962 5571 1039 5616 87.
1065 5572 1251 5629 Scripta
1273 5570 1389 5640 circ.
1418 5583 1495 5617 an.
1522 5570 1632 5637 397.

724 5633 741 5678 (
785 5633 795 5678 l
836 5629 1046 5676 Attalum
1085 5644 1178 5673 nun
1217 5630 1321 5677 tulit
1363 5631 1526 5677 istius-0.
1567 5629 1628 5677 Ili

724 5626 795 5693 (cl)
836 5626 1179 5694 diuitem-nem-
1217 5630 1321 5677 tulit
1363 5631 1526 5694 isllurc
1567 5629 1848 5690 Hieronymi
1890 5626 2108 5688 epistola,
2154 5635 2237 5677 aut

660 5687 794 5744 certe
816 5688 1028 5740 nandum
1057 5689 1102 5734 in
1129 5687 1283 5736 lUCClll
1308 5692 1494 5749 ptvilnt.

1926 222 2167 284 SANCTI
2206 219 2589 281 HERONYMI

3824 232 3922 287 618

2325 338 2534 393 etiamsi
2559 338 2626 395 ab
2655 340 2781 396 stilo
2806 341 3164 412 quiescamus,
3197 345 3360 412 atque
3385 347 3679 397 taceamus.
3710 341 3782 397 Et
3803 343 3918 402 libri

2324 435 2538 504 quidem
2581 447 2717 505 quos
2756 435 2824 489 de
2866 435 3058 489 horreo
3103 434 3381 490 Dominico
3421 433 3753 504 elaborasti,
3787 451 3918 507 pene

2327 536 2497 583 totum
2527 528 2680 583 nobis
2708 536 2761 583 te
2787 527 3062 583 exhibent.
3105 526 3166 583 Si
3207 528 3350 583 enim
3390 538 3678 599 propterea
3720 541 3775 587 te
3817 548 3913 586 non

2326 623 2597 690 novimus,
2629 623 2754 694 quia
2783 620 2976 679 faciem
3000 623 3245 693 corporis
3277 622 3352 678 tui
3381 636 3488 677 nou
3521 622 3780 692 vidimus,
3823 625 3916 681 hoc

2328 718 2489 773 modo
2527 733 2630 774 nec
2663 717 2779 788 ipse
2819 727 2874 774 te
2914 717 3050 773 nosti
3084 735 3098 771 :
3129 731 3250 771 nam
3283 725 3338 772 tu
3366 731 3583 794 quoque
3625 732 3736 774 non
3775 720 3916 774 vides

2328 824 2468 866 eam.
2498 808 2556 865 Si
2583 818 2762 864 autem
2789 809 2883 864 tibi
2925 823 3028 864 non
3064 808 3135 863 ob
3159 807 3304 863 aliud
3347 816 3508 862 notus
3532 822 3592 864 es
3617 851 3633 876 ,
3664 810 3766 863 nisi
3799 813 3911 880 quia

2329 903 2471 957 nosti
2501 903 2737 956 animum
2769 910 2916 955 tuum
2953 918 2966 953 :
2995 909 3050 954 et
3067 915 3164 955 nos
3180 915 3301 954 eum
3319 914 3427 954 non
3443 899 3790 956 mediocriter
3822 917 3910 955 no-

2277 1059 2280 1068 .
2329 994 2573 1048 vimusin
2594 994 2787 1049 litteris
2816 994 2941 1059 tuis,
2966 991 3228 1062 inquibus
3255 990 3625 1046 benedicimus
3655 992 3912 1057 Domino,

2329 1087 2472 1157 quod
2517 1089 2640 1151 tibi,
2676 1097 2731 1142 et
2771 1087 2960 1150 nobis,
3005 1085 3360 1156 omnibusque
3400 1084 3658 1150 fratribus
3698 1087 3792 1158 qui
3833 1095 3913 1140 tua

2327 1179 2533 1247 legunt,
2563 1187 2614 1232 te
2642 1180 2798 1231 talem
2829 1177 2995 1232 dedit.
3043 1193 3066 1228 ι

2400 1269 2455 1322 2.
2490 1287 2509 1319 ‹
2547 1268 2708 1324 Liber
2735 1269 2951 1338 quidam
2982 1277 3125 1332 tuus,
3159 1270 3299 1324 inter
3330 1277 3524 1324 caetera
3559 1284 3668 1325 non
3694 1269 3787 1325 diu
3815 1280 3912 1336 εει,

2332 1361 2472 1432 quod
2495 1362 2640 1416 venit
2665 1362 2718 1414 in
2747 1376 2935 1415 manus
2961 1370 3174 1416 nostras
3203 1379 3218 1414 :
3247 1376 3367 1431 qua:
3387 1361 3458 1416 sit
3477 1361 3593 1433 ejus
3619 1362 3913 1431 inscriptio,

2332 1456 2600 1508 nescimus
2624 1454 2815 1509 adhuc.
2845 1453 2959 1508 Non
2982 1455 3126 1508 enim
3149 1454 3253 1509 hoc
3272 1455 3439 1510 codex
3467 1457 3594 1525 ipse,
3623 1466 3682 1510 ut
3700 1458 3914 1522 assolet,

2331 1546 2386 1602 in
2431 1547 2659 1601 liminari
2703 1549 2888 1615 pagina
2932 1547 3315 1616 praetendebat.
3365 1549 3696 1618 Epitaphium
3743 1564 3916 1605 tamen

2334 1639 2590 1712 appellari
2638 1639 2846 1694 dicebat
2893 1639 3089 1706 frater,
3131 1641 3273 1710 apud
3313 1656 3465 1710 quem
3509 1643 3755 1696 inventus
3797 1651 3914 1708 est,

2333 1734 2475 1805 quod
2511 1735 2561 1790 ei
2599 1748 2795 1788 nomen
2828 1735 2919 1789 tibi
2962 1735 3222 1804 placuisse
3250 1745 3306 1790 ut
3337 1735 3629 1802 inderetur,
3659 1737 3915 1792 credere-

2334 1840 2474 1892 mus,
2499 1826 2544 1880 si
2566 1840 2752 1880 eorum
2782 1835 2983 1879 tantum
3029 1824 3192 1900 ωε
3241 1826 3513 1881 hominum
3537 1827 3620 1881 vel
3651 1828 3811 1892 vitas,
3837 1830 3914 1883 vel

2334 1918 2530 1988 scripta
2570 1919 2645 1988 (e)
2689 1918 2759 1972 ibi
2796 1918 3144 1987 legissemus,
3176 1917 3270 1987 qui
3309 1919 3420 1986 jam
3448 1917 3685 1973 defuncti
3715 1930 3913 1976 essent.

2332 2009 2467 2064 Cum
2512 2023 2642 2064 vero
2687 2008 2980 2063 multorum
3008 2017 3061 2063 et
3086 2022 3152 2064 eo
3178 2016 3419 2078 tempore
3439 2024 3544 2089 quo
3566 2009 3913 2078 scribebatur,

2335 2115 2388 2160 et
2415 2118 2558 2159 nime
2585 2118 2754 2176 usque
2778 2103 3102 2170 viventium,
3139 2103 3210 2157 ibi
3251 2111 3743 2160 commemorentur
3786 2119 3914 2174 opu-

2334 2196 2479 2252 scula
2497 2237 2512 2262 ,
2545 2195 2805 2250 miramur
2828 2209 2926 2249 cur
2963 2194 3108 2252 hunc
3136 2193 3187 2249 ei
3214 2194 3425 2250 titulum
3454 2193 3539 2249 vel
3569 2194 3912 2270 imposueris,

2336 2289 2418 2343 vel
2446 2287 2765 2358 imposuisse
2801 2285 3057 2342 credaris.
3096 2285 3298 2342 Tamen
3334 2285 3427 2358 [aL
3470 2285 3631 2359 Sane]
3664 2288 3863 2342 utiliter
3886 2302 3931 2341 a-

2336 2387 2389 2434 te
2414 2381 2776 2452 conscriptum
2805 2377 3055 2432 eumdem
3081 2377 3276 2433 librum
3307 2379 3438 2437 satis
3468 2380 3847 2449 approbemus.
3892 2401 3909 2432 ι

2404 2474 2457 2528 ὅ.
2495 2492 2513 2525 ‹
2541 2474 2598 2528 In
2624 2472 2959 2544 expositione
2983 2486 3196 2542 quoque
3227 2471 3480 2542 Epistula:
3505 2471 3656 2530 Pauli
3682 2472 3916 2543 Apostoli

2335 2563 2400 2618 ad
2424 2564 2658 2630 Galatas,
2687 2564 2990 2619 invenimus
3015 2563 3234 2634 aliquid,
3263 2564 3405 2633 quod
3433 2579 3531 2618 nos
3558 2564 3783 2618 multum
3810 2580 3916 2618 n-o-

2335 2669 2476 2711 veat.
2523 2656 2581 2711 Si
2630 2657 2771 2712 enim
2819 2655 2886 2710 ad
2930 2656 3236 2728 Scripturas
3270 2665 3481 2711 sanctas
3530 2657 3769 2712 admissa
3808 2655 3914 2711 fue-

2334 2747 2475 2813 rint,
2513 2748 2583 2816 (f)
2614 2747 2760 2801 velut
2789 2745 3027 2801 officiosa
3059 2745 3334 2801 mendacia
3359 2787 3374 2811 ,
3401 2745 3528 2817 quid
3558 2745 3612 2800 in
3639 2747 3719 2801 eis
3751 2761 3916 2802 rema-

2335 2839 2483 2894 nebit
2526 2838 2894 2893 auctoritatis?
2936 2837 3067 2904 Qua:
3117 2837 3332 2893 tandem
3377 2837 3446 2893 de
3486 2837 3778 2908 Scripturis
3820 2839 3914 2896 illis

2335 2930 2598 2986 sententia
2631 2930 2960 3000 proferetur,
2991 2928 3145 3000 cujus
3171 2928 3409 3000 pondere
3437 2929 3789 2985 contentiosa:
3821 2929 3914 2984 fal-

2333 3023 2508 3078 sitatis
2552 3021 2837 3077 subruatur
2883 3021 2973 3095 [al.
3020 3021 3280 3095 obruatur]
3331 3023 3687 3093 improbitas?
3734 3022 3916 3080 Statim

2335 3116 2479 3171 enim
2505 3125 2561 3169 ut
2585 3114 2897 3186 protuleris,
2927 3115 2970 3169 si
2999 3114 3154 3170 aliter
3175 3115 3334 3188 sapit,
3369 3115 3459 3186 qui
3484 3125 3671 3180 contra
3702 3117 3913 3186 nititur;

2334 3207 2475 3264 dicet
2502 3209 2631 3263 illud
2658 3208 2799 3280 quod
2831 3208 3095 3280 prolatum
3131 3209 3254 3280 erit,
3283 3208 3510 3265 honesto
3539 3209 3723 3280 aliquo
3746 3206 3927 3265 oflieio‘

2334 3303 2656 3373 scriptorem
2679 3300 2845 3358 fuisse
2876 3303 3177 3358 mentitum.
3206 3300 3309 3358 Ubi
3336 3303 3477 3357 enim
3501 3301 3603 3357 hoc
3631 3318 3742 3358 non
3769 3314 3913 3374 pote-

2335 3395 2424 3462 rit,
2447 3395 2492 3449 si
2515 3394 2689 3466 potuit
2713 3394 2766 3448 in
2794 3409 2855 3449 ea
2879 3395 3206 3463 narratione,
3226 3409 3385 3465 quam
3399 3409 3624 3450 exorsus
3638 3395 3917 3464 Apostolus

2336 3490 2410 3544 ait
2441 3507 2455 3543 :
2492 3489 2618 3555 ρυω
2641 3497 2811 3543 autem
2837 3488 3000 3543 scribo
3024 3487 3182 3556 vobis,
3214 3503 3325 3542 ecce
3345 3503 3517 3542 coram
3550 3485 3659 3540 Deo
3686 3489 3807 3560 quia
3826 3503 3916 3542 non

2334 3583 2549 3648 mentior
2579 3581 2723 3652 (Gal.
2751 3582 2804 3638 1.
2836 3579 2952 3654 20),
2980 3581 3125 3636 credi
3156 3579 3517 3652 affirmarique
3555 3581 3835 3648 mentitus,
3857 3595 3916 3636 eo

2336 3674 2457 3731 loco
2482 3673 2574 3730 ubi
2604 3673 2736 3729 dixit
2770 3673 2837 3729 de
2875 3673 3036 3728 Petro
3075 3681 3128 3728 et
3168 3671 3448 3730 Barnaba:
3483 3670 3652 3739 Quum
3681 3672 3916 3740 uiderem,

2334 3767 2453 3840 quia
2501 3782 2602 3820 non
2646 3774 2774 3822 recte
2805 3763 3215 3835 ingrediebantur
3239 3763 3309 3818 ad
3337 3763 3590 3818 veritatem
3618 3763 3920 3838 Evangelii?

2337 3859 2478 3936 (Gal.
2511 3857 2566 3912 2.
2596 3858 2720 3930 14),
2763 3857 2819 3912 Si
2857 3856 3000 3918 enim
3043 3864 3190 3912 recte
3230 3855 3665 3927 ingrediebantur
3695 3856 3797 3922 illi,
3827 3856 3920 3910 iste

2337 3951 2593 4014 mentitus
2618 3959 2721 4007 est.
2759 3948 2817 4015 Si
2855 3957 3034 4004 autem
3073 3948 3143 4002 ibi
3185 3948 3440 4003 mentitus
3467 3957 3587 4013 est,
3618 3947 3710 4004 ubi
3742 3961 3919 4002 verum

2337 4043 2506 4100 dixit?
2543 4046 2625 4100 An
2666 4042 2738 4099 ibi
2769 4057 2954 4112 verum
2987 4040 3187 4097 dixisse
3211 4039 3499 4108 videbitur,
3522 4039 3609 4096 ubi
3641 4038 3745 4096 hoc
3771 4040 3920 4096 dixe-

2337 4137 2428 4208 rit,
2459 4136 2604 4208 quod
2660 4135 2830 4192 lector
2882 4132 3056 4206 sapit?
3097 4131 3234 4188 Cum
3279 4145 3413 4188 vero
3470 4140 3659 4188 contra
3705 4145 3921 4187 sensum

2338 4229 2558 4292 lectoris
2585 4228 2784 4299 aliquid
2811 4227 3141 4292 occurrerit,
3179 4224 3425 4294 officioso
3449 4224 3730 4288 mendacio
3757 4225 3925 4294 depu-

2342 4321 2578 4384 tabitur?
2614 4320 2732 4377 Non
2753 4319 2902 4386 enim
2925 4319 3118 4380 deesse
3153 4326 3409 4394 poterunt
3435 4331 3652 4386 causae,
3683 4331 3784 4376 cur
3816 4316 3927 4370 cxi-

2339 4415 2586 4482 stimetur
2617 4428 2728 4480 non
2766 4411 2941 4474 solum
2977 4411 3238 4482 potuisse,
3270 4424 3455 4470 verum
3479 4409 3642 4468 etiam
3673 4407 3928 4464 debuisse

2340 4503 2576 4571 mentiri,
2599 4503 2644 4560 si
2665 4501 2790 4558 huic
2807 4501 3006 4576 regulae
3025 4500 3339 4562 conceditur
3359 4499 3526 4555 locus.
3554 4497 3668 4554 Non
3691 4513 3830 4570 Opus
3851 4505 3932 4553 est

2341 4599 2482 4660 hanc
2521 4611 2743 4658 causam
2789 4595 2978 4656 multis
3018 4594 3197 4649 verbis
3226 4607 3405 4670 agere,
3453 4593 3753 4672 praesertim
3783 4589 3932 4662 apud

2341 4698 2424 4758 te,
2452 4689 2538 4744 cui
2563 4687 2834 4758 sapienter
2861 4685 3159 4756 providenti
3184 4684 3387 4752 dictum
3411 4684 3666 4746 estsatis.
3712 4682 3933 4753 Nequa-

2341 4795 2501 4853 quam
2515 4794 2642 4835 vero
2657 4779 2788 4834 mihi
2811 4780 3192 4850 arrogaverim,
3209 4787 3267 4832 ut
3287 4777 3554 4848 ingenium
3572 4784 3718 4828 tuum
3744 4775 3937 4829 divino

2341 4876 2484 4932 dono
2509 4888 2753 4941 aureum,
2779 4873 2915 4929 meis
2940 4871 3113 4929 obolis
3138 4871 3310 4928 ditare
3338 4868 3686 4936 contendam:
3714 4883 3825 4922 nec
3855 4880 3933 4923 est

2341 4970 2621 5042 quisquam
2650 4977 2702 5023 te
2727 4967 2896 5036 magis
2918 4966 3162 5031 idoneus,
3182 4966 3272 5035 qui
3295 4979 3429 5034 onus
3455 4960 3586 5018 illud
3605 4963 3895 5020 emendet.
3913 4983 3931 5014 ι

2413 5061 2466 5115 4,
2516 5077 2535 5113 ‹
2557 5058 2742 5130 Neque
2771 5058 2913 5112 enim
2939 5072 2968 5110 a
2997 5072 3084 5111 me
3118 5055 3393 5111 docendus
3424 5068 3512 5122 es,
3537 5053 3817 5124 quomodo
3851 5054 3933 5106 in-

2344 5151 2610 5223 telligatur
2629 5191 2644 5216 ,
2672 5149 2814 5220 quod
2843 5148 2981 5203 idem
3025 5146 3154 5200 dicit
3185 5165 3196 5199 :
3233 5144 3423 5198 Factus
3457 5160 3568 5198 sum
3592 5141 3793 5198 Judazis
3822 5152 3938 5196 tau-

2342 5263 2493 5315 quam
2517 5244 2754 5309 Judarus,
2783 5251 2836 5296 ut
2865 5239 3075 5295 Judcos
3102 5237 3453 5307 lucrifacerem
3482 5237 3558 5307 (ι.
3583 5235 3700 5290 Cor.
3733 5236 3787 5292 9.
3816 5235 3933 5304 ΞΟ),

2343 5346 2399 5396 et
2421 5347 2611 5394 caetera
2635 5349 2752 5406 quae
2777 5332 2850 5388 ibi
2871 5331 3121 5389 dicuntur
3141 5343 3496 5386 COIPASSIONE
3523 5327 3937 5392 misericonliae,

2413 5504 2470 5614 (ε)
2508 5505 2741 5556 Voculam
2771 5503 2855 5560 ibi,
2881 5514 3024 5565 quam
3050 5500 3290 5550 Victorius
3313 5512 3342 5549 e
3380 5497 3497 5549 Mss.
3524 5496 3868 5559 suppleverat,
3894 5499 3942 5544 et

2413 5581 2442 5614 υ
2467 5575 2610 5614 erunt
2655 5567 2767 5614 libri
2811 5577 3016 5614 omnes.
3057 5563 3361 5612 Martianzeus
3394 5567 3504 5614 post.
3541 5559 3799 5610 Erasmum
3848 5571 3941 5607 cx-

2343 5559 2610 5640 prml‘erunt
2655 5567 2767 5615 libri
2811 5559 3016 5623 Ombos,
3057 5563 3361 5612 Martianzeus
3394 5567 3504 5625 post
3541 5559 3799 5610 Erasmum
3848 5571 3941 5607 cx-

2345 5640 2534 5693 puxmt.

2415 5691 2478 5748 (fl
2520 5689 2643 5740 Illud
2680 5688 2802 5740 utut.
2827 5688 3073 5738 Victorius
3100 5693 3149 5740 ut
3172 5685 3472 5744 Super-auum
3495 5686 3689 5734 amovit.
