4056 6184
183 275 287 340 MO

181 411 292 460 non
311 391 643 450 simulatione
665 389 906 446 fallacie.
937 385 1025 444 Fit
1056 385 1200 443 enim
1223 392 1475 456 tanquam
1498 390 1751 453 ingratus,

187 489 276 560 qui
317 484 579 542 ministrat
619 491 822 554 ingrato
851 499 864 536 :
894 494 1000 537 non
1045 494 1170 539 eum
1231 493 1294 536 se
1336 476 1514 534 febres
1551 474 1758 532 habere

187 579 458 643 mentitur,
498 574 592 633 sed
631 588 752 630 cum
773 573 955 634 animo
977 571 1315 630 mndolentis
1333 570 1552 641 cogitat,
1575 581 1763 640 quem-

187 669 465 728 admodum
488 666 589 726 sibi
623 665 815 722 sarriri
843 663 1037 731 vellet,
1067 664 1113 720 si
1141 665 1257 734 ipse
1285 668 1590 732 aegrotaret.
1627 657 1762 720 Nam

190 762 365 830 utique
402 757 613 814 Judteus
648 765 798 826 erat;
845 756 1185 813 Christianus
1221 762 1396 810 autem
1427 753 1620 819 factus,
1653 764 1760 810 non

185 851 481 906 Judzeorum
501 857 836 906 sacramenta
873 847 1038 920 ω
1071 848 1383 917 reliquerat,
1411 860 1532 915 qua
1561 857 1760 899 conve-

185 943 388 1002 nienter
408 941 495 998 ille
512 941 738 1012 populus
759 951 816 998 et
829 942 1066 1011 legitimo
1081 950 1320 1010 tempore
1333 954 1439 1009 quo
1454 937 1756 1008 oportebat,

182 1044 476 1103 accepant.
507 1032 590 1104 (α)
616 1031 744 1089 Sedi
760 1033 1181 1102 deosuseeperat
1198 1047 1263 1087 ea
1273 1029 1618 1094 celebranda,
1637 1043 1761 1084 cum

178 1124 282 1194 jam
305 1123 508 1179 Christi
528 1132 674 1178 esset
691 1124 1011 1193 Apostolus;
1044 1134 1100 1179 ut
1127 1124 1345 1179 doceret
1373 1139 1478 1178 non
1499 1135 1622 1178 esse
1645 1134 1764 1190 per-

179 1216 378 1272 niciosa
415 1216 500 1281 iis,
533 1215 621 1286 qui
645 1230 709 1270 ea
736 1217 954 1281 vellent,
977 1217 1115 1270 sicut
1137 1231 1169 1270 a
1195 1215 1509 1284 parentibus
1533 1228 1631 1284 per
1661 1212 1764 1268 Le-

175 1319 299 1374 gem
339 1314 692 1374 acceperant,
743 1307 1036 1371 custodire,
1091 1308 1252 1362 etiam
1287 1321 1409 1361 cum
1454 1305 1506 1359 in
1550 1303 1767 1358 Christo

175 1395 554 1468 credidissent,
604 1411 712 1452 non
758 1405 937 1452 tamen
992 1397 1045 1451 in
1090 1398 1170 1452 eis
1214 1398 1323 1465 jam
1379 1395 1770 1450 constituerent

179 1499 331 1554 spem
374 1487 596 1550 salutis,
624 1488 879 1556 quoniam
929 1503 1025 1557 per
1069 1488 1354 1543 Dominum
1394 1487 1576 1543 Jesum
1622 1486 1769 1542 salus

179 1575 315 1645 ipsa,
345 1591 465 1644 qua:
490 1577 599 1632 illis
628 1579 982 1632 sacramentis
1009 1579 1430 1647 signiﬁcabatur,
1456 1578 1766 1633 advenerat.

184 1666 411 1736 Ideoque
436 1668 711 1736 gentibus,
733 1671 876 1739 quod
898 1671 1136 1725 insuetos
1163 1685 1193 1724 a
1222 1671 1329 1724 ﬁde
1352 1679 1667 1724 revocarent
1692 1670 1768 1740 (ὁ)

182 1771 344 1816 onere
365 1758 515 1827 gravi
538 1766 593 1813 et
617 1774 725 1814 non
747 1761 1074 1826 necessario,
1098 1761 1245 1814 nullo
1264 1759 1426 1814 modo
1445 1758 1768 1828 imponenda

183 1863 302 1905 esse
325 1850 598 1906 censebat.

253 1943 308 1998 5.
354 1959 374 1994 ι
412 1941 753 2013 Quapropter
773 1958 880 1998 non
899 1943 1251 1998 ideoPetrum
1277 1941 1603 2010 emendavit,
1627 1941 1769 2012 quod

185 2040 428 2102 paternas
453 2033 768 2088 traditiones
788 2034 1100 2090 observaret
1123 2051 1138 2088 ι
1161 2034 1303 2104 quod
1325 2036 1369 2088 si
1391 2034 1570 2090 facere
1586 2035 1768 2101 vellet,

183 2141 284 2192 nec
326 2125 692 2194 mendaciter,
747 2142 846 2182 nec
895 2127 1188 2198 incongrue
1236 2128 1472 2193 faceret;
1522 2129 1771 2197 quamvis

182 2219 324 2276 enim
345 2219 454 2290 jam
482 2219 752 2290 superflua
779 2261 792 2284 ,
821 2229 997 2274 tamen
1027 2220 1183 2274 solita
1209 2234 1316 2274 non
1345 2228 1603 2274 nocerent
1630 2236 1643 2271 :
1676 2219 1772 2274 sed

181 2314 430 2384 quoniam
454 2321 644 2383 gentes
665 2313 893 2383 cogebat
908 2312 1182 2382 judaizare
1203 2312 1398 2382 (Golat.
1421 2312 1478 2368 2.
1500 2313 1610 2382 14),
1629 2314 1772 2383 quod

185 2407 327 2464 nullo
348 2408 512 2463 modo
535 2416 736 2476 posset,
761 2407 863 2462 nisi
892 2422 954 2461 ea
980 2408 1060 2462 sic
1081 2416 1298 2477 ageret,
1323 2416 1576 2476 tanquam
1600 2407 1773 2462 adhuc

184 2497 343 2553 etiam
363 2505 490 2569 post
512 2497 722 2557 Domini
748 2497 1035 2554 adventum
1057 2500 1359 2553 necessaria
1376 2499 1535 2552 saluti
1557 2499 1733 2554 forent
1755 2516 1771 2552 :

182 2589 324 2660 quod
355 2591 709 2646 vehementer
736 2605 831 2660 per
856 2590 1229 2660 Apostolatum
1258 2591 1406 2644 Pauli
1438 2591 1636 2645 veritas
1663 2590 1773 2645 dis-

183 2683 367 2738 suasit.
399 2682 513 2739 Nec
536 2684 828 2752 Apostolus
865 2683 1056 2737 Petrus
1100 2683 1199 2737 hoc
1240 2681 1523 2753 ignorabat
1555 2700 1570 2735 :
1598 2682 1690 2738 sed
1721 2682 1773 2736 id

185 2772 425 2844 faciebat,
455 2775 654 2832 timens
679 2789 774 2831 eos
797 2775 889 2845 qui
918 2790 987 2831 ex
1016 2775 1437 2833 Circumcisione
1461 2784 1634 2830 erant.
1667 2775 1772 2830 lta-

183 2883 286 2938 que
307 2878 360 2925 et
385 2871 503 2941 ipse
529 2883 658 2926 vere
683 2877 958 2925 correctus
977 2876 1060 2924 est
1079 2910 1095 2936 ,
1122 2879 1177 2924 et
1205 2869 1403 2925 Paulus
1432 2884 1553 2924 vera
1582 2883 1772 2924 narra-

185 2959 292 3028 vit;
320 2978 389 3018 ne
415 2973 604 3019 sancta
633 2963 918 3033 scriptura,
950 2979 1069 3034 quae
1093 2963 1159 3018 ad
1188 2963 1347 3020 ﬁdem
1375 2965 1604 3034 posteris
1632 2964 1775 3019 edita

186 3060 285 3117 est,
316 3053 551 3110 admissa
581 3053 903 3109 auctoritate
929 3053 1196 3108 mendacii
1223 3095 1239 3118 ,
1281 3063 1391 3108 tota
1433 3054 1592 3110 dubia
1625 3061 1778 3109 nutet

185 3159 248 3200 ac
275 3145 653 3202 fluctuet.Non
685 3148 829 3201 enim
851 3155 1025 3216 potest
1047 3155 1137 3200 aut
1157 3156 1367 3216 oportet
1393 3147 1586 3205 litteris
1609 3146 1778 3216 expli-

186 3239 296 3292 cari
317 3280 331 3304 ,
364 3248 565 3308 quanta
592 3246 646 3293 et
671 3253 830 3308 quam
863 3239 1257 3306 inexplicabilia
1281 3239 1416 3292 mala
1445 3253 1779 3308 consequan-

187 3339 298 3397 tur,
329 3333 374 3385 si
403 3331 506 3386 hoc
535 3331 982 3386 concesserimus.
1033 3332 1219 3385 Posset
1261 3341 1441 3384 autem
1484 3339 1778 3400 Opportune

189 3421 476 3493 minusque
503 3421 802 3493 periculose
828 3423 1206 3491 demonstrari,
1233 3425 1279 3478 si
1304 3439 1486 3479 coram
1513 3425 1652 3480 inter
1681 3440 1778 3481 nos

189 3513 641 3583 colloquerctnur.

263 3605 316 3658 6.
353 3604 507 3658 «Hoc
545 3619 674 3674 ergo
713 3604 1021 3661 Judceorum
1064 3605 1262 3662 Paulus
1309 3607 1607 3673 dimiserat,
1637 3609 1782 3679 quod

192 3693 390 3747 malum
423 3694 690 3750 habebant
713 3715 725 3749 :
747 3707 799 3750 et
827 3697 880 3750 in
906 3696 1094 3766 primis
1121 3697 1275 3765 illud,
1299 3699 1442 3769 quod
1474 3701 1783 3770 ignorantes

193 3783 286 3838 Dei
309 3784 592 3854 justitiam,
617 3795 671 3841 et
699 3801 848 3841 suam
874 3789 1135 3858 justitiam
1162 3790 1402 3846 volentes
1429 3793 1780 3856 constituere,

191 3874 412 3946 iustitiae
443 3877 535 3932 Dei
565 3892 670 3932 non
701 3887 826 3932 sunt
849 3879 1076 3949 subjecti
1108 3882 1125 3950 (
1158 3880 1304 3934 Rom.
1338 3882 1424 3937 lo.
1458 3884 1491 3938 5
1515 3886 1552 3952 ).
1584 3884 1786 3939 Deinde

192 3969 334 4039 quod
371 3978 494 4039 post
524 3969 828 4038 passionem
859 3980 911 4024 et
932 3975 1385 4027 resurrectionem
1418 3975 1639 4041 Christi,
1662 3976 1788 4030 dato

131 4105 137 4111 .
192 4074 257 4114 ac
277 4061 620 4114 manifestato
641 4070 979 4114 sacramento
1001 4063 1210 4130 gratiae,
1226 4064 1521 4118 secundum
1543 4063 1789 4121 ordinem

193 4148 624 4216 Melchisedech,
671 4150 844 4206 adhuc
886 4151 1145 4221 putabant
1187 4162 1370 4209 vetera
1415 4167 1788 4224 sacramenta,

196 4255 300 4296 non
327 4255 396 4296 ex
426 4241 812 4297 consuetudine
839 4242 1190 4298 solemnitatis
1209 4285 1224 4311 ,
1253 4245 1348 4300 sed
1379 4260 1444 4300 ex
1470 4247 1792 4305 necessitate

198 4331 384 4387 salutis
409 4346 533 4388 esse
560 4331 900 4388 celebranda.
929 4333 1061 4400 Quia
1089 4344 1267 4390 tamen
1307 4336 1351 4391 si
1375 4352 1644 4408 nunquam
1672 4337 1793 4396 fuis-

199 4432 315 4478 sent
355 4423 658 4479 necessaria
684 4464 699 4489 ,
739 4423 1067 4480 infructuose
1090 4424 1268 4496 {atque
1309 4427 1542 4484 inaniter
1580 4444 1675 4499 pro
1715 4429 1794 4485 eis

201 4513 491 4572 Machabaei
521 4517 782 4590 Martyres
806 4516 998 4574 ﬁerent
1023 4517 1099 4592 (2.
1127 4518 1302 4573 Much.
1325 4521 1382 4574 ’1.
1408 4520 1485 4592 1).
1511 4521 1794 4580 Postremo

203 4609 352 4680 illud,
372 4611 517 4682 quod
547 4611 926 4682 praedicatores
954 4611 1142 4683 gratiae
1167 4611 1500 4668 Christianos
1545 4612 1606 4686 [f.
1641 4613 1793 4669 Chri-

203 4701 403 4776 stianae]
428 4702 598 4759 Judaei
641 4713 896 4774 tanquam
941 4702 1124 4759 hostes
1150 4702 1287 4776 legis
1313 4706 1792 4776 persequebantur.

206 4790 313 4848 llos
358 4795 542 4865 itaque
584 4803 743 4866 atque
788 4794 1093 4866 huiusmodi
1139 4810 1350 4851 errores
1393 4807 1446 4852 et
1481 4796 1624 4859 vitia,
1665 4796 1797 4852 dicit

209 4896 267 4936 se
290 4882 363 4950 (c)
395 4883 589 4939 damna
617 4893 670 4940 et
696 4894 934 4942 stercora
965 4885 1302 4954 arbitratum,
1336 4896 1391 4942 ut
1417 4887 1686 4944 Christum
1716 4889 1797 4943 lu~

212 4965 494 5026 cril‘aceret
513 4973 734 5044 (Philip.
774 4978 828 5032 ὅ.
861 4977 916 5047 8)
947 4994 960 5032 :
994 4992 1100 5032 non
1141 4977 1547 5034 observationes
1568 4979 1722 5048 legis,
1750 4980 1797 5034 si

211 5077 366 5116 more
407 5064 578 5132 patrio
627 5065 783 5139 407
833 5071 1236 5126 celebrarentur
1265 5089 1279 5126 :
1307 5074 1446 5126 sicut
1470 5071 1537 5128 ab
1564 5072 1680 5140 ipso
1708 5086 1797 5126 ce-

211 5151 437 5220 lebrata;
479 5163 605 5222 sunt
643 5156 762 5212 sine
803 5159 906 5216 ulla
947 5162 1131 5218 salutis
1178 5161 1503 5218 necessitate
1531 5179 1546 5215 :
1575 5161 1658 5230 (tt)
1688 5177 1796 5217 non

278 5307 358 5383 (ej
382 5313 535 5383 Paulo
575 5315 720 5383 aliter
760 5316 1068 5383 Denedictini
1111 5320 1345 5380 editores,
1392 5326 1557 5383 Itaque
1588 5318 1798 5382 suscepit

211 5385 294 5438 ea,
308 5376 411 5438 etc.
438 5376 547 5428 Mox
573 5379 658 5428 sed
683 5387 734 5429 ut
758 5379 967 5438 doceret,
997 5388 1091 5431 etc.

279 5433 344 5502 (ὁ)
384 5437 569 5490 Iterum
600 5440 847 5508 Yictorius
884 5433 1215 5493 cx'Brixianis
1249 5444 1395 5493 Codd.
1423 5457 1570 5493 onera
1591 5442 1794 5508 gravia,

213 5500 258 5546 et
279 5500 373 5548 no"
396 5503 685 5553 necessaria.

249 5557 338 5630 κίε)
380 5561 610 5630 Plerique
635 5565 756 5630 editi
789 5584 811 5612 at
834 5566 950 5616 dicit
973 5582 1028 5616 se
1050 5569 1298 5628 damnare,
1327 5577 1377 5618 ct
1403 5575 1456 5617 ut
1479 5576 1694 5618 stercora
1720 5581 1798 5614 ar-

214 5619 456 5684 bitratum,
486 5619 564 5674 vel
588 5628 891 5676 arbitratur.»

279 5683 346 5756 (tl)
387 5685 706 5756 Des-iglcratur
732 5690 1196 5756 negandi‘partiwla
1219 5694 1266 5741 in
1291 5692 1534 5743 nonnullis
1560 5691 1721 5753 editis,
1749 5697 1801 5742 et

217 5743 462 5812 plerisque
485 5749 599 5798 Mss.
625 5750 752 5813 apud
771 5743 1137 5802 D'cnediétinos.

1530 259 1858 320 EPISTOLA
1896 259 2103 317 LXV".

1869 379 2009 435 sicut
2034 377 2205 435 Judaei
2230 379 2577 439 celebrandas
2600 387 2891 458 putabant,
2917 403 3010 450 aut
3037 393 3213 453 fallaci
3236 399 3460 461 simla-

1869 473 2039 565 tione,
2058 475 2197 545 quod
2219 476 2274 530 in
2297 475 2456 534 Petro
2480 478 2921 548 reprehenderat.
2947 484 3079 544 Nam
3102 491 3148 546 si
3174 504 3457 565 propterea

1869 562 2317 658 illasacrameuta
2336 567 2648 637 celebravit,
2665 572 2787 642 quia
2809 574 3078 634 simulavit
3102 595 3162 637 se
3186 562 3454 658 iudicum,

1873 664 1932 710 ut
1970 656 2092 714 illos
2128 657 2504 716 lucrifaceret:
2535 675 2632 718 cur
2658 678 2766 719 non
2797 665 2958 722 etiam
2988 671 3310 732 sacrificavit
3333 656 3457 738 cum

1869 746 2152 814 Gentibus,
2183 751 2307 820 quia
2349 759 2405 807 et
2443 753 2508 807 iis
2543 755 2634 824 qui
2676 755 2796 813 sine
2832 757 2953 829 lege
2989 772 3179 830 erant,
3209 775 3458 838 tanquam

1870 840 1989 935 sine
2027 841 2144 935 lege
2183 843 2355 935 factus
2392 854 2494 910 est,
2528 854 2587 900 ut
2628 863 2723 904 eos
2762 865 2975 922 quoque
3011 855 3351 917 lucrifaceret
3379 867 3457 935 (l.

1871 931 1993 987 Cor.
2018 933 2078 1003 9)
2106 951 2120 988 :
2155 934 2257 990 nisi
2280 937 2403 1005 quia
2427 947 2480 994 et
2504 939 2632 995 illud
2656 941 2796 1008 iecit,
2823 954 2880 1000 ut
2910 956 3100 1005 natura
3129 951 3346 1011 Judteus
3370 931 3462 1014 :‘et
3563 956 3568 958 ⁷

1872 1023 1977 1079 hoc
2020 1035 2188 1082 totum
2231 1027 2394 1096 dixit,
2437 1047 2540 1086 non
2587 1043 2644 1089 ut
2684 1034 2943 1094 fallaciter
2979 1057 3040 1096 se
3084 1044 3309 1116 ﬁngeret
3343 1065 3462 1107 esse

1871 1117 2033 1220 quod.
2056 1133 2163 1174 non
2201 1130 2354 1187 erat;
2399 1125 2496 1178 sed
2527 1133 2584 1178 ut
2611 1127 3033 1188 misericorditer
3057 1135 3136 1190 eis
3166 1138 3236 1194 ita
3264 1142 3487 1220 subve--,

1873 1207 2130 1264 niendum
2157 1225 2280 1267 esse
2302 1213 2549 1282 sentiret,
2571 1231 2633 1272 ac
2658 1219 2703 1272 si
2732 1219 2847 1288 ipse
2875 1222 2926 1276 in
2953 1225 3144 1282 eodem
3171 1244 3358 1290 errore
3381 1207 3486 1289 la-z

1875 1297 2125 1395 boraret?
2149 1318 2251 1360 non
2279 1319 2516 1362 satLtcsr
2538 1314 2845 1370 mentientis
2865 1325 3001 1383 astu,
3023 1322 3117 1374 sed
3137 1328 3464 1395 compatlen-

1875 1390 1946 1446 tis
1989 1392 2182 1449 ali‘ectu
2211 1412 2224 1449 :
2253 1397 2390 1452 sicut
2430 1414 2496 1456 eo
2550 1401 2668 1470 ipso
2717 1403 2836 1460 loco
2883 1411 3202 1477 generaliter
3245 1390 3460 1476 intulit:

1876 1482 2071 1581 Factus
2099 1504 2210 1581 sum
2234 1490 2451 1558 inﬁrmis
2477 1494 2710 1560 inﬁrmus
2733 1538 2748 1564 ,
2779 1507 2835 1552 ait
2863 1500 3095 1567 inﬁrmos
3121 1507 3464 1581 lucrifach

1876 1577 2052 1648 (Ibid.
2083 1595 2127 1633 ν.
2158 1580 2229 1635 22
2249 1583 2290 1650 ),
2321 1594 2380 1639 ut
2407 1600 2640 1654 sequens
2668 1592 2983 1650 conclusio:
3021 1577 3266 1658 Omnibus
3295 1608 3465 1661 omnia
3527 1628 3534 1636 ·

1877 1669 2047 1736 facta:
2082 1687 2214 1737 sum,
2247 1685 2303 1728 ut
2329 1692 2501 1731 omnes
2531 1680 2894 1750 lucrifacerem,
2937 1689 3004 1743 ad
3045 1690 3147 1747 hoc
3185 1695 3460 1753 referenda

1876 1758 2224 1852 intelligatur,
2250 1774 2309 1818 ut
2328 1769 2586 1838 cujusque
2612 1772 2973 1832 inﬁrmitatem
2999 1788 3249 1852 tanquam
3292 1788 3344 1840 in
3374 1803 3464 1844 sc-

1877 1851 1998 1920 ipso
2028 1854 2314 1910 miseratus
2339 1873 2615 1930 appareat.
2647 1863 2765 1920 Non
2790 1869 2931 1922 enim
2973 1882 3027 1926 et
3071 1851 3191 1930 cum
3217 1877 3422 1936 diceret
3448 1902 3462 1936 :

1878 1942 2008 2042 grtia
2031 1945 2339 2042 inﬁrmatur,
2369 1959 2415 2004 et
2445 1968 2536 2023 ego
2559 1971 2660 2009 non
2685 1957 2956 2025 inﬁrmat?
2988 1963 3063 2034 (2.
3094 1965 3210 2023 Cor.
3235 1971 3320 2024 ll.
3345 1973 3465 2042 29.)

1877 2033 2243 2128 inﬁrmitatem
2282 2042 2504 2098 alterius
2542 2046 2823 2106 simulasse
2857 2033 3032 2122 potius
3064 2073 3225 2128 quam
3261 2033 3462 2118 condo;

1877 2127 2060 2196 luisse,
2096 2131 2302 2188 volebat
2327 2134 2572 2208 intelligi.

1951 2220 2004 2273 7.
2040 2241 2058 2272 ι
2085 2222 2263 2290 Quare
2305 2227 2501 2295 arripe,
2532 2229 2754 2286 obsecro
2801 2243 2873 2300 te,
2919 2235 3198 2308 ingenuam
3243 2251 3298 2298 et
3340 2260 3465 2302 vere
3504 2226 3511 2230 ι

1877 2308 2233 2389 Christianam
2261 2330 2382 2370 cum
2409 2321 2631 2376 caritate
2666 2327 3004 2382 severitatem
3031 2371 3046 2395 ,
3083 2332 3148 2385 ad
3177 2333 3303 2388 illud
3332 2353 3463 2404 nptls

1879 2403 2252 2493 corrigendum
2283 2417 2442 2477 atque
2471 2414 2864 2470 emendandum
2885 2458 2900 2482 ,
2938 2429 2992 2473 et
3037 2403 3377 2493 «attactam,
3409 2439 3466 2483 ttt

1879 2491 2098 2559 dicitur,
2125 2510 2276 2552 cane.
2298 2498 2790 2570 lncomparahiliter
2813 2509 2955 2563 enim
2983 2512 3253 2578 pulchrior
3277 2491 3358 2571 est
3377 2535 3466 2574 ve-

1879 2582 2012 2637 ritas
2041 2583 2463 2646 Christianorum
2490 2634 2505 2662 ,
2543 2609 2701 2664 quam
2741 2597 2941 2655 Helena
2979 2601 3308 2662 Grzrcorum.
3356 2611 3467 2667 Pno

1879 2687 1998 2728 tsra
2035 2691 2162 2732 ENII
2194 2677 2382 2736 fortius
2410 2686 2576 2740 nostri
2623 2686 2880 2759 Martyres
2909 2693 3167 2750 adversus
3195 2697 3332 2754 hanc
3362 2701 3463 2758 So-

1879 2762 2126 2864 domam,
2159 2785 2316 2839 quam
2348 2789 2442 2842 pro
2475 2775 2560 2832 illa
2600 2777 2676 2830 illi
2715 2778 2890 2838 haeres
2929 2786 3184 2844 adversus
3224 2789 3463 2864 Trojam,

1881 2854 2290 2915 dimicaverunt.
2320 2862 2504 2934 Neque
2530 2865 2630 2922 hoc
2660 2870 2780 2924 ideo
2813 2873 2956 2940 dico,
2990 2887 3049 2932 ut
3076 2879 3260 2936 oculos
3289 2854 3466 2941 cordis

1880 2948 2130 3017 recipias,
2159 2967 2294 3020 quos
2338 2954 2496 3022 absit,
2540 2967 2596 3012 ut
2637 2961 2910 3029 amiseris;
2960 2968 3055 3021 sed
3101 2978 3156 3024 ut
3197 2971 3465 3042 advertas,

1881 3052 2018 3107 quos
2053 3055 2174 3094 cum
2217 3043 2418 3100 habeas
2447 3061 2606 3103 sanos
2634 3059 2688 3104 et
2717 3051 2899 3121 vigiles
2921 3095 2934 3115 ,
2968 3059 3151 3114 nescio
3179 3078 3283 3132 qua
3308 3065 3469 3122 dissi-

1882 3129 2172 3187 mulatione
2213 3136 2484 3222 avertisti;
2531 3147 2587 3192 ut
2626 3156 2731 3195 non
2779 3143 3082 3204 intenderes
3120 3129 3238 3222 quae
3276 3169 3468 3212 conse-

1883 3232 2116 3316 quantur
2141 3209 2388 3293 adversa,
2418 3229 2462 3283 si
2505 3233 2671 3286 semel
2701 3235 2960 3291 creditum
2995 3209 3172 3307 fuerit,
3203 3243 3277 3314 (e)
3315 3209 3473 3316 posse

1885 3315 2115 3373 honeste
2179 3328 2338 3388 atque
2389 3321 2475 3390 pie
2518 3323 2833 3394 scriptorem
2873 3327 3174 3386 divinorum
3211 3315 3472 3393 librorum

1885 3409 1938 3463 in
1970 3410 2148 3480 aliqua
2180 3414 2262 3466 sui
2293 3415 2470 3483 Operis
2501 3426 2649 3484 parte
2679 3419 2911 3474 mentiri.

1958 3501 2012 3556 8.
2052 3522 2071 3555 ι
2107 3503 2436 3574 Scripseram
2469 3505 2581 3576 jam
2608 3507 2733 3562 hinc
2762 3509 3051 3580 aliquando
3072 3513 3139 3569 ad
3167 3523 3218 3571 te
3254 3517 3469 3589 Episto-

1887 3592 2015 3661 lam,
2042 3611 2160 3665 quze
2192 3611 2295 3651 non
2336 3598 2539 3667 perlata
2568 3609 2648 3656 est
2676 3643 2689 3665 ,
2723 3600 2848 3672 quia
2882 3619 2981 3660 nec
3016 3605 3058 3660 is
3087 3611 3360 3678 perrexit,
3391 3614 3477 3668 cui

1887 3685 2257 3756 perferendam
2299 3690 2639 3746 tradideram.
2680 3692 2758 3747 Ex
2801 3710 2904 3764 qua
2947 3696 3079 3752 illud
3117 3700 3244 3755 mihi
3283 3718 3477 3774 sugge-

1889 3786 2030 3832 stum
2071 3788 2174 3844 est,
2207 3794 2330 3834 cum
2372 3780 2472 3834 ista
2522 3783 2801 3846 dictarem,
2833 3787 2976 3853 quod
3020 3787 3072 3840 in
3120 3789 3221 3844 hac
3262 3807 3479 3864 quoque

1891 3869 2305 3936 praetermittere
2332 3883 2439 3921 non
2466 3869 2647 3934 debui,
2680 3879 2737 3923 ut
2762 3871 2813 3930 si
2840 3873 2942 3927 alia
2968 3883 3052 3928 est
3077 3881 3342 3934 sententia
3366 3891 3478 3952 tua,

1893 3958 2190 4027 eademque
2225 3968 2308 4012 est
2342 3958 2562 4023 melior,
2595 3959 2773 4015 timori
2801 3977 2924 4018 meo
2951 3964 3181 4022 libenter
3208 3969 3473 4040 ignoscas.

1892 4050 1949 4106 Si
1975 4052 2117 4106 enim
2145 4051 2300 4107 aliter
2326 4053 2524 4120 sentis,
2551 4069 2844 4127 verumque
2881 4067 2936 4112 tu
2977 4061 3144 4116 sentis
3174 4062 3336 4135 (nam
3380 4069 3483 4122 nisi

1896 4159 2083 4200 verum
2123 4145 2230 4211 sit,
2271 4145 2463 4200 melius
2505 4161 2628 4202 esse
2662 4163 2767 4202 non
2813 4151 3028 4221 potest)
3061 4161 3120 4208 ut
3161 4171 3269 4212 non
3309 4157 3481 4214 dicam

1898 4238 2061 4304 nulla,
2091 4246 2236 4294 certe
2263 4255 2366 4294 non
2398 4254 2586 4311 magna
2617 4242 2792 4313 culpa,
2818 4260 2969 4302 meus
2993 4263 3146 4306 error
3170 4253 3379 4312 veritati
3409 4256 3484 4312 fa-

1897 4336 2022 4396 vet,
2052 4329 2097 4384 si
2127 4339 2273 4386 recte
2297 4329 2348 4384 in
2380 4345 2648 4401 quoquam
2677 4333 2872 4392 veritas
2908 4347 3084 4410 potest
3114 4339 3296 4402 favere
3329 4361 3482 4404 men-

1899 4421 2076 4479 dacio.
2104 4441 2125 4475 ι

1972 4514 2136 4588 408
2196 4516 2248 4572 9.
2279 4515 2353 4572 Dc
2371 4517 2602 4588 Origene
2620 4527 2796 4576 autem
2810 4523 2952 4593 quod
2970 4528 3269 4587 rescribere
3296 4531 3485 4603 digna-

1902 4617 1988 4665 tus
2009 4625 2087 4677 es,
2103 4609 2212 4680 jam
2235 4610 2467 4666 sciebam
2485 4627 2590 4668 non
2608 4619 2814 4668 tantum
2841 4615 2896 4670 in
2925 4615 3316 4676 Ecclesiasticis
3341 4622 3486 4680 litte-

1899 4701 1996 4766 ris,
2029 4702 2120 4756 sed
2154 4702 2206 4754 in
2232 4702 2501 4766 omnibus,
2531 4711 2679 4760 recta
2703 4713 2758 4760 et
2782 4719 2907 4761 vera
2935 4721 3055 4776 quae
3083 4710 3445 4768 invenerimus
3463 4756 3482 4782 ,

1901 4794 2199 4864 approbare
2228 4803 2384 4864 atque
2412 4795 2663 4865 laudare,
2705 4795 2842 4853 falsa
2860 4813 2990 4854 vero
3015 4809 3069 4855 et
3094 4815 3254 4870 prava
3283 4803 3486 4875 impro-

1902 4883 2030 4938 bare
2060 4894 2218 4954 atque
2246 4886 2666 4955 reprehendere.
2697 4886 2803 4944 Sed
2835 4887 2962 4943 illud
2989 4889 3057 4944 de
3085 4891 3364 4959 prudentia
3392 4895 3488 4952 do-

1903 4975 2181 5045 ctrinaque
2225 4983 2311 5029 tua
2359 4975 2762 5042 desiderabam,
2803 4988 2856 5032 et
2900 4977 3074 5034 adhuc
3118 4980 3388 5052 desidero,
3432 4995 3489 5043 ut

1905 5075 2026 5120 nota
2068 5067 2225 5121 nobis
2263 5064 2426 5119 facias
2461 5080 2524 5119 ea
2566 5066 2679 5136 ipsa
2708 5067 2826 5136 ejus
2860 5077 3034 5124 errata
3056 5112 3070 5135 ,
3103 5072 3295 5142 quibus
3324 5089 3354 5129 a
3381 5075 3488 5133 lida

1905 5159 2146 5214 veritatis
2167 5158 2255 5212 ille
2272 5157 2351 5212 vir
2375 5167 2552 5214 tantus
2573 5159 2863 5216 recessisse
2886 5163 3236 5221 convincitur.
3267 5165 3326 5223 In
3351 5169 3489 5226 libro

1906 5251 2103 5317 etiam,
2159 5265 2264 5320 quo
2310 5258 2566 5316 cunctos,
2617 5267 2841 5322 quorum
2890 5256 3196 5314 meminisse
3246 5261 3487 5330 potuisti,

1907 5344 2209 5412 Scriptores
2248 5342 2668 5411 Ecclesiasticos,
2712 5353 2766 5399 et
2811 5361 2996 5402 eorum
3033 5351 3229 5420 scripta
3257 5367 3464 5409 comme
3498 5381 3508 5406 ι

1908 5437 2148 5504 morasti,
2198 5437 2530 5491 commodius
2572 5445 2627 5491 ut
2669 5439 2900 5494 arbitror
2928 5442 3102 5506 ﬁeret,
3131 5446 3171 5497 si
3200 5447 3486 5506 nominatis

1909 5533 1986 5586 eis
2039 5544 2170 5598 quos
2221 5529 2601 5586 hmresiarchas
2657 5531 2748 5604 [aL
2806 5531 3116 5607 Icarcsiotas]
3174 5552 3295 5592 esse
3351 5543 3494 5600 nosti,

1949 5683 2037 5757 _(e)
2077 5686 2204 5757 Olim
2224 5723 2236 5745 ,
2265 5693 2461 5736 notante
2488 5687 2714 5750 Vit-torio,
2743 5701 2874 5754 posse
2916 5686 3124 5748 honeste,
3149 5695 3289 5751 atque
3312 5688 3387 5752 pie
3409 5700 3481 5737 σου

1915 5756 2010 5814 ειρι
2034 5756 2334 5813 scriptorem,
2357 5756 2451 5798 etc.
